1846 3262
423 202 501 246 DE
534 198 814 246 MICHAELE
852 199 1231 245 PALAEOLOGO
1260 199 1310 243 L.
1337 197 1371 242 1.
1550 196 1615 244 75

142 317 317 375 νομίζων
340 316 521 373 ἀμοιβὴν
549 316 598 360 τὸ
628 316 806 371 ἀξίωμα.
873 315 916 359 τί
937 315 982 359 δὲ
1001 317 1068 358 καὶ
1088 315 1200 367 ξένον
1220 318 1448 372 κεκλῆσθαι
1467 309 1619 358 δεσπό-

142 406 220 446 τῃ,
261 381 293 446 ᾧ
314 387 366 442 δὴ
389 388 457 430 καὶ
477 385 498 429 ὅ
520 386 624 442 πρὸς
644 386 804 443 μητρὸς
831 381 1003 435 πάππος
1027 383 1229 440 δεσπότης
1258 383 1315 428 ὢν
1332 383 1429 428 κατ’
1447 382 1619 427 Ἰταλῶν

142 454 370 511 κατώρθου
399 455 454 499 τὰ
481 456 679 513 μέγιστα,·
721 453 748 511 ἢ
779 453 859 511 γὰρ
891 453 966 497 οὔκ
988 454 1158 508 οἴδαμεν
1178 458 1328 498 τοῦτον
1348 452 1404 504 ὥς
1422 456 1616 511 θεοφιλῆ,

145 524 202 576 ὥς
221 527 342 581 ζῆλον
363 524 512 581 ἔχοντα
537 529 613 568 τοῦ
639 527 791 577 καλοῦ,
830 521 886 573 ὥς
912 520 1193 580 φιλομόναχον
1215 525 1282 566 καὶ
1301 523 1353 566 τὰ
1371 527 1448 578 τῆς
1467 525 1612 579 ἔκκλη-
1635 529 1666 564 C

111 596 240 645 ὁσίας
269 592 451 644 ἐκτόπως
476 595 678 649 σέβοντας
718 598 925 649 μαρτυρεῖ
945 592 994 635 τὸ
1025 592 1183 648 προσὸν
1204 591 1317 651 αὐτῷ
1332 592 1522 635 ταπεινὸν
1551 592 1622 648 καὶ

144 663 373 719 δημοτικὸν,
391 665 460 707 καὶ
483 662 626 719 ἱλαρὸν
651 661 756 718 πρὸς
787 659 995 714 ἅπαντας,
1032 661 1081 704 τὸ
1106 662 1156 704 δέ
1171 678 1215 718 γε
1239 659 1474 719 φιλόδωρόν
1490 679 1534 705 τε
1551 662 1622 704 καὶ

142 732 412 789 μεταδοτικὸν
434 732 482 775 τὸ
496 736 572 787 τῆς
587 731 825 788 περιουσίας
841 730 1087 774 πενέστατον
1106 728 1386 787 παραστήσει,
1420 730 1525 774 ὥστε
1544 749 1622 773 κα-

145 806 227 852 λῶς
247 801 297 845 ἂν
321 801 406 857 ἔχοι
428 802 495 844 καὶ
520 798 815 857 συμφερόντως
831 807 918 850 τοῖς
947 797 1207 857 πράγμασιν,
1245 802 1280 843 εἲ
1298 799 1402 855 πρὸς
1420 805 1471 858 τῇ
1496 804 1622 854 βασι-

146 872 404 930 λεωπατοριά
437 871 504 913 καὶ
532 870 655 921 ἀξίως
682 874 837 929 τιμῷτο
868 868 890 913 ὃ
922 867 1200 927 ἐπιτροπεύων
1218 874 1292 913 τοῦ
1312 867 1622 922 βασιλεύοντος.

92 949 137 983 10
147 945 281 983 ταῦτα
300 944 423 983 τινῶν
441 936 751 995 προτεινόντων,
777 940 920 982 πολλοὶ
936 940 1012 994 μὲν
1032 943 1114 982 τῶν
1135 939 1356 996 ἀρχιερέων
1375 936 1432 989 ὥς
1451 939 1624 988 δικαίοις

145 1012 314 1052 δοκοῦσι
330 1015 418 1058 τοῖς
440 1005 574 1065 λόγοις
591 1006 794 1066 συνῄνουν
807 1041 821 1061 ,
857 1011 924 1051 καὶ
945 1013 1029 1052 τῶν
1046 1009 1089 1051 ἓν
1107 1009 1210 1052 τέλει
1228 1010 1309 1052 τισὶ
1328 1009 1593 1052 συνεδὲδοκτο
1609 1021 1621 1031 ·

145 1078 186 1121 οἷ
202 1077 319 1121 ἄλλοι
341 1078 386 1120 δὲ
404 1078 717 1135 διεφιλονείκουν
739 1079 807 1120 καὶ
826 1077 901 1128 τὰς
917 1075 1088 1138 γνώμας
1121 1075 1317 1134 ἀλλήλοις
1345 1077 1545 1133 οὐμενοῦν
1566 1076 1616 1120 οὗ
1639 1075 1672 1111 D

144 1147 402 1202 συνέβαινον.
474 1147 515 1190 οἳ
542 1147 618 1201 μὲν
648 1144 756 1203 γάρ,
799 1151 868 1190 καὶ
897 1151 1056 1202 μᾶλλον
1096 1147 1135 1190 οἱ
1173 1149 1217 1190 ἐκ
1247 1151 1332 1190 τῶν
1360 1147 1623 1201 Λασκαρίων

147 1214 464 1273 Τζαμάντουροι
474 1249 487 1270 ,
525 1216 603 1259 σὺν
624 1214 687 1267 οἷς
707 1217 775 1258 καὶ
794 1210 819 1260 ὅ
847 1214 1088 1273 Νοστόγγος
1104 1220 1146 1259 Γ
1142 1215 1307 1273 εώργιος
1318 1250 1331 1269 ,
1368 1216 1415 1259 τὸ
1446 1217 1521 1270 μὲν
1539 1220 1624 1270 βα-

91 1286 135 1323 15
147 1282 426 1342 σιλεοποῖτορα
442 1287 510 1328 καὶ
540 1283 640 1328 εἶναι
673 1287 740 1328 καὶ
762 1283 1041 1341 ὀνομάζεσθαι
1067 1283 1187 1340 μόλις
1206 1287 1282 1341 μὲν
1302 1285 1401 1328 ἀλλ’
1423 1283 1536 1339 ὅμως
1555 1285 1624 1327 καὶ

143 1354 204 1410 μὴ
223 1355 418 1405 θέλοντες
435 1355 664 1409 ἐνεδίδουν,
700 1355 840 1398 ἱκανὸν
859 1357 884 1398 δ
892 1356 902 1370 “
926 1353 1026 1398 εἶναι
1045 1359 1105 1414 τῷ
1129 1353 1334 1414 ἐπιτρόπῳ
1356 1354 1403 1398 τὸ
1426 1359 1501 1410 τῆς
1522 1356 1624 1397 δου-

145 1428 260 1479 κικῆς
274 1428 485 1480 μεγαλεῖον
518 1423 635 1475 ἀξίας
662 1425 972 1480 διισχυρίζοντο.
1042 1423 1224 1483 ὂφφικίῳ
1254 1425 1299 1467 δὲ
1316 1425 1528 1478 βασιλείας
1547 1421 1623 1481 φί-

147 1509 262 1549 ροντι
289 1492 419 1548 ὄνομα
447 1491 723 1548 σεμνύνεσθαι
750 1498 900 1537 τοῦτον
927 1495 994 1537 καὶ
1025 1491 1238 1544 τοιαύταις
1259 1492 1391 1545 ἀξίαις
1410 1497 1624 1548 τιμᾶσθαι

147 1563 373 1619 κρείττοσιν
390 1561 417 1616 ἦ
437 1561 532 1605 κατ’
554 1559 706 1615 αὐτόν,
740 1563 800 1618 μὴ
820 1564 887 1605 καὶ
908 1564 973 1606 ἐπὶ
990 1570 1078 1613 τοῖς
1095 1564 1301 1619 μεγίστοις
1321 1580 1365 1606 τε
1383 1564 1451 1606 καὶ
1469 1563 1617 1616 τιμίοις
1639 1567 1672 1602 Ε

91 1632 138 1666 20
152 1627 389 1689 παράβασις
410 1631 485 1687 εἴη.
554 1629 657 1674 εἶναι
677 1630 755 1690 γὰρ
772 1633 993 1687 βασιλίδας
1015 1630 1171 1690 ὡραίας
1190 1630 1357 1689 γάμων,
1396 1630 1446 1682 ἃς
1466 1629 1620 1688 ἀνάγκη

146 1763 251 1799 porro
280 1752 586 1788 extraordinarium
618 1755 656 1788 et
678 1764 800 1789 novum
833 1757 887 1790 est
908 1766 983 1789 eum
1007 1754 1076 1790 dici
1098 1754 1301 1801 despotam,
1326 1752 1424 1788 cuius
1446 1755 1622 1787 maternus

147 1809 232 1833 avus
255 1799 374 1833 eadem
397 1800 465 1834 ista
488 1800 652 1845 despotae
674 1800 816 1845 insignis
839 1806 1014 1848 potestate
1037 1802 1224 1848 praeclaris
1257 1812 1294 1835 se
1318 1800 1525 1835 facinoribus
1539 1811 1622 1844 per-

147 1845 261 1879 multis
284 1845 375 1880 bello
397 1849 517 1881 contra
550 1846 656 1881 Italos
686 1847 849 1892 inclytum
882 1848 1033 1883 fecerit?
1074 1859 1118 1883 an
1140 1847 1306 1883 nescimus
1336 1850 1465 1893 quanta
1486 1846 1567 1880 insit
1589 1844 1622 1880 ei

148 1892 274 1926 caritas
296 1891 332 1925 in
355 1892 476 1935 deum,
512 1904 614 1937 quam
637 1894 762 1928 ardens
784 1894 934 1929 studium
957 1906 1071 1929 rerum
1098 1895 1334 1936 honestarum,
1357 1897 1504 1939 quantus
1528 1901 1624 1926 amor

146 1937 184 1971 in
213 1938 437 1973 monasticum
468 1939 639 1977 ordinem,
679 1951 736 1974 res
774 1940 920 1987 denique
954 1953 1069 1976 omnes
1098 1946 1134 1976 et
1166 1951 1332 1988 personas
1369 1939 1623 1974 ecclesiasticas

147 1995 248 2030 quam
273 1983 425 2030 impense
445 1985 654 2020 veneretur?
684 1986 784 2021 testis
808 1999 896 2033 quae
921 1987 1011 2022 inest
1031 1987 1097 2034 ipsi
1117 1987 1365 2022 modestissima
1390 1985 1562 2028 demissio,
1585 1987 1622 2018 et

147 2030 362 2076 popularitas
394 2031 514 2065 hilaris
549 2033 594 2066 ad
628 2043 754 2070 omnes.
801 2034 1025 2079 benignitatis
1057 2045 1160 2080 porro
1194 2034 1267 2068 eius
1296 2037 1333 2068 et
1354 2031 1563 2079 profusionis
1582 2030 1620 2064 in

147 2076 304 2110 donando
341 2077 504 2111 indicium
534 2078 624 2112 idem
656 2079 869 2125 effectusque
903 2086 975 2122 est,
1009 2091 1136 2115 summa
1157 2084 1345 2126 paupertas
1377 2089 1491 2113 rerum
1514 2087 1620 2123 supra

147 2133 246 2156 nsum
270 2123 531 2159 redundantium
545 2151 556 2168 ‚
588 2136 690 2171 quam
719 2125 834 2163 sciens
867 2127 1051 2173 volensque
1073 2126 1107 2160 in
1135 2138 1172 2162 se
1195 2126 1303 2161 ambit
1325 2137 1367 2160 ac
1389 2128 1554 2171 procurat
1575 2123 1620 2156 li-

148 2168 362 2203 beralissima
383 2170 566 2215 largitione
587 2172 752 2206 bonorum
774 2173 904 2207 talium.
952 2173 1112 2219 quocirca
1135 2178 1172 2207 et
1201 2173 1325 2207 iustum
1349 2176 1386 2206 et
1409 2170 1620 2215 reipublicae

147 2215 234 2249 utile
265 2215 395 2258 fuerit,
432 2217 461 2250 si
490 2222 632 2262 praeter
666 2218 926 2264 appellationem
960 2219 1066 2265 patris
1090 2219 1253 2265 principis
1277 2218 1353 2253 aliis
1373 2217 1514 2263 insuper
1537 2227 1620 2250 con-

147 2261 244 2307 gruis
262 2261 330 2295 *tali
353 2262 510 2307 dignitati
527 2263 636 2298 titulis
659 2264 844 2299 honoretur
866 2270 960 2300 tutor
983 2266 1211 2311 imperatoris.
1256 2265 1342 2299 haec
1364 2261 1621 2309 proferentibus

146 2307 348 2353 quibusdam
372 2309 469 2343 multi
491 2320 512 2343 e
543 2310 701 2355 patribus
734 2312 962 2347 ecclesiastici
991 2323 1170 2347 consessus
1203 2310 1418 2357 praesidibus
1447 2319 1619 2344 sacrorum

147 2353 428 2399 applaudebant,
455 2358 496 2389 ut
528 2355 632 2390 iustis
659 2360 695 2390 et
726 2358 855 2392 rationi
886 2358 1123 2393 consentaneis
1161 2363 1266 2404 prout
1296 2357 1380 2402 ipsis
1415 2354 1618 2390 videbatur:

147 2400 297 2434 nonnulli
329 2404 414 2446 quin
447 2401 552 2436 etiam
582 2407 756 2437 senatores
787 2409 826 2439 et
852 2416 896 2439 ex
917 2405 1115 2450 gerentibus
1139 2405 1264 2450 primos
1291 2403 1513 2449 magistratus
1536 2413 1620 2436 con-

148 2447 355 2481 sentiebant.
404 2447 462 2481 alii
491 2452 612 2482 contra
648 2450 837 2484 tendebant
850 2476 862 2494 ,
900 2451 1078 2486 sententiis
1099 2454 1213 2484 tamen
1236 2450 1328 2484 iuter
1351 2459 1428 2484 sese
1453 2448 1619 2483 discordi—

147 2493 225 2527 bus.
273 2505 350 2528 nam
386 2493 424 2527 hi
454 2494 589 2539 quidem
605 2520 616 2537 ‚
649 2496 795 2531 maxime
830 2497 1039 2532 Lascaridae
1068 2496 1313 2539 Tzamanturi,
1336 2507 1412 2530 cum
1435 2495 1560 2541 quibus
1583 2496 1620 2528 et

147 2538 349 2585 Nostongus
376 2541 571 2586 Georgius,
595 2541 713 2576 vocari
742 2546 778 2577 et
799 2554 875 2578 esse
898 2544 1139 2588 Palaeologum
1171 2549 1305 2588 patrem
1327 2542 1493 2588 principis
1515 2552 1620 2585 aegre

147 2584 231 2619 licet
253 2586 297 2620 ab
322 2586 483 2621 subinviti
506 2587 755 2630 concedebant,
778 2591 893 2624 tamen
915 2589 1001 2624 illud
1025 2590 1189 2624 tenebant
1210 2589 1382 2623 mordicus
1403 2589 1619 2634 praefracte-

149 2643 218 2676 que
247 2633 497 2668 contendebant
531 2633 694 2667 sufficere
730 2634 858 2669 debere
887 2636 995 2670 tutori
1037 2635 1254 2683 imperatoris
1289 2634 1618 2680 praestantissimam

149 2677 352 2722 dignitatem
375 2679 473 2714 ducis
493 2679 625 2724 magniz
649 2680 764 2715 officio
785 2692 871 2716 vero
892 2682 991 2727 regni
1013 2685 1050 2717 et
1071 2681 1221 2727 supremi
1243 2681 1382 2716 dominii
1412 2691 1534 2715 nomen
1554 2680 1619 2713 ha-

149 2723 252 2758 bente
275 2725 438 2770 insignire
457 2725 565 2771 ipsum
588 2731 625 2759 et
645 2726 835 2762 istiusmodi
856 2729 1039 2764 bonoribus
1071 2729 1243 2775 privatum
1265 2728 1399 2761 modum
1421 2725 1620 2760 excedenti-

149 2769 214 2803 bus
237 2770 383 2814 efl'erre‚
417 2772 502 2818 quid
535 2772 642 2807 minus
656 2798 667 2814 ,
702 2773 863 2819 aiebant,
893 2787 994 2821 quam
1028 2776 1062 2809 in
1085 2774 1238 2809 maximis
1261 2779 1298 2808 et
1318 2773 1438 2808 summi
1458 2772 1619 2807 momenti

149 2816 252 2850 rebus
275 2818 507 2863 praevaricari
529 2818 665 2853 suerit?
686 2830 763 2855 esse
784 2821 872 2855 enim
894 2821 1009 2866 regias
1032 2821 1204 2866 virgines,
1234 2831 1370 2854 sorores
1391 2819 1621 2865 imperatoris,

148 2866 265 2898 aetate
289 2863 357 2899 iam
379 2863 505 2908 nubili,
530 2876 619 2911 quae
640 2864 783 2902 honeste
806 2879 848 2902 ac
868 2871 1096 2903 consentanee
1118 2867 1290 2902 natalibus
1319 2877 1437 2901 earum
1461 2865 1621 2901 collocari
