1884 3262
595 216 699 261 LIB.
731 217 765 262 Ι.
812 214 1180 264 GLOSSARIUM.
1511 218 1611 267 571

159 327 250 377 bat,
278 339 368 366 suas
390 338 454 366 res
478 340 593 379 agens
620 334 662 367 et
691 328 765 367 sibi
782 329 942 382 proprie
966 329 1173 369 vindicans
1189 342 1289 381 quae
1306 329 1410 368 bello
1430 330 1613 381 acquire-

158 384 240 422 bat.
295 384 424 435 agitur
441 397 531 435 ergo
555 384 622 423 hic
638 384 688 423 de
703 386 961 425 Tartarorum
987 386 1183 438 principe,
1213 387 1281 437 qui
1299 400 1462 438 magnus
1486 388 1610 426 canes
1633 389 1663 424 P
1687 389 1756 425 392

157 439 354 491 hodieque
373 441 608 492 appellatur.
634 441 703 481 lib.
723 442 750 484 5
770 456 805 486 c.
828 443 856 486 5
883 442 1069 482 scribitur
1093 442 1172 482 hoc
1190 443 1425 482 vocabulum
1443 455 1516 496 per
1540 459 1556 484 ι
1573 450 1613 483 et

157 496 375 535 inflectitur
395 494 523 547 Κάνις
543 494 734 546 Κάνιδος.

269 549 331 593 κά
346 566 428 607 στρ
442 569 463 594 o
479 569 504 595 ν
533 567 574 606 Ρ.»
596 558 677 597 303
703 567 743 593 v.
766 557 831 596 13.
889 554 938 592 de
956 554 1136 593 Barlaam
1153 559 1193 592 et
1215 554 1354 592 Tzuila
1376 554 1612 607 szcanda-

156 609 219 648 lae
233 610 283 648 ab
301 610 538 661 imperatore
559 611 792 649 mandatum
809 611 950 659 refert,
981 611 1115 649 ambos
1137 607 1236 663 πρὸς
1256 612 1433 651 Νικαίαν
1456 608 1613 664 cinara-

156 663 264 720 γῶν,
296 663 375 719 πρὸ
388 669 460 707 τοῦ
479 667 535 715 εἰς
561 663 735 718 κάστρον
765 668 1006 722 εἰσαγαγεῖν,
1043 670 1228 720 στερῆσαι
1254 669 1337 707 τῶν
1367 663 1612 719 ὀφθαλμῶν.

155 722 273 762 video
291 721 357 761 hic
385 720 556 775 κᾶστρον
582 737 655 775 pro
682 724 767 775 ipsa
788 724 888 762 urbe
914 724 1054 761 Nicaea
1073 736 1185 775 posse
1209 722 1356 775 accipi:
1382 737 1474 761 nam
1487 723 1611 762 Iusti-

155 779 296 818 nianus
317 778 479 819 Novella
500 781 579 821 128
594 793 733 818 vocem
751 778 922 832 κάστρον
942 793 1203 832 synonymam
1211 780 1299 818 voci
1312 775 1425 828 πόλις
1445 780 1608 818 videtur

154 835 350 885 indicare,
390 837 487 875 dum
515 836 652 875 scribit
680 836 726 877 ἐν
753 840 841 884 ταῖς
872 833 1037 877 πόλεσιν
1059 833 1152 888 ἤτοι
1179 831 1378 889 κᾶστροις.
1433 835 1542 886 quod
1573 836 1608 874 si

154 892 365 944 recipitur,
401 905 536 931 sensus
564 893 642 931 loci
669 894 720 931 sit
745 893 899 932 iussisse
924 894 1200 945 imperatorem
1220 892 1421 934 excaecari
1441 892 1609 931 Barlaa-

153 961 266 987 mum
282 955 324 987 et
341 948 519 987 Tzui'lam
537 949 581 987 in
597 949 738 987 itinere
752 949 979 1002 priusquam
1001 950 1183 987 Nicaeam
1198 948 1409 988 intrarent.
1456 955 1497 986 et
1512 953 1608 987 suut

154 1005 331 1057 exempla
347 1005 528 1044 similium
544 1006 866 1044 excaecationum
886 1006 1014 1044 obiter
1032 1006 1227 1043 factarum
1238 1034 1249 1054 ,
1286 1012 1334 1043 ut
1357 1005 1536 1043 Basilacii
1554 1005 1608 1043 ad.

152 1057 286 1100 locum
304 1061 570 1113 Chlempinam
590 1062 742 1100 dictum
759 1075 884 1114 prope
903 1063 1053 1100 fontem
1074 1062 1124 1099 ab
1154 1060 1232 1099 hoc
1259 1074 1353 1099 casu
1371 1061 1513 1100 deinde
1529 1075 1611 1100 no·-

152 1117 347 1156 minatum
370 1115 510 1170 βρόσις
523 1119 788 1170 Βασιλακίου,
817 1124 865 1157 ut
894 1119 1018 1156 refert
1044 1118 1159 1156 Anna
1179 1118 1378 1155 comnena
1395 1118 1422 1156 l.
1453 1121 1490 1159 1.
1546 1116 1610 1155 his

152 1179 285 1212 tamen
307 1174 415 1226 apud
439 1187 503 1213 me
527 1175 656 1213 obstat
683 1175 856 1227 primum
885 1175 994 1226 quod
1018 1174 1060 1212 in
1082 1175 1149 1213 illo
1175 1174 1381 1212 Iustiniani
1402 1174 1492 1211 loco
1511 1187 1610 1225 par-

151 1230 275 1269 ticula
296 1227 388 1283 ἥτοι
407 1244 488 1269 non
506 1231 724 1283 expositive
749 1231 819 1270 sed
851 1231 1086 1270 disiunctive
1106 1230 1234 1270 videri
1261 1235 1390 1282 potest
1406 1236 1609 1281 usurpata,

152 1292 195 1325 et
212 1287 267 1325 sic
284 1287 528 1326 contrarium
547 1288 679 1339 potius
705 1288 906 1326 ostendet:
934 1300 1074 1339 nempe
1090 1287 1225 1334 πόλεις
1241 1292 1282 1324 et
1297 1283 1447 1339 κάστρα
1471 1287 1610 1324 diver-

152 1356 214 1381 sas
231 1356 293 1381 res
313 1356 405 1382 esse.
462 1343 603 1382 deinde
633 1344 741 1394 quod
767 1350 983 1394 utcumque
1011 1345 1114 1382 sorte
1131 1343 1302 1382 minores
1329 1349 1370 1380 et
1390 1342 1608 1381 mediocres

152 1399 272 1438 urbes
292 1405 514 1438 castrorum
534 1400 728 1439 vocabulo
748 1400 972 1450 designatae
992 1399 1196 1438 interdum
1212 1387 1382 1447 strint,
1410 1399 1453 1436 id
1472 1405 1607 1437 tamen

152 1468 234 1494 non
252 1455 412 1495 videtur
428 1456 515 1495 fieri
537 1457 708 1507 potuisse
728 1457 769 1494 in
791 1457 931 1494 Nicaea
951 1457 1050 1495 urbe
1078 1456 1269 1504 maxima,
1298 1461 1340 1492 et
1357 1467 1475 1504 quae,
1507 1455 1606 1494 dum

152 1525 177 1550 a
192 1511 338 1550 Latinis
356 1513 711 1564 Constantinopolis
738 1513 970 1562 tenebatur,
998 1512 1106 1550 sedes
1131 1511 1343 1550 orientalis
1363 1512 1606 1549 Graecorum

149 1569 303 1621 imperii
326 1569 457 1607 fuerit.
514 1569 682 1619 denique
713 1569 822 1619 quod
855 1582 944 1608 cum
960 1568 1197 1620 praecedens
1227 1567 1478 1619 participium
1498 1564 1603 1607 ἄπα-

148 1621 285 1678 γαγοὶν
302 1653 314 1674 ,
337 1624 595 1664 indicativum
614 1626 819 1677 praeteriti
839 1625 1026 1676 temporis
1038 1654 1050 1674 ,
1079 1624 1266 1676 significet
1283 1624 1393 1675 prius
1409 1624 1600 1662 abductos

148 1681 330 1720 Nicaeam
353 1681 452 1720 duos
469 1682 554 1720 illos
571 1695 690 1732 quam
707 1688 1010 1720 excaecarentur
1022 1710 1033 1730 ,
1059 1681 1103 1719 id
1119 1687 1273 1719 tantum
1289 1681 1437 1718 factum
1458 1680 1600 1719 debere

148 1738 333 1791 {rideatur
346 1737 509 1789 intelligi
526 1738 757 1790 priusquam
777 1739 821 1777 in
839 1751 968 1776 arcem
994 1737 1077 1776 sive
1102 1733 1275 1790 κάστρον
1297 1743 1508 1788 perpetuae
1525 1750 1599 1774 cu-

149 1793 303 1832 stodiae
329 1793 506 1846 ipsorum
530 1794 767 1834 destinatum
795 1795 1108 1835 includerentur.
1164 1793 1281 1831 docet
1308 1799 1438 1832 autem
1463 1799 1599 1833 noster

150 1850 243 1889 alibi
259 1850 422 1888 Nicaeae
438 1850 556 1889 fuisse
574 1851 618 1889 in
636 1851 745 1891 hunc
759 1865 875 1890 usum
899 1851 1100 1889 castellum
1120 1856 1259 1888 contra
1281 1850 1359 1888 vim
1385 1850 1598 1899 munitum,

150 1906 259 1958 quod
274 1906 343 1958 qui
361 1907 565 1956 subissent,
592 1921 730 1947 eorum
751 1907 800 1946 de
814 1908 1044 1947 liberatione
1063 1907 1127 1945 vel
1143 1907 1308 1945 verbum
1338 1906 1467 1944 dicere
1489 1906 1600 1958 capi-

149 1963 230 2001 tale
254 1963 373 2013 foret,
403 1963 510 2003 unde
541 1962 674 2018 εἱρκτὴ
705 1960 838 2016 λήθης
875 1978 1011 2002 carcer
1035 1963 1248 2001 oblivionis·
1277 1963 1519 2013 vocabatur,
1547 1961 1601 2001 ad

150 2031 268 2071 quam
285 2032 425 2059 vocem
441 2033 541 2072 quae
560 2021 836 2060 annotavimus
851 2021 963 2070 vide,
993 2020 1026 2058 si
1046 2019 1151 2058 tanti
1177 2025 1236 2058 est
1248 2018 1297 2072 *).

261 2070 414 2117 {⁶522oe
448 2090 489 2129 P·
505 2080 588 2121 213
604 2091 644 2117 v.
665 2080 729 2119 13.
785 2076 936 2125 ἐκεῖνος
961 2073 978 2131 (
989 2075 1010 2118 ὅ
1033 2071 1274 2128 πατριάρχης
1297 2070 1519 2126 Ἀρσένιος)
1538 2070 1601 2114 sti-

149 2129 233 2179 θεῖς
258 2129 335 2183 τὴν
363 2131 503 2174 πέλλαν
523 2130 810 2187 ὑποδυόμενος.
866 2134 962 2172 cella
986 2146 1078 2184 ergo
1101 2131 1326 2170 cubiculum
1354 2130 1499 2168 dicitur
1516 2144 1600 2169 non

149 2186 436 2226 monachorum
455 2189 582 2228 solum
597 2190 667 2228 sed
684 2196 725 2229 et
741 2189 930 2230 aliorum:
957 2203 1049 2229 nam
1067 2186 1293 2241 patriarcha
1316 2195 1413 2225 tunc
1433 2200 1515 2225 non
1532 2186 1600 2226 vi·-

151 2243 268 2283 detur
284 2243 329 2282 in
345 2246 579 2285 monasterio
594 2247 724 2286 fuisse.

261 2314 286 2340 κ
296 2297 407 2341 end
419 2301 444 2342 δ
452 2316 474 2355 ρ
488 2316 502 2342 ι
514 2317 535 2343 ο
549 2317 574 2342 ν
599 2316 639 2354 p.
657 2306 741 2346 270
755 2315 797 2346 v,
825 2305 890 2344 19.
940 2301 1119 2341 cellulam
1133 2299 1250 2341 verti.
1290 2304 1350 2338 est
1367 2294 1600 2351 κελλύδριον

147 2353 458 2410 ἐἷποκοριστικόν
483 2359 526 2395 in
553 2359 671 2398 tertio
699 2359 968 2397 diminutionis
993 2357 1130 2410 gradu.
1185 2362 1284 2409 puto
1305 2361 1436 2394 autem
1451 2355 1602 2406 signifi-

149 2412 233 2450 cari
254 2412 439 2451 sacellum
468 2413 532 2452 cui
564 2415 750 2453 adiuncta
777 2421 877 2454 esset
903 2414 1151 2453 domuncula.
1206 2412 1250 2452 id
1284 2411 1424 2452 suadet
1452 2411 1600 2450 mentio

149 2470 190 2507 S.
207 2468 377 2519 Nicolai,
407 2469 470 2508 cui
499 2469 629 2508 dicata
653 2471 836 2511 videlicet
864 2477 964 2509 esset
982 2470 1167 2508 aedicula.
1223 2474 1318 2508 nota
1335 2476 1396 2507 est
1414 2481 1464 2506 ex
1480 2474 1600 2508 vetu-

148 2524 325 2563 stissimis
345 2525 600 2578 scriptoribus
619 2528 739 2566 cellae
756 2527 960 2579 usurpatio
976 2540 1051 2579 pro
1070 2526 1158 2565 loeo
1179 2526 1358 2578 religioso
1378 2525 1596 2576 cuiuspiam

148 2581 276 2620 cultui
297 2581 442 2624 dicato.

261 2638 446 2680 Κελτοί
472 2651 511 2691 p.
527 2637 610 2682 486
624 2650 662 2678 v.
684 2642 749 2682 17.
804 2638 911 2677 uude
932 2645 1060 2678 essent
1075 2639 1118 2677 hi
1136 2639 1205 2690 qui
1227 2639 1328 2678 Celti
1345 2637 1592 2677 vocabantur

150 2693 503 2748 Constantinopoli,
534 2695 649 2735 docet
664 2695 876 2736 Vaticanus
884 2695 1161 2750 paraphrastes
1175 2695 1421 2736 hunclocum
1446 2692 1501 2731 sic
1518 2704 1592 2731 ex-

242 2873 273 2915 ')
294 2874 339 2907 cf.
363 2873 514 2910 Glossar.
537 2875 634 2911 alter.
657 2886 690 2910 v.
712 2874 882 2922 κάπρον.
