1884 3262
406 171 482 213 DE
515 170 791 214 MICHAELE
819 171 1195 216 PALAEOLOGO
1232 173 1278 216 L.
1313 171 1389 217 VI.
1542 171 1641 219 463

187 282 386 338 βασιλέως
415 281 661 339 ὗποσχόντες
691 284 930 339 ἀπαχθῆναι
958 285 1061 341 πρὸς
1086 283 1225 328 πᾶπαν
1249 283 1304 335 ὥς
1324 285 1376 328 τὰ
1397 285 1535 328 καὶτὰ
1555 303 1642 329 πει-

186 349 361 405 σόμενοι,
410 354 477 394 καὶ
501 355 766 408 παρεδίδοντο
790 353 980 409 πρέσβεσι
998 355 1064 395 καὶ
1084 352 1301 409 ἀπήγοντο.
1348 357 1406 412 τῷ
1429 355 1474 396 δὲ
1491 359 1641 397 τοσοῦ-

186 436 261 462 τον
288 418 467 472 κολάζειν
489 421 702 476 ἐμέλησεν,
741 420 844 465 ὥστε
863 423 929 463 καὶ
947 422 1244 473 ἔποικτίζεσθαι
1267 420 1302 464 εἲ
1323 423 1542 477 ε’κκλησιῶν
1563 439 1639 476 με-

185 485 319 542 γάλων
351 487 487 545 εἰρήνῃ
517 490 704 542 ἐμποδών
733 491 933 536 ἵστανται.
1005 491 1072 531 καὶ
1104 490 1210 543 μεθ’
1238 487 1480 546 ἱλαρότητος
1505 489 1641 546 πάσης

155 559 245 614 5τῷ
264 561 428 608 βασιλεῖ
445 557 771 611 ἀντεπίμποντο,
808 557 1019 607 ἀξιοῦντος
1041 562 1115 599 τοῦ
1137 556 1253 599 πόποι
1277 560 1343 599 καὶ
1364 559 1536 611 βασιλέα
1565 559 1639 601 ἀν-

186 622 371 678 θρώποις
393 627 559 668 δοκοῦσι
583 630 656 668 τοῦ
687 625 902 682 ἀσφαλοῦς
924 625 1166 678 ἀντέχεσθαι
1191 625 1287 668 κατ’
1309 624 1522 679 εὐλάβειαν
1545 627 1636 669 tza—
1659 634 1689 667 B

185 696 268 748 ρίῧς
290 695 356 734 καὶ
377 693 501 736 αὐτὸν
519 693 840 750 προσφέρεσθαι.
909 689 959 747 ἦν
979 689 1051 736 οὖν
1072 691 1222 747 ὁμοίως
1242 695 1307 735 καὶ
1330 694 1380 736 τὰ
1402 699 1483 737 τῶν
1502 712 1638 750 γραμ-

183 758 326 814 μάτων
357 762 512 804 ἓκείνων
545 760 778 804 θωπευτικά
789 795 802 814 ,
840 761 971 811 ἄλλως
989 760 1203 817 προβάσης
1225 759 1281 811 ὥς
1301 763 1476 812 πολλοὺς
1494 764 1640 805 εἰδέναι

185 833 259 881 τῆς
288 827 547 884 ἓκκηρύξεως.
615 830 749 885 ἐπειδὴ
779 828 857 885 γάρ
887 847 990 880 τινες
1018 834 1101 872 τῶν
1130 833 1328 886 περιττῶν
1351 832 1417 872 καὶ
1446 829 1637 884 εὖκόλων,

132 906 176 940 10
188 895 248 945 οἷς
272 897 365 939 οὐδ’
389 893 439 952 ἦν
461 897 507 940 τὸ
531 895 728 953 παράπαν
752 899 897 940 εἰδέναι
928 898 980 940 τὰ
1003 902 1077 952 τῆς
1099 899 1313 954 ἐκκλησίας
1343 903 1427 941 τῶν
1457 899 1635 952 Ἰταλῶν,

185 964 277 1007 οὔτε
299 964 381 1019 μὴν
403 966 469 1007 καὶ
495 965 653 1015 ἀξιοῦσι
674 967 865 1018 ξυνιέναι,
903 964 958 1015 ὥς
991 964 1118 1008 πάλαι
1148 968 1247 1009 ποτὲ
1267 962 1372 1021 ἦσαν
1394 965 1436 1009 ἓν
1459 966 1637 1023 πρώτοις

184 1030 379 1087 ἦνωμένοι
393 1037 487 1089 ἱτῶν
516 1033 650 1076 ἄλλων
680 1034 822 1084 πλέον,
860 1033 935 1076 κᾶν
965 1051 1003 1076 τι
1025 1034 1232 1087 συμπεσὸν
1255 1033 1455 1088 παρέλυσε
1474 1035 1546 1078 τὸν
1565 1038 1631 1078 δε-
1657 1040 1687 1074 C

184 1099 287 1154 σμόν
299 1133 313 1152 ,
349 1099 461 1154 ὅμως
483 1102 526 1143 δὲ
545 1099 665 1144 πάλιν
685 1100 1021 1157 ἀπαράθραυστα
1050 1102 1239 1156 με’νουσιν
1261 1101 1355 1157 ἡμῖν
1374 1120 1416 1146 τε
1438 1103 1635 1153 κάκείνοις

182 1168 235 1210 τὰ
259 1172 333 1212 τοῦ
364 1173 673 1224 χριστιανισμοῦ
703 1168 908 1226 μυστήρια
919 1203 932 1222 ,
969 1168 1024 1220 ὦς
1043 1171 1172 1226 μηδὲν
1189 1178 1459 1227 παρεγχειρεῖν
1476 1177 1632 1226 τολμᾶν

129 1243 170 1279 15
183 1236 294 1287 τινὰς
323 1238 390 1279 ἐπί
416 1254 458 1280 τε
493 1242 671 1297 τελεσμῷ
702 1241 986 1292 βαπτίσματος
1020 1241 1086 1280 καὶ
1119 1238 1314 1296 ἱερωσύνῃ
1338 1241 1403 1280 καὶ
1426 1237 1543 1298 γάμῳ
1566 1243 1633 1283 καὶ

180 1309 379 1362 μοναχικῇ
400 1304 644 1348 καταστάσει
664 1308 729 1348 καὶ
751 1314 836 1356 τοῖς
864 1311 1018 1356 λοιποῖς
1037 1305 1098 1356 οἷς
1117 1306 1198 1363 ἄρα
1219 1309 1285 1350 καὶ
1302 1306 1325 1361 ἧ
1346 1309 1546 1364 καθολικὴ
1565 1311 1631 1351 καὶ

180 1375 256 1427 μία
279 1374 467 1427 ἐκκλησία
491 1374 587 1424 τοὺς
611 1373 739 1427 αὐτῆς
757 1376 928 1417 ε’πιτελεΐ
942 1377 1191 1431 τροφίμους,
1237 1375 1331 1417 ἀλλ’
1355 1373 1490 1432 ὥσπερ
1515 1375 1565 1418 ἂν
1588 1377 1631 1419 ἐκ

182 1441 306 1497 δρυὸς
324 1441 348 1496 ἢ
372 1441 453 1484 ἀπὸ
475 1442 624 1498 πέτρης
650 1442 831 1499 ἀρχῆθεν
848 1438 976 1497 ἦσαν,
1012 1444 1139 1499 μηδὲν
1161 1447 1242 1486 τῶν
1263 1450 1349 1493 τοῖς
1367 1447 1634 1500 Χριστιανοΐς

178 1619 277 1664 plane
300 1630 341 1653 ac
361 1619 472 1664 palam
495 1630 534 1653 se
555 1619 721 1654 abscissos
741 1621 784 1654 ab
807 1619 951 1654 ecclesia
973 1619 1152 1663 serebant,
1187 1619 1336 1654 damnati
1359 1621 1403 1654 ab
1426 1620 1630 1666 imperatore

178 1677 219 1699 ac
242 1664 346 1698 dediti
371 1676 478 1710 papae
503 1670 601 1708 sunt,
625 1666 785 1710 gravibus
809 1666 851 1700 ab
874 1678 914 1700 eo
936 1665 1096 1700 videlicet
1118 1666 1279 1700 multandi
1304 1667 1440 1711 poenis3
1465 1668 1507 1701 ad
1530 1669 1632 1714 idque

178 1710 428 1744 revertentibus
451 1711 589 1745 Romam
611 1711 731 1746 traditi
754 1711 898 1756 legatis,
933 1724 972 1746 eo
993 1712 1123 1745 demum
1147 1712 1313 1757 perducti.
1360 1724 1476 1746 verum
1499 1718 1631 1749 tantum

178 1756 289 1790 abfuit
318 1760 357 1789 ut
387 1756 436 1790 eis
470 1758 619 1801 pontifex
651 1757 753 1791 ullum
786 1757 982 1803 supplicium
1020 1757 1237 1798 decerneret,
1276 1763 1315 1792 ut
1337 1758 1427 1792 ultro
1451 1759 1631 1795 miseratus

177 1801 272 1846 ipsos
294 1801 360 1844 sit,
385 1802 474 1846 quod
496 1802 661 1837 invidiosa
683 1803 873 1848 suspicione
895 1808 1136 1848 gravarentur,
1159 1803 1256 1848 quasi
1279 1805 1414 1838 obstare
1440 1806 1564 1840 velient
1587 1818 1631 1841 ne

174 1846 267 1881 inter
297 1858 434 1891 magnas
463 1848 622 1882 ecclesias
656 1860 723 1893 pax
755 1849 974 1883 stabiiiretur.
1019 1848 1133 1894 itaque
1165 1861 1239 1883 cum
1270 1850 1356 1883 omni
1386 1850 1630 1894 significatione

176 1893 429 1927 benevolentiae
457 1893 588 1928 remissi
624 1895 667 1928 ad
699 1894 956 1939 imperatorem,
991 1895 1091 1928 etiam
1124 1895 1409 1930 commendatitias
1432 1908 1451 1930 a
1476 1908 1565 1942 papa
1595 1897 1629 1932 ei

176 1938 415 1980 reddiderunt,
454 1939 576 1984 quibus
605 1939 662 1974 ille
693 1942 878 1984 rogabatur
899 1945 938 1974 ut
962 1941 1107 1974 homines
1130 1940 1203 1974 sine
1226 1952 1327 1975 causa
1358 1946 1553 1986 suspectos,
1593 1948 1629 1977 et

177 1984 234 2029 qui
263 1983 460 2018 viderentur
489 1989 617 2019 rectam
650 1990 686 2020 et
716 1998 868 2020 securam
890 1986 1062 2030 religionis
1085 1986 1170 2020 viam
1193 1987 1370 2028 insistere,
1411 1988 1530 2022 blande
1553 1988 1628 2034 ipse

176 2041 309 2074 quoque
340 2041 379 2063 ac
409 2030 598 2064 humaniter
631 2031 804 2076 exciperet
826 2033 915 2076 apud
938 2044 1040 2077 seque
1063 2032 1216 2066 haberet.
1265 2038 1303 2066 ut
1328 2033 1413 2066 haec
1442 2044 1545 2077 porro
1569 2046 1625 2068 as-

175 2074 361 2109 sentatorie
392 2076 580 2118 agebantur
613 2082 649 2110 et
679 2078 912 2111 scribebantur
945 2089 987 2111 ex
1018 2083 1115 2122 parte
1139 2077 1354 2120 Latinorum,
1393 2077 1443 2111 sic
1465 2083 1563 2112 erant
1588 2084 1626 2113 et

176 2119 274 2161 illae,
297 2131 380 2165 quas
403 2121 493 2163 dixi,
515 2134 535 2156 a
558 2123 682 2157 nostris
703 2124 747 2156 ad
770 2134 890 2168 papam
914 2123 1014 2157 datae
1035 2122 1155 2156 literae
1178 2135 1242 2156 non
1263 2127 1422 2166 expertes
1443 2124 1623 2158 adulatorii

175 2164 269 2206 fuci,
303 2165 503 2209 profitentes
528 2167 682 2202 videlicet
702 2180 764 2202 nec
787 2169 886 2203 ullum
908 2169 976 2203 iam
1000 2169 1136 2213 agnosci
1159 2168 1215 2213 qui
1241 2169 1378 2202 Latinos
1409 2174 1470 2202 aut
1492 2169 1536 2203 iis
1559 2171 1623 2204 ad-

176 2210 353 2244 haerentes
376 2223 436 2256 pro
459 2214 751 2248 excommunicatis
774 2215 935 2256 haberet,
973 2219 1008 2248 et
1030 2214 1059 2248 si
1086 2214 1161 2259 quis
1183 2214 1217 2247 in
1240 2219 1411 2258 posterum
1436 2214 1470 2248 id
1495 2215 1621 2250 audere

175 2255 411 2299 detegeretur,
448 2258 535 2292 haud
568 2258 702 2303 impune
732 2259 898 2302 laturum,
936 2271 1010 2294 cum
1039 2263 1150 2293 tamen
1173 2259 1284 2293 multis
1306 2265 1419 2293 notum
1442 2265 1533 2295 esset
1554 2273 1621 2296 non

176 2300 295 2335 deesse
328 2301 386 2346 qui
416 2301 465 2336 ita
498 2304 660 2338 sentirent
681 2309 717 2338 et
740 2305 849 2349 palam
871 2306 1050 2340 anathema
1083 2304 1232 2338 dicerent
1255 2305 1531 2350 amplectentibus
1558 2319 1622 2353 pa-

175 2357 260 2381 cem.
306 2350 405 2380 erant
439 2347 472 2380 hi
501 2359 754 2393 supervacanee
776 2351 896 2385 morosi
921 2351 1055 2396 quidam
1079 2355 1114 2384 et
1136 2350 1289 2385 delicatis
1318 2352 1544 2395 superstitiosi
1567 2354 1622 2387 fa-

176 2391 303 2430 stidiis,
334 2392 391 2434 qui
414 2404 488 2426 cum
511 2398 547 2427 et
568 2395 716 2429 funditus
738 2396 935 2440 ignorarent
957 2399 991 2430 et
1013 2396 1143 2430 discere
1164 2407 1229 2430 nou
1253 2400 1412 2431 curarent
1432 2408 1488 2432 res
1511 2399 1623 2433 eccle·

175 2436 248 2471 siae
280 2437 496 2480 Latinorum,
534 2442 573 2473 nt
601 2440 759 2474 videlicet
790 2453 864 2475 curn
895 2442 938 2475 iis
971 2442 1047 2474 olim
1078 2441 1113 2474 in
1145 2442 1355 2486 dogmatibus
1384 2444 1622 2490 mysteriisque

174 2482 364 2528 praecipuis
387 2485 441 2516 vei
463 2484 606 2518 omnium
628 2485 740 2520 intime
763 2487 929 2520 coniuncti
952 2487 1097 2521 Graecis
1122 2487 1282 2529 fuissent,
1316 2487 1382 2522 etsi
1404 2489 1516 2523 nescio
1540 2490 1621 2536 quid

175 2528 295 2562 deinde
317 2528 468 2562 incidens
490 2528 570 2563 illud
594 2531 752 2576 antiquae
775 2532 973 2566 concordiae
994 2532 1158 2566 vinculum
1180 2534 1353 2578 paulisper
1374 2535 1545 2569 relaxasse
1567 2536 1620 2570 vi-

175 2583 246 2607 sum
270 2578 374 2616 esset,
397 2579 506 2608 tamen
521 2575 629 2611 ,etiam
654 2581 772 2621 postea
789 2577 950 2611 inviolata
971 2579 1191 2622 permanserit
1210 2579 1368 2624 utrinque
1387 2581 1560 2614 consensio
1583 2581 1619 2615 in

174 2618 242 2652 fide
264 2631 304 2653 ac
327 2631 390 2653 usu
412 2620 604 2664 capitalium
627 2621 876 2656 Christianismi
898 2626 1187 2664 sacramentorum,
1210 2624 1259 2659 ita
1279 2631 1319 2659 nt
1341 2626 1496 2660 neutrubi
1519 2626 1620 2671 quid-

174 2674 273 2708 quam
306 2668 435 2699 temere
469 2670 667 2701 attentatum
698 2668 834 2712 publico
865 2669 1002 2703 consilio
1034 2669 1137 2704 fuerit
1159 2669 1248 2705 circa
1270 2671 1369 2704 ritum
1394 2671 1617 2715 baptismatis,

173 2709 397 2744 sacerdotium
410 2734 420 2754 ‚
443 2712 705 2754 matrimonium,
728 2714 947 2748 monasticum
968 2718 1115 2755 statum,
1152 2719 1188 2750 et
1209 2716 1340 2761 reliqua
1362 2717 1522 2760 mysteria
1543 2717 1618 2762 qui-

173 2752 238 2787 bus
258 2766 324 2789 nna
346 2760 382 2790 et
403 2757 567 2792 catholica
590 2758 733 2792 ecclesia
754 2770 834 2793 suos
856 2759 1004 2794 alumnos
1035 2759 1170 2795 initiare
1202 2761 1385 2795 consuevit.
1431 2773 1526 2804 cum,
1562 2762 1618 2797 in-

173 2809 295 2844 quam,
329 2800 365 2835 hi
398 2813 464 2837 non
495 2803 604 2849 magis
632 2804 750 2840 horum
781 2804 963 2851 quidquam
993 2817 1082 2852 quae
1102 2806 1139 2841 in
1162 2806 1430 2842 Christianorum
1450 2808 1517 2844 iam
1539 2808 1615 2844 olim
