<?xml version="1.0" encoding="UTF-8"?>
<!DOCTYPE html PUBLIC "-//W3C//DTD XHTML 1.0 Transitional//EN"
    "http://www.w3.org/TR/xhtml1/DTD/xhtml1-transitional.dtd">
<html xmlns="http://www.w3.org/1999/xhtml" xml:lang="en" lang="en">
 <head>
  <title>
</title>
<meta http-equiv="Content-Type" content="text/html;charset=utf-8" />
  <meta name='ocr-system' content='tesseract 3.04.00' />
  <meta name='ocr-capabilities' content='ocr_page ocr_carea ocr_par ocr_line ocrx_word'/>
</head>
<body>
  <div class='ocr_page' id='page_1' title='image "./corpusscriptorum17niebuoft_0137.png"; bbox 0 0 1846 3262; ppageno 0'>
   <div class='ocr_carea' id='block_1_1' title="bbox 462 158 1670 207">
    <p class='ocr_par' dir='ltr' id='par_1_1' title="bbox 462 158 1670 207">
     <span class='ocr_line' id='line_1_1' title="bbox 462 158 1670 207; baseline 0.004 -5"><span class='ocrx_word' id='word_1_1' title='bbox 462 161 538 203; x_wconf 93' lang='lat' dir='ltr'><strong>DE</strong></span> <span class='ocrx_word' id='word_1_2' title='bbox 573 158 851 204; x_wconf 85' lang='lat' dir='ltr'><strong>MICHAELE</strong></span> <span class='ocrx_word' id='word_1_3' title='bbox 878 160 1258 205; x_wconf 86' lang='lat' dir='ltr'><strong>PALAEOLOGO</strong></span> <span class='ocrx_word' id='word_1_4' title='bbox 1294 161 1341 205; x_wconf 89' lang='lat' dir='ltr'><strong>L.</strong></span> <span class='ocrx_word' id='word_1_5' title='bbox 1377 161 1434 205; x_wconf 85' lang='lat'><strong>11.</strong></span> <span class='ocrx_word' id='word_1_6' title='bbox 1576 161 1670 207; x_wconf 84' lang='lat'><strong>119</strong></span> 
     </span>
    </p>
   </div>
   <div class='ocr_carea' id='block_1_2' title="bbox 123 269 1780 1710">
    <p class='ocr_par' dir='ltr' id='par_1_2' title="bbox 123 269 1780 1710">
     <span class='ocr_line' id='line_1_2' title="bbox 199 269 1666 330; baseline 0 -12"><span class='ocrx_word' id='word_1_7' title='bbox 199 279 279 318; x_wconf 82' lang='grc' dir='ltr'><strong>τῶν</strong></span> <span class='ocrx_word' id='word_1_8' title='bbox 314 272 449 318; x_wconf 64' lang='grc' dir='ltr'><strong><em>ἄλλων</em></strong></span> <span class='ocrx_word' id='word_1_9' title='bbox 479 275 742 329; x_wconf 75' lang='grc' dir='ltr'><strong><em>ἓπεπειρᾶτο,</em></strong></span> <span class='ocrx_word' id='word_1_10' title='bbox 779 275 846 317; x_wconf 74' lang='grc' dir='ltr'><strong><em>καὶ</em></strong></span> <span class='ocrx_word' id='word_1_11' title='bbox 876 271 903 329; x_wconf 81' lang='grc' dir='ltr'><em>ἦ</em></span> <span class='ocrx_word' id='word_1_12' title='bbox 934 274 1094 329; x_wconf 88' lang='grc' dir='ltr'><strong><em>ταραχὴ</em></strong></span> <span class='ocrx_word' id='word_1_13' title='bbox 1126 274 1258 330; x_wconf 85' lang='grc' dir='ltr'><strong><em>πολλὴ</em></strong></span> <span class='ocrx_word' id='word_1_14' title='bbox 1290 269 1364 330; x_wconf 80' lang='grc' dir='ltr'><strong><em>ἦν,</em></strong></span> <span class='ocrx_word' id='word_1_15' title='bbox 1401 275 1467 316; x_wconf 82' lang='grc' dir='ltr'><strong><em>καὶ</em></strong></span> <span class='ocrx_word' id='word_1_16' title='bbox 1500 274 1547 317; x_wconf 76' lang='grc' dir='ltr'><strong><em>τὸ</em></strong></span> <span class='ocrx_word' id='word_1_17' title='bbox 1568 275 1666 318; x_wconf 76' lang='grc' dir='ltr'><strong><em>κατ’</em></strong></span> 
     </span>
     <span class='ocr_line' id='line_1_3' title="bbox 197 341 1668 400; baseline 0.001 -14"><span class='ocrx_word' id='word_1_18' title='bbox 197 344 346 387; x_wconf 72' lang='grc' dir='ltr'><strong><em>ἐκείνου</em></strong></span> <span class='ocrx_word' id='word_1_19' title='bbox 368 341 600 387; x_wconf 71' lang='grc' dir='ltr'><em>σκάνδαλον</em></span> <span class='ocrx_word' id='word_1_20' title='bbox 618 342 741 400; x_wconf 77' lang='grc' dir='ltr'><strong><em>ᾔρετο</em></strong></span> <span class='ocrx_word' id='word_1_21' title='bbox 753 357 764 367; x_wconf 94' lang='grc'>·</span> <span class='ocrx_word' id='word_1_22' title='bbox 795 341 900 397; x_wconf 84' lang='grc' dir='ltr'><strong><em>πλὴν</em></strong></span> <span class='ocrx_word' id='word_1_23' title='bbox 918 342 996 398; x_wconf 82' lang='grc' dir='ltr'><strong>γὰρ</strong></span> <span class='ocrx_word' id='word_1_24' title='bbox 1018 347 1100 386; x_wconf 82' lang='grc' dir='ltr'><strong>τῶν</strong></span> <span class='ocrx_word' id='word_1_25' title='bbox 1120 345 1177 393; x_wconf 79' lang='grc' dir='ltr'><strong>εἷς</strong></span> <span class='ocrx_word' id='word_1_26' title='bbox 1194 342 1400 399; x_wconf 72' lang='grc' dir='ltr'><strong><em>ἄρχοντας</em></strong></span> <span class='ocrx_word' id='word_1_27' title='bbox 1415 343 1668 400; x_wconf 74' lang='grc' dir='ltr'><em>τεταγμένων</em></span> 
     </span>
     <span class='ocr_line' id='line_1_4' title="bbox 195 409 1667 469; baseline 0.001 -14"><span class='ocrx_word' id='word_1_28' title='bbox 195 416 268 467; x_wconf 80' lang='grc' dir='ltr'><strong><em>τῆς</em></strong></span> <span class='ocrx_word' id='word_1_29' title='bbox 288 413 502 467; x_wconf 74' lang='grc' dir='ltr'><strong><em>ἐκκλησίας</em></strong></span> <span class='ocrx_word' id='word_1_30' title='bbox 527 412 567 455; x_wconf 82' lang='grc' dir='ltr'><strong>οἱ</strong></span> <span class='ocrx_word' id='word_1_31' title='bbox 588 413 721 455; x_wconf 79' lang='grc' dir='ltr'><strong><em>λοιποὶ</em></strong></span> <span class='ocrx_word' id='word_1_32' title='bbox 740 411 816 467; x_wconf 85' lang='grc' dir='ltr'><strong>τὴν</strong></span> <span class='ocrx_word' id='word_1_33' title='bbox 832 410 982 454; x_wconf 75' lang='grc' dir='ltr'><strong><em>ἐκείνου</em></strong></span> <span class='ocrx_word' id='word_1_34' title='bbox 1002 409 1213 455; x_wconf 84' lang='grc' dir='ltr'><strong><em>κοινωνίαν</em></strong></span> <span class='ocrx_word' id='word_1_35' title='bbox 1232 411 1494 469; x_wconf 75' lang='grc' dir='ltr'><strong><em>ἀπέστεργον.</em></strong></span> <span class='ocrx_word' id='word_1_36' title='bbox 1554 411 1667 466; x_wconf 81' lang='grc' dir='ltr'><strong><em>ὅμως</em></strong></span> 
     </span>
     <span class='ocr_line' id='line_1_5' title="bbox 195 477 1662 537; baseline 0.001 -14"><span class='ocrx_word' id='word_1_37' title='bbox 195 481 235 523; x_wconf 79' lang='grc' dir='ltr'><strong>οἱ</strong></span> <span class='ocrx_word' id='word_1_38' title='bbox 254 482 329 535; x_wconf 75' lang='grc' dir='ltr'><strong><em>μὲν</em></strong></span> <span class='ocrx_word' id='word_1_39' title='bbox 348 479 522 531; x_wconf 75' lang='grc' dir='ltr'><strong><em>ἕκόντως</em></strong></span> <span class='ocrx_word' id='word_1_40' title='bbox 551 482 590 523; x_wconf 76' lang='grc' dir='ltr'><strong>οἳ</strong></span> <span class='ocrx_word' id='word_1_41' title='bbox 620 482 664 524; x_wconf 79' lang='grc' dir='ltr'><strong>δὲ</strong></span> <span class='ocrx_word' id='word_1_42' title='bbox 695 482 762 523; x_wconf 80' lang='grc' dir='ltr'><strong>καὶ</strong></span> <span class='ocrx_word' id='word_1_43' title='bbox 792 477 974 530; x_wconf 80' lang='grc' dir='ltr'><strong><em>ἀκόντως</em></strong></span> <span class='ocrx_word' id='word_1_44' title='bbox 999 480 1107 534; x_wconf 79' lang='grc' dir='ltr'><strong><em>πλὴν</em></strong></span> <span class='ocrx_word' id='word_1_45' title='bbox 1130 480 1276 537; x_wconf 78' lang='grc' dir='ltr'><em>ὀλίγων</em></span> <span class='ocrx_word' id='word_1_46' title='bbox 1301 482 1662 536; x_wconf 76' lang='grc' dir='ltr'><strong><em>καθυπεκλίνοντο,</em></strong></span> 
     </span>
     <span class='ocr_line' id='line_1_6' title="bbox 161 546 1714 607; baseline 0.001 -14"><span class='ocrx_word' id='word_1_47' title='bbox 161 550 510 605; x_wconf 70' lang='grc' dir='ltr'><strong><em>ὅδιασεσεισμένοι</em></strong></span> <span class='ocrx_word' id='word_1_48' title='bbox 528 549 572 592; x_wconf 74' lang='grc' dir='ltr'><strong>δ’</strong></span> <span class='ocrx_word' id='word_1_49' title='bbox 607 549 718 599; x_wconf 77' lang='grc' dir='ltr'><strong><em>ὄντες</em></strong></span> <span class='ocrx_word' id='word_1_50' title='bbox 749 549 824 598; x_wconf 85' lang='grc' dir='ltr'><strong><em>τὰς</em></strong></span> <span class='ocrx_word' id='word_1_51' title='bbox 847 546 1012 605; x_wconf 81' lang='grc' dir='ltr'><em>γνώμας</em></span> <span class='ocrx_word' id='word_1_52' title='bbox 1033 546 1176 607; x_wconf 78' lang='grc' dir='ltr'><em>πράξει</em></span> <span class='ocrx_word' id='word_1_53' title='bbox 1192 549 1291 599; x_wconf 78' lang='grc' dir='ltr'><strong>τούς</strong></span> <span class='ocrx_word' id='word_1_54' title='bbox 1310 550 1368 605; x_wconf 87' lang='grc' dir='ltr'><strong>μὴ</strong></span> <span class='ocrx_word' id='word_1_55' title='bbox 1390 550 1659 605; x_wconf 75' lang='grc' dir='ltr'>πειθομένους</span> <span class='ocrx_word' id='word_1_56' title='bbox 1682 564 1714 599; x_wconf 80' lang='grc' dir='ltr'>Ε</span> 
     </span>
     <span class='ocr_line' id='line_1_7' title="bbox 193 617 1663 675; baseline 0.001 -13"><span class='ocrx_word' id='word_1_57' title='bbox 193 617 393 675; x_wconf 82' lang='grc' dir='ltr'><strong><em>ὠχύρουν.</em></strong></span> <span class='ocrx_word' id='word_1_58' title='bbox 466 619 513 662; x_wconf 83' lang='grc' dir='ltr'><strong><em>τὸ</em></strong></span> <span class='ocrx_word' id='word_1_59' title='bbox 539 619 583 661; x_wconf 73' lang='grc' dir='ltr'><strong>δὲ</strong></span> <span class='ocrx_word' id='word_1_60' title='bbox 603 618 743 661; x_wconf 84' lang='grc' dir='ltr'><strong><em>λαϊκόν</em></strong></span> <span class='ocrx_word' id='word_1_61' title='bbox 768 622 931 674; x_wconf 73' lang='grc' dir='ltr'><strong><em>πλῆθος</em></strong></span> <span class='ocrx_word' id='word_1_62' title='bbox 960 617 1033 661; x_wconf 80' lang='grc' dir='ltr'><strong>τὸν</strong></span> <span class='ocrx_word' id='word_1_63' title='bbox 1062 618 1153 662; x_wconf 72' lang='grc' dir='ltr'><strong><em>νέον</em></strong></span> <span class='ocrx_word' id='word_1_64' title='bbox 1172 618 1344 672; x_wconf 75' lang='grc' dir='ltr'><strong><em>ποιμένα</em></strong></span> <span class='ocrx_word' id='word_1_65' title='bbox 1363 621 1429 661; x_wconf 80' lang='grc' dir='ltr'><strong>καὶ</strong></span> <span class='ocrx_word' id='word_1_66' title='bbox 1447 621 1538 663; x_wconf 95' lang='grc' dir='ltr'><strong><em>λίαν</em></strong></span> <span class='ocrx_word' id='word_1_67' title='bbox 1556 619 1663 663; x_wconf 82' lang='grc' dir='ltr'><strong><em>ἀπο-</em></strong></span> 
     </span>
     <span class='ocr_line' id='line_1_8' title="bbox 191 684 1780 743; baseline 0.001 -13"><span class='ocrx_word' id='word_1_68' title='bbox 191 685 534 743; x_wconf 73' lang='grc' dir='ltr'><strong><em>προσποιούμενοι</em></strong></span> <span class='ocrx_word' id='word_1_69' title='bbox 556 686 723 742; x_wconf 75' lang='grc' dir='ltr'><strong><em>ἐζήτουν</em></strong></span> <span class='ocrx_word' id='word_1_70' title='bbox 744 686 816 730; x_wconf 78' lang='grc' dir='ltr'><strong>τὸν</strong></span> <span class='ocrx_word' id='word_1_71' title='bbox 842 684 1018 743; x_wconf 79' lang='grc' dir='ltr'><strong><em>γνήσιον.</em></strong></span> <span class='ocrx_word' id='word_1_72' title='bbox 1089 686 1198 731; x_wconf 72' lang='grc' dir='ltr'><strong><em>οὕτω</em></strong></span> <span class='ocrx_word' id='word_1_73' title='bbox 1224 691 1322 743; x_wconf 77' lang='grc' dir='ltr'><strong><em>γοῦν</em></strong></span> <span class='ocrx_word' id='word_1_74' title='bbox 1351 688 1658 743; x_wconf 75' lang='grc' dir='ltr'><strong><em>τεταραγμένων</em></strong></span> <span class='ocrx_word' id='word_1_75' title='bbox 1682 706 1712 741; x_wconf 82' lang='lat' dir='ltr'><strong>p</strong></span> <span class='ocrx_word' id='word_1_76' title='bbox 1734 706 1780 743; x_wconf 79' lang='lat'><strong>77</strong></span> 
     </span>
     <span class='ocr_line' id='line_1_9' title="bbox 190 753 1662 813; baseline 0 -13"><span class='ocrx_word' id='word_1_77' title='bbox 190 762 274 800; x_wconf 78' lang='grc' dir='ltr'><strong>τῶν</strong></span> <span class='ocrx_word' id='word_1_78' title='bbox 299 755 575 813; x_wconf 79' lang='grc' dir='ltr'><strong><em>πραγμάτων,</em></strong></span> <span class='ocrx_word' id='word_1_79' title='bbox 612 758 694 799; x_wconf 75' lang='grc' dir='ltr'><strong><em>ἐπεὶ</em></strong></span> <span class='ocrx_word' id='word_1_80' title='bbox 725 757 794 798; x_wconf 84' lang='grc' dir='ltr'><strong>καὶ</strong></span> <span class='ocrx_word' id='word_1_81' title='bbox 820 755 894 799; x_wconf 81' lang='grc' dir='ltr'><strong>τὸν</strong></span> <span class='ocrx_word' id='word_1_82' title='bbox 923 760 1156 813; x_wconf 79' lang='grc' dir='ltr'><strong><em>κρατοῦντα</em></strong></span> <span class='ocrx_word' id='word_1_83' title='bbox 1177 753 1386 811; x_wconf 63' lang='grc' dir='ltr'><strong><em>ἐμάνθανε</em></strong></span> <span class='ocrx_word' id='word_1_84' title='bbox 1405 755 1543 812; x_wconf 78' lang='grc' dir='ltr'><strong><em>μάχην</em></strong></span> <span class='ocrx_word' id='word_1_85' title='bbox 1561 758 1662 812; x_wconf 85' lang='grc' dir='ltr'><strong><em>με’λ-</em></strong></span> 
     </span>
     <span class='ocr_line' id='line_1_10' title="bbox 191 824 1661 883; baseline -0.001 -14"><span class='ocrx_word' id='word_1_86' title='bbox 191 831 271 869; x_wconf 82' lang='grc' dir='ltr'><strong><em>λειν</em></strong></span> <span class='ocrx_word' id='word_1_87' title='bbox 293 834 526 883; x_wconf 81' lang='grc' dir='ltr'><strong><em>συγκροτεῖν</em></strong></span> <span class='ocrx_word' id='word_1_88' title='bbox 547 826 741 881; x_wconf 76' lang='grc' dir='ltr'><strong><em>μεγίστην</em></strong></span> <span class='ocrx_word' id='word_1_89' title='bbox 763 824 870 868; x_wconf 84' lang='grc' dir='ltr'><strong><em>κατὰ</em></strong></span> <span class='ocrx_word' id='word_1_90' title='bbox 889 826 1091 882; x_wconf 81' lang='grc' dir='ltr'><strong><em>φρουρίου</em></strong></span> <span class='ocrx_word' id='word_1_91' title='bbox 1111 829 1187 868; x_wconf 88' lang='grc' dir='ltr'><strong><em>τοῦ</em></strong></span> <span class='ocrx_word' id='word_1_92' title='bbox 1206 829 1248 868; x_wconf 92' lang='grc' dir='ltr'><strong>Γ</strong></span> <span class='ocrx_word' id='word_1_93' title='bbox 1245 829 1381 868; x_wconf 84' lang='grc' dir='ltr'><strong><em>αλατᾶ</em></strong></span> <span class='ocrx_word' id='word_1_94' title='bbox 1399 825 1513 869; x_wconf 75' lang='grc' dir='ltr'><strong>ὥσθ’</strong></span> <span class='ocrx_word' id='word_1_95' title='bbox 1539 825 1661 883; x_wconf 82' lang='grc' dir='ltr'><strong><em>αἱρή-</em></strong></span> 
     </span>
     <span class='ocr_line' id='line_1_11' title="bbox 135 891 1660 952; baseline 0.001 -15"><span class='ocrx_word' id='word_1_96' title='bbox 135 905 179 938; x_wconf 88' lang='lat'><strong>10</strong></span> <span class='ocrx_word' id='word_1_97' title='bbox 190 912 274 938; x_wconf 90' lang='grc' dir='ltr'><strong><em>σειν</em></strong></span> <span class='ocrx_word' id='word_1_98' title='bbox 303 895 378 938; x_wconf 76' lang='grc' dir='ltr'><strong><em>κᾶν</em></strong></span> <span class='ocrx_word' id='word_1_99' title='bbox 403 895 441 937; x_wconf 78' lang='grc' dir='ltr'><strong><em>εἷ’</em></strong></span> <span class='ocrx_word' id='word_1_100' title='bbox 457 912 494 937; x_wconf 92' lang='grc' dir='ltr'><strong><em>τι</em></strong></span> <span class='ocrx_word' id='word_1_101' title='bbox 513 896 580 937; x_wconf 84' lang='grc' dir='ltr'><strong>καὶ</strong></span> <span class='ocrx_word' id='word_1_102' title='bbox 607 891 739 937; x_wconf 75' lang='grc' dir='ltr'><strong><em>πάθοι</em></strong></span> <span class='ocrx_word' id='word_1_103' title='bbox 764 893 939 952; x_wconf 70' lang='grc' dir='ltr'><strong><em>(ἐκεῖθεν</em></strong></span> <span class='ocrx_word' id='word_1_104' title='bbox 959 894 1039 952; x_wconf 83' lang='grc' dir='ltr'><strong>γὰρ</strong></span> <span class='ocrx_word' id='word_1_105' title='bbox 1059 897 1127 937; x_wconf 84' lang='grc' dir='ltr'><strong>καὶ</strong></span> <span class='ocrx_word' id='word_1_106' title='bbox 1155 895 1230 950; x_wconf 88' lang='grc' dir='ltr'><strong>τὴν</strong></span> <span class='ocrx_word' id='word_1_107' title='bbox 1251 898 1327 950; x_wconf 81' lang='grc' dir='ltr'><strong><em>τῆς</em></strong></span> <span class='ocrx_word' id='word_1_108' title='bbox 1349 892 1660 951; x_wconf 84' lang='grc' dir='ltr'><strong><em>μεγαλοπόλεως</em></strong></span> 
     </span>
     <span class='ocr_line' id='line_1_12' title="bbox 146 962 1658 1020; baseline 0.001 -14"><span class='ocrx_word' id='word_1_109' title='bbox 146 972 152 976; x_wconf 66' lang='grc'><em>“</em></span> <span class='ocrx_word' id='word_1_110' title='bbox 187 964 348 1019; x_wconf 80' lang='grc' dir='ltr'><strong><em>ἤλπιζεν</em></strong></span> <span class='ocrx_word' id='word_1_111' title='bbox 370 962 567 1020; x_wconf 82' lang='grc' dir='ltr'><strong><em>ἅλωσιν),</em></strong></span> <span class='ocrx_word' id='word_1_112' title='bbox 602 962 737 1019; x_wconf 82' lang='grc' dir='ltr'><strong><em>ὀλίγον</em></strong></span> <span class='ocrx_word' id='word_1_113' title='bbox 769 963 876 1006; x_wconf 79' lang='grc' dir='ltr'><strong><em>κατὰ</em></strong></span> <span class='ocrx_word' id='word_1_114' title='bbox 892 965 1070 1006; x_wconf 84' lang='grc' dir='ltr'><strong><em>Νίκαιαν</em></strong></span> <span class='ocrx_word' id='word_1_115' title='bbox 1101 964 1332 1019; x_wconf 76' lang='grc' dir='ltr'><strong><em>διαμείνας,</em></strong></span> <span class='ocrx_word' id='word_1_116' title='bbox 1371 962 1559 1020; x_wconf 79' lang='grc' dir='ltr'><strong><em>ὁρμήσας</em></strong></span> <span class='ocrx_word' id='word_1_117' title='bbox 1580 965 1658 1007; x_wconf 83' lang='grc' dir='ltr'><strong>αὐ-</strong></span> 
     </span>
     <span class='ocr_line' id='line_1_13' title="bbox 186 1030 1655 1090; baseline 0.001 -15"><span class='ocrx_word' id='word_1_118' title='bbox 186 1034 278 1076; x_wconf 84' lang='grc' dir='ltr'><strong><em>τίκα</em></strong></span> <span class='ocrx_word' id='word_1_119' title='bbox 306 1035 373 1075; x_wconf 80' lang='grc' dir='ltr'><strong>καὶ</strong></span> <span class='ocrx_word' id='word_1_120' title='bbox 403 1032 508 1075; x_wconf 80' lang='grc' dir='ltr'><strong><em>κατὰ</em></strong></span> <span class='ocrx_word' id='word_1_121' title='bbox 538 1032 613 1087; x_wconf 83' lang='grc' dir='ltr'><strong>τὴν</strong></span> <span class='ocrx_word' id='word_1_122' title='bbox 643 1030 777 1087; x_wconf 81' lang='grc' dir='ltr'><strong><em>πύλην</em></strong></span> <span class='ocrx_word' id='word_1_123' title='bbox 804 1032 976 1088; x_wconf 79' lang='grc' dir='ltr'><strong><em>γεγονὼς</em></strong></span> <span class='ocrx_word' id='word_1_124' title='bbox 1005 1033 1078 1076; x_wconf 83' lang='grc' dir='ltr'><strong>τὸν</strong></span> <span class='ocrx_word' id='word_1_125' title='bbox 1105 1033 1316 1090; x_wconf 86' lang='grc' dir='ltr'><strong><em>κονιορτὸν</em></strong></span> <span class='ocrx_word' id='word_1_126' title='bbox 1346 1037 1428 1076; x_wconf 87' lang='grc' dir='ltr'><strong>τῶν</strong></span> <span class='ocrx_word' id='word_1_127' title='bbox 1461 1038 1655 1087; x_wconf 79' lang='grc' dir='ltr'><strong><em>βλαυτῶν</em></strong></span> 
     </span>
     <span class='ocr_line' id='line_1_14' title="bbox 186 1089 1656 1160; baseline 0 -15"><span class='ocrx_word' id='word_1_128' title='bbox 186 1100 532 1156; x_wconf 81' lang='grc' dir='ltr'><strong><em>ἀποτιναξάμενος</em></strong></span> <span class='ocrx_word' id='word_1_129' title='bbox 553 1099 609 1151; x_wconf 83' lang='grc' dir='ltr'><strong>ὥς</strong></span> <span class='ocrx_word' id='word_1_130' title='bbox 630 1103 685 1151; x_wconf 80' lang='grc' dir='ltr'><strong>εἷς</strong></span> <span class='ocrx_word' id='word_1_131' title='bbox 706 1099 933 1158; x_wconf 80' lang='grc' dir='ltr'><strong><em>μαρτύριον</em></strong></span> <span class='ocrx_word' id='word_1_132' title='bbox 958 1104 1088 1157; x_wconf 73' lang='grc' dir='ltr'><strong><em>δῆθεν</em></strong></span> <span class='ocrx_word' id='word_1_133' title='bbox 1109 1100 1211 1160; x_wconf 74' lang='grc' dir='ltr'><strong><em>ἐξῄει</em></strong></span> <span class='ocrx_word' id='word_1_134' title='bbox 1223 1135 1237 1155; x_wconf 93' lang='grc'><strong><em>,</em></strong></span> <span class='ocrx_word' id='word_1_135' title='bbox 1275 1103 1342 1145; x_wconf 82' lang='grc' dir='ltr'><strong>καὶ</strong></span> <span class='ocrx_word' id='word_1_136' title='bbox 1363 1101 1432 1145; x_wconf 78' lang='grc' dir='ltr'><strong>διὰ</strong></span> <span class='ocrx_word' id='word_1_137' title='bbox 1454 1089 1530 1146; x_wconf 66' lang='grc' dir='ltr'><strong><em>τοῖὶ</em></strong></span> <span class='ocrx_word' id='word_1_138' title='bbox 1547 1103 1656 1145; x_wconf 79' lang='grc' dir='ltr'><strong><em>κατὰ</em></strong></span> 
     </span>
     <span class='ocr_line' id='line_1_15' title="bbox 184 1168 1706 1228; baseline 0.001 -14"><span class='ocrx_word' id='word_1_139' title='bbox 184 1171 258 1226; x_wconf 83' lang='grc' dir='ltr'><strong>τὴν</strong></span> <span class='ocrx_word' id='word_1_140' title='bbox 283 1169 537 1214; x_wconf 86' lang='grc' dir='ltr'><strong><em>Ἑλενόπολιν</em></strong></span> <span class='ocrx_word' id='word_1_141' title='bbox 573 1174 647 1224; x_wconf 83' lang='grc' dir='ltr'><strong><em>τῆς</em></strong></span> <span class='ocrx_word' id='word_1_142' title='bbox 676 1168 898 1225; x_wconf 73' lang='grc' dir='ltr'><strong><em>θαλάσσης</em></strong></span> <span class='ocrx_word' id='word_1_143' title='bbox 920 1175 1118 1227; x_wconf 76' lang='grc' dir='ltr'><strong><em>πορθμοῦ</em></strong></span> <span class='ocrx_word' id='word_1_144' title='bbox 1145 1171 1250 1228; x_wconf 80' lang='grc' dir='ltr'><strong><em>πρὸς</em></strong></span> <span class='ocrx_word' id='word_1_145' title='bbox 1276 1172 1424 1214; x_wconf 73' lang='grc' dir='ltr'><strong><em>ἐκεῖνον</em></strong></span> <span class='ocrx_word' id='word_1_146' title='bbox 1453 1171 1655 1228; x_wconf 77' lang='grc' dir='ltr'><strong><em>ἠπείγετο,</em></strong></span> <span class='ocrx_word' id='word_1_147' title='bbox 1677 1184 1706 1218; x_wconf 89' lang='grc' dir='ltr'>Β</span> 
     </span>
     <span class='ocr_line' id='line_1_16' title="bbox 130 1238 1652 1301; baseline 0.003 -21"><span class='ocrx_word' id='word_1_148' title='bbox 130 1247 172 1280; x_wconf 86' lang='grc'><strong>15</strong></span> <span class='ocrx_word' id='word_1_149' title='bbox 185 1238 273 1293; x_wconf 79' lang='grc' dir='ltr'><strong>ἅμα</strong></span> <span class='ocrx_word' id='word_1_150' title='bbox 299 1241 374 1294; x_wconf 74' lang='grc' dir='ltr'><strong><em>μὲν</em></strong></span> <span class='ocrx_word' id='word_1_151' title='bbox 408 1240 672 1294; x_wconf 76' lang='grc' dir='ltr'><strong><em>ἔνασμενίζων</em></strong></span> <span class='ocrx_word' id='word_1_152' title='bbox 703 1240 857 1282; x_wconf 74' lang='grc' dir='ltr'><strong><em>ἐκεῖθεν</em></strong></span> <span class='ocrx_word' id='word_1_153' title='bbox 881 1244 932 1296; x_wconf 82' lang='grc' dir='ltr'><strong><em>τῇ</em></strong></span> <span class='ocrx_word' id='word_1_154' title='bbox 968 1241 1011 1282; x_wconf 79' lang='grc' dir='ltr'><strong>ἔκ</strong></span> <span class='ocrx_word' id='word_1_155' title='bbox 1029 1240 1232 1293; x_wconf 81' lang='grc' dir='ltr'><strong><em>βασιλέως</em></strong></span> <span class='ocrx_word' id='word_1_156' title='bbox 1249 1241 1499 1301; x_wconf 71' lang='grc' dir='ltr'><strong><em>παραμυθίᾳ</em></strong></span> <span class='ocrx_word' id='word_1_157' title='bbox 1513 1274 1526 1293; x_wconf 92' lang='grc'><strong><em>,</em></strong></span> <span class='ocrx_word' id='word_1_158' title='bbox 1564 1239 1652 1295; x_wconf 82' lang='grc' dir='ltr'><strong>ἅμα</strong></span> 
     </span>
     <span class='ocr_line' id='line_1_17' title="bbox 184 1306 1651 1365; baseline 0.001 -14"><span class='ocrx_word' id='word_1_159' title='bbox 184 1310 228 1352; x_wconf 76' lang='grc' dir='ltr'><strong>δὲ</strong></span> <span class='ocrx_word' id='word_1_160' title='bbox 248 1311 315 1352; x_wconf 79' lang='grc' dir='ltr'><strong>καὶ</strong></span> <span class='ocrx_word' id='word_1_161' title='bbox 332 1306 490 1365; x_wconf 81' lang='grc' dir='ltr'><strong><em>μεγάλα</em></strong></span> <span class='ocrx_word' id='word_1_162' title='bbox 515 1308 675 1364; x_wconf 77' lang='grc' dir='ltr'><strong><em>ἤλπιζε,</em></strong></span> <span class='ocrx_word' id='word_1_163' title='bbox 713 1308 1065 1365; x_wconf 77' lang='grc' dir='ltr'><strong><em>συγκροτουμένην</em></strong></span> <span class='ocrx_word' id='word_1_164' title='bbox 1093 1307 1230 1365; x_wconf 83' lang='grc' dir='ltr'><strong><em>μάχην</em></strong></span> <span class='ocrx_word' id='word_1_165' title='bbox 1254 1310 1418 1364; x_wconf 78' lang='grc' dir='ltr'><strong><em>βλέπων</em></strong></span> <span class='ocrx_word' id='word_1_166' title='bbox 1450 1309 1556 1352; x_wconf 79' lang='grc' dir='ltr'><strong><em>κατὰ</em></strong></span> <span class='ocrx_word' id='word_1_167' title='bbox 1577 1314 1651 1365; x_wconf 85' lang='grc' dir='ltr'><strong><em>τῆς</em></strong></span> 
     </span>
     <span class='ocr_line' id='line_1_18' title="bbox 182 1375 1650 1434; baseline 0 -14"><span class='ocrx_word' id='word_1_168' title='bbox 182 1375 360 1431; x_wconf 84' lang='grc' dir='ltr'><strong><em>πόλεως,</em></strong></span> <span class='ocrx_word' id='word_1_169' title='bbox 399 1376 453 1427; x_wconf 82' lang='grc' dir='ltr'><strong>ὥς</strong></span> <span class='ocrx_word' id='word_1_170' title='bbox 474 1375 654 1432; x_wconf 78' lang='grc' dir='ltr'><strong><em>ἁλούσης</em></strong></span> <span class='ocrx_word' id='word_1_171' title='bbox 676 1377 823 1419; x_wconf 79' lang='grc' dir='ltr'><strong><em>αὐτίκα</em></strong></span> <span class='ocrx_word' id='word_1_172' title='bbox 842 1382 916 1432; x_wconf 85' lang='grc' dir='ltr'><strong><em>τῆς</em></strong></span> <span class='ocrx_word' id='word_1_173' title='bbox 939 1378 1151 1433; x_wconf 75' lang='grc' dir='ltr'><strong><em>ἐκκλησίας</em></strong></span> <span class='ocrx_word' id='word_1_174' title='bbox 1172 1375 1478 1434; x_wconf 74' lang='grc' dir='ltr'><strong><em>ἔπιβησόμενος,</em></strong></span> <span class='ocrx_word' id='word_1_175' title='bbox 1514 1377 1650 1421; x_wconf 75' lang='grc' dir='ltr'><strong><em>ἀπαλ-</em></strong></span> 
     </span>
     <span class='ocr_line' id='line_1_19' title="bbox 181 1445 1648 1505; baseline 0.001 -17"><span class='ocrx_word' id='word_1_176' title='bbox 181 1449 316 1502; x_wconf 82' lang='grc' dir='ltr'><strong><em>λαγεὶς</em></strong></span> <span class='ocrx_word' id='word_1_177' title='bbox 333 1448 510 1495; x_wconf 84' lang='grc' dir='ltr'><strong><em>Νικαίας</em></strong></span> <span class='ocrx_word' id='word_1_178' title='bbox 529 1447 596 1488; x_wconf 77' lang='grc' dir='ltr'><strong><em>καὶ</em></strong></span> <span class='ocrx_word' id='word_1_179' title='bbox 614 1450 696 1488; x_wconf 86' lang='grc' dir='ltr'><strong>τῶν</strong></span> <span class='ocrx_word' id='word_1_180' title='bbox 720 1447 813 1492; x_wconf 70' lang='grc' dir='ltr'><strong><em>ἐκεῖ.</em></strong></span> <span class='ocrx_word' id='word_1_181' title='bbox 872 1447 913 1488; x_wconf 76' lang='grc' dir='ltr'><strong><em>ἐν</em></strong></span> <span class='ocrx_word' id='word_1_182' title='bbox 933 1445 1017 1505; x_wconf 81' lang='grc' dir='ltr'><strong>ὅσῳ</strong></span> <span class='ocrx_word' id='word_1_183' title='bbox 1035 1448 1080 1489; x_wconf 74' lang='grc' dir='ltr'><strong>δὲ</strong></span> <span class='ocrx_word' id='word_1_184' title='bbox 1099 1447 1172 1502; x_wconf 79' lang='grc' dir='ltr'><strong>τὴν</strong></span> <span class='ocrx_word' id='word_1_185' title='bbox 1192 1447 1346 1502; x_wconf 72' lang='grc' dir='ltr'><strong><em>μεταξὺ</em></strong></span> <span class='ocrx_word' id='word_1_186' title='bbox 1368 1448 1535 1504; x_wconf 85' lang='grc' dir='ltr'><strong><em>πορείαν</em></strong></span> <span class='ocrx_word' id='word_1_187' title='bbox 1557 1445 1648 1503; x_wconf 80' lang='grc' dir='ltr'><strong><em>διή-</em></strong></span> 
     </span>
     <span class='ocr_line' id='line_1_20' title="bbox 179 1510 1696 1574; baseline 0 -16"><span class='ocrx_word' id='word_1_188' title='bbox 179 1533 273 1558; x_wconf 87' lang='grc' dir='ltr'><strong><em>νυεν</em></strong></span> <span class='ocrx_word' id='word_1_189' title='bbox 284 1549 297 1568; x_wconf 93' lang='grc'><strong><em>,</em></strong></span> <span class='ocrx_word' id='word_1_190' title='bbox 336 1517 378 1558; x_wconf 74' lang='grc' dir='ltr'><strong><em>ἓν</em></strong></span> <span class='ocrx_word' id='word_1_191' title='bbox 396 1519 447 1572; x_wconf 85' lang='grc' dir='ltr'><strong><em>τῇ</em></strong></span> <span class='ocrx_word' id='word_1_192' title='bbox 466 1516 681 1574; x_wconf 72' lang='grc' dir='ltr'><strong><em>Σηλυβρίᾳ</em></strong></span> <span class='ocrx_word' id='word_1_193' title='bbox 701 1516 768 1557; x_wconf 85' lang='grc' dir='ltr'><strong>καὶ</strong></span> <span class='ocrx_word' id='word_1_194' title='bbox 786 1514 842 1557; x_wconf 64' lang='grc' dir='ltr'><strong><em>ἔτι</em></strong></span> <span class='ocrx_word' id='word_1_195' title='bbox 863 1510 913 1571; x_wconf 81' lang='grc' dir='ltr'><strong><em>ἦν</em></strong></span> <span class='ocrx_word' id='word_1_196' title='bbox 937 1513 958 1558; x_wconf 83' lang='grc' dir='ltr'><strong>ὅ</strong></span> <span class='ocrx_word' id='word_1_197' title='bbox 978 1520 1167 1572; x_wconf 83' lang='grc' dir='ltr'><strong><em>κρατῶν,</em></strong></span> <span class='ocrx_word' id='word_1_198' title='bbox 1204 1514 1270 1559; x_wconf 77' lang='grc' dir='ltr'><strong>ὅτε</strong></span> <span class='ocrx_word' id='word_1_199' title='bbox 1291 1515 1442 1571; x_wconf 71' lang='grc' dir='ltr'><strong><em>συνέβη</em></strong></span> <span class='ocrx_word' id='word_1_200' title='bbox 1465 1518 1532 1559; x_wconf 83' lang='grc' dir='ltr'><strong>καὶ</strong></span> <span class='ocrx_word' id='word_1_201' title='bbox 1549 1515 1640 1558; x_wconf 85' lang='grc' dir='ltr'><strong><em>Ἀν-</em></strong></span> <span class='ocrx_word' id='word_1_202' title='bbox 1664 1534 1696 1569; x_wconf 76' lang='lat' dir='ltr'>c</span> 
     </span>
     <span class='ocr_line' id='line_1_21' title="bbox 123 1581 1646 1642; baseline 0.001 -15"><span class='ocrx_word' id='word_1_203' title='bbox 123 1582 368 1640; x_wconf 68' lang='grc' dir='ltr'><strong><em>Ξθδρόνικον</em></strong></span> <span class='ocrx_word' id='word_1_204' title='bbox 396 1584 468 1627; x_wconf 84' lang='grc' dir='ltr'><strong>τὸν</strong></span> <span class='ocrx_word' id='word_1_205' title='bbox 507 1581 698 1641; x_wconf 74' lang='grc' dir='ltr'><strong><em>Σάρδεων</em></strong></span> <span class='ocrx_word' id='word_1_206' title='bbox 730 1584 853 1627; x_wconf 77' lang='grc' dir='ltr'><strong><em>ἐκεῖσε</em></strong></span> <span class='ocrx_word' id='word_1_207' title='bbox 872 1592 1070 1641; x_wconf 84' lang='grc' dir='ltr'><strong><em>παρεῖναι.</em></strong></span> <span class='ocrx_word' id='word_1_208' title='bbox 1142 1587 1257 1628; x_wconf 75' lang='grc' dir='ltr'><strong><em>δυοῖν</em></strong></span> <span class='ocrx_word' id='word_1_209' title='bbox 1283 1585 1361 1642; x_wconf 80' lang='grc' dir='ltr'><strong>γὰρ</strong></span> <span class='ocrx_word' id='word_1_210' title='bbox 1382 1585 1646 1640; x_wconf 72' lang='grc' dir='ltr'><strong><em>σχιζομένων,</em></strong></span> 
     </span>
     <span class='ocr_line' id='line_1_22' title="bbox 179 1651 1644 1710; baseline 0.001 -13"><span class='ocrx_word' id='word_1_211' title='bbox 179 1653 308 1697; x_wconf 79' lang='grc' dir='ltr'><strong><em>αὐτοῦ</em></strong></span> <span class='ocrx_word' id='word_1_212' title='bbox 330 1670 374 1697; x_wconf 85' lang='grc' dir='ltr'><strong>τε</strong></span> <span class='ocrx_word' id='word_1_213' title='bbox 407 1654 475 1696; x_wconf 82' lang='grc' dir='ltr'><strong>καὶ</strong></span> <span class='ocrx_word' id='word_1_214' title='bbox 501 1657 576 1696; x_wconf 81' lang='grc' dir='ltr'><strong><em>τοῦ</em></strong></span> <span class='ocrx_word' id='word_1_215' title='bbox 610 1653 915 1710; x_wconf 81' lang='grc' dir='ltr'><strong><em>Θεσσαλονίκης</em></strong></span> <span class='ocrx_word' id='word_1_216' title='bbox 945 1651 1178 1710; x_wconf 52' lang='lat' dir='ltr'><strong>Mummii,</strong></span> <span class='ocrx_word' id='word_1_217' title='bbox 1219 1655 1367 1705; x_wconf 76' lang='grc' dir='ltr'><strong><em>ἐκεῖνος</em></strong></span> <span class='ocrx_word' id='word_1_218' title='bbox 1392 1654 1467 1710; x_wconf 73' lang='grc' dir='ltr'><strong><em>μὲν</em></strong></span> <span class='ocrx_word' id='word_1_219' title='bbox 1497 1652 1644 1698; x_wconf 72' lang='grc' dir='ltr'><strong><em>ἑαυτὸν</em></strong></span> 
     </span>
    </p>
   </div>
   <div class='ocr_carea' id='block_1_3' title="bbox 154 1797 1640 2862">
    <p class='ocr_par' dir='ltr' id='par_1_3' title="bbox 154 1797 1640 2862">
     <span class='ocr_line' id='line_1_23' title="bbox 174 1797 1640 1846; baseline 0.002 -15"><span class='ocrx_word' id='word_1_220' title='bbox 174 1808 258 1843; x_wconf 86' lang='lat' dir='ltr'><strong>gere</strong></span> <span class='ocrx_word' id='word_1_221' title='bbox 288 1798 468 1842; x_wconf 87' lang='lat' dir='ltr'><strong>tentabat,</strong></span> <span class='ocrx_word' id='word_1_222' title='bbox 498 1797 671 1845; x_wconf 84' lang='lat' dir='ltr'><strong>multaque</strong></span> <span class='ocrx_word' id='word_1_223' title='bbox 702 1801 780 1833; x_wconf 87' lang='lat' dir='ltr'><strong>erat</strong></span> <span class='ocrx_word' id='word_1_224' title='bbox 812 1801 1027 1845; x_wconf 76' lang='lat' dir='ltr'><strong>perturbatio</strong></span> <span class='ocrx_word' id='word_1_225' title='bbox 1040 1827 1054 1846; x_wconf 83' lang='lat'><em>‚</em></span> <span class='ocrx_word' id='word_1_226' title='bbox 1086 1813 1127 1836; x_wconf 85' lang='lat' dir='ltr'><strong>ac</strong></span> <span class='ocrx_word' id='word_1_227' title='bbox 1155 1811 1311 1846; x_wconf 80' lang='lat' dir='ltr'><strong>magnum</strong></span> <span class='ocrx_word' id='word_1_228' title='bbox 1344 1799 1388 1835; x_wconf 86' lang='lat' dir='ltr'><strong>de</strong></span> <span class='ocrx_word' id='word_1_229' title='bbox 1408 1799 1483 1846; x_wconf 91' lang='lat' dir='ltr'><strong>ipso</strong></span> <span class='ocrx_word' id='word_1_230' title='bbox 1506 1799 1640 1846; x_wconf 85' lang='lat' dir='ltr'><strong>publice</strong></span> 
     </span>
     <span class='ocr_line' id='line_1_24' title="bbox 172 1844 1638 1893; baseline 0.002 -15"><span class='ocrx_word' id='word_1_231' title='bbox 172 1844 367 1878; x_wconf 86' lang='lat' dir='ltr'><strong>scandalum</strong></span> <span class='ocrx_word' id='word_1_232' title='bbox 391 1850 501 1879; x_wconf 86' lang='lat' dir='ltr'><strong>ortum</strong></span> <span class='ocrx_word' id='word_1_233' title='bbox 525 1848 588 1879; x_wconf 81' lang='lat' dir='ltr'><strong>est.</strong></span> <span class='ocrx_word' id='word_1_234' title='bbox 637 1856 753 1881; x_wconf 82' lang='lat' dir='ltr'><strong>verum</strong></span> <span class='ocrx_word' id='word_1_235' title='bbox 777 1846 835 1881; x_wconf 85' lang='lat' dir='ltr'><strong>alii</strong></span> <span class='ocrx_word' id='word_1_236' title='bbox 858 1848 932 1882; x_wconf 79' lang='lat' dir='ltr'><strong>fere</strong></span> <span class='ocrx_word' id='word_1_237' title='bbox 956 1849 1130 1893; x_wconf 73' lang='lat' dir='ltr'><strong>praesules</strong></span> <span class='ocrx_word' id='word_1_238' title='bbox 1153 1848 1374 1883; x_wconf 86' lang='lat' dir='ltr'><strong>ecclesiarum</strong></span> <span class='ocrx_word' id='word_1_239' title='bbox 1395 1847 1468 1881; x_wconf 87' lang='lat' dir='ltr'><strong>eius</strong></span> <span class='ocrx_word' id='word_1_240' title='bbox 1491 1858 1638 1881; x_wconf 88' lang='lat' dir='ltr'><strong>commu-</strong></span> 
     </span>
     <span class='ocr_line' id='line_1_25' title="bbox 172 1890 1637 1940; baseline 0.002 -16"><span class='ocrx_word' id='word_1_241' title='bbox 172 1890 303 1924; x_wconf 89' lang='lat' dir='ltr'><strong>nionem</strong></span> <span class='ocrx_word' id='word_1_242' title='bbox 341 1890 632 1936; x_wconf 84' lang='lat' dir='ltr'>amplectebantur</span> <span class='ocrx_word' id='word_1_243' title='bbox 647 1918 658 1935; x_wconf 94' lang='lat'><strong>‚</strong></span> <span class='ocrx_word' id='word_1_244' title='bbox 691 1891 754 1926; x_wconf 87' lang='lat' dir='ltr'><strong>sed</strong></span> <span class='ocrx_word' id='word_1_245' title='bbox 785 1893 911 1939; x_wconf 86' lang='lat' dir='ltr'><strong>partim</strong></span> <span class='ocrx_word' id='word_1_246' title='bbox 945 1895 1100 1930; x_wconf 88' lang='lat' dir='ltr'><strong>volentes</strong></span> <span class='ocrx_word' id='word_1_247' title='bbox 1128 1893 1254 1940; x_wconf 88' lang='lat' dir='ltr'><strong>partim</strong></span> <span class='ocrx_word' id='word_1_248' title='bbox 1283 1893 1383 1928; x_wconf 87' lang='lat' dir='ltr'><strong>inviti</strong></span> <span class='ocrx_word' id='word_1_249' title='bbox 1399 1919 1410 1937; x_wconf 93' lang='lat'>,</span> <span class='ocrx_word' id='word_1_250' title='bbox 1442 1892 1561 1938; x_wconf 85' lang='lat' dir='ltr'><strong>paucis</strong></span> <span class='ocrx_word' id='word_1_251' title='bbox 1595 1904 1637 1927; x_wconf 81' lang='lat' dir='ltr'><strong>ex</strong></span> 
     </span>
     <span class='ocr_line' id='line_1_26' title="bbox 171 1937 1637 1986; baseline 0.002 -16"><span class='ocrx_word' id='word_1_252' title='bbox 171 1937 275 1971; x_wconf 81' lang='lat' dir='ltr'><strong>animi</strong></span> <span class='ocrx_word' id='word_1_253' title='bbox 296 1937 465 1971; x_wconf 84' lang='lat' dir='ltr'><strong>sententia</strong></span> <span class='ocrx_word' id='word_1_254' title='bbox 486 1937 520 1972; x_wconf 90' lang='lat' dir='ltr'><strong>in</strong></span> <span class='ocrx_word' id='word_1_255' title='bbox 552 1937 626 1972; x_wconf 89' lang='lat' dir='ltr'><strong>eius</strong></span> <span class='ocrx_word' id='word_1_256' title='bbox 660 1943 779 1983; x_wconf 85' lang='lat' dir='ltr'><strong>partes</strong></span> <span class='ocrx_word' id='word_1_257' title='bbox 808 1939 1058 1975; x_wconf 78' lang='lat' dir='ltr'><strong>inclinantibus.</strong></span> <span class='ocrx_word' id='word_1_258' title='bbox 1107 1951 1249 1986; x_wconf 85' lang='lat' dir='ltr'><strong>cumque</strong></span> <span class='ocrx_word' id='word_1_259' title='bbox 1278 1939 1335 1974; x_wconf 82' lang='lat' dir='ltr'><strong>isti</strong></span> <span class='ocrx_word' id='word_1_260' title='bbox 1358 1951 1482 1974; x_wconf 86' lang='lat' dir='ltr'><strong>arcano</strong></span> <span class='ocrx_word' id='word_1_261' title='bbox 1505 1938 1637 1973; x_wconf 85' lang='lat' dir='ltr'><strong>dissen—</strong></span> 
     </span>
     <span class='ocr_line' id='line_1_27' title="bbox 171 1983 1636 2032; baseline 0.002 -16"><span class='ocrx_word' id='word_1_262' title='bbox 171 1983 295 2017; x_wconf 79' lang='lat' dir='ltr'><strong>tientes</strong></span> <span class='ocrx_word' id='word_1_263' title='bbox 317 1983 452 2017; x_wconf 87' lang='lat' dir='ltr'><strong>occulta</strong></span> <span class='ocrx_word' id='word_1_264' title='bbox 473 1995 536 2018; x_wconf 88' lang='lat' dir='ltr'><strong>sua</strong></span> <span class='ocrx_word' id='word_1_265' title='bbox 567 1983 680 2019; x_wconf 85' lang='lat' dir='ltr'><strong>studia</strong></span> <span class='ocrx_word' id='word_1_266' title='bbox 703 1996 769 2019; x_wconf 87' lang='lat' dir='ltr'><strong>non</strong></span> <span class='ocrx_word' id='word_1_267' title='bbox 792 1986 894 2031; x_wconf 84' lang='lat' dir='ltr'><strong>plane</strong></span> <span class='ocrx_word' id='word_1_268' title='bbox 917 1986 1189 2030; x_wconf 78' lang='lat' dir='ltr'><strong>dissimularent,</strong></span> <span class='ocrx_word' id='word_1_269' title='bbox 1219 1986 1330 2032; x_wconf 85' lang='lat' dir='ltr'><strong>palam</strong></span> <span class='ocrx_word' id='word_1_270' title='bbox 1353 1985 1554 2020; x_wconf 71' lang='lat' dir='ltr'><strong>dissidentes</strong></span> <span class='ocrx_word' id='word_1_271' title='bbox 1577 1996 1636 2019; x_wconf 85' lang='lat' dir='ltr'><strong>eos</strong></span> 
     </span>
     <span class='ocr_line' id='line_1_28' title="bbox 169 2029 1635 2078; baseline 0.002 -15"><span class='ocrx_word' id='word_1_272' title='bbox 169 2040 256 2075; x_wconf 85' lang='lat' dir='ltr'><strong>qnos</strong></span> <span class='ocrx_word' id='word_1_273' title='bbox 285 2029 357 2064; x_wconf 86' lang='lat' dir='ltr'><strong>dixi</strong></span> <span class='ocrx_word' id='word_1_274' title='bbox 379 2030 562 2065; x_wconf 79' lang='lat' dir='ltr'><strong>observata</strong></span> <span class='ocrx_word' id='word_1_275' title='bbox 584 2030 654 2064; x_wconf 86' lang='lat' dir='ltr'><strong>ista</strong></span> <span class='ocrx_word' id='word_1_276' title='bbox 687 2031 858 2066; x_wconf 85' lang='lat' dir='ltr'><strong>fautorum</strong></span> <span class='ocrx_word' id='word_1_277' title='bbox 880 2032 1070 2078; x_wconf 85' lang='lat' dir='ltr'><strong>Nicephoti</strong></span> <span class='ocrx_word' id='word_1_278' title='bbox 1105 2033 1264 2068; x_wconf 81' lang='lat' dir='ltr'><strong>titubatio</strong></span> <span class='ocrx_word' id='word_1_279' title='bbox 1287 2033 1321 2066; x_wconf 85' lang='lat' dir='ltr'><strong>in</strong></span> <span class='ocrx_word' id='word_1_280' title='bbox 1345 2037 1487 2077; x_wconf 82' lang='lat' dir='ltr'><strong>coeptae</strong></span> <span class='ocrx_word' id='word_1_281' title='bbox 1511 2031 1635 2066; x_wconf 87' lang='lat' dir='ltr'><strong>discis-</strong></span> 
     </span>
     <span class='ocr_line' id='line_1_29' title="bbox 168 2075 1632 2124; baseline 0.002 -14"><span class='ocrx_word' id='word_1_282' title='bbox 168 2075 275 2110; x_wconf 82' lang='lat' dir='ltr'><strong>sionis</strong></span> <span class='ocrx_word' id='word_1_283' title='bbox 306 2075 496 2121; x_wconf 79' lang='lat' dir='ltr'><strong>pertinacia</strong></span> <span class='ocrx_word' id='word_1_284' title='bbox 529 2076 699 2111; x_wconf 83' lang='lat' dir='ltr'><strong>firmabat.</strong></span> <span class='ocrx_word' id='word_1_285' title='bbox 747 2081 784 2112; x_wconf 89' lang='lat' dir='ltr'><strong>at</strong></span> <span class='ocrx_word' id='word_1_286' title='bbox 816 2078 938 2113; x_wconf 87' lang='lat' dir='ltr'><strong>laicum</strong></span> <span class='ocrx_word' id='word_1_287' title='bbox 970 2079 1093 2124; x_wconf 86' lang='lat' dir='ltr'><strong>vulgus</strong></span> <span class='ocrx_word' id='word_1_288' title='bbox 1122 2079 1339 2114; x_wconf 82' lang='lat' dir='ltr'><strong>vehementer</strong></span> <span class='ocrx_word' id='word_1_289' title='bbox 1371 2077 1579 2113; x_wconf 86' lang='lat' dir='ltr'><strong>abhorrebat</strong></span> <span class='ocrx_word' id='word_1_290' title='bbox 1610 2089 1632 2113; x_wconf 84' lang='lat' dir='ltr'><strong>a</strong></span> 
     </span>
     <span class='ocr_line' id='line_1_30' title="bbox 168 2123 1631 2171; baseline 0.002 -17"><span class='ocrx_word' id='word_1_291' title='bbox 168 2133 256 2155; x_wconf 87' lang='lat' dir='ltr'><strong>novo</strong></span> <span class='ocrx_word' id='word_1_292' title='bbox 289 2126 450 2166; x_wconf 86' lang='lat' dir='ltr'><strong>pastore,</strong></span> <span class='ocrx_word' id='word_1_293' title='bbox 482 2129 702 2168; x_wconf 84' lang='lat' dir='ltr'><strong>veteremque</strong></span> <span class='ocrx_word' id='word_1_294' title='bbox 735 2128 774 2158; x_wconf 89' lang='lat' dir='ltr'><strong>ut</strong></span> <span class='ocrx_word' id='word_1_295' title='bbox 808 2124 994 2169; x_wconf 84' lang='lat' dir='ltr'><strong>legitimum</strong></span> <span class='ocrx_word' id='word_1_296' title='bbox 1016 2125 1225 2171; x_wconf 85' lang='lat' dir='ltr'><strong>requirebat.</strong></span> <span class='ocrx_word' id='word_1_297' title='bbox 1272 2124 1321 2160; x_wconf 89' lang='lat' dir='ltr'><strong>sic</strong></span> <span class='ocrx_word' id='word_1_298' title='bbox 1344 2123 1494 2159; x_wconf 85' lang='lat' dir='ltr'><strong>turbatis</strong></span> <span class='ocrx_word' id='word_1_299' title='bbox 1516 2124 1631 2166; x_wconf 84' lang='lat' dir='ltr'><strong>rebus,</strong></span> 
     </span>
     <span class='ocr_line' id='line_1_31' title="bbox 167 2166 1630 2218; baseline 0.002 -18"><span class='ocrx_word' id='word_1_300' title='bbox 167 2166 383 2212; x_wconf 85' lang='lat' dir='ltr'><strong>Nicephorus</strong></span> <span class='ocrx_word' id='word_1_301' title='bbox 406 2168 547 2202; x_wconf 85' lang='lat' dir='ltr'><strong>audiens</strong></span> <span class='ocrx_word' id='word_1_302' title='bbox 569 2169 809 2214; x_wconf 82' lang='lat' dir='ltr'><strong>imperatorem</strong></span> <span class='ocrx_word' id='word_1_303' title='bbox 839 2183 961 2215; x_wconf 84' lang='lat' dir='ltr'><strong>magno</strong></span> <span class='ocrx_word' id='word_1_304' title='bbox 984 2172 1063 2206; x_wconf 88' lang='lat' dir='ltr'><strong>belli</strong></span> <span class='ocrx_word' id='word_1_305' title='bbox 1085 2174 1253 2218; x_wconf 84' lang='lat' dir='ltr'><strong>apparatu</strong></span> <span class='ocrx_word' id='word_1_306' title='bbox 1274 2171 1445 2205; x_wconf 83' lang='lat' dir='ltr'><strong>imminere</strong></span> <span class='ocrx_word' id='word_1_307' title='bbox 1468 2169 1630 2212; x_wconf 83' lang='lat' dir='ltr'><strong>Galatae,</strong></span> 
     </span>
     <span class='ocr_line' id='line_1_32' title="bbox 167 2213 1635 2264; baseline 0.002 -17"><span class='ocrx_word' id='word_1_308' title='bbox 167 2218 297 2247; x_wconf 90' lang='lat' dir='ltr'><strong>certum</strong></span> <span class='ocrx_word' id='word_1_309' title='bbox 318 2213 445 2259; x_wconf 80' lang='lat' dir='ltr'><strong>quovis</strong></span> <span class='ocrx_word' id='word_1_310' title='bbox 483 2215 632 2260; x_wconf 84' lang='lat' dir='ltr'><strong>periculo</strong></span> <span class='ocrx_word' id='word_1_311' title='bbox 665 2215 737 2251; x_wconf 88' lang='lat' dir='ltr'><strong>eius</strong></span> <span class='ocrx_word' id='word_1_312' title='bbox 771 2218 931 2262; x_wconf 79' lang='lat' dir='ltr'><strong>praesidii</strong></span> <span class='ocrx_word' id='word_1_313' title='bbox 967 2218 1094 2264; x_wconf 83' lang='lat' dir='ltr'><strong>potiri,</strong></span> <span class='ocrx_word' id='word_1_314' title='bbox 1124 2229 1331 2263; x_wconf 68' lang='lat' dir='ltr'><strong>sperareque</strong></span> <span class='ocrx_word' id='word_1_315' title='bbox 1365 2228 1403 2251; x_wconf 86' lang='lat' dir='ltr'><strong>se</strong></span> <span class='ocrx_word' id='word_1_316' title='bbox 1434 2227 1501 2250; x_wconf 90' lang='lat' dir='ltr'><strong>non</strong></span> <span class='ocrx_word' id='word_1_317' title='bbox 1523 2215 1635 2250; x_wconf 81' lang='lat' dir='ltr'><strong>solum</strong></span> 
     </span>
     <span class='ocr_line' id='line_1_33' title="bbox 168 2258 1631 2310; baseline 0.002 -18"><span class='ocrx_word' id='word_1_318' title='bbox 168 2258 242 2293; x_wconf 89' lang='lat' dir='ltr'><strong>eius</strong></span> <span class='ocrx_word' id='word_1_319' title='bbox 266 2259 341 2293; x_wconf 83' lang='lat' dir='ltr'><strong>voti</strong></span> <span class='ocrx_word' id='word_1_320' title='bbox 365 2267 553 2305; x_wconf 85' lang='lat' dir='ltr'><strong>compotem</strong></span> <span class='ocrx_word' id='word_1_321' title='bbox 576 2262 741 2304; x_wconf 81' lang='lat' dir='ltr'><strong>futurum,</strong></span> <span class='ocrx_word' id='word_1_322' title='bbox 763 2263 825 2297; x_wconf 86' lang='lat' dir='ltr'><strong>sed</strong></span> <span class='ocrx_word' id='word_1_323' title='bbox 846 2263 956 2309; x_wconf 85' lang='lat' dir='ltr'><strong>ipsam</strong></span> <span class='ocrx_word' id='word_1_324' title='bbox 979 2276 1114 2310; x_wconf 86' lang='lat' dir='ltr'><strong>quoque</strong></span> <span class='ocrx_word' id='word_1_325' title='bbox 1135 2275 1288 2308; x_wconf 83' lang='lat' dir='ltr'><strong>magnam</strong></span> <span class='ocrx_word' id='word_1_326' title='bbox 1311 2263 1428 2297; x_wconf 85' lang='lat' dir='ltr'><strong>urbem</strong></span> <span class='ocrx_word' id='word_1_327' title='bbox 1450 2267 1631 2308; x_wconf 88' lang='lat' dir='ltr'><strong>praeterea</strong></span> 
     </span>
     <span class='ocr_line' id='line_1_34' title="bbox 166 2306 1633 2355; baseline 0.002 -17"><span class='ocrx_word' id='word_1_328' title='bbox 166 2310 347 2350; x_wconf 85' lang='lat' dir='ltr'><strong>capturum</strong></span> <span class='ocrx_word' id='word_1_329' title='bbox 364 2331 375 2348; x_wconf 92' lang='lat'>‚</span> <span class='ocrx_word' id='word_1_330' title='bbox 399 2317 518 2351; x_wconf 82' lang='lat' dir='ltr'><strong>parum</strong></span> <span class='ocrx_word' id='word_1_331' title='bbox 537 2306 691 2342; x_wconf 81' lang='lat' dir='ltr'><strong>Nicaeae</strong></span> <span class='ocrx_word' id='word_1_332' title='bbox 711 2313 863 2343; x_wconf 87' lang='lat' dir='ltr'><strong>moratus</strong></span> <span class='ocrx_word' id='word_1_333' title='bbox 886 2311 1043 2345; x_wconf 76' lang='lat' dir='ltr'><strong>discessit</strong></span> <span class='ocrx_word' id='word_1_334' title='bbox 1063 2310 1162 2351; x_wconf 89' lang='lat' dir='ltr'><strong>inde,</strong></span> <span class='ocrx_word' id='word_1_335' title='bbox 1194 2313 1229 2344; x_wconf 85' lang='lat' dir='ltr'><strong>et</strong></span> <span class='ocrx_word' id='word_1_336' title='bbox 1256 2309 1300 2344; x_wconf 90' lang='lat' dir='ltr'><strong>ad</strong></span> <span class='ocrx_word' id='word_1_337' title='bbox 1322 2314 1456 2355; x_wconf 86' lang='lat' dir='ltr'><strong>portam</strong></span> <span class='ocrx_word' id='word_1_338' title='bbox 1479 2306 1633 2342; x_wconf 82' lang='lat' dir='ltr'><strong>civitatis</strong></span> 
     </span>
     <span class='ocr_line' id='line_1_35' title="bbox 165 2351 1628 2400; baseline 0.002 -15"><span class='ocrx_word' id='word_1_339' title='bbox 165 2363 307 2386; x_wconf 83' lang='lat' dir='ltr'><strong>excusso</strong></span> <span class='ocrx_word' id='word_1_340' title='bbox 339 2351 506 2386; x_wconf 86' lang='lat' dir='ltr'><strong>solearum</strong></span> <span class='ocrx_word' id='word_1_341' title='bbox 538 2353 698 2398; x_wconf 86' lang='lat' dir='ltr'><strong>pulvere,</strong></span> <span class='ocrx_word' id='word_1_342' title='bbox 731 2355 766 2389; x_wconf 86' lang='lat' dir='ltr'><strong>in</strong></span> <span class='ocrx_word' id='word_1_343' title='bbox 796 2354 1023 2391; x_wconf 83' lang='lat' dir='ltr'><strong>testimonium</strong></span> <span class='ocrx_word' id='word_1_344' title='bbox 1045 2357 1203 2398; x_wconf 88' lang='lat' dir='ltr'><strong>scilicet,</strong></span> <span class='ocrx_word' id='word_1_345' title='bbox 1235 2355 1353 2391; x_wconf 82' lang='lat' dir='ltr'><strong>exivit.</strong></span> <span class='ocrx_word' id='word_1_346' title='bbox 1398 2365 1543 2400; x_wconf 84' lang='lat' dir='ltr'><strong>moxque</strong></span> <span class='ocrx_word' id='word_1_347' title='bbox 1564 2365 1628 2400; x_wconf 89' lang='lat' dir='ltr'><strong>per</strong></span> 
     </span>
     <span class='ocr_line' id='line_1_36' title="bbox 162 2398 1627 2447; baseline 0.002 -16"><span class='ocrx_word' id='word_1_348' title='bbox 162 2398 288 2432; x_wconf 81' lang='lat' dir='ltr'><strong>fretum</strong></span> <span class='ocrx_word' id='word_1_349' title='bbox 312 2398 559 2444; x_wconf 83' lang='lat' dir='ltr'><strong>Helenopoleos</strong></span> <span class='ocrx_word' id='word_1_350' title='bbox 581 2400 626 2433; x_wconf 89' lang='lat' dir='ltr'><strong>ad</strong></span> <span class='ocrx_word' id='word_1_351' title='bbox 649 2399 757 2444; x_wconf 87' lang='lat' dir='ltr'><strong>ipsum</strong></span> <span class='ocrx_word' id='word_1_352' title='bbox 781 2401 968 2447; x_wconf 82' lang='lat' dir='ltr'><strong>ferebatur,</strong></span> <span class='ocrx_word' id='word_1_353' title='bbox 992 2403 1088 2437; x_wconf 88' lang='lat' dir='ltr'><strong>simul</strong></span> <span class='ocrx_word' id='word_1_354' title='bbox 1112 2402 1331 2437; x_wconf 88' lang='lat' dir='ltr'><strong>recreandum</strong></span> <span class='ocrx_word' id='word_1_355' title='bbox 1354 2411 1392 2435; x_wconf 85' lang='lat' dir='ltr'><strong>se</strong></span> <span class='ocrx_word' id='word_1_356' title='bbox 1414 2400 1463 2435; x_wconf 85' lang='lat' dir='ltr'><strong>ibi</strong></span> <span class='ocrx_word' id='word_1_357' title='bbox 1485 2411 1627 2446; x_wconf 85' lang='lat' dir='ltr'><strong>sperans</strong></span> 
     </span>
     <span class='ocr_line' id='line_1_37' title="bbox 161 2444 1626 2495; baseline 0.002 -18"><span class='ocrx_word' id='word_1_358' title='bbox 161 2444 337 2489; x_wconf 77' lang='lat' dir='ltr'><strong>praesenti</strong></span> <span class='ocrx_word' id='word_1_359' title='bbox 371 2444 600 2480; x_wconf 82' lang='lat' dir='ltr'><strong>consolatione</strong></span> <span class='ocrx_word' id='word_1_360' title='bbox 635 2445 852 2492; x_wconf 89' lang='lat' dir='ltr'><strong>imperatoris</strong></span> <span class='ocrx_word' id='word_1_361' title='bbox 873 2448 938 2494; x_wconf 86' lang='lat' dir='ltr'><strong>ipsi</strong></span> <span class='ocrx_word' id='word_1_362' title='bbox 960 2449 1120 2495; x_wconf 86' lang='lat' dir='ltr'><strong>propitii,</strong></span> <span class='ocrx_word' id='word_1_363' title='bbox 1152 2448 1251 2483; x_wconf 86' lang='lat' dir='ltr'><strong>simul</strong></span> <span class='ocrx_word' id='word_1_364' title='bbox 1271 2447 1414 2494; x_wconf 84' lang='lat' dir='ltr'><strong>amplum</strong></span> <span class='ocrx_word' id='word_1_365' title='bbox 1437 2446 1503 2482; x_wconf 84' lang='lat' dir='ltr'><strong>sibi</strong></span> <span class='ocrx_word' id='word_1_366' title='bbox 1524 2449 1560 2481; x_wconf 88' lang='lat' dir='ltr'><strong>et</strong></span> <span class='ocrx_word' id='word_1_367' title='bbox 1581 2445 1626 2481; x_wconf 87' lang='lat' dir='ltr'><strong>ad</strong></span> 
     </span>
     <span class='ocr_line' id='line_1_38' title="bbox 160 2490 1625 2540; baseline 0.002 -17"><span class='ocrx_word' id='word_1_368' title='bbox 160 2490 315 2524; x_wconf 80' lang='lat' dir='ltr'><strong>rationes</strong></span> <span class='ocrx_word' id='word_1_369' title='bbox 334 2495 490 2525; x_wconf 87' lang='lat' dir='ltr'><strong>caeteras</strong></span> <span class='ocrx_word' id='word_1_370' title='bbox 520 2495 740 2536; x_wconf 88' lang='lat' dir='ltr'><strong>opportunum</strong></span> <span class='ocrx_word' id='word_1_371' title='bbox 763 2499 860 2528; x_wconf 88' lang='lat' dir='ltr'><strong>ratus</strong></span> <span class='ocrx_word' id='word_1_372' title='bbox 892 2494 1014 2540; x_wconf 81' lang='lat' dir='ltr'><strong>adesse</strong></span> <span class='ocrx_word' id='word_1_373' title='bbox 1034 2494 1103 2529; x_wconf 88' lang='lat' dir='ltr'><strong>illic</strong></span> <span class='ocrx_word' id='word_1_374' title='bbox 1124 2505 1164 2529; x_wconf 86' lang='lat' dir='ltr'><strong>se</strong></span> <span class='ocrx_word' id='word_1_375' title='bbox 1185 2499 1419 2540; x_wconf 84' lang='lat' dir='ltr'><strong>praesentem,</strong></span> <span class='ocrx_word' id='word_1_376' title='bbox 1442 2505 1516 2528; x_wconf 90' lang='lat' dir='ltr'><strong>cum</strong></span> <span class='ocrx_word' id='word_1_377' title='bbox 1540 2492 1625 2527; x_wconf 72' lang='lat' dir='ltr'><strong>civi-</strong></span> 
     </span>
     <span class='ocr_line' id='line_1_39' title="bbox 161 2537 1622 2587; baseline 0.003 -18"><span class='ocrx_word' id='word_1_378' title='bbox 161 2539 217 2569; x_wconf 88' lang='lat' dir='ltr'><strong>tas</strong></span> <span class='ocrx_word' id='word_1_379' title='bbox 240 2537 358 2581; x_wconf 85' lang='lat' dir='ltr'><strong>regia,</strong></span> <span class='ocrx_word' id='word_1_380' title='bbox 384 2538 476 2582; x_wconf 89' lang='lat' dir='ltr'><strong>quod</strong></span> <span class='ocrx_word' id='word_1_381' title='bbox 499 2537 599 2572; x_wconf 87' lang='lat' dir='ltr'><strong>brevi</strong></span> <span class='ocrx_word' id='word_1_382' title='bbox 621 2538 770 2574; x_wconf 84' lang='lat' dir='ltr'><strong>futurum</strong></span> <span class='ocrx_word' id='word_1_383' title='bbox 793 2541 1050 2584; x_wconf 85' lang='lat' dir='ltr'><strong>augurabatur,</strong></span> <span class='ocrx_word' id='word_1_384' title='bbox 1073 2541 1284 2587; x_wconf 86' lang='lat' dir='ltr'><strong>oppugnanti</strong></span> <span class='ocrx_word' id='word_1_385' title='bbox 1305 2552 1394 2575; x_wconf 89' lang='lat' dir='ltr'><strong>nunc</strong></span> <span class='ocrx_word' id='word_1_386' title='bbox 1415 2551 1491 2574; x_wconf 89' lang='lat' dir='ltr'><strong>eam</strong></span> <span class='ocrx_word' id='word_1_387' title='bbox 1514 2539 1622 2584; x_wconf 89' lang='lat' dir='ltr'><strong>impe-</strong></span> 
     </span>
     <span class='ocr_line' id='line_1_40' title="bbox 159 2582 1622 2640; baseline 0.002 -25"><span class='ocrx_word' id='word_1_388' title='bbox 159 2582 268 2616; x_wconf 85' lang='lat' dir='ltr'><strong>ratori</strong></span> <span class='ocrx_word' id='word_1_389' title='bbox 290 2582 511 2618; x_wconf 85' lang='lat' dir='ltr'><strong>redderetur:</strong></span> <span class='ocrx_word' id='word_1_390' title='bbox 543 2583 594 2618; x_wconf 89' lang='lat' dir='ltr'><strong>sic</strong></span> <span class='ocrx_word' id='word_1_391' title='bbox 617 2584 703 2618; x_wconf 88' lang='lat' dir='ltr'><strong>enim</strong></span> <span class='ocrx_word' id='word_1_392' title='bbox 736 2587 811 2620; x_wconf 89' lang='lat' dir='ltr'><strong>fore</strong></span> <span class='ocrx_word' id='word_1_393' title='bbox 834 2591 873 2619; x_wconf 85' lang='lat' dir='ltr'><strong>ut</strong></span> <span class='ocrx_word' id='word_1_394' title='bbox 894 2586 970 2640; x_wconf 85' lang='lat' dir='ltr'><strong>ipse</strong></span> <span class='ocrx_word' id='word_1_395' title='bbox 991 2586 1107 2621; x_wconf 85' lang='lat' dir='ltr'><strong>statim</strong></span> <span class='ocrx_word' id='word_1_396' title='bbox 1139 2586 1176 2621; x_wconf 88' lang='lat' dir='ltr'><strong>in</strong></span> <span class='ocrx_word' id='word_1_397' title='bbox 1197 2588 1288 2622; x_wconf 85' lang='lat' dir='ltr'><strong>illam</strong></span> <span class='ocrx_word' id='word_1_398' title='bbox 1311 2587 1487 2631; x_wconf 86' lang='lat' dir='ltr'><strong>ingressus</strong></span> <span class='ocrx_word' id='word_1_399' title='bbox 1505 2596 1622 2621; x_wconf 86' lang='lat' dir='ltr'><strong>veram</strong></span> 
     </span>
     <span class='ocr_line' id='line_1_41' title="bbox 156 2628 1621 2677; baseline 0.002 -16"><span class='ocrx_word' id='word_1_400' title='bbox 156 2628 395 2672; x_wconf 84' lang='lat' dir='ltr'><strong>patriarchalis</strong></span> <span class='ocrx_word' id='word_1_401' title='bbox 417 2630 470 2663; x_wconf 90' lang='lat' dir='ltr'><strong>sui</strong></span> <span class='ocrx_word' id='word_1_402' title='bbox 490 2629 604 2664; x_wconf 87' lang='lat' dir='ltr'><strong>throni</strong></span> <span class='ocrx_word' id='word_1_403' title='bbox 624 2630 753 2675; x_wconf 81' lang='lat' dir='ltr'><strong>primus</strong></span> <span class='ocrx_word' id='word_1_404' title='bbox 774 2643 1019 2677; x_wconf 78' lang='lat' dir='ltr'><strong>possessionem</strong></span> <span class='ocrx_word' id='word_1_405' title='bbox 1039 2633 1166 2675; x_wconf 81' lang='lat' dir='ltr'><strong>iniret,</strong></span> <span class='ocrx_word' id='word_1_406' title='bbox 1188 2633 1320 2668; x_wconf 82' lang='lat' dir='ltr'><strong>Nicaea</strong></span> <span class='ocrx_word' id='word_1_407' title='bbox 1342 2638 1379 2667; x_wconf 86' lang='lat' dir='ltr'><strong>et</strong></span> <span class='ocrx_word' id='word_1_408' title='bbox 1399 2632 1530 2666; x_wconf 81' lang='lat' dir='ltr'><strong>infensa</strong></span> <span class='ocrx_word' id='word_1_409' title='bbox 1551 2630 1621 2665; x_wconf 88' lang='lat' dir='ltr'><strong>illic</strong></span> 
     </span>
     <span class='ocr_line' id='line_1_42' title="bbox 157 2673 1619 2721; baseline 0.002 -14"><span class='ocrx_word' id='word_1_410' title='bbox 157 2673 228 2707; x_wconf 86' lang='lat' dir='ltr'><strong>sibi</strong></span> <span class='ocrx_word' id='word_1_411' title='bbox 254 2675 354 2720; x_wconf 85' lang='lat' dir='ltr'><strong>plebe</strong></span> <span class='ocrx_word' id='word_1_412' title='bbox 376 2676 494 2710; x_wconf 84' lang='lat' dir='ltr'><strong>valere</strong></span> <span class='ocrx_word' id='word_1_413' title='bbox 518 2676 679 2721; x_wconf 88' lang='lat' dir='ltr'><strong>deinceps</strong></span> <span class='ocrx_word' id='word_1_414' title='bbox 701 2676 802 2711; x_wconf 88' lang='lat' dir='ltr'><strong>iussa.</strong></span> <span class='ocrx_word' id='word_1_415' title='bbox 848 2677 927 2712; x_wconf 90' lang='lat' dir='ltr'><strong>dum</strong></span> <span class='ocrx_word' id='word_1_416' title='bbox 950 2684 1062 2714; x_wconf 89' lang='lat' dir='ltr'><strong>autem</strong></span> <span class='ocrx_word' id='word_1_417' title='bbox 1084 2679 1141 2714; x_wconf 91' lang='lat' dir='ltr'><strong>ille</strong></span> <span class='ocrx_word' id='word_1_418' title='bbox 1162 2679 1198 2714; x_wconf 91' lang='lat' dir='ltr'><strong>in</strong></span> <span class='ocrx_word' id='word_1_419' title='bbox 1219 2691 1260 2715; x_wconf 90' lang='lat' dir='ltr'><strong>eo</strong></span> <span class='ocrx_word' id='word_1_420' title='bbox 1283 2679 1406 2714; x_wconf 87' lang='lat' dir='ltr'><strong>itinere</strong></span> <span class='ocrx_word' id='word_1_421' title='bbox 1430 2682 1494 2721; x_wconf 87' lang='lat' dir='ltr'><strong>est,</strong></span> <span class='ocrx_word' id='word_1_422' title='bbox 1517 2677 1619 2721; x_wconf 83' lang='lat' dir='ltr'><strong>Sely-</strong></span> 
     </span>
     <span class='ocr_line' id='line_1_43' title="bbox 158 2719 1620 2770; baseline 0.002 -17"><span class='ocrx_word' id='word_1_423' title='bbox 158 2719 253 2763; x_wconf 69' lang='lat' dir='ltr'><strong>briae</strong></span> <span class='ocrx_word' id='word_1_424' title='bbox 278 2721 388 2756; x_wconf 89' lang='lat' dir='ltr'><strong>adhuc</strong></span> <span class='ocrx_word' id='word_1_425' title='bbox 409 2723 583 2766; x_wconf 82' lang='lat' dir='ltr'><strong>Augustus</strong></span> <span class='ocrx_word' id='word_1_426' title='bbox 616 2723 832 2768; x_wconf 87' lang='lat' dir='ltr'><strong>morabatur,</strong></span> <span class='ocrx_word' id='word_1_427' title='bbox 866 2725 1000 2770; x_wconf 86' lang='lat' dir='ltr'><strong>quando</strong></span> <span class='ocrx_word' id='word_1_428' title='bbox 1033 2728 1070 2760; x_wconf 86' lang='lat' dir='ltr'><strong>et</strong></span> <span class='ocrx_word' id='word_1_429' title='bbox 1106 2726 1310 2760; x_wconf 88' lang='lat' dir='ltr'><strong>Sardensem</strong></span> <span class='ocrx_word' id='word_1_430' title='bbox 1341 2724 1467 2759; x_wconf 86' lang='lat' dir='ltr'><strong>ibidem</strong></span> <span class='ocrx_word' id='word_1_431' title='bbox 1498 2723 1620 2757; x_wconf 83' lang='lat' dir='ltr'><strong>adesse</strong></span> 
     </span>
     <span class='ocr_line' id='line_1_44' title="bbox 155 2766 1618 2814; baseline 0.004 -16"><span class='ocrx_word' id='word_1_432' title='bbox 155 2766 312 2810; x_wconf 82' lang='lat' dir='ltr'><strong>contigit.</strong></span> <span class='ocrx_word' id='word_1_433' title='bbox 359 2779 436 2802; x_wconf 85' lang='lat' dir='ltr'><strong>nam</strong></span> <span class='ocrx_word' id='word_1_434' title='bbox 459 2769 602 2802; x_wconf 86' lang='lat' dir='ltr'><strong>duorum</strong></span> <span class='ocrx_word' id='word_1_435' title='bbox 624 2768 814 2804; x_wconf 85' lang='lat' dir='ltr'><strong>schismatis</strong></span> <span class='ocrx_word' id='word_1_436' title='bbox 835 2777 1012 2806; x_wconf 84' lang='lat' dir='ltr'><strong>auctorum</strong></span> <span class='ocrx_word' id='word_1_437' title='bbox 1035 2771 1219 2807; x_wconf 82' lang='lat' dir='ltr'><strong>Andronici</strong></span> <span class='ocrx_word' id='word_1_438' title='bbox 1241 2771 1424 2807; x_wconf 87' lang='lat' dir='ltr'><strong>Sardensis</strong></span> <span class='ocrx_word' id='word_1_439' title='bbox 1447 2773 1483 2804; x_wconf 86' lang='lat' dir='ltr'><strong>et</strong></span> <span class='ocrx_word' id='word_1_440' title='bbox 1505 2769 1618 2814; x_wconf 81' lang='lat' dir='ltr'><strong>Thes-</strong></span> 
     </span>
     <span class='ocr_line' id='line_1_45' title="bbox 154 2810 1618 2862; baseline 0.003 -15"><span class='ocrx_word' id='word_1_441' title='bbox 154 2810 370 2849; x_wconf 79' lang='lat' dir='ltr'><strong>salonicensis</strong></span> <span class='ocrx_word' id='word_1_442' title='bbox 402 2813 591 2858; x_wconf 72' lang='lat' dir='ltr'><strong>Manuelis,</strong></span> <span class='ocrx_word' id='word_1_443' title='bbox 624 2814 682 2849; x_wconf 84' lang='lat' dir='ltr'><strong>hic</strong></span> <span class='ocrx_word' id='word_1_444' title='bbox 710 2815 846 2862; x_wconf 88' lang='lat' dir='ltr'><strong>quidem</strong></span> <span class='ocrx_word' id='word_1_445' title='bbox 881 2817 970 2854; x_wconf 85' lang='lat' dir='ltr'><strong>ultro</strong></span> <span class='ocrx_word' id='word_1_446' title='bbox 999 2817 1136 2854; x_wconf 80' lang='lat' dir='ltr'><strong>exilium</strong></span> <span class='ocrx_word' id='word_1_447' title='bbox 1174 2818 1244 2854; x_wconf 86' lang='lat' dir='ltr'><strong>sibi</strong></span> <span class='ocrx_word' id='word_1_448' title='bbox 1274 2816 1486 2854; x_wconf 79' lang='lat' dir='ltr'><strong>consciscens</strong></span> <span class='ocrx_word' id='word_1_449' title='bbox 1520 2820 1618 2851; x_wconf 76' lang='lat' dir='ltr'><strong>extra</strong></span> 
     </span>
    </p>
   </div>
  </div>
 </body>
</html>
