1884 3262
683 212 787 256 mss.
807 212 862 256 11.
913 204 1123 257 NOTAE:
1532 210 1630 260 683

391 316 560 370 Οὗτος“
538 339 559 361 ο
580 319 756 375 χρησμὸς
775 321 1014 364 Παυσανίου
1032 320 1244 389 προέδρου.
1273 351 1276 354 «
1342 320 1346 324 ’

177 381 257 429 Τῆς
279 376 322 419 δὲ
341 375 493 426 πόλεως
517 377 723 447 Τράλλεων
744 376 788 420 τὸ
808 376 958 427 κάλλος
985 376 1145 432 χρόνοις
1179 379 1323 420 ἕσεῖται
1350 375 1632 432 σβεννύμενον.

170 433 215 475 τό
244 434 287 476 δὲ
315 432 531 476 πολλοστὸν
560 432 709 488 ταύτης
733 434 1004 487 καταλειφθὲν
1021 435 1066 476 ἐν
1081 432 1268 484 ὕστάτοις
1286 433 1633 489 ἐκφοβηθήσεται)

171 493 364 543 Gregoias
391 493 485 543 legit
513 489 826 561 ἐκβοηθήσεται)
848 492 960 532 ἔθνει
978 488 1159 561 ἆνᾶρχῳ,
1191 490 1445 544 αλωθήσεται
1469 494 1640 544 (Grego-

169 562 236 587 ras
264 545 471 598 ἆλωσεται)
509 546 552 588 δὲ
589 545 785 617 ουδαμῶς.
844 545 928 588 εἶτα
962 545 1350 600 ἄνακαινισθήσεται
1375 547 1484 600 παρὰ
1515 551 1639 590 δυνα-

169 608 243 646 τοῦ
271 601 518 656 Νικωνυμου
530 634 544 653 ‚
571 602 615 653 ὃς
636 601 837 657 ὄκταπλῆν
862 601 1021 659 ἆγλαῶς
1041 603 1166 645 ἕναδα
1184 606 1406 656 (Gregoras
1433 604 1583 646 ἐννοίδα
1599 611 1641 643 et

170 662 213 700 in
233 661 406 712 mmgine
436 659 624 713 ἐννεάδα)
654 658 794 714 βιώσει
813 662 986 708 δίσκων,
1013 661 1083 701 καὶ
1110 660 1195 715 τρὶς
1220 660 1319 702 ἑπτὰ
1340 658 1501 702 κύκλων
1527 659 1643 703 πόλιν

172 714 356 760 'Attal-ov
378 722 622 785 λαμπρυνεῖ,
642 717 718 758 καὶ
739 716 785 759 το“
807 714 904 769 παρ’
925 717 1155 772 Ἡρακλείου
1170 719 1399 770 πολίχνιον·
1430 713 1461 774 ᾧ
1479 718 1550 758 καὶ
1567 715 1644 759 πό-

173 778 255 823 λεις
273 774 452 828 ἑσπέριαι
469 770 750 825 υποκυψουσι,
767 774 835 815 καὶ
855 772 1046 828 ἀγέρωχοι
1064 773 1414 827 υποκλιθήσονται
1431 776 1643 823 παιδικως.

392 832 485 869 Hoc
506 839 564 869 est
585 832 800 869 oraculum
815 833 1057 870 Pausaniae
1068 831 1291 883 praesidis.

182 887 239 925 Ur
241 870 303 924 his·
320 900 410 926 tero
437 888 639 926 Trallium
658 887 774 926 decor
791 889 1037 940 temporibus
1054 890 1131 925 erit
1149 890 1382 928 extinctum.
1420 895 1558 926 tenues
1574 895 1644 925 ta..

174 957 260 981 men
281 945 366 981 eius
386 943 586 995 reliquiae
615 947 659 982 in
690 946 851 982 ultimis
878 945 1178 983 exterrebantur
1198 959 1224 982 a
1242 953 1360 997 gente
1378 946 1465 982 sine
1478 946 1642 996 princi-

166 1007 302 1053 pata:
329 1007 372 1037 at
402 1014 661 1053 nequaquam
689 1003 910 1053 capientur.
966 1001 1227 1039 renovabitur
1263 1009 1400 1039 autem
1428 1016 1456 1038 a
1479 1008 1643 1053 potente

174 1057 245 1094 cui
261 1070 288 1094 α
308 1057 482 1095 victoria
501 1071 653 1096 nomen.
711 1060 785 1109 qui
809 1058 994 1109 octuplex
1020 1056 1228 1109 splendide
1250 1060 1515 1095 novenarium
1535 1059 1643 1095 vivet

175 1111 401 1162 discorum,
431 1119 469 1150 et
484 1119 543 1152 ter
577 1121 722 1166 septem
753 1115 912 1152 orbium
940 1117 1148 1152 civitatem
1167 1114 1306 1152 Attali
1323 1113 1574 1162 illustrabit,
1604 1121 1643 1152 et

175 1167 290 1222 quod
303 1169 356 1206 ab
380 1170 568 1208 Heraclio
589 1171 851 1222 oppidulum;
871 1173 941 1209 cui
959 1178 995 1208 et
1012 1171 1130 1209 urbes
1146 1169 1354 1210 occiduae
1362 1170 1642 1221 subiacebunt,

175 1227 377 1277 etserooes
397 1226 666 1265 subiicientur
683 1228 909 1278 pueriliter.

287 1293 427 1344 verti,
455 1300 505 1333 ut
535 1294 577 1333 in
604 1294 772 1333 oraculis
797 1294 884 1333 fieri
917 1294 1054 1344 debet,
1091 1291 1192 1335 κατὰ
1223 1290 1352 1342 πόδα,
1393 1292 1640 1343 adverbum,

175 1349 348 1401 singulos
367 1351 591 1403 exprimens
610 1351 749 1403 apices.
805 1351 994 1390 iudicium
1027 1351 1075 1389 de
1097 1351 1183 1403 ipso
1209 1350 1420 1399 vaticinio,
1449 1363 1643 1389 verumne

176 1407 228 1444 sit
247 1420 297 1445 an
314 1407 464 1458 fictum,
495 1408 604 1460 quod
623 1408 840 1460 suspicatos
861 1415 901 1446 et
920 1407 1199 1460 Pachymerem
1217 1413 1256 1445 et
1276 1408 1489 1459 Gregoram
1509 1406 1643 1457 video,

176 1468 265 1501 tum
288 1464 321 1501 si
337 1477 501 1515 verum,
531 1478 610 1517 quo
640 1464 724 1503 eius
751 1460 952 1518 ἀπόβασις
971 1466 1193 1518 pertineat,
1221 1463 1360 1503 lectori
1376 1463 1559 1515 relinquo
1576 1464 1644 1503 in-

177 1525 347 1572 tegi-um.

290 1612 330 1650 p.
349 1598 432 1641 470
454 1611 493 1638 v.
512 1601 554 1642 7.
615 1601 659 1638 in
663 1598 779 1651 satis
798 1607 897 1638 erat.
954 1599 1046 1639 vide
1067 1611 1167 1650 quae
1185 1598 1410 1637 notavimus
1433 1597 1484 1636 ad
1504 1611 1544 1650 p.
1563 1599 1646 1641 104-

178 1667 219 1695 v.
239 1657 293 1697 25
309 1660 348 1693 et
364 1669 402 1707 p.
423 1657 503 1696 139
522 1669 561 1694 v.
582 1658 646 1705 18,
675 1657 770 1694 item
787 1656 839 1694 ad
857 1670 895 1708 p.
915 1659 998 1698 229
1018 1670 1058 1698 v.
1078 1658 1124 1705 33
1153 1655 1296 1706 quibus
1313 1654 1552 1693 haereticam
1569 1655 1649 1694 do-

181 1713 346 1749 ctrinam
363 1711 491 1750 fatalis
510 1713 749 1750 necessitatis
768 1713 937 1751 liberum
957 1713 1161 1750 arbitrium
1181 1712 1411 1764 perimentis
1426 1712 1646 1762 reiecimus,

180 1768 214 1806 si
230 1768 333 1806 sorte
351 1767 419 1806 hic
434 1768 543 1806 illam
559 1769 728 1820 scriptor
750 1769 1020 1807 schismaticus
1038 1769 1253 1808 indicatam
1267 1769 1397 1808 vellet.

293 1860 332 1899 p.
353 1846 436 1889 478
456 1859 496 1890 v.
518 1849 587 1890 28.
644 1845 766 1885 edicti
783 1850 990 1886 sententia.
1045 1847 1207 1886 videtur
1230 1846 1310 1885 hoc
1328 1847 1502 1886 edictum
1516 1847 1647 1900 impe-

182 1908 295 1942 rator
316 1903 518 1941 inchoasse
547 1903 596 1942 ab
622 1903 698 1942 illis
717 1905 755 1942 S.
786 1905 962 1955 Gregorii
986 1904 1220 1943 Nazianzeni
1244 1903 1378 1943 verbis
1407 1917 1507 1955 quae
1528 1904 1584 1942 sic
1603 1905 1646 1943 in

183 1959 362 1998 oratione
396 1966 536 1998 contra
565 1961 827 1999 Eunomianos
849 1961 1035 2012 leguntur
1064 1974 1104 2012 p.
1137 1962 1216 2003 195
1246 1966 1288 1998 et
1319 1963 1399 2002 196
1428 1961 1490 1999 ed·
1509 1961 1647 2002 Graec.

182 2016 389 2055 Basileens.
409 2016 702 2069 μνημονευτέον
726 2015 802 2070 γὰρ
819 2021 924 2058 θεοῦ
952 2013 1148 2068 μᾶλλονῆ
1171 2013 1476 2057 ἆναπνευστέον.
1534 2017 1645 2067 quod

184 2071 367 2124 deinceps
384 2072 452 2111 hic
474 2073 686 2112 historicus
715 2074 850 2125 culpat
872 2072 1144 2111 orthodoxum
1170 2071 1438 2124 patriarcham
1459 2072 1646 2123 Veccum,

184 2127 277 2178 quia
292 2129 325 2166 is
341 2129 494 2180 scriptis
511 2131 688 2168 refellere
706 2129 971 2168 schismaticos
988 2129 1039 2168 sit
1056 2142 1265 2179 aggressus,
1294 2127 1559 2167 schismaticae
1580 2129 1645 2167 lo-

183 2184 311 2235 liginis
329 2198 468 2224 succus
490 2192 573 2232 est,
608 2187 719 2225 nullo
740 2188 834 2225 satis
853 2186 1024 2238 specioso
1044 2185 1209 2223 tectorio
1239 2185 1400 2223 lividam
1419 2186 1644 2237 malignita-

184 2246 266 2278 tem
294 2241 440 2280 velans.
494 2242 627 2293 itaque
658 2243 803 2281 oblitus
829 2257 947 2293 quam
987 2241 1189 2294 magnifice
1217 2247 1332 2279 antea
1358 2242 1646 2294 praedicaverit

186 2298 357 2336 nobilem
377 2304 416 2336 et
434 2297 598 2336 liberam
618 2299 734 2337 Vecci
749 2300 922 2338 indolem
944 2299 993 2336 ab
1011 2299 1118 2337 omni
1142 2298 1330 2336 adulandi
1352 2299 1544 2338 servitute
1563 2299 1645 2338 dis-

186 2353 466 2392 iunctissimam
481 2384 492 2402 ,
522 2369 650 2401 nunc,
680 2357 712 2394 si
727 2357 877 2407 superis
897 2356 1046 2408 placet,
1076 2368 1166 2393 eum
1194 2354 1354 2393 exhibet
1368 2355 1483 2394 Persa
1503 2356 1647 2406 quovis

188 2410 437 2449 abiectiorem
465 2411 508 2449 in
538 2412 794 2462 assentando,
822 2412 1031 2464 prodigum
1060 2411 1294 2461 titulorum,
1322 2418 1364 2450 et
1380 2411 1477 2450 nihil
1493 2413 1566 2451 sibi
1583 2414 1647 2451 sa-

190 2467 355 2505 cientem
375 2467 518 2518 reliqui
536 2468 579 2506 in
602 2468 827 2507 extollendo
846 2468 1064 2507 honoribus
1081 2468 1267 2507 indebitis
1285 2467 1544 2520 Ephesium,
1574 2482 1648 2507 cu·-

188 2523 250 2561 ius
274 2536 391 2588 opera
417 2531 566 2575 egeret,
596 2525 832 2574 antistitem,
870 2539 948 2576 quo
967 2526 1023 2563 ita
1041 2525 1114 2563 sibi
1139 2537 1228 2564 eum
1248 2525 1487 2564 devinceret.
1545 2527 1649 2563 scri-

190 2579 267 2628 hit,
298 2580 428 2630 inquit
448 2594 488 2632 p.
505 2579 600 2629 479,
617 2580 679 2619 ad
692 2582 963 2633 Ephe-sinum,
993 2595 1176 2634 eumque,
1206 2589 1252 2620 ut
1269 2583 1361 2634 ipsa
1387 2583 1662 2632 inscriptione.

191 2634 475 2686 demereretur,
507 2652 586 2675 non
608 2639 844 2690 simpliciter
864 2634 1088 2692 ἱερώτατον,
1120 2639 1192 2690 qui
1210 2639 1309 2677 solet
1326 2639 1476 2676 titulus·
1495 2639 1651 2689 episco-

185 2694 258 2743 pis
276 2693 528 2743 trib1ti‚⁸ed
553 2692 844 2746 πανιεραὶτατον
867 2697 912 2733 ἰη
925 2696 1063 2745 fronte
1083 2695 1295 2733 literarum
1314 2701 1536 2745 nuncupat.
1591 2693 1649 2731 ita

192 2748 468 2800 Pachymeres;
500 2750 568 2800 qui
591 2750 754 2789 videtur
780 2750 878 2789 haec
910 2752 1082 2790 scribens
1115 2765 1319 2803 nunquam
1347 2750 1482 2801 legisse
1501 2750 1648 2788 librum

192 2803 235 2841 in
261 2805 422 2843 Graecia
438 2807 707 2859 notissimum,
735 2807 947 2859 Liturgiam
967 2808 1248 2876 Chrysostomi.
1302 2807 1345 2846 in
1363 2820 1442 2857 qua
1466 2806 1650 2845 sacerdos

195 2860 392 2901 celebrans
409 2875 506 2903 voce
536 2863 690 2903 sublata
711 2863 808 2903 dicit
837 2861 1059 2918 μνήσθητι,
1091 2861 1226 2919 κύριε,
1253 2859 1549 2918 πανιερωτᾶτου
1567 2879 1647 2916 μη-
