1846 3262
229 219 327 264 210
651 210 888 257 GEORGII
917 210 1272 254 PACHYMERIS

233 331 329 375 λίων
349 329 415 371 καὶ
439 330 519 370 τῶν
548 324 651 383 παρ’
677 326 812 385 ἐκείνῳ
833 322 1070 380 δυναμένων
1095 322 1396 378 ε’ξεμειλίσσετο.
1466 320 1570 379 πρὸς
1592 321 1640 366 δέ
1655 338 1699 378 γε

233 398 329 448 τούς
360 391 651 452 Βουλγάρους,
691 394 783 438 οὐδ’
811 394 984 444 ἐκείνους
1008 393 1169 449 ἠρεμεῖν
1192 391 1252 434 εἴα
1272 391 1366 435 ἀλλ’
1395 393 1439 435 ἐκ
1458 396 1534 435 τοῦ
1557 388 1700 447 σύνεγ-

231 483 304 523 γυς
326 464 539 522 παρεκίνει.
586 459 637 519 ’ἦν
656 463 734 521 γὰρ
755 463 821 506 καὶ
841 462 976 512 ἄλλως
996 461 1205 518 προφανὲς
1220 459 1267 503 τὸ
1288 460 1391 518 πρὸς
1410 461 1558 504 ἐκεῖνον
1575 459 1701 515 ἔχθος

232 538 306 578 τοῦ
335 532 654 578 Κω-νσταντίνου
669 565 681 585 ,
713 531 1029 588 ἔξοτρυνομὲνου
1058 529 1173 585 παρὰ
1205 533 1279 584 τῆς
1306 529 1495 586 γυναικὸς
1523 526 1702 586 Εἶρήνης

182 608 213 643 C
239 606 311 647 τοῦ
331 602 478 652 παιδὸς
493 598 615 659 χάριν
634 597 826 645 Ἰωάννου
847 600 1029 658 ἀδελφοῦ
1051 616 1093 656 γε
1114 596 1232 648 ὄντος
1242 630 1257 651 ,
1294 599 1361 641 καὶ
1381 592 1438 642 ὧν
1459 599 1500 649 ἐξ
1518 594 1733 653 ὗπογῦουδ

234 671 310 716 οὖκ
340 671 525 722 ἐνδίκως,
564 665 597 712 ὦ
626 670 743 725 δίκη,
779 668 995 722 πέπονθεν.
1066 664 1222 723 ἀνάγκη
1254 666 1297 708 δ’
1329 661 1380 722 ἦν
1409 665 1535 721 ἔχθος
1559 664 1701 721 ἕχοντα

232 739 338 798 παρ’
367 739 527 783 ἐκείνων
549 738 622 781 τὸν
643 737 818 793 βασιλέα
837 739 905 780 καὶ
928 736 1054 780 αὐτὸν
1075 735 1305 791 ἕχθραίνειν
1323 736 1390 778 καὶ
1413 731 1610 786 ἀντιξύειν
1630 733 1702 777 τὸν

234 806 398 860 ξῦοντα.
468 807 610 864 με’χρις
634 803 706 851 οὖν
735 803 995 863 Ὀρεστιάὸος
1021 803 1256 861 ὁριζομένης
1284 808 1359 860 τῆς
1381 801 1608 858 Ῥωμα”ί·δος
1634 803 1705 846 καὶ

233 875 352 933 μόλις
385 872 609 934 πρότερον,
647 874 702 926 ὧς
734 879 816 919 τῶν
845 875 998 918 ἐκεῖθεν
1025 872 1106 916 ὑπὸ
1129 870 1384 931 Βουλγάροις
1407 871 1562 924 ὄντων,
1599 870 1705 924 πέμ-

231 963 321 990 πων
358 945 483 995 αὐτὸς
516 943 667 1000 συχνὰς
694 942 930 994 ἀποστολὰς
965 939 1308 999 στρατευμάτων,
1355 940 1481 990 αὐτὸς
1513 941 1760 985 ἐντεῦθενω

235 1010 566 1069 δια-ταττόμενος,
602 1012 649 1055 τὸ
670 1009 910 1067 θαυμάσιον
944 1012 1037 1070 (καὶ
1055 1011 1132 1068 γὰρ
1152 1009 1178 1053 ἃ
1197 1011 1271 1065 μὲν
1288 1009 1435 1065 ξυνέβη
1456 1011 1568 1062 ἰδεῖν,
1605 1005 1705 1052 τού-

182 1087 215 1122 D
239 1099 323 1133 τοις
353 1080 560 1139 γινώσκων
579 1081 676 1131 τοὺς
695 1080 978 1136 πεμπομένους
1007 1079 1217 1132 ἐπέταττε,
1252 1080 1320 1122 καὶ
1344 1076 1447 1121 ὅπου
1469 1077 1706 1134 προσκαθί-

235 1150 370 1196 σαιντ’
407 1150 458 1194 ἂν
487 1152 554 1193 καὶ
587 1148 698 1200 ὅπως
732 1152 979 1204 ξυμβαλοῖεν
1008 1149 1075 1190 καὶ
1108 1146 1207 1191 ὅθεν
1230 1144 1475 1203 ὅρμήσαιντ’
1502 1145 1577 1199 ἄν,
1613 1145 1705 1202 ἢέκ

236 1218 369 1275 λόχων
396 1218 422 1275 ’ἢ
453 1219 650 1276 φανεροί,
686 1216 842 1274 ἡμέρας
876 1216 901 1272 ἢ
933 1218 999 1260 καὶ
1029 1214 1197 1269 νυκτός,
1243 1213 1405 1260 τάττων
1435 1215 1624 1258 ἐντεῦθεν
1651 1213 1704 1258 τὰ

235 1286 398 1333 πάντα·
438 1289 474 1330 εἶ
502 1286 544 1329 δ’
576 1286 651 1330 οὐκ
680 1284 758 1329 εἶδε
783 1285 856 1329 τὸν
885 1282 1038 1338 τόπον,
1075 1282 1247 1328 κελεύων
1270 1282 1507 1341 διαγράφειν
1528 1283 1626 1334 τοὺς
1647 1284 1702 1326 el·
1715 1289 1760 1325 15

234 1354 361 1406 δότας
382 1354 508 1414 αὐτὸς
527 1356 711 1398 καθίστα
734 1351 1028 1412 προστάττων,
1061 1354 1128 1396 καὶ
1148 1348 1198 1409 ἦν
1219 1353 1477 1411 ἐπηρτημένη
1495 1353 1625 1409 κρίσις
1643 1356 1703 1412 τῷ
1790 1348 1793 1354 ’

235 1420 599 1482 παρακούσαντι),
649 1422 775 1473 αὐτὸς
818 1423 955 1466 τοίνυν
994 1421 1164 1477 πέμπων
1193 1421 1269 1472 τὰς
1305 1418 1496 1476 δυνάμεις
1523 1425 1580 1480 τῷ
1610 1417 1703 1465 τότε

184 1500 217 1536 E
243 1492 370 1548 συχνὰ
390 1496 471 1535 τῶν
489 1493 573 1535 ἐκεῖ
584 1490 662 1549 ὕφ’
684 1491 797 1551 αὐτῷ
817 1491 953 1543 ἐποίει,
983 1492 1049 1533 καὶ
1067 1489 1252 1547 ἡλίσκετο
1269 1490 1343 1546 μὲν
1364 1487 1704 1543 Φιλιππούπολις,

234 1563 440 1619 ἐκρατεῖτο
475 1561 521 1603 δὲ
548 1561 810 1616 Σθενίμαχον
835 1557 1058 1617 φρούριον,
1096 1561 1163 1602 καὶ
1186 1557 1297 1609 ἅπας
1320 1556 1341 1602 ὃ
1366 1558 1442 1610 ἕξω
1464 1563 1538 1602 τοῦ
1559 1559 1704 1614 Αἵμου

237 1629 354 1688 ζυγὸς
373 1630 668 1686 συγκατείχετο.
739 1627 848 1672 ἑάλω
867 1629 912 1672 δὲ
935 1632 1009 1672 τοῦ
1030 1629 1207 1684 Μυλτζῆ
1229 1625 1416 1679 διδόντος
1424 1660 1439 1682 ,
1474 1626 1531 1679 ὥς
1549 1623 1761 1684 λεχθή-ΞΟ

238 1761 466 1798 Cardinalium
498 1763 559 1796 aut
590 1761 716 1808 alioqui
739 1762 829 1807 apud
851 1761 960 1809 ipsum
996 1762 1181 1809 potentium
1207 1762 1366 1798 studebat
1388 1760 1567 1797 demereri.
1612 1759 1705 1807 quod

236 1809 405 1854 Bulgaros
429 1808 573 1852 attinet,
609 1820 720 1852 neque
742 1809 818 1843 illos
842 1809 1020 1854 quiescere
1043 1809 1258 1854 patiebatur,
1293 1809 1354 1844 sed
1378 1821 1398 1843 e
1421 1808 1533 1843 vicino
1556 1807 1706 1841 lacesse-

234 1856 307 1889 bat.
355 1859 432 1889 erat
467 1854 555 1888 enim
586 1854 725 1899 publice
757 1860 871 1889 notum
904 1856 1066 1889 adversus
1088 1856 1328 1900 imperatorem
1351 1854 1463 1888 odium
1488 1851 1705 1887 Constantini

236 1900 399 1946 Bulgari,
433 1900 591 1934 continuo
623 1899 788 1934 stimulati
819 1901 863 1935 ad
885 1899 925 1934 id'
943 1902 987 1935 ab
1012 1912 1117 1935 uxore
1140 1901 1241 1935 Irene
1274 1903 1416 1946 propter
1440 1910 1581 1945 puerum
1604 1899 1704 1933 loan-

237 1958 314 1981 nem
335 1948 480 1981 fratrem
511 1946 630 1992 utique
663 1946 813 1981 mulieris
833 1946 956 1988 istius,
984 1952 1056 1981 tam
1077 1946 1221 1989 iniuste,
1254 1958 1274 1981 o
1297 1946 1351 1980 ius
1374 1946 1516 1991 fasque!
1547 1944 1705 1980 immania

238 2004 376 2038 passum
408 1991 540 2027 occulta
572 2003 615 2026 ex
644 1991 777 2026 insidiis
811 1992 1028 2036 grassatione
1058 1991 1282 2027 crudelitatis.
1327 1991 1424 2026 cuius
1455 1990 1522 2026 sibi
1543 1990 1706 2025 facinoris

235 2039 423 2084 imperator
439 2038 605 2080 conscius,
630 2050 704 2072 cum
724 2049 794 2072 non
817 2042 935 2084 posset
957 2039 1039 2084 quin
1061 2038 1188 2074 invisus
1213 2041 1249 2072 et
1273 2038 1466 2083 capitaliter
1489 2047 1612 2071 exosus
1635 2039 1706 2071 tam

236 2083 442 2130 propinquis
468 2095 633 2138 oppresso
663 2083 788 2130 pupillo
822 2083 974 2130 personis
1005 2088 1115 2126 esset,
1149 2085 1353 2130 sequebatur
1377 2095 1419 2118 ex
1441 2094 1535 2118 more
1559 2094 1600 2117 ac
1621 2082 1705 2116 vitio

238 2130 389 2164 malitiae
422 2132 463 2164 ut
494 2130 645 2164 Vicissim
667 2130 743 2164 illos
765 2133 838 2175 ipse
860 2130 989 2165 odisset
1011 2142 1053 2165 ac
1075 2134 1191 2164 mutua
1215 2130 1388 2164 collisione
1411 2130 1584 2164 detereret
1604 2129 1706 2163 obte-

239 2179 354 2210 rentes
385 2187 434 2210 se.
482 2187 557 2210 cum
586 2176 690 2221 igitur
721 2175 875 2211 Romana
907 2176 992 2210 ditio
1024 2177 1181 2210 finiretur
1210 2176 1417 2217 Oresfiade,
1451 2176 1579 2221 vixque
1612 2175 1706 2208 ultra

240 2233 315 2257 eam
339 2226 442 2256 antea
464 2221 714 2267 porrigeretur,
734 2222 894 2267 Bulgaris
914 2222 1075 2257 videlicet
1097 2222 1262 2257 ulteriora
1285 2221 1541 2263 obtinentibus,
1566 2221 1706 2255 crebras

241 2279 282 2301 eo
306 2267 444 2302 immisit
465 2268 658 2302 militarium
681 2268 853 2313 copiarum
877 2280 1014 2311 manus,
1035 2268 1272 2314 praescribens
1295 2268 1379 2314 ipsis
1402 2266 1597 2313 singillatim
1621 2265 1706 2312 quid

243 2312 349 2351 vellet
381 2313 471 2348 fieri.
519 2313 554 2347 in
577 2326 644 2360 quo
667 2317 767 2349 erant
790 2315 950 2350 solertiae
970 2314 1078 2360 ipsius
1101 2319 1137 2349 et
1160 2314 1304 2360 peritiae
1326 2314 1468 2349 bellicae
1490 2312 1576 2348 artis
1599 2324 1706 2358 expe-

239 2358 386 2393 rimenta
415 2370 554 2405 prorsus
585 2361 680 2395 mira.
727 2372 804 2395 nam
837 2361 866 2395 si
898 2371 983 2407 quos
1017 2372 1131 2395 eorum
1164 2361 1313 2395 locorum
1334 2361 1409 2405 ipse
1432 2363 1533 2394 antea
1553 2358 1706 2400 vidisset,

242 2404 400 2438 edicebat
423 2406 545 2439 absens
568 2406 675 2440 missis
696 2406 806 2442 literis
828 2418 896 2452 quo
917 2409 992 2441 loco
1015 2407 1144 2442 stativa
1166 2407 1287 2452 figere,
1313 2406 1373 2441 ubi
1396 2409 1432 2441 et
1453 2404 1618 2452 quomodo
1640 2415 1706 2450 pu·-

241 2461 349 2495 gnare
381 2454 579 2496 oporteret,
607 2452 697 2487 unde
725 2453 888 2499 impetum
918 2454 1052 2495 facere,
1084 2453 1138 2487 vel
1169 2465 1212 2488 ex
1240 2452 1375 2487 insidiis
1403 2452 1458 2487 vel
1481 2451 1558 2485 luce
1579 2449 1706 2496 palam,

243 2499 305 2531 aut
326 2496 428 2530 etiam
452 2508 514 2541 per
535 2501 690 2540 noctem,
715 2510 758 2533 ex
781 2498 918 2534 memori
940 2499 1090 2534 visorum
1111 2499 1260 2544 imagine
1282 2503 1363 2545 apte
1387 2500 1508 2532 cuncta
1530 2495 1706 2538 ordinans,

247 2541 341 2577 velut
362 2541 393 2577 si
415 2553 529 2576 coram
550 2544 756 2580 intueretur.
801 2544 921 2592 quodsi
952 2545 1060 2580 locum
1082 2545 1118 2579 in
1141 2557 1208 2591 quo
1238 2545 1358 2579 bellari
1379 2543 1597 2587 contingebat
1618 2552 1706 2576 nun-

247 2599 348 2633 quam
371 2599 534 2633 praesens
555 2594 769 2635 spectasset,
791 2591 1050 2637 descriptionem
1075 2591 1146 2626 eius
1169 2591 1206 2625 in
1227 2591 1347 2625 tabula
1366 2590 1548 2634 figuratam
1570 2588 1614 2622 ab
1637 2587 1706 2622 illic

244 2633 391 2669 versatis
425 2633 553 2668 habens
584 2647 668 2680 prae
698 2636 827 2679 oculis,
860 2637 989 2672 minute
1017 2637 1128 2672 omnia
1157 2637 1340 2672 mandabat
1369 2645 1602 2681 quaecumque
1629 2632 1707 2679 geri

247 2679 372 2726 agique
395 2691 415 2713 e
436 2690 474 2713 re
497 2681 608 2723 foret3
636 2685 672 2716 et
693 2683 871 2718 sanciebat
893 2683 1104 2729 disciplinam
1125 2688 1256 2726 metus,
1288 2684 1383 2717 certo
1401 2681 1615 2726 impendente
1636 2689 1705 2714 non

247 2726 558 2771 obtemperantibus
586 2727 737 2772 periculo
771 2727 908 2771 iudicii,
943 2729 1107 2775 supplicio
1142 2741 1219 2764 mox
1252 2727 1500 2763 damnationem
1532 2729 1706 2761 secuturo.

245 2770 285 2805 in
309 2772 396 2806 hunc
426 2772 560 2807 modum
587 2772 701 2808 missis
733 2776 815 2808 tune
847 2774 955 2821 copiis
976 2775 1140 2821 pleraque
1159 2775 1291 2810 illorum
1311 2778 1481 2808 tractuum
1502 2771 1568 2807 sibi
1589 2770 1707 2806 subie-

247 2816 310 2851 cit.
354 2829 433 2852 nam
456 2821 558 2864 capta
580 2826 634 2853 est
655 2819 919 2866 Philippopolis,
944 2826 1143 2867 occupatum
1164 2819 1414 2856 stenimachum
1436 2818 1630 2860 castellum,
1649 2816 1707 2852 iu-

248 2874 327 2907 gum
359 2863 551 2899 universum
583 2870 682 2901 extra
710 2866 877 2901 Haemum
898 2866 1072 2902 Romanae
1102 2867 1295 2902 adiunctum
1316 2865 1435 2901 ditioni
1457 2868 1521 2900 est.
1566 2866 1708 2908 recepta
