<?xml version="1.0" encoding="UTF-8"?>
<!DOCTYPE html PUBLIC "-//W3C//DTD XHTML 1.0 Transitional//EN"
    "http://www.w3.org/TR/xhtml1/DTD/xhtml1-transitional.dtd">
<html xmlns="http://www.w3.org/1999/xhtml" xml:lang="en" lang="en">
 <head>
  <title>
</title>
<meta http-equiv="Content-Type" content="text/html;charset=utf-8" />
  <meta name='ocr-system' content='tesseract 3.04.00' />
  <meta name='ocr-capabilities' content='ocr_page ocr_carea ocr_par ocr_line ocrx_word'/>
</head>
<body>
  <div class='ocr_page' id='page_1' title='image "./corpusscriptorum17niebuoft_0245.png"; bbox 0 0 1884 3262; ppageno 0'>
   <div class='ocr_carea' id='block_1_1' title="bbox 434 196 1664 244">
    <p class='ocr_par' dir='ltr' id='par_1_1' title="bbox 434 196 1664 244">
     <span class='ocr_line' id='line_1_1' title="bbox 434 196 1664 244; baseline 0.001 -1"><span class='ocrx_word' id='word_1_1' title='bbox 434 201 512 244; x_wconf 91' lang='lat' dir='ltr'><strong>DE</strong></span> <span class='ocrx_word' id='word_1_2' title='bbox 546 198 826 243; x_wconf 83' lang='lat' dir='ltr'><strong>MICHAELE</strong></span> <span class='ocrx_word' id='word_1_3' title='bbox 861 197 1239 244; x_wconf 86' lang='lat' dir='ltr'><strong>PALAEOLOGO</strong></span> <span class='ocrx_word' id='word_1_4' title='bbox 1274 199 1323 244; x_wconf 89' lang='lat' dir='ltr'><strong>L.</strong></span> <span class='ocrx_word' id='word_1_5' title='bbox 1348 196 1426 243; x_wconf 87' lang='lat'>111.</span> <span class='ocrx_word' id='word_1_6' title='bbox 1565 198 1664 244; x_wconf 80' lang='lat'><strong>227</strong></span> 
     </span>
    </p>
   </div>
   <div class='ocr_carea' id='block_1_2' title="bbox 124 304 1795 1617">
    <p class='ocr_par' dir='ltr' id='par_1_2' title="bbox 176 304 1714 579">
     <span class='ocr_line' id='line_1_2' title="bbox 176 304 1663 371; baseline -0.002 -12"><span class='ocrx_word' id='word_1_7' title='bbox 176 309 296 359; x_wconf 77' lang='grc' dir='ltr'><strong><em>’παισὶ</em></strong></span> <span class='ocrx_word' id='word_1_8' title='bbox 329 314 377 358; x_wconf 83' lang='grc' dir='ltr'><strong><em>τὸ</em></strong></span> <span class='ocrx_word' id='word_1_9' title='bbox 411 314 519 371; x_wconf 78' lang='grc' dir='ltr'><strong><em>ἱερὸν</em></strong></span> <span class='ocrx_word' id='word_1_10' title='bbox 556 310 881 371; x_wconf 69' lang='grc' dir='ltr'><strong><em>προφεύγουσιν,</em></strong></span> <span class='ocrx_word' id='word_1_11' title='bbox 922 311 980 364; x_wconf 84' lang='grc' dir='ltr'><strong>ὥς</strong></span> <span class='ocrx_word' id='word_1_12' title='bbox 1008 313 1164 356; x_wconf 81' lang='grc' dir='ltr'><strong><em>ἐκεῖθεν</em></strong></span> <span class='ocrx_word' id='word_1_13' title='bbox 1192 313 1268 370; x_wconf 82' lang='grc' dir='ltr'><strong>τὴν</strong></span> <span class='ocrx_word' id='word_1_14' title='bbox 1298 311 1473 356; x_wconf 76' lang='grc' dir='ltr'><strong><em>ἇσυλΙαν</em></strong></span> <span class='ocrx_word' id='word_1_15' title='bbox 1493 304 1663 364; x_wconf 60' lang='grc' dir='ltr'><strong><em>ἕξοντες.</em></strong></span> 
     </span>
     <span class='ocr_line' id='line_1_3' title="bbox 181 374 1662 442; baseline -0.003 -14"><span class='ocrx_word' id='word_1_16' title='bbox 181 383 239 435; x_wconf 79' lang='grc' dir='ltr'><strong>ὥς</strong></span> <span class='ocrx_word' id='word_1_17' title='bbox 261 386 286 427; x_wconf 91' lang='grc' dir='ltr'><strong><em>δ</em></strong></span> <span class='ocrx_word' id='word_1_18' title='bbox 293 383 306 400; x_wconf 79' lang='grc'><strong><em>’</em></strong></span> <span class='ocrx_word' id='word_1_19' title='bbox 327 385 476 434; x_wconf 77' lang='grc' dir='ltr'><strong><em>ἐκεῖνος</em></strong></span> <span class='ocrx_word' id='word_1_20' title='bbox 496 383 664 433; x_wconf 77' lang='grc' dir='ltr'><strong><em>ἐπιστὰς</em></strong></span> <span class='ocrx_word' id='word_1_21' title='bbox 684 387 742 442; x_wconf 80' lang='grc' dir='ltr'><strong><em>τῷ</em></strong></span> <span class='ocrx_word' id='word_1_22' title='bbox 764 386 851 440; x_wconf 80' lang='grc' dir='ltr'><strong>ναῷ</strong></span> <span class='ocrx_word' id='word_1_23' title='bbox 873 374 1033 425; x_wconf 82' lang='grc' dir='ltr'><strong><em>ἐκσπᾶν</em></strong></span> <span class='ocrx_word' id='word_1_24' title='bbox 1047 384 1234 438; x_wconf 82' lang='grc' dir='ltr'><strong><em>ἐπειρᾶτο</em></strong></span> <span class='ocrx_word' id='word_1_25' title='bbox 1268 381 1384 440; x_wconf 83' lang='grc' dir='ltr'><strong><em>(ᾔδει</em></strong></span> <span class='ocrx_word' id='word_1_26' title='bbox 1401 381 1480 439; x_wconf 79' lang='grc' dir='ltr'><strong><em>γὰρ</em></strong></span> <span class='ocrx_word' id='word_1_27' title='bbox 1498 385 1662 438; x_wconf 79' lang='grc' dir='ltr'><strong><em>βλαβη-</em></strong></span> 
     </span>
     <span class='ocr_line' id='line_1_4' title="bbox 181 446 1714 509; baseline -0.002 -13"><span class='ocrx_word' id='word_1_28' title='bbox 181 451 355 508; x_wconf 86' lang='grc' dir='ltr'><strong><em>σόμενος</em></strong></span> <span class='ocrx_word' id='word_1_29' title='bbox 382 452 441 508; x_wconf 82' lang='grc' dir='ltr'><strong>μὴ</strong></span> <span class='ocrx_word' id='word_1_30' title='bbox 471 449 682 509; x_wconf 75' lang='grc' dir='ltr'><strong><em>ἀνύσας),</em></strong></span> <span class='ocrx_word' id='word_1_31' title='bbox 720 451 821 495; x_wconf 86' lang='grc' dir='ltr'><strong><em>λέων</em></strong></span> <span class='ocrx_word' id='word_1_32' title='bbox 842 446 894 506; x_wconf 74' lang='grc' dir='ltr'><strong><em>ἦν</em></strong></span> <span class='ocrx_word' id='word_1_33' title='bbox 918 451 1023 505; x_wconf 79' lang='grc' dir='ltr'><strong><em>μετὰ</em></strong></span> <span class='ocrx_word' id='word_1_34' title='bbox 1044 452 1202 508; x_wconf 75' lang='grc' dir='ltr'><strong><em>ξίφους.</em></strong></span> <span class='ocrx_word' id='word_1_35' title='bbox 1275 448 1297 494; x_wconf 84' lang='grc' dir='ltr'><strong><em>ὅ</em></strong></span> <span class='ocrx_word' id='word_1_36' title='bbox 1329 451 1375 494; x_wconf 80' lang='grc' dir='ltr'><strong><em>δέ</em></strong></span> <span class='ocrx_word' id='word_1_37' title='bbox 1403 448 1660 508; x_wconf 76' lang='grc' dir='ltr'><em>πατριάρχης</em></span> <span class='ocrx_word' id='word_1_38' title='bbox 1681 458 1714 493; x_wconf 88' lang='lat' dir='ltr'>D</span> 
     </span>
     <span class='ocr_line' id='line_1_5' title="bbox 182 517 1663 579; baseline -0.001 -14"><span class='ocrx_word' id='word_1_39' title='bbox 182 522 330 566; x_wconf 82' lang='grc' dir='ltr'><strong><em>αὐτίκα</em></strong></span> <span class='ocrx_word' id='word_1_40' title='bbox 362 526 668 579; x_wconf 84' lang='grc' dir='ltr'><strong><em>προσυπαντῶν</em></strong></span> <span class='ocrx_word' id='word_1_41' title='bbox 700 522 768 563; x_wconf 81' lang='grc' dir='ltr'><strong><em>καὶ</em></strong></span> <span class='ocrx_word' id='word_1_42' title='bbox 797 522 1012 576; x_wconf 79' lang='grc' dir='ltr'><strong><em>ἐμβριθῶς</em></strong></span> <span class='ocrx_word' id='word_1_43' title='bbox 1041 518 1250 574; x_wconf 72' lang='grc' dir='ltr'><strong>ἀπέπεμπε</strong></span> <span class='ocrx_word' id='word_1_44' title='bbox 1271 519 1343 563; x_wconf 85' lang='grc' dir='ltr'><strong>τὸν</strong></span> <span class='ocrx_word' id='word_1_45' title='bbox 1369 517 1559 573; x_wconf 84' lang='grc' dir='ltr'><strong><em>ἐπιόντα,</em></strong></span> <span class='ocrx_word' id='word_1_46' title='bbox 1595 521 1663 563; x_wconf 80' lang='grc' dir='ltr'><strong>καὶ</strong></span> 
     </span>
    </p>

    <p class='ocr_par' dir='ltr' id='par_1_3' title="bbox 147 587 1664 923">
     <span class='ocr_line' id='line_1_6' title="bbox 147 587 1663 646; baseline -0.001 -13"><span class='ocrx_word' id='word_1_47' title='bbox 147 598 170 633; x_wconf 88' lang='grc'><strong>5</strong></span> <span class='ocrx_word' id='word_1_48' title='bbox 186 592 269 634; x_wconf 77' lang='lat' dir='ltr'><strong>“rl</strong></span> <span class='ocrx_word' id='word_1_49' title='bbox 293 589 540 642; x_wconf 84' lang='grc' dir='ltr'><strong><em>παθόντες”</em></strong></span> <span class='ocrx_word' id='word_1_50' title='bbox 567 590 698 646; x_wconf 68' lang='grc' dir='ltr'><strong><em>ἔλεγεν</em></strong></span> <span class='ocrx_word' id='word_1_51' title='bbox 729 588 1027 646; x_wconf 56' lang='grc' dir='ltr'><strong><em>((ὂφθαλμοῦς</em></strong></span> <span class='ocrx_word' id='word_1_52' title='bbox 1060 590 1127 631; x_wconf 79' lang='grc' dir='ltr'><strong>καὶ</strong></span> <span class='ocrx_word' id='word_1_53' title='bbox 1152 594 1294 645; x_wconf 81' lang='grc' dir='ltr'><strong><em>χεῖρας</em></strong></span> <span class='ocrx_word' id='word_1_54' title='bbox 1316 589 1384 630; x_wconf 81' lang='grc' dir='ltr'><strong><em>καὶ</em></strong></span> <span class='ocrx_word' id='word_1_55' title='bbox 1410 587 1542 638; x_wconf 77' lang='grc' dir='ltr'><strong><em>ἀκοὰς</em></strong></span> <span class='ocrx_word' id='word_1_56' title='bbox 1559 587 1663 644; x_wconf 79' lang='grc' dir='ltr'><strong><em>ἢμε-</em></strong></span> 
     </span>
     <span class='ocr_line' id='line_1_7' title="bbox 179 654 1663 717; baseline -0.002 -13"><span class='ocrx_word' id='word_1_57' title='bbox 179 660 327 717; x_wconf 82' lang='grc' dir='ltr'><strong><em>τέρας,</em></strong></span> <span class='ocrx_word' id='word_1_58' title='bbox 365 660 464 710; x_wconf 76' lang='grc' dir='ltr'><strong><em>τοὺς</em></strong></span> <span class='ocrx_word' id='word_1_59' title='bbox 493 659 570 715; x_wconf 74' lang='grc' dir='ltr'><strong><em>μὲν</em></strong></span> <span class='ocrx_word' id='word_1_60' title='bbox 595 660 824 716; x_wconf 73' lang='grc' dir='ltr'><strong><em>ἐκτυφλοῦν</em></strong></span> <span class='ocrx_word' id='word_1_61' title='bbox 855 658 933 708; x_wconf 78' lang='grc' dir='ltr'><strong><em>τὰς</em></strong></span> <span class='ocrx_word' id='word_1_62' title='bbox 953 657 999 700; x_wconf 81' lang='grc' dir='ltr'><strong>δ’</strong></span> <span class='ocrx_word' id='word_1_63' title='bbox 1034 654 1239 700; x_wconf 71' lang='grc' dir='ltr'><strong><em>ἐκκόπτειν</em></strong></span> <span class='ocrx_word' id='word_1_64' title='bbox 1270 661 1472 714; x_wconf 83' lang='grc' dir='ltr'><strong><em>πειρᾶσθε</em></strong></span> <span class='ocrx_word' id='word_1_65' title='bbox 1483 657 1535 712; x_wconf 86' lang='grc'><strong>,·”</strong></span> <span class='ocrx_word' id='word_1_66' title='bbox 1563 659 1663 701; x_wconf 62' lang='grc' dir='ltr'><strong><em>’ἐπε-</em></strong></span> 
     </span>
     <span class='ocr_line' id='line_1_8' title="bbox 174 723 1659 782; baseline -0.003 -9"><span class='ocrx_word' id='word_1_67' title='bbox 174 734 311 782; x_wconf 46' lang='lat' dir='ltr'><strong>&gt;eoam</strong></span> <span class='ocrx_word' id='word_1_68' title='bbox 343 730 388 772; x_wconf 77' lang='grc' dir='ltr'><strong>δὲ</strong></span> <span class='ocrx_word' id='word_1_69' title='bbox 414 731 481 772; x_wconf 85' lang='grc' dir='ltr'><strong>καὶ</strong></span> <span class='ocrx_word' id='word_1_70' title='bbox 503 728 605 771; x_wconf 83' lang='grc' dir='ltr'><strong><em>θεὸν</em></strong></span> <span class='ocrx_word' id='word_1_71' title='bbox 623 729 690 770; x_wconf 84' lang='grc' dir='ltr'><strong>καὶ</strong></span> <span class='ocrx_word' id='word_1_72' title='bbox 711 725 963 782; x_wconf 71' lang='grc' dir='ltr'><strong><em>ἀνθρώπους</em></strong></span> <span class='ocrx_word' id='word_1_73' title='bbox 983 724 1039 777; x_wconf 81' lang='grc' dir='ltr'><strong>ὥς</strong></span> <span class='ocrx_word' id='word_1_74' title='bbox 1060 726 1243 769; x_wconf 79' lang='grc' dir='ltr'><strong><em>ἀδικοῖτο</em></strong></span> <span class='ocrx_word' id='word_1_75' title='bbox 1274 723 1659 780; x_wconf 78' lang='grc' dir='ltr'><strong><em>πλεονεκτούμενος·</em></strong></span> 
     </span>
     <span class='ocr_line' id='line_1_9' title="bbox 180 791 1664 856; baseline -0.002 -15"><span class='ocrx_word' id='word_1_76' title='bbox 180 800 287 854; x_wconf 81' lang='grc' dir='ltr'><strong><em>μηδὲ</em></strong></span> <span class='ocrx_word' id='word_1_77' title='bbox 316 798 396 856; x_wconf 75' lang='grc' dir='ltr'><strong><em>γὰρ</em></strong></span> <span class='ocrx_word' id='word_1_78' title='bbox 423 799 582 841; x_wconf 83' lang='grc' dir='ltr'><strong><em>δίκαιον</em></strong></span> <span class='ocrx_word' id='word_1_79' title='bbox 611 795 712 840; x_wconf 71' lang='grc' dir='ltr'><strong><em>εἶναι</em></strong></span> <span class='ocrx_word' id='word_1_80' title='bbox 745 801 833 855; x_wconf 76' lang='grc' dir='ltr'><strong><em>θεῷ</em></strong></span> <span class='ocrx_word' id='word_1_81' title='bbox 862 795 1194 852; x_wconf 83' lang='grc' dir='ltr'><strong><em>καθιερωμένους</em></strong></span> <span class='ocrx_word' id='word_1_82' title='bbox 1225 793 1382 851; x_wconf 71' lang='grc' dir='ltr'><strong><em>ἄνδρας</em></strong></span> <span class='ocrx_word' id='word_1_83' title='bbox 1405 791 1664 838; x_wconf 63' lang='grc' dir='ltr'><strong><em>εῧθῦνεσθαι</em></strong></span> 
     </span>
     <span class='ocr_line' id='line_1_10' title="bbox 181 862 1664 923; baseline -0.003 -12"><span class='ocrx_word' id='word_1_84' title='bbox 181 874 403 923; x_wconf 79' lang='grc' dir='ltr'><strong><em>κοσμικοῒς.</em></strong></span> <span class='ocrx_word' id='word_1_85' title='bbox 476 864 533 916; x_wconf 82' lang='grc' dir='ltr'><strong>ὥς</strong></span> <span class='ocrx_word' id='word_1_86' title='bbox 555 865 599 908; x_wconf 78' lang='grc' dir='ltr'><strong>δ’</strong></span> <span class='ocrx_word' id='word_1_87' title='bbox 623 863 813 921; x_wconf 79' lang='grc' dir='ltr'><strong><em>ἄπεπᾶγη</em></strong></span> <span class='ocrx_word' id='word_1_88' title='bbox 835 865 938 922; x_wconf 78' lang='grc' dir='ltr'><strong><em>πρὸς</em></strong></span> <span class='ocrx_word' id='word_1_89' title='bbox 959 869 1094 908; x_wconf 80' lang='grc' dir='ltr'><strong><em>ταῦτα</em></strong></span> <span class='ocrx_word' id='word_1_90' title='bbox 1113 862 1135 907; x_wconf 81' lang='grc' dir='ltr'><strong>ὅ</strong></span> <span class='ocrx_word' id='word_1_91' title='bbox 1155 863 1236 920; x_wconf 81' lang='grc' dir='ltr'><strong>πρὸ</strong></span> <span class='ocrx_word' id='word_1_92' title='bbox 1258 868 1408 921; x_wconf 80' lang='grc' dir='ltr'><strong><em>μικροῦ</em></strong></span> <span class='ocrx_word' id='word_1_93' title='bbox 1425 862 1664 922; x_wconf 81' lang='grc' dir='ltr'><strong><em>ὖπέροφρυς</em></strong></span> 
     </span>
    </p>

    <p class='ocr_par' dir='ltr' id='par_1_4' title="bbox 126 930 1716 1270">
     <span class='ocr_line' id='line_1_11' title="bbox 126 930 1716 992; baseline -0.002 -13"><span class='ocrx_word' id='word_1_94' title='bbox 126 945 170 979; x_wconf 90' lang='grc'><strong>10</strong></span> <span class='ocrx_word' id='word_1_95' title='bbox 182 935 238 987; x_wconf 83' lang='grc' dir='ltr'><strong>ὥς</strong></span> <span class='ocrx_word' id='word_1_96' title='bbox 270 933 487 979; x_wconf 75' lang='grc' dir='ltr'><strong><em>ἐκσπᾶσων</em></strong></span> <span class='ocrx_word' id='word_1_97' title='bbox 515 933 593 977; x_wconf 77' lang='grc' dir='ltr'><strong><em>κᾶν</em></strong></span> <span class='ocrx_word' id='word_1_98' title='bbox 612 934 654 977; x_wconf 78' lang='grc' dir='ltr'><strong>εἷ’</strong></span> <span class='ocrx_word' id='word_1_99' title='bbox 671 951 710 976; x_wconf 86' lang='grc' dir='ltr'><strong>τι</strong></span> <span class='ocrx_word' id='word_1_100' title='bbox 730 934 910 992; x_wconf 78' lang='grc' dir='ltr'><strong><em>γένοιτο,</em></strong></span> <span class='ocrx_word' id='word_1_101' title='bbox 948 941 1036 985; x_wconf 83' lang='grc' dir='ltr'><strong><em>τοῖς</em></strong></span> <span class='ocrx_word' id='word_1_102' title='bbox 1062 934 1138 989; x_wconf 76' lang='grc' dir='ltr'><strong><em>μὲν</em></strong></span> <span class='ocrx_word' id='word_1_103' title='bbox 1169 930 1347 990; x_wconf 79' lang='grc' dir='ltr'><strong><em>ἀνδράσι</em></strong></span> <span class='ocrx_word' id='word_1_104' title='bbox 1368 932 1416 976; x_wconf 81' lang='grc' dir='ltr'><strong><em>τὸ</em></strong></span> <span class='ocrx_word' id='word_1_105' title='bbox 1440 932 1549 989; x_wconf 79' lang='grc' dir='ltr'><strong><em>ἱερὸν</em></strong></span> <span class='ocrx_word' id='word_1_106' title='bbox 1576 950 1658 976; x_wconf 88' lang='grc' dir='ltr'><strong>πα-</strong></span> <span class='ocrx_word' id='word_1_107' title='bbox 1684 940 1716 975; x_wconf 72' lang='grc' dir='ltr'><strong>Β</strong></span> 
     </span>
     <span class='ocr_line' id='line_1_12' title="bbox 179 1000 1664 1061; baseline -0.003 -12"><span class='ocrx_word' id='word_1_108' title='bbox 179 1010 322 1050; x_wconf 82' lang='grc' dir='ltr'><strong><em>τοῦσιν</em></strong></span> <span class='ocrx_word' id='word_1_109' title='bbox 351 1005 395 1048; x_wconf 79' lang='grc' dir='ltr'><strong><em>αἱ</em></strong></span> <span class='ocrx_word' id='word_1_110' title='bbox 420 1003 547 1061; x_wconf 80' lang='grc' dir='ltr'><strong><em>ὁρμαὶ</em></strong></span> <span class='ocrx_word' id='word_1_111' title='bbox 577 1003 734 1046; x_wconf 80' lang='grc' dir='ltr'><strong><em>ἀνεῖντο</em></strong></span> <span class='ocrx_word' id='word_1_112' title='bbox 753 1002 811 1058; x_wconf 85' lang='grc' dir='ltr'><strong>μὴ</strong></span> <span class='ocrx_word' id='word_1_113' title='bbox 834 1000 1036 1056; x_wconf 87' lang='grc' dir='ltr'><strong><em>δεδιόσιν,</em></strong></span> <span class='ocrx_word' id='word_1_114' title='bbox 1074 1003 1223 1054; x_wconf 79' lang='grc' dir='ltr'><strong><em>ἐκεῖνος</em></strong></span> <span class='ocrx_word' id='word_1_115' title='bbox 1246 1002 1292 1044; x_wconf 76' lang='grc' dir='ltr'><strong>δὲ</strong></span> <span class='ocrx_word' id='word_1_116' title='bbox 1311 1001 1415 1058; x_wconf 82' lang='grc' dir='ltr'><strong><em>πρὸς</em></strong></span> <span class='ocrx_word' id='word_1_117' title='bbox 1433 1002 1511 1052; x_wconf 79' lang='grc' dir='ltr'><strong><em>τὰς</em></strong></span> <span class='ocrx_word' id='word_1_118' title='bbox 1533 1003 1664 1052; x_wconf 79' lang='grc' dir='ltr'><strong><em>οῗκίας</em></strong></span> 
     </span>
     <span class='ocr_line' id='line_1_13' title="bbox 178 1066 1664 1132; baseline -0.003 -15"><span class='ocrx_word' id='word_1_119' title='bbox 178 1074 382 1132; x_wconf 80' lang='grc' dir='ltr'><strong><em>τρέπεται.</em></strong></span> <span class='ocrx_word' id='word_1_120' title='bbox 456 1071 654 1128; x_wconf 74' lang='grc' dir='ltr'><strong><em>ἀμπέλοις</em></strong></span> <span class='ocrx_word' id='word_1_121' title='bbox 686 1071 731 1115; x_wconf 72' lang='grc' dir='ltr'><strong>δ’</strong></span> <span class='ocrx_word' id='word_1_122' title='bbox 760 1072 985 1116; x_wconf 75' lang='grc' dir='ltr'><strong><em>ἐπιθέσθαι</em></strong></span> <span class='ocrx_word' id='word_1_123' title='bbox 1015 1071 1089 1115; x_wconf 71' lang='grc' dir='ltr'><strong><em>οὔκ</em></strong></span> <span class='ocrx_word' id='word_1_124' title='bbox 1118 1066 1193 1127; x_wconf 81' lang='grc' dir='ltr'><strong><em>ἦν,</em></strong></span> <span class='ocrx_word' id='word_1_125' title='bbox 1233 1069 1296 1114; x_wconf 81' lang='grc' dir='ltr'><strong>ὅτι</strong></span> <span class='ocrx_word' id='word_1_126' title='bbox 1317 1070 1413 1114; x_wconf 71' lang='grc' dir='ltr'><strong><em>οὐδ’</em></strong></span> <span class='ocrx_word' id='word_1_127' title='bbox 1432 1066 1541 1127; x_wconf 74' lang='grc' dir='ltr'><strong><em>ἦσαν</em></strong></span> <span class='ocrx_word' id='word_1_128' title='bbox 1561 1071 1664 1114; x_wconf 81' lang='grc' dir='ltr'><strong><em>ἐκεί-</em></strong></span> 
     </span>
     <span class='ocr_line' id='line_1_14' title="bbox 178 1137 1662 1199; baseline -0.003 -12"><span class='ocrx_word' id='word_1_129' title='bbox 178 1161 265 1194; x_wconf 77' lang='grc' dir='ltr'><strong><em>νοις</em></strong></span> <span class='ocrx_word' id='word_1_130' title='bbox 296 1142 470 1199; x_wconf 67' lang='grc' dir='ltr'><strong><em>ἄμπελοι</em></strong></span> <span class='ocrx_word' id='word_1_131' title='bbox 498 1143 610 1199; x_wconf 83' lang='grc' dir='ltr'><strong><em>τῇδε.</em></strong></span> <span class='ocrx_word' id='word_1_132' title='bbox 682 1141 789 1184; x_wconf 79' lang='grc' dir='ltr'><strong><em>ἀλλὰ</em></strong></span> <span class='ocrx_word' id='word_1_133' title='bbox 822 1143 890 1185; x_wconf 82' lang='grc' dir='ltr'><strong><em>καὶ</em></strong></span> <span class='ocrx_word' id='word_1_134' title='bbox 924 1146 1008 1185; x_wconf 81' lang='grc' dir='ltr'><strong>τῶν</strong></span> <span class='ocrx_word' id='word_1_135' title='bbox 1045 1142 1184 1184; x_wconf 80' lang='grc' dir='ltr'><strong><em>οῗκιῶν</em></strong></span> <span class='ocrx_word' id='word_1_136' title='bbox 1211 1138 1486 1197; x_wconf 73' lang='grc' dir='ltr'><strong><em>ἀποτρέπεται</em></strong></span> <span class='ocrx_word' id='word_1_137' title='bbox 1521 1137 1578 1190; x_wconf 79' lang='grc' dir='ltr'><strong>ὥς</strong></span> <span class='ocrx_word' id='word_1_138' title='bbox 1603 1139 1662 1195; x_wconf 86' lang='grc' dir='ltr'><strong>μὴ</strong></span> 
     </span>
     <span class='ocr_line' id='line_1_15' title="bbox 179 1208 1660 1270; baseline -0.003 -14"><span class='ocrx_word' id='word_1_139' title='bbox 179 1213 322 1270; x_wconf 74' lang='grc' dir='ltr'><strong><em>σφίσιν</em></strong></span> <span class='ocrx_word' id='word_1_140' title='bbox 351 1211 526 1267; x_wconf 79' lang='grc' dir='ltr'><strong><em>ἀληθῶς</em></strong></span> <span class='ocrx_word' id='word_1_141' title='bbox 555 1210 691 1254; x_wconf 74' lang='grc' dir='ltr'><strong><em>οὐσῶν</em></strong></span> <span class='ocrx_word' id='word_1_142' title='bbox 725 1210 832 1253; x_wconf 81' lang='grc' dir='ltr'><strong><em>ἀλλὰ</em></strong></span> <span class='ocrx_word' id='word_1_143' title='bbox 860 1215 1021 1264; x_wconf 79' lang='grc' dir='ltr'><strong><em>μᾶλλον</em></strong></span> <span class='ocrx_word' id='word_1_144' title='bbox 1042 1213 1115 1266; x_wconf 85' lang='grc' dir='ltr'><strong><em>τῆς</em></strong></span> <span class='ocrx_word' id='word_1_145' title='bbox 1134 1210 1350 1265; x_wconf 74' lang='grc' dir='ltr'><strong><em>ἐκκλησίας</em></strong></span> <span class='ocrx_word' id='word_1_146' title='bbox 1379 1208 1660 1266; x_wconf 80' lang='grc' dir='ltr'><strong><em>λογιζομένων.</em></strong></span> 
     </span>
    </p>

    <p class='ocr_par' dir='ltr' id='par_1_5' title="bbox 124 1276 1795 1617">
     <span class='ocr_line' id='line_1_16' title="bbox 124 1276 1662 1340; baseline -0.003 -16"><span class='ocrx_word' id='word_1_147' title='bbox 124 1289 168 1324; x_wconf 88' lang='grc'><strong>15</strong></span> <span class='ocrx_word' id='word_1_148' title='bbox 181 1282 448 1340; x_wconf 74' lang='grc' dir='ltr'><strong><em>ἐκκρουσθεὶς</em></strong></span> <span class='ocrx_word' id='word_1_149' title='bbox 469 1276 543 1324; x_wconf 70' lang='grc' dir='ltr'><strong><em>οἶν</em></strong></span> <span class='ocrx_word' id='word_1_150' title='bbox 560 1286 648 1330; x_wconf 80' lang='grc' dir='ltr'><strong><em>τοῖς</em></strong></span> <span class='ocrx_word' id='word_1_151' title='bbox 668 1278 780 1330; x_wconf 81' lang='grc' dir='ltr'><strong><em>ὅλοις</em></strong></span> <span class='ocrx_word' id='word_1_152' title='bbox 801 1277 822 1323; x_wconf 83' lang='grc' dir='ltr'><strong><em>ὅ</em></strong></span> <span class='ocrx_word' id='word_1_153' title='bbox 846 1279 1085 1335; x_wconf 78' lang='grc' dir='ltr'><strong><em>ἐπιτιμητὴς</em></strong></span> <span class='ocrx_word' id='word_1_154' title='bbox 1115 1280 1264 1328; x_wconf 82' lang='grc' dir='ltr'><strong><em>ἐκεῖνος</em></strong></span> <span class='ocrx_word' id='word_1_155' title='bbox 1286 1277 1432 1332; x_wconf 85' lang='grc' dir='ltr'><strong><em>πέμπει</em></strong></span> <span class='ocrx_word' id='word_1_156' title='bbox 1450 1278 1662 1331; x_wconf 74' lang='grc' dir='ltr'><strong><em>Νικαίαζε,</em></strong></span> 
     </span>
     <span class='ocr_line' id='line_1_17' title="bbox 178 1344 1664 1407; baseline -0.003 -13"><span class='ocrx_word' id='word_1_157' title='bbox 178 1353 247 1395; x_wconf 85' lang='grc' dir='ltr'><strong>καὶ</strong></span> <span class='ocrx_word' id='word_1_158' title='bbox 266 1350 319 1394; x_wconf 80' lang='grc' dir='ltr'><strong><em>τὰ</em></strong></span> <span class='ocrx_word' id='word_1_159' title='bbox 338 1348 674 1407; x_wconf 78' lang='grc' dir='ltr'><strong><em>προστεταγμένα</em></strong></span> <span class='ocrx_word' id='word_1_160' title='bbox 691 1350 755 1392; x_wconf 79' lang='grc' dir='ltr'><strong><em>ἐπὶ</em></strong></span> <span class='ocrx_word' id='word_1_161' title='bbox 776 1355 864 1399; x_wconf 86' lang='grc' dir='ltr'><strong><em>τοῖς</em></strong></span> <span class='ocrx_word' id='word_1_162' title='bbox 886 1353 1006 1407; x_wconf 76' lang='grc' dir='ltr'><strong><em>σφῶν</em></strong></span> <span class='ocrx_word' id='word_1_163' title='bbox 1027 1345 1206 1403; x_wconf 83' lang='grc' dir='ltr'><strong><em>κτήμασι</em></strong></span> <span class='ocrx_word' id='word_1_164' title='bbox 1227 1344 1534 1404; x_wconf 79' lang='grc' dir='ltr'><strong><em>διαπράττεται.</em></strong></span> <span class='ocrx_word' id='word_1_165' title='bbox 1581 1364 1664 1390; x_wconf 86' lang='grc' dir='ltr'><strong><em>κω-</em></strong></span> 
     </span>
     <span class='ocr_line' id='line_1_18' title="bbox 178 1412 1666 1474; baseline -0.003 -11"><span class='ocrx_word' id='word_1_166' title='bbox 178 1421 323 1470; x_wconf 81' lang='grc' dir='ltr'><strong><em>λυθεὶς</em></strong></span> <span class='ocrx_word' id='word_1_167' title='bbox 345 1420 390 1462; x_wconf 68' lang='lat' dir='ltr'><strong>de*</strong></span> <span class='ocrx_word' id='word_1_168' title='bbox 413 1418 669 1474; x_wconf 79' lang='grc' dir='ltr'><strong><em>ἀποπέμπειν</em></strong></span> <span class='ocrx_word' id='word_1_169' title='bbox 690 1418 907 1473; x_wconf 80' lang='grc' dir='ltr'><strong><em>δεσμίους,</em></strong></span> <span class='ocrx_word' id='word_1_170' title='bbox 947 1415 1003 1468; x_wconf 82' lang='grc' dir='ltr'><strong>ὥς</strong></span> <span class='ocrx_word' id='word_1_171' title='bbox 1027 1415 1054 1472; x_wconf 78' lang='grc' dir='ltr'><strong><em>ἦ</em></strong></span> <span class='ocrx_word' id='word_1_172' title='bbox 1080 1414 1306 1473; x_wconf 78' lang='grc' dir='ltr'><strong><em>πρόσταξις</em></strong></span> <span class='ocrx_word' id='word_1_173' title='bbox 1326 1413 1403 1470; x_wconf 78' lang='grc' dir='ltr'><strong><em>εἶχε</em></strong></span> <span class='ocrx_word' id='word_1_174' title='bbox 1416 1448 1430 1468; x_wconf 85' lang='grc'><strong><em>,</em></strong></span> <span class='ocrx_word' id='word_1_175' title='bbox 1462 1412 1666 1470; x_wconf 75' lang='grc' dir='ltr'><strong><em>συνεβού-</em></strong></span> 
     </span>
     <span class='ocr_line' id='line_1_19' title="bbox 179 1483 1795 1546; baseline -0.003 -15"><span class='ocrx_word' id='word_1_176' title='bbox 179 1493 270 1532; x_wconf 86' lang='grc' dir='ltr'><strong><em>λευε</em></strong></span> <span class='ocrx_word' id='word_1_177' title='bbox 300 1488 443 1546; x_wconf 82' lang='grc' dir='ltr'><strong><em>σφίσιν</em></strong></span> <span class='ocrx_word' id='word_1_178' title='bbox 475 1486 632 1537; x_wconf 72' lang='grc' dir='ltr'><strong><em>αὐτοὺς</em></strong></span> <span class='ocrx_word' id='word_1_179' title='bbox 663 1486 833 1537; x_wconf 82' lang='grc' dir='ltr'><strong><em>ἀνέτους</em></strong></span> <span class='ocrx_word' id='word_1_180' title='bbox 865 1484 921 1537; x_wconf 81' lang='grc' dir='ltr'><strong>ὥς</strong></span> <span class='ocrx_word' id='word_1_181' title='bbox 951 1484 1126 1540; x_wconf 83' lang='grc' dir='ltr'><strong><em>βασιλέα</em></strong></span> <span class='ocrx_word' id='word_1_182' title='bbox 1154 1491 1328 1542; x_wconf 82' lang='grc' dir='ltr'><strong><em>χωρεῖν,</em></strong></span> <span class='ocrx_word' id='word_1_183' title='bbox 1377 1487 1453 1528; x_wconf 84' lang='grc' dir='ltr'><strong><em>τοῦ</em></strong></span> <span class='ocrx_word' id='word_1_184' title='bbox 1482 1483 1655 1540; x_wconf 75' lang='grc' dir='ltr'><strong><em>ἀληθῶς</em></strong></span> <span class='ocrx_word' id='word_1_185' title='bbox 1677 1497 1706 1532; x_wconf 83' lang='grc' dir='ltr'>Ρ</span> <span class='ocrx_word' id='word_1_186' title='bbox 1728 1498 1795 1534; x_wconf 75' lang='lat'><strong>152</strong></span> 
     </span>
     <span class='ocr_line' id='line_1_20' title="bbox 181 1550 1666 1617; baseline -0.002 -16"><span class='ocrx_word' id='word_1_187' title='bbox 181 1557 386 1617; x_wconf 62' lang='grc' dir='ltr'><strong><em>φρουρίου</em></strong></span> <span class='ocrx_word' id='word_1_188' title='bbox 417 1555 794 1611; x_wconf 83' lang='grc' dir='ltr'><strong><em>ἀποσπασθέντας,</em></strong></span> <span class='ocrx_word' id='word_1_189' title='bbox 833 1553 889 1607; x_wconf 82' lang='grc' dir='ltr'><strong>ὥς</strong></span> <span class='ocrx_word' id='word_1_190' title='bbox 915 1550 967 1612; x_wconf 74' lang='grc' dir='ltr'><strong><em>ἦν</em></strong></span> <span class='ocrx_word' id='word_1_191' title='bbox 989 1553 1010 1599; x_wconf 84' lang='grc' dir='ltr'>ὅ</span> <span class='ocrx_word' id='word_1_192' title='bbox 1032 1553 1132 1604; x_wconf 85' lang='grc' dir='ltr'><strong><em>ναὸς</em></strong></span> <span class='ocrx_word' id='word_1_193' title='bbox 1162 1553 1366 1612; x_wconf 77' lang='grc' dir='ltr'><strong><em>ἄντικρυς.</em></strong></span> <span class='ocrx_word' id='word_1_194' title='bbox 1439 1551 1666 1611; x_wconf 75' lang='grc' dir='ltr'><strong><em>ἀπολογίαν</em></strong></span> 
     </span>
    </p>
   </div>
   <div class='ocr_carea' id='block_1_3' title="bbox 274 1666 861 1717">
    <p class='ocr_par' dir='ltr' id='par_1_6' title="bbox 274 1666 861 1717">
     <span class='ocr_line' id='line_1_21' title="bbox 274 1666 861 1717; baseline -0.003 -13"><span class='ocrx_word' id='word_1_195' title='bbox 274 1670 308 1704; x_wconf 92' lang='grc'><strong>6.</strong></span> <span class='ocrx_word' id='word_1_196' title='bbox 332 1669 550 1715; x_wconf 75' lang='grc' dir='ltr'><strong><em>πειρᾶσθαι.</em></strong></span> <span class='ocrx_word' id='word_1_197' title='bbox 572 1666 762 1717; x_wconf 53' lang='lat' dir='ltr'><strong>&amp;neposve</strong></span> <span class='ocrx_word' id='word_1_198' title='bbox 787 1669 827 1704; x_wconf 88' lang='lat' dir='ltr'><strong>P.</strong></span> <span class='ocrx_word' id='word_1_199' title='bbox 855 1697 861 1702; x_wconf 83' lang='lat'>.</span> 
     </span>
    </p>
   </div>
   <div class='ocr_carea' id='block_1_4' title="bbox 149 1757 1666 2914">
    <p class='ocr_par' dir='ltr' id='par_1_7' title="bbox 149 1757 1666 2914">
     <span class='ocr_line' id='line_1_22' title="bbox 179 1757 1661 1807; baseline -0.003 -12"><span class='ocrx_word' id='word_1_200' title='bbox 179 1762 342 1806; x_wconf 79' lang='lat' dir='ltr'><strong>templum</strong></span> <span class='ocrx_word' id='word_1_201' title='bbox 366 1759 579 1807; x_wconf 81' lang='lat' dir='ltr'><strong>confugiunt,</strong></span> <span class='ocrx_word' id='word_1_202' title='bbox 600 1761 679 1795; x_wconf 87' lang='lat' dir='ltr'><strong>iure</strong></span> <span class='ocrx_word' id='word_1_203' title='bbox 701 1759 773 1795; x_wconf 89' lang='lat' dir='ltr'><strong>illic</strong></span> <span class='ocrx_word' id='word_1_204' title='bbox 796 1758 884 1805; x_wconf 80' lang='lat' dir='ltr'><strong>asyli</strong></span> <span class='ocrx_word' id='word_1_205' title='bbox 907 1758 974 1794; x_wconf 84' lang='lat' dir='ltr'><strong>tuti</strong></span> <span class='ocrx_word' id='word_1_206' title='bbox 997 1758 1116 1793; x_wconf 82' lang='lat' dir='ltr'><strong>futuri.</strong></span> <span class='ocrx_word' id='word_1_207' title='bbox 1140 1769 1209 1803; x_wconf 90' lang='lat' dir='ltr'><strong>quo</strong></span> <span class='ocrx_word' id='word_1_208' title='bbox 1232 1757 1489 1792; x_wconf 83' lang='lat' dir='ltr'><strong>sebastocrator</strong></span> <span class='ocrx_word' id='word_1_209' title='bbox 1512 1757 1661 1802; x_wconf 78' lang='lat' dir='ltr'><strong>cognito,</strong></span> 
     </span>
     <span class='ocr_line' id='line_1_23' title="bbox 180 1803 1666 1852; baseline -0.002 -10"><span class='ocrx_word' id='word_1_210' title='bbox 180 1811 346 1852; x_wconf 89' lang='lat' dir='ltr'><strong>reputans</strong></span> <span class='ocrx_word' id='word_1_211' title='bbox 376 1818 535 1851; x_wconf 79' lang='lat' dir='ltr'><strong>magnum</strong></span> <span class='ocrx_word' id='word_1_212' title='bbox 567 1807 634 1842; x_wconf 89' lang='lat' dir='ltr'><strong>sibi</strong></span> <span class='ocrx_word' id='word_1_213' title='bbox 665 1807 710 1841; x_wconf 87' lang='lat' dir='ltr'><strong>ab</strong></span> <span class='ocrx_word' id='word_1_214' title='bbox 742 1806 950 1852; x_wconf 81' lang='lat' dir='ltr'><strong>imperatore</strong></span> <span class='ocrx_word' id='word_1_215' title='bbox 979 1805 1104 1840; x_wconf 83' lang='lat' dir='ltr'><strong>malum</strong></span> <span class='ocrx_word' id='word_1_216' title='bbox 1137 1804 1248 1839; x_wconf 85' lang='lat' dir='ltr'><strong>affore</strong></span> <span class='ocrx_word' id='word_1_217' title='bbox 1271 1803 1335 1838; x_wconf 89' lang='lat' dir='ltr'><strong>nisi</strong></span> <span class='ocrx_word' id='word_1_218' title='bbox 1359 1815 1447 1850; x_wconf 86' lang='lat' dir='ltr'><strong>quae</strong></span> <span class='ocrx_word' id='word_1_219' title='bbox 1468 1803 1498 1838; x_wconf 89' lang='lat' dir='ltr'><strong>is</strong></span> <span class='ocrx_word' id='word_1_220' title='bbox 1521 1803 1666 1839; x_wconf 85' lang='lat' dir='ltr'><strong>iubebat</strong></span> 
     </span>
     <span class='ocr_line' id='line_1_24' title="bbox 180 1850 1664 1900; baseline -0.003 -12"><span class='ocrx_word' id='word_1_221' title='bbox 180 1853 308 1888; x_wconf 85' lang='lat' dir='ltr'><strong>effecta</strong></span> <span class='ocrx_word' id='word_1_222' title='bbox 340 1853 525 1896; x_wconf 88' lang='lat' dir='ltr'><strong>redderet,</strong></span> <span class='ocrx_word' id='word_1_223' title='bbox 561 1853 597 1887; x_wconf 91' lang='lat' dir='ltr'><strong>in</strong></span> <span class='ocrx_word' id='word_1_224' title='bbox 630 1852 791 1900; x_wconf 88' lang='lat' dir='ltr'><strong>templum</strong></span> <span class='ocrx_word' id='word_1_225' title='bbox 824 1863 906 1887; x_wconf 86' lang='lat' dir='ltr'><strong>ense</strong></span> <span class='ocrx_word' id='word_1_226' title='bbox 935 1852 1058 1887; x_wconf 87' lang='lat' dir='ltr'><strong>stricto</strong></span> <span class='ocrx_word' id='word_1_227' title='bbox 1081 1854 1120 1886; x_wconf 89' lang='lat' dir='ltr'><strong>ut</strong></span> <span class='ocrx_word' id='word_1_228' title='bbox 1140 1851 1195 1885; x_wconf 90' lang='lat' dir='ltr'><strong>leo</strong></span> <span class='ocrx_word' id='word_1_229' title='bbox 1217 1850 1351 1884; x_wconf 89' lang='lat' dir='ltr'><strong>irruens</strong></span> <span class='ocrx_word' id='word_1_230' title='bbox 1383 1850 1565 1884; x_wconf 79' lang='lat' dir='ltr'><strong>extrahere</strong></span> <span class='ocrx_word' id='word_1_231' title='bbox 1586 1850 1664 1885; x_wconf 88' lang='lat' dir='ltr'><strong>illos</strong></span> 
     </span>
     <span class='ocr_line' id='line_1_25' title="bbox 179 1896 1663 1945; baseline -0.002 -12"><span class='ocrx_word' id='word_1_232' title='bbox 179 1899 262 1934; x_wconf 88' lang='lat' dir='ltr'><strong>inde</strong></span> <span class='ocrx_word' id='word_1_233' title='bbox 285 1901 487 1934; x_wconf 78' lang='lat' dir='ltr'><strong>conabatur.</strong></span> <span class='ocrx_word' id='word_1_234' title='bbox 535 1902 572 1934; x_wconf 89' lang='lat' dir='ltr'><strong>at</strong></span> <span class='ocrx_word' id='word_1_235' title='bbox 595 1910 779 1935; x_wconf 86' lang='lat' dir='ltr'><strong>occurrens</strong></span> <span class='ocrx_word' id='word_1_236' title='bbox 801 1899 998 1945; x_wconf 84' lang='lat' dir='ltr'><strong>patriarcha</strong></span> <span class='ocrx_word' id='word_1_237' title='bbox 1022 1909 1099 1932; x_wconf 88' lang='lat' dir='ltr'><strong>eum</strong></span> <span class='ocrx_word' id='word_1_238' title='bbox 1121 1897 1275 1942; x_wconf 83' lang='lat' dir='ltr'><strong>graviter</strong></span> <span class='ocrx_word' id='word_1_239' title='bbox 1297 1896 1498 1942; x_wconf 88' lang='lat' dir='ltr'><strong>increpitum</strong></span> <span class='ocrx_word' id='word_1_240' title='bbox 1522 1897 1663 1943; x_wconf 88' lang='lat' dir='ltr'><strong>repulit,</strong></span> 
     </span>
     <span class='ocr_line' id='line_1_26' title="bbox 183 1942 1662 1999; baseline -0.002 -20"><span class='ocrx_word' id='word_1_241' title='bbox 183 1945 298 1999; x_wconf 78' lang='lat' dir='ltr'><strong>“quid</strong></span> <span class='ocrx_word' id='word_1_242' title='bbox 319 1947 449 1981; x_wconf 83' lang='lat' dir='ltr'><strong>vobis’&#39;</strong></span> <span class='ocrx_word' id='word_1_243' title='bbox 483 1945 638 1992; x_wconf 86' lang='lat' dir='ltr'><strong>inquiens</strong></span> <span class='ocrx_word' id='word_1_244' title='bbox 673 1946 859 1981; x_wconf 84' lang='lat' dir='ltr'><strong>“volentes</strong></span> <span class='ocrx_word' id='word_1_245' title='bbox 885 1945 1002 1979; x_wconf 91' lang='lat' dir='ltr'><strong>oculos</strong></span> <span class='ocrx_word' id='word_1_246' title='bbox 1024 1949 1062 1979; x_wconf 90' lang='lat' dir='ltr'><strong>et</strong></span> <span class='ocrx_word' id='word_1_247' title='bbox 1082 1954 1201 1978; x_wconf 87' lang='lat' dir='ltr'><strong>manus</strong></span> <span class='ocrx_word' id='word_1_248' title='bbox 1224 1948 1260 1977; x_wconf 91' lang='lat' dir='ltr'><strong>et</strong></span> <span class='ocrx_word' id='word_1_249' title='bbox 1283 1954 1386 1977; x_wconf 89' lang='lat' dir='ltr'><strong>aures</strong></span> <span class='ocrx_word' id='word_1_250' title='bbox 1407 1946 1563 1985; x_wconf 87' lang='lat' dir='ltr'><strong>nostras,</strong></span> <span class='ocrx_word' id='word_1_251' title='bbox 1585 1942 1662 1977; x_wconf 87' lang='lat' dir='ltr'><strong>illos</strong></span> 
     </span>
     <span class='ocr_line' id='line_1_27' title="bbox 179 1989 1663 2038; baseline -0.002 -13"><span class='ocrx_word' id='word_1_252' title='bbox 179 1992 317 2038; x_wconf 76' lang='lat' dir='ltr'><strong>quidem</strong></span> <span class='ocrx_word' id='word_1_253' title='bbox 351 2003 494 2034; x_wconf 89' lang='lat' dir='ltr'><strong>eruere,</strong></span> <span class='ocrx_word' id='word_1_254' title='bbox 525 1994 613 2027; x_wconf 86' lang='lat' dir='ltr'><strong>istas</strong></span> <span class='ocrx_word' id='word_1_255' title='bbox 642 1996 757 2027; x_wconf 88' lang='lat' dir='ltr'><strong>autem</strong></span> <span class='ocrx_word' id='word_1_256' title='bbox 791 1991 1015 2033; x_wconf 80' lang='lat' dir='ltr'><strong>abscindere,</strong></span> <span class='ocrx_word' id='word_1_257' title='bbox 1049 1994 1222 2036; x_wconf 84' lang='lat' dir='ltr'><strong>postremo</strong></span> <span class='ocrx_word' id='word_1_258' title='bbox 1253 1989 1315 2023; x_wconf 88' lang='lat' dir='ltr'><strong>has</strong></span> <span class='ocrx_word' id='word_1_259' title='bbox 1346 1990 1528 2023; x_wconf 86' lang='lat' dir='ltr'><strong>obstruere</strong></span> <span class='ocrx_word' id='word_1_260' title='bbox 1560 2000 1663 2023; x_wconf 90' lang='lat' dir='ltr'><strong>cona-</strong></span> 
     </span>
     <span class='ocr_line' id='line_1_28' title="bbox 149 2034 1662 2085; baseline -0.001 -13"><span class='ocrx_word' id='word_1_261' title='bbox 149 2081 152 2084; x_wconf 15' lang='lat'><strong>&gt;</strong></span> <span class='ocrx_word' id='word_1_262' title='bbox 180 2037 321 2072; x_wconf 70' lang='lat' dir='ltr'><strong>mini2’¹</strong></span> <span class='ocrx_word' id='word_1_263' title='bbox 368 2039 633 2085; x_wconf 69' lang='lat' dir='ltr'><strong>testabatur-que</strong></span> <span class='ocrx_word' id='word_1_264' title='bbox 655 2039 850 2073; x_wconf 84' lang='lat' dir='ltr'><strong>vociferans</strong></span> <span class='ocrx_word' id='word_1_265' title='bbox 872 2038 972 2072; x_wconf 89' lang='lat' dir='ltr'><strong>deum</strong></span> <span class='ocrx_word' id='word_1_266' title='bbox 996 2040 1032 2071; x_wconf 86' lang='lat' dir='ltr'><strong>et</strong></span> <span class='ocrx_word' id='word_1_267' title='bbox 1054 2035 1230 2079; x_wconf 87' lang='lat' dir='ltr'><strong>homines,</strong></span> <span class='ocrx_word' id='word_1_268' title='bbox 1253 2035 1323 2070; x_wconf 84' lang='lat' dir='ltr'><strong>vim</strong></span> <span class='ocrx_word' id='word_1_269' title='bbox 1346 2034 1412 2069; x_wconf 85' lang='lat' dir='ltr'><strong>sibi</strong></span> <span class='ocrx_word' id='word_1_270' title='bbox 1434 2046 1498 2080; x_wconf 88' lang='lat' dir='ltr'><strong>per</strong></span> <span class='ocrx_word' id='word_1_271' title='bbox 1520 2034 1662 2070; x_wconf 85' lang='lat' dir='ltr'><strong>sacrile-</strong></span> 
     </span>
     <span class='ocr_line' id='line_1_29' title="bbox 181 2080 1662 2131; baseline -0.003 -13"><span class='ocrx_word' id='word_1_272' title='bbox 181 2095 260 2128; x_wconf 84' lang='lat' dir='ltr'><strong>gam</strong></span> <span class='ocrx_word' id='word_1_273' title='bbox 282 2083 438 2119; x_wconf 86' lang='lat' dir='ltr'><strong>iniuriam</strong></span> <span class='ocrx_word' id='word_1_274' title='bbox 460 2085 560 2119; x_wconf 82' lang='lat' dir='ltr'><strong>fieri:</strong></span> <span class='ocrx_word' id='word_1_275' title='bbox 593 2096 706 2131; x_wconf 89' lang='lat' dir='ltr'><strong>neque</strong></span> <span class='ocrx_word' id='word_1_276' title='bbox 733 2085 822 2120; x_wconf 83' lang='lat' dir='ltr'><strong>enim</strong></span> <span class='ocrx_word' id='word_1_277' title='bbox 846 2085 900 2119; x_wconf 86' lang='lat' dir='ltr'><strong>fas</strong></span> <span class='ocrx_word' id='word_1_278' title='bbox 925 2094 1002 2118; x_wconf 87' lang='lat' dir='ltr'><strong>esse</strong></span> <span class='ocrx_word' id='word_1_279' title='bbox 1025 2083 1091 2117; x_wconf 88' lang='lat' dir='ltr'><strong>deo</strong></span> <span class='ocrx_word' id='word_1_280' title='bbox 1114 2093 1233 2117; x_wconf 86' lang='lat' dir='ltr'><strong>sacros</strong></span> <span class='ocrx_word' id='word_1_281' title='bbox 1256 2081 1408 2116; x_wconf 86' lang='lat' dir='ltr'><strong>homines</strong></span> <span class='ocrx_word' id='word_1_282' title='bbox 1430 2092 1453 2115; x_wconf 91' lang='lat' dir='ltr'><strong>a</strong></span> <span class='ocrx_word' id='word_1_283' title='bbox 1474 2080 1662 2115; x_wconf 88' lang='lat' dir='ltr'><strong>saeculari-</strong></span> 
     </span>
     <span class='ocr_line' id='line_1_30' title="bbox 181 2126 1659 2177; baseline -0.001 -14"><span class='ocrx_word' id='word_1_284' title='bbox 181 2130 247 2164; x_wconf 82' lang='lat' dir='ltr'><strong>bus</strong></span> <span class='ocrx_word' id='word_1_285' title='bbox 281 2131 420 2176; x_wconf 79' lang='lat' dir='ltr'>corripi.</span> <span class='ocrx_word' id='word_1_286' title='bbox 468 2132 647 2177; x_wconf 85' lang='lat' dir='ltr'>obstupuit</span> <span class='ocrx_word' id='word_1_287' title='bbox 679 2131 723 2166; x_wconf 89' lang='lat' dir='ltr'><strong>ad</strong></span> <span class='ocrx_word' id='word_1_288' title='bbox 753 2143 797 2166; x_wconf 94' lang='lat' dir='ltr'><strong>ea</strong></span> <span class='ocrx_word' id='word_1_289' title='bbox 826 2130 1072 2176; x_wconf 88' lang='lat' dir='ltr'><strong>perculsusque</strong></span> <span class='ocrx_word' id='word_1_290' title='bbox 1103 2140 1124 2163; x_wconf 90' lang='lat' dir='ltr'><strong>a</strong></span> <span class='ocrx_word' id='word_1_291' title='bbox 1156 2131 1280 2173; x_wconf 90' lang='lat' dir='ltr'><strong>coepto</strong></span> <span class='ocrx_word' id='word_1_292' title='bbox 1313 2126 1449 2161; x_wconf 83' lang='lat' dir='ltr'><strong>destitit</strong></span> <span class='ocrx_word' id='word_1_293' title='bbox 1477 2127 1537 2172; x_wconf 91' lang='lat' dir='ltr'><strong>qui</strong></span> <span class='ocrx_word' id='word_1_294' title='bbox 1560 2130 1659 2162; x_wconf 87' lang='lat' dir='ltr'><strong>tanto</strong></span> 
     </span>
     <span class='ocr_line' id='line_1_31' title="bbox 181 2172 1658 2223; baseline -0.002 -14"><span class='ocrx_word' id='word_1_295' title='bbox 181 2175 279 2221; x_wconf 86' lang='lat' dir='ltr'><strong>prius</strong></span> <span class='ocrx_word' id='word_1_296' title='bbox 301 2177 395 2210; x_wconf 80' lang='lat' dir='ltr'><strong>fastu</strong></span> <span class='ocrx_word' id='word_1_297' title='bbox 418 2181 653 2212; x_wconf 86' lang='lat' dir='ltr'><strong>extracturum</strong></span> <span class='ocrx_word' id='word_1_298' title='bbox 682 2189 720 2212; x_wconf 88' lang='lat' dir='ltr'><strong>se</strong></span> <span class='ocrx_word' id='word_1_299' title='bbox 752 2176 949 2223; x_wconf 86' lang='lat' dir='ltr'><strong>supplices,</strong></span> <span class='ocrx_word' id='word_1_300' title='bbox 982 2174 1150 2222; x_wconf 89' lang='lat' dir='ltr'><strong>quidquid</strong></span> <span class='ocrx_word' id='word_1_301' title='bbox 1182 2173 1293 2220; x_wconf 85' lang='lat' dir='ltr'><strong>quivis</strong></span> <span class='ocrx_word' id='word_1_302' title='bbox 1326 2177 1446 2206; x_wconf 88' lang='lat' dir='ltr'><strong>contra</strong></span> <span class='ocrx_word' id='word_1_303' title='bbox 1468 2172 1658 2216; x_wconf 84' lang='lat' dir='ltr'><strong>moliretur,</strong></span> 
     </span>
     <span class='ocr_line' id='line_1_32' title="bbox 182 2219 1659 2270; baseline -0.001 -15"><span class='ocrx_word' id='word_1_304' title='bbox 182 2221 402 2264; x_wconf 54' lang='lat' dir='ltr'><strong>ostenderam</strong></span> <span class='ocrx_word' id='word_1_305' title='bbox 434 2235 544 2270; x_wconf 88' lang='lat' dir='ltr'><strong>eoque</strong></span> <span class='ocrx_word' id='word_1_306' title='bbox 567 2236 646 2258; x_wconf 85' lang='lat' dir='ltr'><strong>sese</strong></span> <span class='ocrx_word' id='word_1_307' title='bbox 666 2224 800 2258; x_wconf 90' lang='lat' dir='ltr'><strong>domum</strong></span> <span class='ocrx_word' id='word_1_308' title='bbox 832 2222 1024 2268; x_wconf 83' lang='lat' dir='ltr'><strong>recipiente</strong></span> <span class='ocrx_word' id='word_1_309' title='bbox 1047 2233 1086 2256; x_wconf 92' lang='lat' dir='ltr'><strong>re</strong></span> <span class='ocrx_word' id='word_1_310' title='bbox 1107 2221 1259 2262; x_wconf 86' lang='lat' dir='ltr'><strong>insecta,</strong></span> <span class='ocrx_word' id='word_1_311' title='bbox 1292 2219 1424 2253; x_wconf 86' lang='lat' dir='ltr'><strong>Veccus</strong></span> <span class='ocrx_word' id='word_1_312' title='bbox 1447 2223 1484 2252; x_wconf 90' lang='lat' dir='ltr'><strong>et</strong></span> <span class='ocrx_word' id='word_1_313' title='bbox 1508 2219 1659 2264; x_wconf 79' lang='lat' dir='ltr'><strong>xiphili-</strong></span> 
     </span>
     <span class='ocr_line' id='line_1_33' title="bbox 182 2264 1658 2314; baseline -0.002 -12"><span class='ocrx_word' id='word_1_314' title='bbox 182 2279 247 2302; x_wconf 87' lang='lat' dir='ltr'><strong>nus</strong></span> <span class='ocrx_word' id='word_1_315' title='bbox 277 2267 371 2302; x_wconf 87' lang='lat' dir='ltr'><strong>intra</strong></span> <span class='ocrx_word' id='word_1_316' title='bbox 394 2273 494 2314; x_wconf 79' lang='lat' dir='ltr'><strong>septa</strong></span> <span class='ocrx_word' id='word_1_317' title='bbox 524 2270 620 2304; x_wconf 85' lang='lat' dir='ltr'><strong>aedis</strong></span> <span class='ocrx_word' id='word_1_318' title='bbox 643 2281 764 2305; x_wconf 86' lang='lat' dir='ltr'><strong>sacrae</strong></span> <span class='ocrx_word' id='word_1_319' title='bbox 784 2269 852 2304; x_wconf 89' lang='lat' dir='ltr'><strong>tuti</strong></span> <span class='ocrx_word' id='word_1_320' title='bbox 874 2268 1056 2314; x_wconf 85' lang='lat' dir='ltr'><strong>securique</strong></span> <span class='ocrx_word' id='word_1_321' title='bbox 1080 2267 1316 2301; x_wconf 80' lang='lat' dir='ltr'><strong>versabantur.</strong></span> <span class='ocrx_word' id='word_1_322' title='bbox 1367 2265 1428 2299; x_wconf 87' lang='lat' dir='ltr'><strong>sed</strong></span> <span class='ocrx_word' id='word_1_323' title='bbox 1452 2276 1517 2299; x_wconf 91' lang='lat' dir='ltr'><strong>nec</strong></span> <span class='ocrx_word' id='word_1_324' title='bbox 1538 2264 1658 2300; x_wconf 82' lang='lat' dir='ltr'><strong>vineas</strong></span> 
     </span>
     <span class='ocr_line' id='line_1_34' title="bbox 182 2310 1659 2360; baseline -0.001 -13"><span class='ocrx_word' id='word_1_325' title='bbox 182 2313 386 2349; x_wconf 75' lang='lat' dir='ltr'><strong>exscindere</strong></span> <span class='ocrx_word' id='word_1_326' title='bbox 417 2315 547 2360; x_wconf 82' lang='lat' dir='ltr'><strong>potuit,</strong></span> <span class='ocrx_word' id='word_1_327' title='bbox 584 2327 660 2350; x_wconf 87' lang='lat' dir='ltr'><strong>cum</strong></span> <span class='ocrx_word' id='word_1_328' title='bbox 682 2319 804 2350; x_wconf 86' lang='lat' dir='ltr'><strong>neuter</strong></span> <span class='ocrx_word' id='word_1_329' title='bbox 825 2315 957 2350; x_wconf 88' lang='lat' dir='ltr'><strong>illorum</strong></span> <span class='ocrx_word' id='word_1_330' title='bbox 986 2314 1102 2348; x_wconf 87' lang='lat' dir='ltr'><strong>vineta</strong></span> <span class='ocrx_word' id='word_1_331' title='bbox 1124 2313 1218 2347; x_wconf 86' lang='lat' dir='ltr'><strong>circa</strong></span> <span class='ocrx_word' id='word_1_332' title='bbox 1242 2310 1571 2356; x_wconf 84' lang='lat' dir='ltr'><strong>Constantinopolim</strong></span> <span class='ocrx_word' id='word_1_333' title='bbox 1593 2311 1659 2346; x_wconf 84' lang='lat' dir='ltr'><strong>ha-</strong></span> 
     </span>
     <span class='ocr_line' id='line_1_35' title="bbox 181 2357 1658 2408; baseline -0.001 -14"><span class='ocrx_word' id='word_1_334' title='bbox 181 2360 293 2395; x_wconf 88' lang='lat' dir='ltr'><strong>beret.</strong></span> <span class='ocrx_word' id='word_1_335' title='bbox 341 2361 385 2395; x_wconf 87' lang='lat' dir='ltr'><strong>ab</strong></span> <span class='ocrx_word' id='word_1_336' title='bbox 421 2361 554 2396; x_wconf 85' lang='lat' dir='ltr'><strong>aedium</strong></span> <span class='ocrx_word' id='word_1_337' title='bbox 585 2373 721 2408; x_wconf 86' lang='lat' dir='ltr'><strong>quoque</strong></span> <span class='ocrx_word' id='word_1_338' title='bbox 751 2361 876 2407; x_wconf 88' lang='lat' dir='ltr'><strong>quibus</strong></span> <span class='ocrx_word' id='word_1_339' title='bbox 909 2361 1097 2395; x_wconf 85' lang='lat' dir='ltr'><strong>utebantur</strong></span> <span class='ocrx_word' id='word_1_340' title='bbox 1127 2357 1342 2392; x_wconf 83' lang='lat' dir='ltr'><strong>demolitione</strong></span> <span class='ocrx_word' id='word_1_341' title='bbox 1374 2357 1567 2403; x_wconf 85' lang='lat' dir='ltr'><strong>prohibitus</strong></span> <span class='ocrx_word' id='word_1_342' title='bbox 1590 2362 1658 2401; x_wconf 88' lang='lat' dir='ltr'><strong>est,</strong></span> 
     </span>
     <span class='ocr_line' id='line_1_36' title="bbox 181 2403 1657 2461; baseline -0.002 -21"><span class='ocrx_word' id='word_1_343' title='bbox 181 2406 382 2441; x_wconf 83' lang='lat' dir='ltr'><strong>denuntiato</strong></span> <span class='ocrx_word' id='word_1_344' title='bbox 404 2406 471 2453; x_wconf 87' lang='lat' dir='ltr'><strong>ipsi</strong></span> <span class='ocrx_word' id='word_1_345' title='bbox 495 2406 587 2442; x_wconf 85' lang='lat' dir='ltr'><strong>haud</strong></span> <span class='ocrx_word' id='word_1_346' title='bbox 619 2419 697 2442; x_wconf 85' lang='lat' dir='ltr'><strong>csse</strong></span> <span class='ocrx_word' id='word_1_347' title='bbox 718 2407 794 2442; x_wconf 85' lang='lat' dir='ltr'><strong>illas</strong></span> <span class='ocrx_word' id='word_1_348' title='bbox 817 2407 902 2441; x_wconf 91' lang='lat' dir='ltr'><strong>iuris</strong></span> <span class='ocrx_word' id='word_1_349' title='bbox 929 2407 1106 2461; x_wconf 83' lang='lat' dir='ltr'><strong>ipsorum,</strong></span> <span class='ocrx_word' id='word_1_350' title='bbox 1138 2405 1200 2439; x_wconf 81' lang='lat' dir='ltr'><strong>sed</strong></span> <span class='ocrx_word' id='word_1_351' title='bbox 1232 2403 1415 2446; x_wconf 86' lang='lat' dir='ltr'><strong>ecclesiae,</strong></span> <span class='ocrx_word' id='word_1_352' title='bbox 1447 2415 1538 2449; x_wconf 86' lang='lat' dir='ltr'><strong>quae</strong></span> <span class='ocrx_word' id='word_1_353' title='bbox 1559 2415 1657 2438; x_wconf 83' lang='lat' dir='ltr'><strong>usum</strong></span> 
     </span>
     <span class='ocr_line' id='line_1_37' title="bbox 182 2450 1660 2497; baseline -0.002 -10"><span class='ocrx_word' id='word_1_354' title='bbox 182 2453 362 2487; x_wconf 85' lang='lat' dir='ltr'><strong>dumtaxat</strong></span> <span class='ocrx_word' id='word_1_355' title='bbox 391 2452 570 2488; x_wconf 83' lang='lat' dir='ltr'><strong>habitandi</strong></span> <span class='ocrx_word' id='word_1_356' title='bbox 605 2454 677 2488; x_wconf 87' lang='lat' dir='ltr'><strong>suis</strong></span> <span class='ocrx_word' id='word_1_357' title='bbox 708 2453 780 2488; x_wconf 88' lang='lat' dir='ltr'><strong>illic</strong></span> <span class='ocrx_word' id='word_1_358' title='bbox 808 2453 972 2488; x_wconf 80' lang='lat' dir='ltr'><strong>ministris</strong></span> <span class='ocrx_word' id='word_1_359' title='bbox 1002 2451 1195 2497; x_wconf 83' lang='lat' dir='ltr'><strong>precarium</strong></span> <span class='ocrx_word' id='word_1_360' title='bbox 1227 2450 1441 2485; x_wconf 85' lang='lat' dir='ltr'><strong>concederet.</strong></span> <span class='ocrx_word' id='word_1_361' title='bbox 1487 2461 1571 2494; x_wconf 89' lang='lat' dir='ltr'><strong>ergo</strong></span> <span class='ocrx_word' id='word_1_362' title='bbox 1603 2450 1660 2484; x_wconf 86' lang='lat' dir='ltr'><strong>hic</strong></span> 
     </span>
     <span class='ocr_line' id='line_1_38' title="bbox 182 2497 1658 2546; baseline -0.003 -13"><span class='ocrx_word' id='word_1_363' title='bbox 182 2504 254 2533; x_wconf 88' lang='lat' dir='ltr'><strong>tam</strong></span> <span class='ocrx_word' id='word_1_364' title='bbox 284 2510 365 2534; x_wconf 85' lang='lat' dir='ltr'><strong>acer</strong></span> <span class='ocrx_word' id='word_1_365' title='bbox 391 2501 486 2534; x_wconf 86' lang='lat' dir='ltr'><strong>ultor</strong></span> <span class='ocrx_word' id='word_1_366' title='bbox 518 2499 667 2546; x_wconf 88' lang='lat' dir='ltr'><strong>undique</strong></span> <span class='ocrx_word' id='word_1_367' title='bbox 689 2500 858 2540; x_wconf 88' lang='lat' dir='ltr'><strong>reiectus,</strong></span> <span class='ocrx_word' id='word_1_368' title='bbox 892 2504 928 2533; x_wconf 90' lang='lat' dir='ltr'><strong>et</strong></span> <span class='ocrx_word' id='word_1_369' title='bbox 950 2497 1083 2532; x_wconf 87' lang='lat' dir='ltr'><strong>cunctis</strong></span> <span class='ocrx_word' id='word_1_370' title='bbox 1105 2497 1264 2532; x_wconf 81' lang='lat' dir='ltr'><strong>exclusus</strong></span> <span class='ocrx_word' id='word_1_371' title='bbox 1287 2507 1378 2542; x_wconf 86' lang='lat' dir='ltr'><strong>quae</strong></span> <span class='ocrx_word' id='word_1_372' title='bbox 1400 2499 1577 2538; x_wconf 83' lang='lat' dir='ltr'><strong>tentarat,</strong></span> <span class='ocrx_word' id='word_1_373' title='bbox 1615 2508 1658 2530; x_wconf 93' lang='lat' dir='ltr'><strong>ne</strong></span> 
     </span>
     <span class='ocr_line' id='line_1_39' title="bbox 182 2541 1657 2591; baseline -0.003 -11"><span class='ocrx_word' id='word_1_374' title='bbox 182 2545 266 2580; x_wconf 84' lang='lat' dir='ltr'><strong>nihil</strong></span> <span class='ocrx_word' id='word_1_375' title='bbox 284 2549 425 2591; x_wconf 84' lang='lat' dir='ltr'><strong>ageret,</strong></span> <span class='ocrx_word' id='word_1_376' title='bbox 457 2545 622 2580; x_wconf 82' lang='lat' dir='ltr'><strong>Nicaeam</strong></span> <span class='ocrx_word' id='word_1_377' title='bbox 645 2549 760 2580; x_wconf 88' lang='lat' dir='ltr'><strong>certos</strong></span> <span class='ocrx_word' id='word_1_378' title='bbox 781 2545 872 2580; x_wconf 84' lang='lat' dir='ltr'><strong>misit</strong></span> <span class='ocrx_word' id='word_1_379' title='bbox 892 2544 951 2591; x_wconf 88' lang='lat' dir='ltr'><strong>qui</strong></span> <span class='ocrx_word' id='word_1_380' title='bbox 974 2544 1009 2578; x_wconf 90' lang='lat' dir='ltr'><strong>in</strong></span> <span class='ocrx_word' id='word_1_381' title='bbox 1031 2543 1183 2589; x_wconf 84' lang='lat' dir='ltr'><strong>praediis</strong></span> <span class='ocrx_word' id='word_1_382' title='bbox 1213 2542 1356 2577; x_wconf 85' lang='lat' dir='ltr'><strong>istorum</strong></span> <span class='ocrx_word' id='word_1_383' title='bbox 1377 2541 1412 2576; x_wconf 88' lang='lat' dir='ltr'><strong>in</strong></span> <span class='ocrx_word' id='word_1_384' title='bbox 1434 2542 1492 2576; x_wconf 86' lang='lat' dir='ltr'><strong>illo</strong></span> <span class='ocrx_word' id='word_1_385' title='bbox 1515 2541 1657 2576; x_wconf 87' lang='lat' dir='ltr'><strong>territo-</strong></span> 
     </span>
     <span class='ocr_line' id='line_1_40' title="bbox 182 2590 1658 2637; baseline -0.003 -12"><span class='ocrx_word' id='word_1_386' title='bbox 182 2591 234 2625; x_wconf 85' lang='lat' dir='ltr'><strong>rio</strong></span> <span class='ocrx_word' id='word_1_387' title='bbox 256 2591 333 2626; x_wconf 86' lang='lat' dir='ltr'><strong>sitis</strong></span> <span class='ocrx_word' id='word_1_388' title='bbox 356 2592 586 2627; x_wconf 81' lang='lat' dir='ltr'><strong>vastationem</strong></span> <span class='ocrx_word' id='word_1_389' title='bbox 607 2592 653 2626; x_wconf 90' lang='lat' dir='ltr'><strong>ab</strong></span> <span class='ocrx_word' id='word_1_390' title='bbox 675 2591 882 2637; x_wconf 85' lang='lat' dir='ltr'><strong>imperatore</strong></span> <span class='ocrx_word' id='word_1_391' title='bbox 903 2590 1386 2637; x_wconf 83' lang='lat' dir='ltr'><strong>praescriptam-exercerent.</strong></span> <span class='ocrx_word' id='word_1_392' title='bbox 1432 2599 1507 2623; x_wconf 89' lang='lat' dir='ltr'><strong>cum</strong></span> <span class='ocrx_word' id='word_1_393' title='bbox 1543 2592 1658 2622; x_wconf 87' lang='lat' dir='ltr'><strong>autem</strong></span> 
     </span>
     <span class='ocr_line' id='line_1_41' title="bbox 182 2633 1657 2683; baseline -0.003 -12"><span class='ocrx_word' id='word_1_394' title='bbox 182 2638 342 2683; x_wconf 88' lang='lat' dir='ltr'><strong>nequiret</strong></span> <span class='ocrx_word' id='word_1_395' title='bbox 363 2638 500 2673; x_wconf 87' lang='lat' dir='ltr'><strong>mittere</strong></span> <span class='ocrx_word' id='word_1_396' title='bbox 520 2638 597 2673; x_wconf 92' lang='lat' dir='ltr'><strong>illos</strong></span> <span class='ocrx_word' id='word_1_397' title='bbox 617 2638 772 2680; x_wconf 83' lang='lat' dir='ltr'><strong>vinctos,</strong></span> <span class='ocrx_word' id='word_1_398' title='bbox 809 2642 849 2672; x_wconf 89' lang='lat' dir='ltr'><strong>ut</strong></span> <span class='ocrx_word' id='word_1_399' title='bbox 870 2638 986 2671; x_wconf 85' lang='lat' dir='ltr'><strong>fuerat</strong></span> <span class='ocrx_word' id='word_1_400' title='bbox 1007 2637 1144 2680; x_wconf 83' lang='lat' dir='ltr'><strong>iussus,</strong></span> <span class='ocrx_word' id='word_1_401' title='bbox 1178 2635 1323 2670; x_wconf 85' lang='lat' dir='ltr'><strong>suadere</strong></span> <span class='ocrx_word' id='word_1_402' title='bbox 1352 2634 1439 2680; x_wconf 89' lang='lat' dir='ltr'><strong>ipsis</strong></span> <span class='ocrx_word' id='word_1_403' title='bbox 1461 2633 1588 2668; x_wconf 86' lang='lat' dir='ltr'><strong>institit</strong></span> <span class='ocrx_word' id='word_1_404' title='bbox 1616 2638 1657 2668; x_wconf 88' lang='lat' dir='ltr'><strong>ut</strong></span> 
     </span>
     <span class='ocr_line' id='line_1_42' title="bbox 183 2679 1656 2730; baseline -0.002 -13"><span class='ocrx_word' id='word_1_405' title='bbox 183 2683 274 2718; x_wconf 85' lang='lat' dir='ltr'><strong>ultro</strong></span> <span class='ocrx_word' id='word_1_406' title='bbox 307 2683 350 2718; x_wconf 92' lang='lat' dir='ltr'><strong>ad</strong></span> <span class='ocrx_word' id='word_1_407' title='bbox 376 2685 619 2730; x_wconf 86' lang='lat' dir='ltr'><strong>imperatorem</strong></span> <span class='ocrx_word' id='word_1_408' title='bbox 650 2683 825 2730; x_wconf 86' lang='lat' dir='ltr'><strong>proficisci</strong></span> <span class='ocrx_word' id='word_1_409' title='bbox 853 2683 999 2725; x_wconf 84' lang='lat' dir='ltr'><strong>vellent,</strong></span> <span class='ocrx_word' id='word_1_410' title='bbox 1036 2682 1071 2717; x_wconf 87' lang='lat' dir='ltr'><strong>id</strong></span> <span class='ocrx_word' id='word_1_411' title='bbox 1102 2681 1323 2716; x_wconf 85' lang='lat' dir='ltr'><strong>communiter</strong></span> <span class='ocrx_word' id='word_1_412' title='bbox 1344 2684 1415 2715; x_wconf 85' lang='lat' dir='ltr'><strong>tam</strong></span> <span class='ocrx_word' id='word_1_413' title='bbox 1446 2679 1530 2726; x_wconf 85' lang='lat' dir='ltr'><strong>ipsis</strong></span> <span class='ocrx_word' id='word_1_414' title='bbox 1553 2690 1656 2726; x_wconf 88' lang='lat' dir='ltr'><strong>quam</strong></span> 
     </span>
     <span class='ocr_line' id='line_1_43' title="bbox 183 2725 1654 2775; baseline -0.002 -13"><span class='ocrx_word' id='word_1_415' title='bbox 183 2728 250 2763; x_wconf 83' lang='lat' dir='ltr'><strong>sibi</strong></span> <span class='ocrx_word' id='word_1_416' title='bbox 279 2730 454 2765; x_wconf 79' lang='lat' dir='ltr'><strong>consilium</strong></span> <span class='ocrx_word' id='word_1_417' title='bbox 485 2742 563 2766; x_wconf 84' lang='lat' dir='ltr'><strong>esse</strong></span> <span class='ocrx_word' id='word_1_418' title='bbox 591 2730 677 2765; x_wconf 89' lang='lat' dir='ltr'><strong>utile</strong></span> <span class='ocrx_word' id='word_1_419' title='bbox 708 2730 899 2773; x_wconf 82' lang='lat' dir='ltr'><strong>disserens,</strong></span> <span class='ocrx_word' id='word_1_420' title='bbox 932 2728 1092 2775; x_wconf 89' lang='lat' dir='ltr'><strong>quoniam</strong></span> <span class='ocrx_word' id='word_1_421' title='bbox 1113 2728 1145 2764; x_wconf 87' lang='lat' dir='ltr'><strong>si</strong></span> <span class='ocrx_word' id='word_1_422' title='bbox 1167 2728 1321 2763; x_wconf 78' lang='lat' dir='ltr'><strong>volentes</strong></span> <span class='ocrx_word' id='word_1_423' title='bbox 1341 2726 1411 2772; x_wconf 88' lang='lat' dir='ltr'><strong>ipsi</strong></span> <span class='ocrx_word' id='word_1_424' title='bbox 1434 2737 1536 2761; x_wconf 87' lang='lat' dir='ltr'><strong>sacro</strong></span> <span class='ocrx_word' id='word_1_425' title='bbox 1558 2725 1654 2770; x_wconf 78' lang='lat' dir='ltr'><strong>asylo</strong></span> 
     </span>
     <span class='ocr_line' id='line_1_44' title="bbox 183 2772 1656 2823; baseline -0.002 -15"><span class='ocrx_word' id='word_1_426' title='bbox 183 2773 394 2810; x_wconf 80' lang='lat' dir='ltr'><strong>absisterent</strong></span> <span class='ocrx_word' id='word_1_427' title='bbox 415 2776 563 2812; x_wconf 88' lang='lat' dir='ltr'><strong>adeundi</strong></span> <span class='ocrx_word' id='word_1_428' title='bbox 582 2776 745 2823; x_wconf 86' lang='lat' dir='ltr'><strong>principis</strong></span> <span class='ocrx_word' id='word_1_429' title='bbox 768 2787 890 2819; x_wconf 84' lang='lat' dir='ltr'><strong>causa,</strong></span> <span class='ocrx_word' id='word_1_430' title='bbox 919 2774 1043 2810; x_wconf 87' lang='lat' dir='ltr'><strong>idonea</strong></span> <span class='ocrx_word' id='word_1_431' title='bbox 1065 2774 1132 2820; x_wconf 88' lang='lat' dir='ltr'><strong>ipsi</strong></span> <span class='ocrx_word' id='word_1_432' title='bbox 1154 2774 1245 2820; x_wconf 84' lang='lat' dir='ltr'><strong>apud</strong></span> <span class='ocrx_word' id='word_1_433' title='bbox 1267 2773 1506 2818; x_wconf 85' lang='lat' dir='ltr'><strong>imperatorem</strong></span> <span class='ocrx_word' id='word_1_434' title='bbox 1538 2772 1656 2806; x_wconf 86' lang='lat' dir='ltr'><strong>futura</strong></span> 
     </span>
     <span class='ocr_line' id='line_1_45' title="bbox 183 2817 1654 2869; baseline -0.001 -15"><span class='ocrx_word' id='word_1_435' title='bbox 183 2825 278 2855; x_wconf 79' lang='lat' dir='ltr'><strong>esset</strong></span> <span class='ocrx_word' id='word_1_436' title='bbox 307 2822 482 2858; x_wconf 84' lang='lat' dir='ltr'><strong>excusatio</strong></span> <span class='ocrx_word' id='word_1_437' title='bbox 503 2824 651 2858; x_wconf 87' lang='lat' dir='ltr'><strong>omissae</strong></span> <span class='ocrx_word' id='word_1_438' title='bbox 673 2821 980 2869; x_wconf 84' lang='lat' dir='ltr'><strong>comprehensionis</strong></span> <span class='ocrx_word' id='word_1_439' title='bbox 1002 2826 1040 2856; x_wconf 89' lang='lat' dir='ltr'><strong>et</strong></span> <span class='ocrx_word' id='word_1_440' title='bbox 1062 2819 1313 2856; x_wconf 84' lang='lat' dir='ltr'><strong>constrictionis</strong></span> <span class='ocrx_word' id='word_1_441' title='bbox 1343 2818 1498 2864; x_wconf 88' lang='lat' dir='ltr'><strong>ipsorum</strong></span> <span class='ocrx_word' id='word_1_442' title='bbox 1520 2817 1587 2852; x_wconf 91' lang='lat' dir='ltr'><strong>sibi</strong></span> <span class='ocrx_word' id='word_1_443' title='bbox 1609 2818 1654 2853; x_wconf 91' lang='lat' dir='ltr'><strong>ab</strong></span> 
     </span>
     <span class='ocr_line' id='line_1_46' title="bbox 184 2862 1655 2914; baseline -0.001 -14"><span class='ocrx_word' id='word_1_444' title='bbox 184 2878 226 2901; x_wconf 89' lang='lat' dir='ltr'><strong>eo</strong></span> <span class='ocrx_word' id='word_1_445' title='bbox 240 2865 448 2914; x_wconf 83' lang='lat' dir='ltr'><strong>imperatae.</strong></span> <span class='ocrx_word' id='word_1_446' title='bbox 495 2881 573 2905; x_wconf 84' lang='lat' dir='ltr'><strong>nam</strong></span> <span class='ocrx_word' id='word_1_447' title='bbox 603 2881 648 2905; x_wconf 90' lang='lat' dir='ltr'><strong>ne</strong></span> <span class='ocrx_word' id='word_1_448' title='bbox 675 2869 752 2905; x_wconf 84' lang='lat' dir='ltr'><strong>illos</strong></span> <span class='ocrx_word' id='word_1_449' title='bbox 780 2868 871 2904; x_wconf 84' lang='lat' dir='ltr'><strong>iutra</strong></span> <span class='ocrx_word' id='word_1_450' title='bbox 900 2867 1060 2914; x_wconf 86' lang='lat' dir='ltr'><strong>templum</strong></span> <span class='ocrx_word' id='word_1_451' title='bbox 1090 2871 1252 2913; x_wconf 85' lang='lat' dir='ltr'><strong>caperet,</strong></span> <span class='ocrx_word' id='word_1_452' title='bbox 1290 2865 1507 2901; x_wconf 81' lang='lat' dir='ltr'><strong>sanctitatem</strong></span> <span class='ocrx_word' id='word_1_453' title='bbox 1529 2862 1597 2899; x_wconf 89' lang='lat' dir='ltr'><strong>loci</strong></span> <span class='ocrx_word' id='word_1_454' title='bbox 1619 2867 1655 2899; x_wconf 86' lang='lat' dir='ltr'><strong>et</strong></span> 
     </span>
    </p>
   </div>
  </div>
 </body>
</html>
