1884 3262
539 164 642 214 Lm.
659 163 736 235 ¹¹¹?
793 163 1276 210 c11RoN0LoG1cus.
1486 225 1488 227 Ι
1530 164 1629 212 741

177 282 284 319 terra
302 280 350 314 ut
371 275 504 314 stellae
522 273 565 312 in
586 274 695 313 coelo
711 280 959 327 apparerent.
1015 280 1057 314 ut
1076 274 1208 313 deficit
1224 288 1304 314 una
1323 274 1510 325 illustris,
1532 281 1630 314 nota

175 333 255 371 loci
279 332 370 371 solis
394 333 437 370 in
469 332 660 371 Zodiaco:
689 332 803 383 ponit
823 332 927 371 enim
952 331 1195 384 Nicephorus
1210 332 1375 383 gradum
1395 333 1423 374 4
1441 332 1630 370 Gemino-

176 402 267 428 rum
281 418 292 438 ,
320 395 455 427 noster
482 394 613 427 autem
639 388 811 426 calculus
834 391 900 430 10.
955 388 1024 426 sed
1039 389 1082 427 in
1102 401 1147 426 eo
1165 388 1408 440 Nicephorus
1425 388 1630 427 manifeste

175 444 466 493 hallucinatur,
495 451 650 483 secutus
668 458 750 482 non
768 445 1047 484 astronomicas
1065 445 1184 496 leges,
1212 445 1282 483 sed
1297 444 1527 497 popularem
1548 458 1629 496 pu-

175 501 291 542 tandi
315 502 509 540 rationem
535 507 576 539 et
601 513 846 542 communem
872 506 1046 540 errorem
1069 502 1314 553 iungentium
1336 501 1628 552 aequinoctium

129 577 136 583 ·
175 571 367 608 vernum,
395 571 465 596 seu
487 557 659 610 primum
684 557 849 609 gradum
874 558 1036 607 Arietis,
1065 571 1155 596 cum
1177 561 1228 600 21
1256 558 1388 596 Martii
1395 572 1407 607 ;
1435 558 1629 608 quemad-

174 614 339 653 modum
366 615 447 653 iam
473 628 495 651 a
523 614 686 652 concilio
715 614 884 656 Nicaeno
913 615 954 653 in
980 627 1056 654 usu
1084 614 1127 652 id
1154 617 1260 663 erat,
1298 627 1381 653 non
1405 614 1627 665 observato,‘

174 672 311 710 saltem
327 685 409 709 non
429 677 628 720 correcto,
656 670 754 710 vitio
771 671 1044 709 antecessionis
1061 670 1298 722 aequinoctii
1312 684 1452 710 versus
1470 671 1628 710 initium

172 727 345 766 Ianuarii
371 727 489 766 unius
509 727 586 766 diei
606 740 679 779 per
697 734 855 766 centum
874 727 1035 780 triginta
1053 727 1206 766 circiter
1226 741 1361 766 annos.
1418 728 1486 778 qui
1513 740 1627 766 error

172 790 312 835 postea
337 790 538 825 correctus
563 790 622 822 est
651 797 753 822 anno
771 783 913 822 Christi
936 784 1064 834 1582,
1092 784 1256 823 sublatis
1277 787 1329 826 10
1347 783 1505 835 diebus,
1535 784 1627 835 qui-

172 841 247 878 bus
276 840 434 879 initium
461 840 605 879 Arietis
632 839 762 879 Martii
792 840 1023 891 vigesimum
1054 841 1226 892 primum
1259 847 1530 892 praecesserat.
1587 846 1627 878 et

171 910 312 936 revera
335 911 358 934 a
380 896 545 935 concilio
566 896 735 935 Nicaeno
754 896 891 935 habito
916 910 1020 935 anno
1043 897 1189 936 Christi
1209 899 1290 940 325
1308 910 1431 948 usque
1451 896 1501 935 ad
1518 902 1625 934 tem-

170 967 247 1004 pus
263 953 381 991 huius
402 953 552 1005 eclipsis
568 967 672 991 anno
689 953 835 991 Christi
854 956 962 995 1267
980 954 1074 991 anni
1090 955 1296 992 fluxerunt
1313 953 1414 1003 942,
1444 967 1517 1005 pro
1531 953 1624 1004 qui-

170 1010 246 1048 bus
273 1009 516 1061 Nicephorus
541 1022 609 1047 sex
634 1009 779 1060 gradus
810 1010 1082 1048 antecessionis
1110 1010 1366 1048 Geminorum
1403 1010 1626 1061 usurpavit,

170 1079 260 1104 cum
287 1067 428 1103 merito
454 1072 604 1117 septem
636 1066 810 1115 integros
835 1078 1043 1104 numerare
1063 1067 1268 1117 potuisset.
1326 1064 1470 1104 Sethus
1491 1066 1627 1104 Calvi-

141 1163 145 1167 ,
168 1122 249 1160 sius
276 1122 319 1159 in
347 1121 580 1173 Chronolog.
604 1135 707 1160 anno
726 1120 871 1159 Christi
893 1124 999 1164 1267
1019 1121 1123 1160 hanc
1146 1123 1318 1174 eclipsim
1343 1122 1523 1169 notavit,
1552 1134 1623 1160 eo-

170 1178 259 1216 dem
280 1191 384 1217 anno
409 1184 448 1216 et
467 1178 532 1216 die
555 1191 633 1229 quo
653 1177 918 1230 Nicephorus3
946 1190 1112 1230 eumque
1132 1180 1235 1217 circa
1255 1178 1281 1219 4
1301 1178 1465 1229 gradum
1489 1179 1624 1216 Gemi-

166 1248 312 1274 norum
343 1234 431 1273 iure
458 1234 636 1285 corrigit:
664 1234 733 1272 sed
765 1233 967 1284 contigisse
993 1235 1049 1272 ait
1074 1234 1174 1273 hora
1196 1239 1260 1277 11.
1280 1237 1320 1276 9.
1339 1238 1389 1276 21
1418 1240 1509 1286 post
1536 1247 1623 1272 me·-

168 1291 274 1329 diam
300 1296 480 1340 noctem,
507 1290 666 1328 tardius<
695 1290 820 1328 multo
844 1303 964 1339 quam
987 1290 1084 1329 velit
1108 1291 1351 1343 Nicephorus
1382 1291 1449 1341 qui
1463 1293 1498 1341 *3
1531 1297 1623 1329 ante

166 1347 370 1386 meridiem
397 1347 556 1397 scribit;
585 1358 675 1384 cum
702 1360 781 1397 quo
805 1346 906 1384 belle
936 1347 1108 1385 calculus
1131 1354 1266 1386 noster
1285 1347 1482 1386 convenit.
1540 1361 1622 1385 nu-

166 1410 294 1443 merat
312 1409 443 1442 autem
460 1403 651 1442 Calvisius
669 1402 809 1454 digitos
824 1403 1108 1441 obscurationis
1129 1407 1196 1446 11,
1214 1405 1290 1452 52,
1318 1404 1401 1441 fere
1422 1410 1467 1442 ut
1489 1416 1561 1441 nos
1579 1409 1621 1442 et

165 1460 412 1512 Nicephorus
428 1460 609 1512 proxime
630 1459 681 1497 ad
697 1459 870 1502 totalem.
926 1459 1063 1499 feriam
1082 1473 1237 1510 quoque
1253 1465 1431 1510 quartam
1446 1459 1524 1498 rite
1545 1460 1620 1498 ‹le-

166 1518 306 1568 signat.
363 1522 404 1555 et
426 1517 572 1568 probat
597 1516 730 1568 cyclus
761 1516 853 1554 solis
881 1519 955 1566 16,
983 1516 1096 1555 litera
1122 1518 1154 1555 B
1181 1517 1373 1568 Keplerus
1401 1516 1444 1554 in
1473 1516 1618 1564 tabulis

163 1572 388 1614 Rudolfinis
415 1587 453 1624 p.
477 1575 529 1615 98
557 1573 730 1611 eiusdem
759 1573 946 1624 eclipseos
970 1573 1209 1611 mentionem
1237 1573 1350 1622 facit,
1379 1578 1419 1611 et·
1446 1573 1619 1611 ostendit

164 1636 271 1669 recte
300 1643 323 1667 a
348 1629 516 1668 Calvisio
539 1628 803 1681 Nicephorum
829 1627 1088 1679 reprehendi,
1118 1635 1158 1667 et
1185 1643 1274 1668 cum
1301 1642 1347 1667 eo
1374 1629 1487 1680 ponit
1507 1629 1616 1680 grad.

169 1690 233 1729 10.
253 1687 306 1728 59
330 1686 606 1735 Geminorum,
635 1686 752 1738 paulo
775 1685 972 1723 liberalior
989 1687 1032 1724 iu
1050 1686 1220 1725 minutis.
1278 1699 1399 1737 porro
1423 1678 1471 1723 de
1493 1685 1618 1723 dura-

163 1743 274 1781 tione
290 1742 407 1781 huius
425 1742 574 1794 eclipsis
591 1755 717 1793 neque
733 1741 976 1794 Nicephorus
990 1754 1119 1794 neque
1136 1742 1325 1782 Calvisius
1341 1747 1411 1780 aut
1423 1742 1616 1793 Keplerus

164 1799 379 1850 quidquam
394 1799 606 1837 affirmant.
662 1804 703 1836 et
719 1811 815 1837 vero
833 1804 980 1849 quanta
997 1813 1042 1838 ea
1061 1799 1193 1848 fuerit,
1224 1798 1274 1836 ad
1291 1798 1409 1836 fidem
1427 1797 1615 1836 historiae

164 1862 235 1894 aut
258 1856 445 1907 temporis
472 1855 666 1894 rationem
686 1854 787 1893 nihil
811 1855 951 1903 refer-t,
979 1856 1155 1907 probatis
1184 1856 1266 1895 aliis
1294 1854 1515 1893 certissimis
1537 1868 1614 1892 no-

162 1913 226 1952 tis.
283 1925 422 1952 verum
451 1924 501 1950 ne
532 1925 577 1949 ea
604 1912 656 1952 ad.
681 1911 876 1963 integrum
899 1918 1159 1963 exactumque
1178 1911 1443 1964 epilogismum
1459 1910 1614 1949 deside-

162 1974 295 2018 retur,
323 1981 463 2020 magna
491 1968 688 2019 diligentia
715 1981 799 2005 eam
827 1968 1063 2020 consignavi.
1119 1975 1160 2006 et
1184 1981 1234 2007 ne
1261 1968 1347 2018 quis
1374 1967 1612 2005 brevitatem

163 2038 245 2063 non
269 2025 441 2076 integrae
471 2024 594 2063 horae
625 2026 667 2062 in
692 2023 823 2075 eclipsi
853 2037 977 2076 prope
1001 2025 1115 2063 totali
1149 2025 1307 2063 nimiam
1332 2022 1611 2074 reprehendat,

163 2081 446 2120 velocissimum
475 2082 591 2119 lunae
617 2086 772 2119 motum
791 2086 1042 2132 apparentem
1062 2080 1165 2118 circa
1182 2084 1206 2122 3
1227 2079 1465 2131 parallaxem
1484 2079 1613 2129 longi-

161 2136 333 2184 tudinis,
362 2143 445 2174 tam
466 2137 510 2175 in
532 2137 744 2175 incidentia
770 2136 980 2174 crescendo
1008 2136 1125 2175 valde
1148 2136 1188 2174 in
1214 2135 1434 2186 quadrante
1466 2135 1610 2173 Orien-

161 2192 232 2231 sali
266 2193 484 2243 eclipticam,
513 2206 630 2243 quam
658 2193 699 2231 in
729 2193 943 2234 emersione
969 2193 1140 2231 multum
1169 2192 1426 2230 decrescendo
1447 2191 1489 2229 in
1507 2205 1609 2242 qua-

163 2249 304 2287 drante
322 2249 582 2299 occidentali,
613 2261 755 2299 quaeso
772 2255 820 2287 ut
838 2245 990 2287 mecum
1009 2249 1209 2297 attendat,
1238 2255 1275 2286 et
1294 2249 1443 2286 desinet
1459 2247 1607 2286 mirari.
1629 2244 1658 2279 P
1682 2242 1749 2280 525

161 2305 259 2343 haec
275 2306 316 2343 in
336 2307 500 2356 gratiam
517 2306 565 2344 R.
584 2305 626 2343 P.
650 2305 818 2356 Possini;
858 2306 926 2357 qui
947 2305 1026 2344 viri
1049 2305 1160 2345 amici
1179 2305 1353 2344 laborem
1369 2310 1543 2356 gratum,
1573 2305 1606 2342 si

159 2361 308 2413 placet,
336 2361 514 2410 habebit,
543 2367 583 2399 et
603 2374 692 2399 eum
713 2362 785 2400 deo
802 2362 846 2400 in
864 2362 945 2402 suis
965 2357 1204 2403 orationibus
1220 2368 1260 2401 et
1278 2361 1524 2400 sanctissimis
1539 2374 1603 2399 sa·-

160 2418 315 2457 orificiis
335 2416 650 2456 commendatum
666 2417 838 2462 habebit,

269 2506 336 2548 IV.
391 2486 590 2545 Hactenus
611 2507 657 2547 R.
674 2507 717 2546 P.
734 2507 897 2549 Iacobus
914 2507 1132 2547 Grantami.
1169 2508 1233 2547 cui
1257 2507 1464 2558 adiungam
1494 2505 1601 2556 quod

159 2564 361 2602 consultus
390 2577 412 2601 a
440 2576 503 2602 me
523 2563 571 2602 de
591 2563 724 2615 eclipsi
741 2564 876 2602 eadem
891 2565 938 2604 R.
957 2565 1001 2603 P.
1020 2564 1181 2603 Ioannes
1204 2564 1378 2617 Baptista
1393 2562 1601 2610 Ricciolus,

159 2620 290 2659 statim
305 2620 581 2659 humanissime
599 2621 804 2672 respondit
818 2619 924 2659 hisce
938 2621 1054 2673 plane
1071 2621 1211 2660 verbis.

269 2697 371 2738 Aera
390 2699 826 2751 *Constantinopolitana
859 2696 1044 2751 supponit
1083 2701 1297 2752 completos
1321 2698 1435 2736 fuisse
1461 2695 1600 2734 mundi

160 2767 282 2794 anuos
300 2757 409 2800 5508
436 2762 527 2796 ante
547 2756 731 2795 usitatam
749 2755 892 2794 Christi
907 2769 1046 2795 aeram.
1103 2769 1223 2807 quare
1246 2769 1370 2794 annus
1396 2753 1505 2796 6775
1533 2763 1599 2789 ae·

158 2823 226 2850 rae
245 2812 698 2867 Constantinopolitanae
712 2818 771 2851 est
791 2825 902 2851 aerae
915 2812 1156 2852 Christianae
1183 2815 1300 2856 1267.
