1884 3262
249 225 350 273 694
616 221 960 268 -OBSERVAT.
990 218 1306 270 PAGHYRIER,
1346 249 1348 251 ·

248 333 526 397 χυμερὲστερον
553 332 716 372 videtur
744 340 880 373 noster
907 333 1119 373 historicus
1147 332 1373 372 defunctus
1426 330 1496 370 sed
1519 328 1712 369 habemus

249 407 348 444 quos
375 390 629 428 adhibeamus
661 390 834 429 subsidio
865 391 1080 444 locupletes
1120 395 1303 429 auctores
1335 387 1458 436 duos,
1502 387 1714 437 Georgium

248 447 516 499 Acropolitam
536 452 576 484 et
592 446 788 498 Nicephm
792 461 858 486 um
880 448 1119 499 Gregoram:
1145 458 1316 499 quorum
1335 443 1446 496 prior
1464 442 1716 482 acmratissi-

249 519 337 546 mus
359 511 398 542 et
419 516 599 565 praesens
617 503 816 555 inspector
827 533 838 554 ‚
868 517 963 555 quas
960 477 1143 554 ⁰narrat,
1172 515 1307 542 rerum
1331 515 1364 539 c.
1381 503 1436 543 52
1452 498 1554 541 Hist.
1571 498 1715 551 prioris

250 577 290 615 P·
305 563 358 604 56
379 560 440 599 ed.
459 561 551 611 Reg.
569 560 624 597 sic
644 560 798 599 scribit:
827 557 1037 613 ἐτεθνήκει
1058 556 1244 630 βασιλευς
1257 554 1445 608 Ἰωάννης
1464 558 1518 611 τῷ
1537 555 1615 610 υἱῷ
1639 552 1718 595 αὖ·-

251 621 326 659 τοῦ
349 614 542 685 Θεοδώρῳ
575 614 651 668 τὴν
673 617 876 669 βασιλείαν
901 614 1193 664 καταλελοιπώς
1222 611 1436 668 τριάκοντα
1458 611 1527 653 καὶ
1543 594 1631 664 ‘teia
1649 610 1717 663 ἔτη

252 670 472 716 διανύοντι.
528 676 716 720 τοσοῦτος
731 671 806 741 γοῖρ
834 672 855 713 ὅ
874 671 1016 726 χρόνος
1038 670 1149 714 αὕτω
1169 670 1316 720 ὁπόσος
1337 673 1409 723 τῆς
1426 670 1622 738 πατρικῆς
1644 667 1719 719 βα-

253 731 402 779 σιλείας
423 727 629 783 ἐτύγχανε·
660 727 795 782 σχεδὸν
814 745 888 783 γαρ
906 733 958 787 τῆ
975 732 1148 786 πατρικῇ
1169 723 1389 780 ἄναρρήσει
1405 724 1472 765 καὶ
1489 723 1518 777 ἦ
1535 724 1721 777 γέννησις

254 788 412 830 ἐκείνου
440 786 692 838 ξυνέδραμεν.
750 786 827 825 hoc
851 793 934 825 est:
971 787 1125 824 obierat
1147 787 1322 825 Ioanne-s·
1347 783 1594 833 Augustae,
1625 779 1720 831 filiu

254 858 329 883 suo
372 841 571 882 Theodoro
590 845 803 894 imperium
819 844 1047 909 relinquens*
1065 856 1219 881 annum
1239 842 1378 893 agenti
1397 839 1559 876 tertium
1582 843 1620 874 et
1642 837 1722 873 tri·-

253 902 458 954 gesimam
484 901 645 937 aetatis.
702 901 810 938 ιὶέαε
830 902 935 937 enim
960 902 1048 938 eius
1073 907 1254 951 tempora
1276 897 1539 949 principatu-9
1554 892 1723 945 paterni

256 959 439 1009 spatium
459 956 712 1007 aequabant,
743 955 991 1008 quodferme
1018 970 1110 994 cum
1133 963 1234 1008 patr
1235 957 1272 992 is
1295 952 1592 992 acclamatione
1610 956 1724 987 ortus

257 1016 392 1066 ipsius
413 1014 690 1051 concurrisset
748 1013 846 1050 haec
865 1013 950 1063 ille,
980 1025 1080 1064 quae
1097 1012 1267 1051 totidem
1286 1009 1418 1049 verbis
1435 1007 1582 1059 repetit
1596 1006 1638 1044 in
1658 1017 1724 1043 se-

257 1070 391 1109 cundo
414 1081 553 1121 opere,
583 1069 649 1107 cui
670 1069 894 1107 Clzronicon
912 1068 1260 1121 compendiariam
1278 1067 1421 1105 titulus
1449 1071 1529 1114 est,
1557 1074 1726 1101 numero

256 1127 353 1165 item
373 1126 428 1168 52
446 1139 485 1177 Ρ.
508 1127 588 1168 137
609 1125 670 1163 ed.
691 1126 784 1174 Reg.
806 1125 1049 1178 Nicephorus
1069 1124 1305 1176 Gregorasl.
1328 1126 1402 1174 3p
1405 1120 1506 1162 .24.
1527 1119 1589 1158 ed·
1608 1117 1726 1159 Basil-

260 1183 311 1222 de
333 1183 486 1222 loannis
503 1187 631 1219 morte
653 1189 693 1219 et
716 1181 915 1220 'lheodori
933 1181 1176 1220 successione
1195 1181 1251 1219 sic
1266 1136 1409 1220 habea
1438 1175 1538 1229 η’νυε
1558 1173 1602 1216 δὲ
1625 1174 1727 1228 ἔτος,

259 1236 378 1281 ὁπότε
397 1234 596 1287 ἐτελεύτα,
624 1235 862 1289 ἑξηκοστόν,
893 1233 1014 1279 ὁπότε
1036 1234 1079 1278 δ’
1102 1253 1224 1284 αυτος
1256 1234 1305 1275 τοὶ
1322 1238 1396 1288 τῆς
1415 1230 1728 1300 αυτοκρατορίας

259 1295 538 1346 ἐνεκεχείριστο
561 1296 756 1362 σκῆπτρα,
787 1293 959 1346 εβδομον
977 1292 1056 1347 ἤδη
1075 1293 1143 1333 καὶ
1160 1287 1363 1340 εἰκοστόν,
1393 1305 1448 1338 ως
1468 1286 1573 1342 μόνα
1589 1285 1637 1327 τοὶ
1654 1290 1729 1339 τῆς

262 1348 587 1422 αὐτοκρατορίας
602 1345 729 1390 αὐτοῦ
748 1351 935 1403 γίνεσθαι
956 1350 1021 1402 ἔτη
1047 1351 1137 1417 τρία
1166 1365 1233 1390 και
1259 1362 1499 1417 τριακοντα,
1529 1341 1657 1386 ὁπόσα
1674 1340 1726 1398 δὴ

262 1407 332 1449 καὶ
352 1404 438 1454 υἱὸς
459 1403 587 1446 αὐτοῦ
606 1405 673 1448 καὶ
692 1409 764 1458 τῆς
792 1408 995 1460 βασιλείας
1025 1403 1212 1474 διαδοχος
1240 1402 1342 1458 η’νυε
1360 1400 1593 1472 Θεόδωρος·
1623 1399 1730 1453 ὁμου

263 1479 306 1505 τε
325 1461 417 1531 γὰρ
424 1458 544 1510 αυτός
562 1462 601 1511 ἐξ
623 1459 779 1503 ω’δίνων
800 1464 857 1512 εἰς
877 1479 968 1515 φως
985 1459 1181 1533 προήγετο
1202 1462 1427 1515 μητρικῶν,
1456 1458 1525 1500 καὶ
1545 1453 1651 1511 ὁμοῦ
1679 1454 1729 1497 τα

266 1523 341 1573 τῆς
364 1514 675 1572 αὐτοκρατορίας
706 1522 885 1574 σκῆπτρα
917 1519 941 1561 ὁ
960 1535 1090 1572 πατηρ
1114 1534 1203 1573 αρτι
1230 1518 1421 1559 ἐδέδεκτο.
1481 1514 1628 1567 agebat
1645 1527 1731 1552 au-

269 1584 346 1615 tem
366 1589 542 1622 annum,
576 1575 737 1627 quando
762 1584 818 1614 est
843 1584 1029 1614 mortuus
1047 1574 1243 1629 (loannes)
1262 1574 1554 1626 sexagesimum
1570 1571 1732 1620 aetatis,

271 1631 437 1686 quando
453 1645 543 1672 »ero
564 1636 721 1685 sceptra
746 1635 906 1685 imperii
928 1635 972 1671 in
1001 1647 1148 1671 manus·
1178 1633 1378 1683 sumpsit,
1413 1630 1628 1681 septimum
1647 1629 1733 1664 iam

272 1698 310 1729 et
326 1691 590 1742 vigesimum,
629 1697 674 1727 ut
699 1690 778 1728 sola·
808 1692 895 1728 eius
919 1691 1080 1755 imperii
1105 1696 1364 1728 numerentur
1382 1688 1481 1725 anm·
1500 1692 1580 1723 tres
1597 1691 1633 1722 et
1653 1685 1735 1722 tri-

269 1748 390 1799 ginta
402 1776 413 1796 ,
445 1753 543 1797 quot
565 1753 663 1784 tunc
682 1747 921 1798 vitaefilius
942 1748 1030 1784 eius·
1049 1753 1084 1784 et
1103 1759 1306 1784 successor
1335 1746 1381 1782 in
1398 1744 1638 1795 principatu
1661 1754 1737 1779 ex·-

267 1802 409 1855 plebat
435 1801 688 1843 2½eodorus.-
714 1803 842 1840 simul
857 1805 963 1841 enim
983 1803 1051 1841 lu'c
1077 1810 1257 1841 materno
1270 1808 1401 1853 parta
1427 1801 1471 1837 in
1491 1800 1619 1837 lucem
1635 1810 1736 1848 pro-2

274 1858 426 1896 ductus
444 1866 526 1908 est,
563 1859 692 1896 simul
710 1867 831 1909 pater
854 1861 987 1910 ipsiu-⁹
1011 1861 1171 1910 imperii
1197 1872 1329 1896 recens
1351 1857 1505 1908 accepti
1531 1853 1736 1892 moderari

276 1922 434 1965 sceptra
460 1921 650 1965 coeperat.
706 1915 762 1952 ita
796 1916 1011 1966 Gregoras3
1059 1915 1127 1965 qui
1158 1928 1253 1953 mox
1276 1913 1452 1963 adiungit
1479 1910 1737 1950 Theodorum

276 1970 388 2010 haud
406 1976 650 2021 assumptum
669 1970 711 2008 in
733 1971 976 2009 consortium
996 1971 1149 2022 imperii
1167 1983 1189 2007 a
1209 1976 1323 2022 patre
1348 1969 1481 2007 adhuc
1501 1968 1663 2008 vivente
1685 1967 1736 2006 ob

279 2039 415 2066 causas
437 2039 533 2076 quas
550 2027 604 2064 ibi
622 2033 828 2078 memorat,
855 2040 1046 2066 consensu
1061 2039 1271 2080 procerum
1288 2031 1329 2064 et
1347 2025 1546 2065 exercitus
1565 2025 1740 2078 impera-

279 2089 410 2122 torem
428 2082 545 2121 fuisse
567 2083 797 2122 salutatum.

392 2138 441 2179 ΙΙ.
497 2139 644 2178 Neuter
665 2139 810 2179 horum
839 2140 1012 2192 praecise
1035 2153 1183 2179 annum
1201 2139 1394 2193 expressit
1411 2138 1453 2176 in
1473 2151 1564 2176 aera
1582 2137 1741 2176 Graecis

282 2195 457 2246 vulgari,
486 2203 564 2246 quo
581 2210 688 2235 mors
705 2197 862 2235 Ioannis
884 2203 924 2235 ct
944 2197 1142 2236 Theodori
1164 2196 1353 2236 successio
1372 2195 1545 2247 contigit.
1598 2206 1740 2234 verum

286 2252 477 2303 Georgius
490 2252 717 2304 Acropolita
734 2267 823 2292 cum
840 2253 952 2292 initio
972 2267 1065 2292 suae
1082 2253 1267 2293 historiae
1286 2252 1616 2304 expugnationem
1633 2252 1742 2290 Con-

287 2308 595 2359 stantinopoleos
624 2310 814 2349 a-Latinis
839 2310 1053 2362 insignierit
1076 2323 1180 2349 anno
1202 2309 1343 2349 mundi
1370 2312 1478 2352 6711
1498 2314 1538 2346 et
1561 2314 1743 2360 tempora

287 2364 383 2402 inde
403 2364 607 2415 diligenter
629 2367 916 2416 numeraverit,
954 2367 1181 2406 facultatem
1205 2367 1319 2405 offert
1345 2371 1453 2404 certo
1477 2363 1743 2416 investigandi

287 2433 440 2458 *annum
464 2434 581 2471 quem
607 2423 848 2473 quaerimus,
888 2422 1000 2462 obitu
1021 2424 1197 2473 Ioannis,
1225 2423 1525 2474 inauguratione
1542 2420 1743 2459 Theodori

286 2476 518 2517 notabilem.
574 2480 737 2518 scribit
726 2492 759 2518 1s
785 2493 818 2519 c.
833 2479 871 2520 4.
889 2491 980 2517 suae
1002 2479 1093 2518 hist.
1113 2494 1150 2532 p.
1166 2481 1193 2522 4
1225 2479 1320 2518 edit.
1343 2480 1434 2530 Reg.
1461 2479 1504 2517 in
1525 2477 1635 2516 hunc
1650 2489 1742 2516 mo-

295 2532 410 2571 ᾱιωιι
439 2531 539 2573 ἑαλω
572 2551 680 2587 παρα
706 2551 857 2576 τουτων
885 2534 1160 2590 (Λατίνων)““
1131 2553 1157 2606 τ’]
1182 2537 1511 2584 Κωνσταντίνου,
1541 2533 1653 2582 ἔτους
1668 2530 1741 2584 μὲν

297 2603 414 2636 Οντθς
431 2583 512 2630 cino*
530 2590 715 2658 γενέσεως
733 2589 881 2644 κόσμου
904 2601 1049 2643 ςψια,
1082 2594 1125 2645 ιβ
1141 2589 1348 2663 Ἀπριλίου
1366 2588 1543 2644 ἄγοντος.
1570 2592 1628 2644 τῷ
1638 2604 1712 2642 γαρ
1727 2604 1743 2629 ι

297 2643 374 2685 ε’τει
395 2643 572 2684 Μαΐου’
557 2644 672 2694 ὄντος
686 2651 743 2714 τῇ
753 2647 866 2689 πόλει
883 2645 1204 2701 προσῶρμησαν·
1236 2649 1278 2690 ἐν
1298 2647 1436 2688 ενδεκα
1452 2645 1495 2687 δὲ
1515 2645 1610 2699 μησὶ
1629 2644 1744 2685 συνέ-

296 2701 351 2752 βη
380 2699 565 2752 γενέσθαι
588 2717 661 2754 την
688 2699 905 2757 πόρθησιν.
962 2712 1084 2756 capta
1102 2705 1154 2742 ab
1180 2707 1234 2742 iis·
1252 2702 1432 2760 (Latinis)
1455 2703 1745 2741 Constantino-

291 2757 403 2807 poli-5·
421 2764 477 2793 eet
496 2771 601 2795 anno
619 2758 670 2795 ab
687 2760 777 2797 orbe
794 2759 954 2798 condito
973 2764 1096 2811 6711,
1116 2760 1181 2799 die
1201 2764 1254 2803 12
1270 2761 1441 2812 Aprilis.
1471 2772 1577 2796 anno
1596 2760 1744 2810 quippe

301 2815 355 2854 10
369 2826 498 2850 mense
512 2815 623 2851 Maio
645 2813 906 2854 admoverunt
921 2830 961 2854 se
978 2818 1158 2866 civitati,
1188 2815 1370 2855 undecim
1390 2829 1477 2853 vero
1489 2822 1582 2866 post
1598 2816 1742 2852 mensi.

297 2867 373 2905 bus
392 2867 650 2929 direptionem
663 2871 763 2922 fieri
789 2873 972 2924 contigit.
1030 2873 1122 2911 anni
1149 2885 1260 2912 aerae
1284 2873 1547 2920 Graecorum,
1576 2877 1624 2909 ut
1641 2873 1745 2908 inter
