1884 3262
432 202 507 245 DE
540 201 816 248 MICHAELE
843 203 1215 250 PALAEOLOGO
1247 207 1294 251 L.
1328 206 1402 252 VI.
1521 203 1639 255 ’497

184 313 266 358 ἀπὸ
295 310 520 372 προσώπου
548 313 670 359 ἔποίει
697 317 764 359 καὶ
795 320 870 372 τῆς
899 321 983 360 τῶν
1011 319 1155 360 κοινῶν
1176 318 1379 372 μεσιτειάς
1404 328 1636 377 παρακινεῖν

169 382 260 426 -οὗκ
281 381 468 427 ἀπώκνει.
536 386 603 426 καὶ
622 384 936 442 παρεωραμένος
964 385 1125 428 διετέλει
1142 386 1283 442 μέχρις
1301 380 1350 429 οἷι
1369 389 1635 445 οἶκειοχείροις

183 450 424 508 ἀσφαλείαις
445 451 503 507 μὴ
523 450 652 506 μόνον
670 450 905 509 προσήκατο
927 453 1001 508 τὴν
1017 451 1200 510 εῗρήνην,
1233 453 1338 497 ἀλλὰ
1357 457 1424 497 καὶ
1442 456 1562 499 πλέον
1579 453 1632 511 ἦν

182 519 364 573 ἕτοιμος,
398 522 432 562 εἲ
455 518 627 573 κελεύοι,
658 519 860 577 πράττειν.
930 519 951 564 ὁ
982 522 1028 563 δὲ
1056 527 1141 571 τοῖς
1171 522 1246 575 μὲν
1262 527 1463 578 παροῦσιν
1480 523 1634 581 ἀρκού-

153 594 327 641 5μενος,
359 588 422 630 ἐπὶ
449 589 494 630 δὲ
519 588 565 631 τὸ
596 589 717 631 πλέον
747 589 898 632 ἐκείνου
926 590 1000 643 μὲν
1027 589 1252 644 καταγνοῧς
1275 592 1405 644 δῆθεν
1431 590 1486 641 ὥς
1503 610 1635 636 κατα-

178 656 414 710 ψυχθέντος
430 657 501 699 τὸν
519 658 652 710 ζῆλον,
690 654 836 700 ἑαυτὸν
858 657 903 699 δὲ
919 656 1024 712 μηδ’
1043 654 1283 711 ἀνεχόμενον
1298 664 1507 715 παριστῶν
1524 660 1630 712 ὅλως
1651 667 1684 702 Ε·

179 725 447 778 παραβαίνειν
484 724 606 767 πλέον
645 728 727 767 τῶν
770 726 1037 781 συγκειμένων
1055 758 1069 778 ,
1126 723 1343 780 δεξόμενος
1384 722 1510 778 αὖθις
1543 737 1631 781 τοῖς

177 796 397 848 πραχθεῖσι
408 789 554 846 μόνοις
573 792 752 846 ἐμμένειν
772 791 987 849 ἐπήγγειλε.

315 860 394 905 27.
466 864 555 902 Τοῦ
584 860 629 903 δ’
663 860 793 904 αὐτοῦ
820 861 937 912 ἔτους
960 859 1206 918 ὑποστρέφει
1230 861 1305 915 μὲν
1323 861 1367 912 ἓξ
1384 860 1628 919 ἀνατολῆςό
1651 871 1682 906 Ρ
1703 873 1774 909 339

126 928 371 981 1οβασιλεῦς
381 926 658 984 Ἀνδρόνικος,
694 929 769 983 τὴν
789 929 1004 972 δέσποιναν
1024 930 1146 972 ἐκεῖσε
1166 927 1420 983 καταλιπών,
1459 929 1629 988 ἀνήγετο

180 996 226 1038 δὲ
242 996 320 1052 πρὸ
339 994 487 1038 τούτου
510 997 576 1038 καὶ
595 997 640 1038 ἐκ
659 994 813 1047 δύσεως
843 995 864 1040 ὃ
883 997 1279 1054 πορφυρογέννητος,
1315 997 1435 1040 οὐδὲν
1458 1000 1513 1049 εἷς
1531 999 1631 1056 τρό-

176 1080 300 1105 παιον
333 1065 468 1120 φέρων
494 1063 521 1118 ἢ
550 1063 622 1106 τὸν
650 1066 904 1120 Κοτανίτζην
935 1064 1016 1108 ὗπό
1044 1072 1161 1121 χεῖρα
1188 1063 1460 1119 ποιησάμενος
1478 1065 1631 1121 ὁμολο-

174 1133 281 1186 γιάις
301 1130 478 1188 ἓνόρκοις
495 1135 569 1175 τοῦ
590 1132 719 1186 μηδέν
741 1149 780 1175 τι
801 1138 951 1176 παθεῖν
980 1135 1023 1175 ἐκ
1044 1132 1244 1187 βασιλέως
1260 1131 1490 1188 ἀνήκεστον.
1559 1139 1630 1179 καὶ

176 1197 198 1242 ὅ
218 1201 294 1253 μὲν
313 1201 495 1254 ἐμμένων
525 1205 611 1249 τοῖς
628 1199 764 1256 ὅρκοις
783 1199 824 1251 ἔς
853 1202 966 1251 τέλος
987 1201 1163 1258 εὐορκεῖν
1181 1200 1327 1255 ἤθελε,
1364 1203 1557 1255 βασιλεὺς
1583 1206 1629 1248 δὲ

121 1268 225 1311 15οὗ
244 1268 291 1310 τὸ
314 1268 384 1325 ἔφ’
407 1267 555 1311 ἑαυτοῦ
574 1266 701 1322 μόνον
717 1267 1001 1325 προορώμενος
1021 1269 1077 1319 εἴς
1094 1286 1137 1312 τε
1158 1269 1232 1323 τὴν
1252 1269 1330 1311 ἀπ’
1353 1271 1502 1313 ἐκείνου
1524 1274 1624 1315 δου-
1647 1281 1678 1316 Β

173 1337 285 1378 λείαν
305 1339 371 1378 καὶ
387 1335 439 1379 τὸ
461 1335 553 1391 ἑξῆς
576 1336 679 1392 πρὸς
698 1336 857 1379 εὔνοιαν
875 1337 1131 1389 ἇδολιέυτον,
1166 1337 1270 1379 ἀλλὰ
1285 1339 1351 1379 καὶ
1370 1338 1423 1380 τὰ
1445 1338 1525 1394 ὀψὲ
1542 1345 1627 1384 τῶν

174 1409 327 1460 καιρῶν
366 1402 642 1458 σκοπούμενος
686 1405 912 1462 ἐκτυφλοῦν
955 1403 1142 1459 ἐβούλετο
1163 1418 1176 1430 ’
1231 1407 1336 1460 μηδὲ
1372 1406 1450 1463 γὰρ
1496 1408 1624 1452 αὐτὸν

174 1470 361 1526 ὀμνύειν,
398 1470 454 1522 ὥς
468 1473 671 1529 ἐπιορκίας
692 1471 868 1526 ἁλῶναι,
901 1473 1006 1516 ἀλλὰ
1031 1473 1103 1516 τὸν
1124 1472 1213 1516 υἱὸν
1239 1471 1342 1529 ὑπὲρ
1369 1474 1498 1517 αὐτοῦ
1516 1477 1624 1531 μηδὲ

174 1545 462 1590 συναινοῦντος
480 1539 596 1590 ὅλως.
667 1539 739 1584 τὸν
765 1542 811 1584 δὲ
838 1541 962 1585 κακὸν
993 1539 1183 1600 προεώρα
1207 1539 1355 1594 κακόν,
1400 1542 1449 1585 οὐ
1476 1547 1623 1606 θεσμῷ

172 1693 248 1717 nem
271 1685 331 1717 aut
351 1694 478 1718 moram
500 1681 799 1728 obtemperandum
822 1681 952 1717 cunctis
973 1693 1062 1728 quae
1082 1681 1234 1725 iuberet,
1267 1680 1303 1715 in
1326 1681 1392 1716 hoc
1414 1692 1549 1728 quoque
1567 1683 1622 1718 ni-

171 1728 280 1769 mius,
304 1734 344 1763 ut
365 1729 549 1775 imperator
570 1729 644 1774 ipse
662 1728 844 1773 iudicavit,
871 1729 928 1773 qui
951 1728 1040 1774 quod
1063 1729 1271 1762 offerebatur
1292 1732 1432 1762 eatenus
1454 1729 1622 1765 duntaxat

170 1774 408 1818 accipiens'ut
429 1775 638 1809 Muzalonem
661 1779 814 1819 perstare
840 1774 1000 1820 deinceps
1021 1773 1056 1807 in
1078 1774 1216 1808 statutis
1246 1773 1338 1808 circa
1369 1784 1485 1819 pacem
1509 1775 1622 1810 eccle-

168 1819 295 1854 siarum
317 1820 501 1864 gauderet,
522 1819 726 1865 improbavit
749 1819 838 1866 apud
860 1830 898 1854 se
919 1820 1068 1864 graviter
1082 1819 1378 1865 praeparationem
1399 1819 1501 1853 animi
1540 1832 1619 1856 uam

168 1865 371 1899 ostendebat
393 1866 437 1900 ad
459 1865 621 1908 ulterius,
642 1866 670 1899 si
691 1865 888 1908 iuberetur,
909 1865 1208 1910 progrediendum,
1241 1865 1275 1899 iu
1306 1876 1372 1910 quo
1404 1865 1513 1899 anima
1538 1877 1620 1900 ver-

168 1911 289 1953 tebat,
308 1923 373 1945 non
397 1911 471 1946 sine
493 1911 599 1945 tacito
623 1915 835 1956 contemptu,
868 1911 1042 1945 refrixisse
1063 1911 1169 1945 zelum
1191 1910 1264 1944 eius
1285 1921 1392 1955 usque
1415 1910 1459 1944 ad
1483 1911 1620 1946 relaxa-

166 1957 293 1991 tionem
325 1956 539 1991 necessariae
570 1957 780 1991 constantiae
793 1981 804 1998 ,
837 1968 936 2002 quam
958 1956 994 1990 in
1016 1957 1119 1991 rebus
1140 1956 1316 2000 religionis
1336 1955 1495 1990 invictam
1518 1957 1617 1991 exhi-

166 2003 251 2038 bere
275 2002 462 2037 Christiani
483 2006 537 2036 est
557 2002 672 2038 officii.
717 2002 793 2048 ipse
823 2014 925 2048 porro
946 2002 1131 2047 imperator
1153 2007 1190 2036 et
1208 2008 1290 2036 tunc
1318 2006 1355 2035 et
1376 2013 1510 2047 semper
1530 2003 1617 2038 alias

167 2059 254 2094 prae
276 2059 314 2082 se
335 2049 415 2083 tulit
435 2049 616 2082 abhorrere
637 2048 768 2083 omnino
791 2059 829 2082 se
851 2060 873 2082 a
903 2049 978 2094 plus
1001 2048 1212 2082 concedendo
1235 2047 1366 2081 Latinis
1386 2058 1486 2092 quam
1508 2059 1619 2092 quan-

167 2098 240 2128 tum
262 2098 357 2129 erant
379 2093 653 2128 conventionibus
674 2093 836 2139 stipulati.
881 2094 1092 2128 Muzalonem
1123 2093 1228 2138 igitur
1248 2093 1283 2126 in
1306 2093 1413 2126 locum
1436 2092 1614 2137 pristinum

167 2139 356 2184 recipiens,
389 2139 488 2173 iussit
517 2151 559 2173 ea
581 2140 688 2173 solum
721 2140 920 2175 inconcussa
940 2144 1058 2174 tenere
1082 2139 1119 2173 in
1140 2150 1229 2184 quae
1250 2138 1408 2183 utrinque
1430 2149 1452 2171 a
1472 2149 1615 2174 concor-

166 2184 257 2219 diam
275 2185 503 2220 tractantibus
524 2189 741 2220 convenerat.

257 2231 314 2267 27.
358 2231 488 2265 Eodem
520 2242 606 2265 anno
640 2231 742 2265 rediit
773 2242 816 2265 ex
850 2231 993 2266 Oriente
1020 2230 1205 2276 imperator
1226 2226 1454 2269 Andronicus,
1475 2226 1613 2264 domina

167 2276 217 2311 ibi
239 2277 370 2312 relicta.
414 2275 566 2310 redierat
603 2280 684 2311 ante
714 2277 801 2311 hunc
831 2289 874 2311 ex
906 2276 1092 2311 Occidente
1113 2274 1443 2320 Porphyrogenitus,
1462 2273 1543 2307 nihil
1564 2275 1608 2309 ad

166 2325 343 2367 tropaeum
371 2322 496 2356 ferens.
541 2333 607 2355 non
627 2322 715 2356 enim
746 2322 833 2356 bello
854 2322 1005 2364 vicerat,
1025 2322 1086 2355 sed
1109 2320 1198 2354 ultro
1218 2321 1428 2353 subiunctum
1447 2319 1611 2365 potestati

167 2368 241 2402 eius
264 2367 476 2401 Cotanitzam
497 2377 608 2401 secum
629 2368 772 2409 ducens,
802 2372 979 2413 postquam
1007 2370 1039 2400 ei
1060 2365 1270 2400 iureiurando
1302 2368 1443 2399 caverat
1462 2365 1545 2398 nihil
1564 2365 1609 2399 il-

165 2414 233 2447 lum
255 2425 361 2458 grave
383 2413 426 2447 ab
447 2412 652 2457 imperatore
671 2423 858 2458 passurum.
903 2425 945 2447 ac
962 2411 1270 2458 Porphyrogenitus
1291 2410 1425 2455 quidem
1445 2415 1609 2455 quantum

165 2459 203 2494 in
224 2462 298 2504 ipso
325 2463 418 2500 erat,
439 2462 617 2503 praestare
636 2458 780 2493 iuratam
809 2459 910 2492 fidem
938 2458 983 2492 ad
1015 2461 1197 2492 extremum
1226 2456 1372 2491 volebat.
1425 2455 1612 2501 imperator

164 2507 278 2539 autem
309 2504 536 2538 turbulentum
579 2503 782 2538 Cotanitzae
820 2503 989 2548 ingenium
1027 2503 1111 2537 satis
1151 2505 1363 2548 perspectum
1390 2501 1539 2543 babens,
1571 2505 1608 2536 et

164 2562 366 2596 quamquam
387 2549 422 2583 in
443 2549 639 2594 praesentia
659 2549 740 2582 nihil
762 2550 806 2583 ab
829 2561 870 2583 eo
889 2549 1070 2584 timendum
1091 2548 1239 2589 videret,
1273 2547 1308 2582 in
1329 2551 1501 2592 posterum
1525 2559 1607 2592 pro-

163 2596 321 2631 videnter
341 2600 502 2630 metuens
518 2606 562 2629 ne
583 2600 720 2640 captato
742 2594 922 2641 aliquando
945 2599 1098 2640 tempore
1122 2594 1291 2638 negotium
1319 2593 1436 2627 heredi
1456 2594 1607 2627 facesse-

163 2646 221 2676 ret
235 2667 247 2684 ‚
269 2642 311 2675 de
337 2641 491 2686 ositaque
513 2640 665 2686 obsequii
686 2640 799 2682 larva,
822 2651 921 2686 quam
943 2640 974 2674 ei
1006 2640 1196 2686 desperatio
1217 2650 1328 2673 rerum
1357 2649 1493 2672 suarum
1515 2637 1609 2672 utili-

166 2690 220 2722 ter
242 2653 340 2722 πισός)
361 2686 547 2729 induisset,
582 2686 624 2720 ad
658 2686 794 2720 fraudes
821 2685 1062 2732 perfidiamque
1082 2686 1200 2721 solitas
1230 2684 1483 2725 revolveretur,
1506 2694 1609 2729 prae-

164 2736 300 2767 vertere
321 2732 530 2767 formidatam
555 2731 737 2777 perniciem
757 2732 906 2777 suspecti
926 2732 1046 2777 capitis
1076 2730 1310 2766 excaecatione
1330 2729 1499 2774 cupiebat.
1544 2740 1609 2763 nec

166 2778 253 2813 enim
274 2790 342 2824 quo
362 2780 470 2812 minus
491 2777 527 2810 id
550 2780 686 2822 ageret,
708 2777 872 2822 religione
894 2777 1093 2812 sacramenti
1114 2789 1152 2812 se
1173 2775 1282 2810 teneri
1304 2775 1516 2816 disserebat,
1539 2774 1610 2809 uti·

166 2835 232 2870 que
255 2835 330 2858 cum
350 2836 416 2859 non
431 2824 504 2869 ipse
525 2823 692 2866 iurasset,
724 2824 787 2859 sed
809 2824 937 2871 absque
957 2823 1050 2860 iussu
1071 2832 1301 2868 consensuque
1322 2831 1383 2856 suo
1405 2820 1516 2863 filiun
1553 2819 1609 2856 cui

219 2876 389 2923 Georgius
416 2877 639 2921 pachymeres
670 2877 701 2912 Ι.
1280 2871 1336 2910 32
