1884 3262
411 216 487 259 DE
519 214 794 258 MICHAELE
829 212 1198 257 PALAEOLOGO
1233 214 1282 256 L.
1315 211 1390 255 VI.
1529 208 1627 255 445

173 328 320 384 μένους
341 327 541 381 πολέμους
563 328 629 374 καὶ
647 326 722 376 τὰς
739 326 928 380 βλακείας
957 326 1084 381 μηδὲν
1112 325 1200 375 οἵας
1226 341 1270 366 τε
1287 322 1413 373 οὔσας
1429 321 1622 366 κατευνά-
1646 334 1682 368 D

175 400 251 448 ζειν
282 396 380 445 τοὺς
409 397 451 438 ἐκ
485 400 568 438 τῶν
603 395 790 448 πολέμων
819 391 1052 445 κινδύνους,
1097 391 1200 436 ὥστε
1227 394 1294 443 καὶ
1313 390 1507 441 πολλάκις
1525 391 1627 446 πρὸς

174 466 323 519 ἐκείνην
352 466 726 520 διαφιλονεικοῦντα
769 462 950 504 ἐντείνειν
988 459 1156 516 πληγάς.
1234 459 1359 509 αὐτὸς
1390 461 1435 502 δὲ
1460 462 1628 515 κρείττω

174 531 309 587 πάσης
338 532 531 586 ἀσχολίας
561 531 614 572 τὰ
643 529 775 587 κύκλῳ
805 526 1126 582 συνανιστάμενα
1161 528 1305 581 κρίνων
1331 526 1558 570 ὖπεποιεῒτο
1585 545 1627 571 τε

140 600 272 649 5τοῦς
300 599 502 656 ἄρχοντας
525 603 607 641 τῶν
634 595 905 653 Βουλγάρων,
942 598 1008 639 καὶ
1034 595 1137 651 πρὸς
1167 596 1370 647 πολέμους
1390 593 1626 649 ἡτοιμάζετο

172 671 269 717 τοὺς
296 667 390 709 κατ’
417 667 556 722 ἄμφω.
600 666 696 708 οὐδὲ
716 666 794 721 γὰρ
815 661 864 719 ἦν
884 663 979 707 οὔτε
1003 661 1208 718 Τοχιίροις
1231 662 1297 704 διὰ
1319 662 1369 704 τοὶ
1389 664 1628 717 πραχθέντα

172 737 422 778 σπένδεσθαι
443 734 535 777 οὔτε
553 734 650 784 τούς
668 738 742 776 τοῦ
759 732 960 786 βασιλέως
971 729 1161 775 ὁπωσοῦν
1179 730 1372 786 ἀναρτᾶν.
1411 730 1478 772 διὰ
1498 736 1620 774 τοῦτο

172 803 280 846 καθ’
317 802 413 846 ὅσον
441 802 575 856 ἴσχυεν
602 798 990 856 ἀντιπαρετάττετο,
1035 799 1083 842 τὸ
1109 800 1184 852 μὲν
1211 796 1310 840 ἑκὼν
1342 798 1389 841 τὸ
1419 798 1462 840 δ’
1497 798 1618 843 ἄκων.
1645 818 1681 852 135

173 871 302 925 ἀρχὴν
320 871 398 927 γὰρ
421 869 559 923 λαβὼν
579 868 629 923 ’ἢν
660 869 734 912 οὐκ
758 868 939 923 ἤλπιζεν,
977 867 1143 910 ἔσπευδε
1165 866 1223 921 μὴ
1250 863 1376 919 μόνον
1397 866 1497 920 ἔχειν
1520 866 1625 910 ἀλλὰ

111 949 162 984 ’10
173 942 237 982 καὶ
258 942 464 982 συνιστᾶν.
534 937 819 991 ἐπιτιθεμένων
838 936 883 978 δ’
915 935 1050 985 ἄλλως
1068 936 1134 978 καὶ
1153 938 1234 977 τῶν
1254 933 1408 984 ἔξωθεν
1429 932 1625 991 ὁσημέραι

170 1009 238 1050 καὶ
270 1006 379 1049 ἄκων
406 1003 725 1059 κατηναγκάζετο
752 1002 983 1058 μάχεσθαι·
1016 1002 1103 1059 ᾔδει
1122 1002 1199 1057 γὰρ
1230 1004 1296 1043 καὶ
1321 1000 1535 1058 βάρβαρος
1567 1003 1623 1046 ὢν

169 1072 451 1127 πολεμήσοντα
478 1072 520 1122 ἐξ
544 1069 721 1127 ἀνάγκης
749 1071 820 1114 τὸν
849 1071 907 1125 μὴ
933 1071 1111 1113 θέλοντα
1131 1073 1330 1121 πολεμεῖν.
1404 1069 1471 1112 διὰ
1492 1075 1623 1113 ταῦτα

167 1146 267 1198 γοῦν
284 1141 335 1183 τοὶ
354 1140 448 1182 κατ’
472 1141 620 1182 ἐκείνου
639 1137 776 1182 εὐώδει
796 1136 1138 1195 παραβολώτερον
1158 1134 1476 1192 συμπλεκόμενα.
1529 1139 1622 1181 οὔτε

167 1209 246 1266 γὰρ
267 1209 304 1252 οἲ
328 1205 618 1262 ἀνθιστάμενοι
647 1208 787 1262 ἴσχυον
819 1205 966 1263 ὁρμαῖς
994 1203 1265 1255 ἀτακτούσαις
1293 1205 1515 1260 ἀντισχεῖν,
1551 1209 1617 1249 καὶ
1643 1223 1670 1256 p
1692 1223 1760 1259 304

166 1327 333 1363 rationem
356 1327 562 1372 usurpabat,
599 1326 662 1360 hoc
694 1325 803 1370 ipsum
825 1325 984 1360 videlicet
1014 1324 1197 1359 aestimans
1219 1323 1302 1358 utile
1324 1323 1532 1359 demerendis
1554 1326 1621 1361 sibi

169 1373 381 1408 familiarium
403 1383 537 1406 suorum
562 1371 742 1405 affectibus
766 1375 801 1405 et
823 1371 941 1405 studiis
955 1396 965 1412 ,
999 1381 1138 1415 quorum
1162 1370 1302 1403 alendae
1324 1371 1565 1416 augendaeque
1587 1372 1621 1406 in

167 1431 246 1454 sese
266 1417 515 1453 benevolentiae
539 1422 659 1451 cuncta
681 1428 769 1462 quae
793 1417 835 1450 ad
869 1417 902 1450 id
933 1417 1095 1450 conferre·
1113 1416 1306 1450 viderentur
1340 1416 1456 1450 sedulo
1480 1418 1621 1451 adbibe-

166 1465 239 1500 bat.
284 1464 369 1498 satis
393 1463 478 1498 enim
500 1463 708 1506 intelligebat
731 1466 890 1508 quantum
913 1461 1081 1506 indigeret
1103 1472 1216 1495 eorum
1249 1472 1372 1506 opera,
1407 1462 1522 1508 utique
1546 1475 1622 1498 cum

167 1510 234 1544 sibi
256 1505 381 1555 duplici
403 1520 445 1542 ex
469 1511 566 1552 parte
589 1508 782 1542 diversa'et
805 1519 925 1552 magna
948 1506 1121 1541 imminere
1137 1506 1224 1540 bella
1242 1510 1407 1543 cerneret.
1454 1519 1523 1553 qua
1546 1507 1622 1553 ipsa'

167 1567 211 1590 ex
233 1566 337 1589 causa
367 1554 558 1588 muliebrem
590 1553 699 1588 victus
733 1553 909 1598 cultusque
942 1552 1111 1586 mollitiem
1135 1551 1316 1586 exercitam
1339 1553 1553 1598 oblatamque
1577 1555 1621 1588 ab

167 1611 273 1635 uxore
301 1599 542 1633 contumaciter
571 1599 656 1633 adeo
685 1599 910 1643 reprobabat,
952 1598 1083 1632 noxiam
1124 1597 1303 1631 criminans
1334 1601 1372 1632 et
1406 1600 1621 1634 enervandae

164 1650 248 1680 tuno
279 1645 420 1679 maxime
449 1644 660 1678 necessariae
690 1644 833 1678 bellicae
862 1643 979 1677 virtuti
1013 1644 1313 1684 accommodatam,
1345 1648 1384 1676 ut
1417 1655 1456 1677 eo
1488 1645 1620 1679 nomine

167 1690 309 1726 Mariam
332 1702 398 1724 non
419 1691 523 1724 solum
548 1690 741 1735 plerumque
762 1689 956 1735 increparet
977 1689 1111 1731 verbis,
1141 1688 1201 1723 sed
1235 1689 1434 1723 verberibus
1457 1690 1557 1724 etiam
1580 1703 1624 1725 ac

166 1735 279 1781 plagis
299 1737 454 1770 miseram
477 1735 719 1777 contunderet,
751 1735 898 1769 intentus
933 1735 1064 1768 interea
1095 1746 1198 1777 sane,
1235 1737 1337 1779 prout
1359 1746 1416 1769 res
1441 1737 1620 1779 poscebat,

164 1781 299 1816 solicite
321 1781 453 1815 cunctis
473 1792 537 1826 per
559 1780 734 1815 circuitum
759 1780 918 1825 parandis
949 1780 992 1814 ad
1015 1780 1230 1825 excipiendos
1260 1780 1485 1824 ingruentium
1510 1783 1620 1816 utrin-

165 1839 233 1872 que
254 1827 399 1872 impetus
422 1827 574 1860 bostium.
621 1837 719 1872 quam
743 1827 786 1860 ad
810 1838 879 1860 rem
903 1829 978 1859 arte
1001 1837 1067 1871 qua
1088 1832 1224 1871 poterat
1247 1827 1388 1860 maxima
1411 1826 1554 1861 delinire
1577 1839 1620 1862 ac

165 1872 346 1906 conciliare
372 1872 436 1906 sibi
460 1873 639 1916 satagebat
664 1872 828 1918 primores
851 1872 1087 1917 principesque
1110 1872 1355 1916 Bulgaromm,
1379 1876 1418 1906 ut
1440 1884 1553 1908 eorum
1574 1874 1619 1908 ad

163 1918 310 1959 bellum,
332 1919 419 1963 quod
442 1918 600 1963 utrinque
621 1922 720 1952 atrox
744 1918 970 1963 expectabat,
1000 1917 1069 1951 fida
1099 1924 1304 1962 strenuaque
1336 1916 1386 1952 uti
1409 1930 1514 1963 opera
1538 1931 1618 1964 pos-

163 1968 230 1998 set.
275 1975 341 1997 non
364 1964 449 1997 enim
473 1964 504 1997 ei
525 1970 703 2008 supererat
724 1975 803 2009 spes
825 1963 945 1997 salutis
981 1962 1115 1997 aliunde
1147 1964 1214 1998 ulla
1261 1974 1335 1997 uam
1359 1974 1401 1996 ex
1424 1964 1456 1998 vi
1480 1971 1614 2009 aperta,

164 2020 239 2043 cum
264 2012 354 2043 esset
377 2009 583 2043 manifestum
607 2021 714 2054 neque
744 2020 816 2043 cum
841 2008 1031 2051 Tocharis,
1060 2020 1146 2054 quos
1178 2008 1435 2054 impacabiliter
1464 2010 1615 2046 irritatos

165 2054 294 2098 magnis
315 2066 336 2089 a
354 2066 392 2089 se
415 2055 564 2100 acceptis
587 2056 737 2089 cladibus
759 2055 884 2096 sciret,
907 2066 950 2088 ne
975 2065 1018 2088 ue
1041 2066 1114 2088 cum
1136 2055 1350 2100 imperatore,
1372 2066 1470 2099 quem
1502 2056 1616 2090 dome-

164 2099 272 2134 sticae
295 2101 443 2134 rationes
474 2101 519 2135 ad·
546 2101 814 2134 irrevocabiliter
843 2067 1028 2145 urgendam
1050 2101 1165 2144 generi
1197 2100 1356 2144 filiaeque
1377 2100 1411 2133 in
1434 2101 1616 2145 Bulgariae

164 2155 302 2188 regnum
326 2147 529 2180 evectionem
551 2147 812 2191 compellebant,
835 2146 1071 2180 tractationem
1094 2146 1171 2180 iniri
1201 2147 1300 2180 ullam
1324 2150 1383 2179 aut
1414 2146 1470 2180 vel
1490 2147 1616 2182 tentati

166 2191 408 2225 conventiones
430 2192 576 2225 foederis
599 2203 709 2237 posse.
754 2192 915 2238 quocirca
938 2196 1098 2236 quantum
1126 2191 1261 2225 valebat
1284 2191 1427 2225 maxime
1447 2191 1491 2226 ad
1514 2193 1614 2226 forti-

164 2240 220 2269 ter
251 2236 469 2270 resistendum
499 2248 537 2271 se
567 2239 731 2282 parabat,
762 2237 865 2271 vellet
893 2237 998 2271 nollet
1028 2248 1068 2270 eo
1099 2237 1190 2270 illum
1220 2235 1378 2280 adigente
1409 2238 1614 2272 necessitate

165 2280 279 2314 tuendi
303 2281 416 2326 regni3
442 2282 530 2326 quod
554 2294 626 2316 cum
650 2294 828 2328 capessere
851 2294 952 2317 ausus
976 2288 1078 2324 esset,
1100 2294 1166 2316 non
1189 2281 1286 2315 modo
1307 2286 1424 2316 tenere
1448 2282 1527 2317 illud
1550 2284 1612 2319 sed

164 2326 264 2360 etiam
288 2326 354 2360 sibi
377 2327 511 2361 firmare
535 2332 639 2373 atque
669 2339 823 2362 asserere
845 2327 1082 2363 contendebat.
1127 2339 1200 2361 cum
1223 2330 1335 2362 autem
1357 2328 1492 2363 assidue
1513 2330 1612 2364 modo

163 2371 229 2405 bac
251 2372 349 2406 modo
371 2372 452 2406 illac
474 2373 587 2407 hostes
608 2373 852 2419 irrumperent,
886 2374 1061 2409 Laelianas
1086 2373 1206 2419 raptim
1230 2373 1275 2407 ad
1297 2373 1407 2408 omnis
1430 2383 1613 2410 occurrens

162 2417 323 2462 praeliari
345 2419 451 2452 ferme
473 2418 621 2464 quotidie
643 2420 840 2464 cogebatur.
883 2419 918 2453 id
945 2420 1121 2464 ipsumque
1142 2418 1303 2454 alacriter
1325 2420 1461 2464 agebat,
1486 2421 1612 2467 quippe

162 2463 378 2507 quantumvis
410 2464 506 2498 bomo
539 2465 723 2506 barbarus,
756 2466 839 2499 satis
868 2465 982 2499 iudicii
1014 2464 1162 2498 habebat
1183 2464 1226 2498 ad
1247 2463 1496 2510 intelligendum
1520 2467 1611 2512 quod

163 2511 218 2542 cst
242 2509 465 2552 verissimum,
498 2513 721 2555 pugnaturum
756 2522 831 2544 eum
864 2521 938 2544 cum
970 2521 1036 2544 nou
1067 2510 1175 2551 volet,
1210 2510 1269 2556 qui
1294 2522 1359 2544 non
1383 2516 1513 2556 pugnat
1535 2525 1611 2547 cum

161 2558 286 2598 potest.
332 2566 374 2588 ac
404 2559 542 2600 propter
572 2555 671 2589 istam
699 2555 876 2601 impigram
906 2555 1079 2590 audaciam
1114 2556 1157 2590 ad
1187 2556 1326 2601 quaevis
1347 2557 1438 2592 ultro
1460 2558 1612 2603 pericula

161 2601 360 2635 occurrendi
382 2601 522 2635 favebat
552 2600 586 2634 ei
608 2601 801 2645 plerumque
831 2602 966 2636 fortuna
989 2600 1090 2642 belli,
1125 2601 1395 2644 vehementibus,
1417 2603 1498 2637 licet
1518 2604 1612 2638 inor-

162 2643 308 2688 dinatis,
330 2647 441 2680 ruenti
463 2645 674 2688 incursibus3
695 2657 781 2692 quos
803 2658 907 2692 saepe
928 2646 1160 2682 ineluctabiles
1192 2648 1325 2693 experti
1348 2649 1470 2683 milites
1493 2649 1612 2691 nostri,

187 2701 279 2724 arum
306 2691 370 2725 iam
391 2692 542 2726 fidebant
568 2691 765 2737 disciplinae
788 2696 891 2738 atque
913 2692 1022 2727 ordini
1050 2704 1146 2738 quem
1176 2694 1361 2728 observare
1388 2694 1424 2728 in
1459 2694 1532 2728 acie
1557 2695 1612 2730 di-

183 2734 331 2778 ‘eerant,
354 2744 402 2772 ac·
417 2738 542 2783 passim
565 2737 748 2771 horrebant
770 2749 844 2772 cum
866 2750 906 2772 eo
929 2739 1100 2783 congredi,
1123 2739 1322 2784 praesertim
1344 2740 1434 2785 quod
1457 2740 1610 2786 exempla

161 2781 391 2826 crudelitatis,
422 2795 512 2829 quae
542 2783 640 2818 homo
671 2785 763 2818 ferus
794 2788 830 2819 et
860 2784 1010 2819 immanis
1033 2784 1068 2819 iu
1099 2784 1185 2819 bello
1209 2785 1317 2831 captis
1339 2786 1443 2819 edere
1465 2786 1607 2830 solebat,

159 2823 228 2860 late
259 2828 396 2873 vulgata
425 2829 668 2874 refrigerarent
697 2830 843 2876 impetus
873 2830 1046 2866 missorum
1077 2836 1194 2866 eontra
1216 2842 1291 2866 eum
1313 2830 1453 2866 militum
1475 2838 1607 2868 nostro-
