1884 3262
512 214 617 262 LIB.
652 213 728 259 111.
784 213 1270 262 CHRONOLOGICUS.
1528 216 1627 262 715

177 326 285 376 dori,
313 326 437 365 breve
461 326 561 365 illud
587 331 628 365 et
650 325 811 366 minime
836 327 1085 367 fortunatum
1112 320 1377 380 portendisse,
1406 338 1497 365 cnm
1525 325 1629 365 dixit

175 381 203 424 ὃ
223 380 274 437 δη
294 379 550 435 προεσήμηνέ
563 398 602 424 τι
622 388 798 436 σημεῖον.
826 380 941 437 ἥλιος
957 380 1033 439 γάρ
1055 389 1128 423 etc.

287 439 491 478 X11.Ex
515 453 594 489 qua
621 439 793 478 duorum
820 446 1047 489 anctorum,
1075 453 1245 490 quorum
1270 439 1429 492 eclipses
1453 438 1628 490 exposui,

176 494 227 534 de
251 507 386 534 earum
416 496 695 547 significatione
716 497 928 546 sententia,
958 496 1010 534 ad
1031 496 1177 534 calcem
1195 496 1502 536 dissertationis·
1492 510 1533 534 ιιι
1547 509 1626 546 qua
1646 499 1676 534 P
1701 499 1766 535 505

174 551 366 591 hactenus
386 550 619 591 historicum
638 559 678 591 et
695 558 962 591 astronomum
978 565 1090 604 agere
1107 566 1170 591 me
1190 554 1391 604 oportuit,
1421 565 1564 603 quaeso
1583 558 1633 591 ut

173 608 272 647 mihi
291 609 408 647 liceat
426 609 617 661 tantisper
635 622 745 660 agere
763 609 988 660 theologum
1002 638 1014 658 ,
1044 615 1084 647 et
1115 609 1218 647 eirca
1235 609 1533 661 significationes
1554 609 1629 646 de·-

173 665 391 704 fectionum
424 665 631 716 utriusque
660 665 863 704 luminaris
884 665 1046 705 definire
1065 665 1262 715 breviter,
1292 672 1333 704 at
1359 665 1502 714 solide,
1532 665 1628 715 quid

175 721 421 762 Christianus
454 720 575 760 homo
617 721 757 760 debeat
788 727 858 760 aut
882 722 1006 773 possit
1033 722 1098 761 vel
1125 723 1270 762 sentire
1296 722 1465 773 legitime
1490 721 1555 759 vel
1585 722 1628 760 in

174 791 292 817 nsum
316 777 502 816 adhibere
528 778 610 817 sine
636 778 735 818 vitio
763 777 986 817 timiditatis
1014 784 1085 817 aut
1110 779 1191 817 sine
1210 793 1314 817 noxa
1332 777 1629 830 superstitionis,

175 848 345 885 quorum
372 834 540 873 alterum
564 834 761 875 humanae
790 834 1034 886 sottitudini,
1066 835 1234 875 alterum
1263 835 1503 875 Christianae
1530 834 1630 872 reli-

172 891 277 942 gioni
299 897 503 943 iepugnst.

287 948 420 987 Unum
444 948 567 999 igitur
590 947 670 986 hoc
685 949 925 1001 Ριοιιιιιιῑίο,
956 947 1124 1002 eclipses
1144 949 1236 988 solis
1257 954 1296 987 et
1317 949 1434 987 lunae
1453 961 1535 986 esse
1556 947 1630 984 de-

174 1005 302 1043 fectus
324 1004 543 1054 naturales,
572 1005 640 1043 vel
658 1005 820 1044 luminis
847 1005 890 1044 in
920 1006 1008 1058 ipsa
1028 1007 1122 1045 luna
1150 1005 1194 1043 in
1216 1005 1393 1043 umbram
1411 1011 1540 1043 terrae
1558 1004 1629 1040 in·-

176 1066 380 1108 currente,
407 1060 474 1100 vel
499 1059 704 1099 radiorum
728 1062 822 1100 solis
845 1061 888 1099 in
916 1067 1045 1112 terra,
1082 1063 1193 1100 Luna
1219 1075 1260 1100 se
1287 1061 1392 1099 inter
1413 1067 1629 1110 utrumque

173 1116 388 1156 iniiciente.
443 1123 525 1155 tam
543 1117 741 1155 naturales
760 1123 891 1156 autem
910 1123 950 1156 et
968 1118 1172 1157 ordinatae
1199 1124 1295 1155 sunt
1329 1117 1630 1155 coniunctiones

156 1179 215 1213 >et
237 1172 506 1226 oppositiones
525 1173 755 1225 eclipticas,
786 1188 905 1225 quam
936 1181 1030 1213 sunt
1053 1174 1131 1226 ipsi
1165 1179 1295 1212 motus
1318 1172 1571 1211 luminarium
1594 1177 1633 1210 et

174 1230 359 1283 syzygiae
379 1242 462 1268 non
480 1229 706 1281 eclipticae,
737 1243 854 1280 quam
872 1237 966 1268 sunt
988 1231 1071 1268 dies
1100 1236 1140 1268 et
1166 1236 1323 1279 noctes,
1363 1243 1482 1280 quam
1497 1228 1631 1266 solstis'·

174 1287 231 1331 tia
257 1292 297 1325 et
326 1284 596 1336 aequinoctia,
638 1299 755 1337 quam
785 1299 938 1325 menses
968 1292 1007 1325 et
1035 1286 1152 1325 anni:
1187 1286 1363 1338 pendent
1391 1285 1496 1323 enim
1530 1283 1631 1322 haec

175 1342 307 1382 omnia
324 1341 443 1380 simili
464 1341 583 1379 modo
604 1355 626 1379 a
652 1341 781 1393 prima
802 1343 888 1393 lege
907 1348 947 1381 et
965 1342 1214 1381 ordinatione
1242 1342 1484 1390 conditoris,
1514 1353 1633 1391 quam

179 1398 300 1441 coelis
318 1404 357 1437 et
376 1397 572 1436 sideribus
597 1398 854 1450 praescripsit
882 1398 930 1437 ab
954 1399 1068 1437 initio
1096 1398 1260 1436 molitor
1284 1398 1399 1448 deus,
1440 1410 1558 1449 quam
1575 1396 1635 1435 le-

175 1469 263 1507 gem
283 1460 530 1494 constantem
553 1459 594 1492 et
608 1454 836 1493 inviolatam
853 1468 916 1494 res
941 1461 1092 1494 creatae
1113 1461 1379 1505 conservant3
1420 1466 1520 1505 quae
1537 1466 1636 1491 cau-

176 1526 220 1552 sa
242 1517 299 1550 est
317 1525 387 1551 cur
406 1511 569 1563 eclipses
587 1511 869 1563 praedicantur
885 1512 1147 1552 infallibiliter
1166 1526 1187 1549 a
1203 1511 1343 1563 peritis
1360 1524 1450 1549 cum
1466 1510 1634 1548 circum-

176 1568 334 1607 stantiis
362 1566 644 1618 magnitudinis
676 1573 716 1606 et
746 1567 986 1618 durationis,
1029 1567 1165 1607 habita
1201 1568 1448 1606 exactissima
1478 1566 1633 1605 ratione

175 1630 400 1677 temporum
419 1629 459 1663 et
478 1624 681 1675 locorum,
709 1623 751 1662 in
777 1625 918 1675 quibus
934 1625 1026 1663 illae
1045 1624 1294 1675 contingunt.
1351 1623 1502 1662 accedit
1523 1622 1633 1674 quod

176 1694 363 1721 numerus
390 1680 599 1732 eclipsium
626 1694 791 1731 magnus
820 1681 872 1719 sit
900 1687 939 1719 et
978 1694 1166 1720 occursus
1198 1682 1408 1731 frequens:
1447 1686 1634 1730 quatuor,

176 1737 379 1776 interdum
397 1743 436 1775 et
455 1736 590 1788 plures
608 1750 680 1789 per
695 1737 870 1787 singulos
901 1751 1024 1776 annos
1057 1737 1159 1776 fiunt
1170 1767 1181 1786 ,
1211 1743 1249 1775 et
1268 1737 1347 1775 iam
1368 1750 1391 1775 a
1408 1735 1549 1774 mundi
1566 1748 1634 1774 ex-

178 1793 292 1833 ordio
310 1794 404 1845 plus
424 1806 540 1844 quam
557 1792 718 1831 vicesies
737 1793 847 1832 mille
865 1794 1066 1833 numerari
1086 1799 1263 1846 possunt.

290 1849 435 1890 Eadem
463 1863 585 1903 porro
614 1850 887 1902 providentia,
926 1864 1026 1902 quae
1062 1850 1158 1889 fecit
1186 1849 1228 1887 in
1257 1849 1402 1887 mundo
1431 1848 1511 1886 duo
1535 1847 1635 1885 haee

177 1905 387 1945 luminaria
408 1919 567 1958 magna,
599 1907 802 1944 luminare
824 1908 982 1956 maius,
1012 1914 1059 1944 ut
1076 1914 1275 1958 praeesset
1299 1905 1405 1954 diei,
1441 1912 1478 1942 et
1507 1905 1635 1941 lumi-

178 1977 277 2001 nare
295 1965 452 2014 minua,
481 1970 526 2001 ut
549 1970 750 2014 praeesset
770 1966 901 2014 nocti,
939 1971 986 2002 ut
1011 1964 1186 2001 lucerent
1203 1977 1322 2015 super
1346 1969 1425 2000 terr
1427 1975 1495 1998 am
1515 1968 1551 1998 et
1568 1959 1633 1997 di-

177 2018 357 2059 viderent
373 2019 500 2057 lucem
522 2033 549 2057 a
565 2019 734 2057 tenebris·
754 2016 916 2074 (Genes.
937 2022 1002 2070 1),
1032 2019 1165 2059 eadem
1188 2019 1337 2070 pariter
1367 2031 1437 2055 sua
1455 2017 1632 2054 bonitate

181 2081 222 2113 et
250 2075 442 2128 sapientia
470 2081 603 2114 motus
636 2088 772 2115 eorum
803 2081 843 2113 et
870 2076 1147 2114 conversiones
1172 2074 1371 2112 oidinavit
1395 2073 1446 2110 ad
1473 2072 1631 2111 felicem

180 2131 320 2170 mundi
349 2131 694 2197 gubernationem,
734 2131 786 2170 ad
806 2132 1020 2170 electorum
1052 2132 1218 2169 salutem
1251 2136 1291 2168 et
1317 2142 1428 2167 suam
1445 2128 1632 2178 gloriam3

179 2199 256 2225 nec
277 2186 440 2225 dubium
460 2187 556 2238 quin
572 2187 677 2240 ipsas
696 2187 994 2227 coniunctiones
1013 2193 1053 2226 et
1072 2185 1363 2239 oppositiones,
1392 2185 1486 2224 solis
1504 2191 1543 2223 et
1568 2185 1634 2222 lu-

179 2255 256 2281 nae
275 2243 452 2282 defectus
466 2249 506 2282 et
523 2243 853 2294 illuminationes,
883 2243 1133 2282 constituerit
1147 2243 1193 2281 in
1215 2255 1380 2281 numero
1399 2241 1576 2294 pondere
1595 2247 1634 2279 et

181 2311 389 2346 mensura,
420 2311 539 2350 quam
566 2300 716 2339 sciebat
743 2306 782 2340 et
807 2300 968 2341 volebat
991 2299 1161 2339 humano
1187 2300 1321 2351 generi
1337 2299 1388 2338 ad
1409 2299 1576 2338 salutem
1595 2302 1636 2336 et

181 2355 405 2394 felicitatem
423 2356 688 2408 profuturam.

294 2411 401 2450 XIII.
457 2412 519 2450 Ex
544 2411 624 2451 hoc
642 2431 645 2433 “
663 2426 746 2452 uno
778 2413 1036 2466 pronuntiato
1083 2411 1240 2451 tollitur
1279 2411 1560 2451 admirabilitas
1597 2415 1637 2448 et

183 2466 295 2518 vulgi
321 2466 484 2519 quidam
508 2474 671 2522 stupor,
713 2470 782 2521 qui
809 2470 974 2522 eclipses
1006 2469 1282 2522 consequitur:
1321 2469 1448 2508 oritur
1466 2467 1569 2506 enim
1587 2479 1638 2504 ex

182 2523 406 2575 ignorantia
424 2537 514 2563 cum
536 2526 703 2576 quadam
722 2526 900 2565 novitate
918 2532 958 2565 et
977 2527 1140 2565 raritate
1161 2525 1270 2579 apud
1295 2539 1361 2565 eos
1384 2525 1454 2577 qui
1479 2537 1554 2562 nec
1573 2536 1638 2559 ea-

182 2591 276 2619 rum
297 2593 433 2618 causas
459 2581 692 2633 intelligunt
717 2596 794 2622 nec
816 2596 879 2621 eas
895 2583 1050 2635 saepius
1074 2583 1359 2632 observarunt,
1390 2595 1479 2620 cum
1499 2584 1638 2617 contra

183 2635 380 2688 sapientes
398 2642 438 2675 et
455 2637 560 2676 docti
584 2652 646 2677 eas
671 2639 751 2677 suis
778 2639 1023 2691 temporibus
1050 2639 1182 2678 securi
1199 2644 1428 2692 expectent,
1459 2642 1497 2674 et
1518 2648 1638 2673 occa-

184 2692 295 2731 sione
314 2692 358 2731 in
373 2694 622 2734 commodum
644 2709 833 2735 conversa
857 2695 998 2735 effectu
1013 2695 1112 2735 bene
1130 2701 1314 2745 utantur,
1348 2700 1386 2733 et
1404 2690 1634 2746 perniciem,

184 2748 218 2799 si
236 2762 313 2799 qua
332 2749 536 2788 creditur
524 2751 751 2803 imminere,
775 2757 900 2790 totam
921 2751 965 2791 in
983 2751 1115 2792 hostes
1137 2753 1331 2792 derivent.

271 2805 359 2843 Ita
374 2806 469 2845 olim
489 2807 684 2860 sulpitius
705 2809 864 2858 Gallus,
899 2814 945 2848 ut
970 2810 1148 2849 referunt
1174 2808 1309 2849 Livius
1331 2807 1361 2845 l.
1390 2802 1444 2846 44
1467 2809 1506 2842 et
1527 2802 1631 2842 Plut.

182 2859 226 2897 in
247 2859 369 2901 Paulo
391 2862 580 2916 Aemilio,
610 2865 689 2905 de
677 2864 823 2918 insigni
843 2839 1060 2906 defectione
1075 2866 1218 2916 lunae,
1247 2876 1365 2917 quam
1383 2859 1633 2914 praeviderat
