1846 3262
446 213 524 257 DE
558 187 838 258 ΜῙοΗΑΕιΕ
871 213 1249 261 PALAEOLoGo
1284 215 1333 261 L.
1358 214 1395 263 1.
1589 217 1655 263 33

181 325 356 384 βασιλέα
377 328 425 373 τὸ
447 327 628 386 ἔγκλημα
658 329 703 373 ἐκ
718 334 795 374 τοῦ
815 331 1051 388 παραυτίκα
1081 329 1150 390 (οὗ
1166 329 1247 389 γὰρ
1270 325 1323 388 ἦν
1344 333 1504 375 σιωπᾶν
1522 328 1650 375 ἂκού-
1675 337 1706 373 Ε

182 397 360 455 σαντα),
406 396 428 442 ὅ
461 399 506 442 δὲ
536 398 613 455 οὐχ
635 397 739 456 ὑπὲρ
763 399 892 443 ἄλλου
921 417 996 443 του
1021 399 1119 443 ἀλλ’
1150 400 1277 451 αὐτὸς
1296 399 1450 444 ἑαυτοῦ
1467 398 1654 453 συνόλως

183 466 368 524 ἀγωνιῶν
395 467 671 526 προσέταττεν
699 466 974 522 ἐξετάζεσθαι,
1045 466 1308 526 παράστασις
1324 471 1370 513 δὲ
1388 474 1465 514 τοῦ
1484 469 1543 527 μὴ
1562 468 1652 527 ψή-

181 553 277 593 φοις
298 534 480 588 ἁπάσαις
499 537 572 581 τὸν
591 535 829 595 κρινόμενον
845 539 1056 596 αἱρεῖσθαι
1076 537 1126 581 οὗ
1146 536 1371 595 μαρτύρων
1389 540 1647 597 παραγωγαί,

145 605 230 651 5οὐ
260 605 563 663 προτεινόμενοι
590 606 726 664 ὅρκοι,
774 607 823 651 οὗ
853 610 957 663 βίων
986 612 1070 652 τῶν
1097 607 1177 664 πρὸ
1206 611 1283 651 τοῦ
1312 605 1534 662 ἐξετάσεις,
1574 608 1651 653 οὐκ

179 674 278 718 ἄλλ’
306 675 411 719 ἅττα
443 674 505 726 οἷς
530 676 578 720 τὸ
607 678 765 731 ψεῦδος
797 677 1022 734 ἐλέγχεται·
1069 676 1166 720 ἀλλ’
1204 674 1249 719 ’ἐν
1279 678 1347 719 καὶ
1372 675 1502 732 μόνον
1522 674 1574 734 ἦν
1600 678 1650 722 τὸ

178 737 312 798 σῶζον
341 746 442 796 τούς
471 743 702 801 ἡλωκότας,
744 748 779 789 εἷ
805 745 968 803 μύδρον
998 747 1042 790 ἐκ
1071 745 1202 803 πυρὸς
1231 745 1312 802 ἤδη
1340 747 1502 800 ζέοντα,
1540 746 1564 791 ὃ
1595 747 1648 804 δὴ
1672 758 1702 793 Ρ
1728 760 1770 795 18

177 816 246 857 καὶ
280 813 396 871 ἅγιον
428 813 696 872 ἐπεφήμιζον,
730 814 927 874 τολμῶσῃ
955 817 1060 874 χειρὶ
1080 813 1287 871 κύψαντες
1309 813 1557 870 ἀναλάβοιεν
1579 819 1649 860 καὶ

176 885 266 941 τρὶς
293 885 567 940 βηματίσειαν
592 885 777 940 ἔχοντες,
823 884 1025 944 πρότερον
1053 887 1186 943 τρισὶν
1216 882 1388 942 ἡμέραις
1416 889 1491 928 τοῦ
1513 890 1648 929 ταῦτα

119 962 165 997 10
176 954 364 1010 γίνεσθαι
383 955 549 1015 νηστεία
567 954 884 1011 καθηγνισμένοι
914 957 983 998 καὶ
1012 958 1243 1013 προσευχῇ,
1278 954 1650 1011 ἐπισεσημασμένοι

175 1024 244 1066 καὶ
261 1022 335 1079 τὴν
346 1031 466 1080 χεῖρα
483 1022 728 1084 κεκρυφάλῳ
756 1026 825 1068 καὶ
848 1023 1029 1083 βούλλῃ,
1067 1023 1123 1076 ὥς
1149 1022 1271 1080 μήτις
1298 1025 1515 1081 ἐπιχειροίη
1536 1023 1648 1068 ἀλεί-

174 1108 268 1150 φων
286 1094 392 1136 τισὶν
414 1092 487 1150 ἐφ’
512 1087 545 1153 ᾧ
570 1094 628 1150 μὴ
654 1098 819 1149 ψαῦσαι
843 1095 951 1151 μηδὲ
975 1099 1127 1138 καῦσαι
1154 1093 1202 1137 τὸ
1232 1097 1329 1150 πῦρ.
1401 1095 1469 1136 καὶ
1499 1091 1602 1137 εἶδεν
1624 1091 1647 1137 ὃ

170 1159 343 1219 γράφων
353 1195 367 1215 ,
403 1160 520 1219 ἡβῶν
539 1167 597 1223 τῷ
618 1161 735 1217 τότε,
770 1161 1036 1215 ὑποστάντας
1054 1163 1170 1214 τινὰς
1189 1166 1379 1215 τοιαῦτα,
1409 1161 1517 1217 πλὴν
1533 1162 1648 1206 ’ἄλω-

170 1229 312 1287 βήτως
335 1230 681 1287 ἀπαλλάξαντας,
718 1232 766 1277 τὸ
788 1231 1042 1289 θαυμάσιον.
1111 1230 1204 1277 τότε
1234 1232 1373 1276 τοίνυν
1397 1229 1549 1288 ὥριστο
1568 1233 1644 1287 μέν
1667 1237 1697 1271 Β

115 1310 159 1346 15
171 1303 238 1344 καὶ
261 1300 402 1352 ἄλλοις
431 1301 546 1360 παρὰ
567 1307 643 1346 τοῦ
666 1307 919 1360 κρατοῦντος
946 1299 1172 1358 λαμβάνειν
1190 1303 1246 1353 εἷς
1263 1298 1397 1358 γάμον
1416 1296 1461 1354 εὖ
1479 1305 1555 1345 τοῦ
1576 1301 1646 1358 γε’-

166 1387 267 1421 νους
288 1368 488 1426 ἐχούσας,
526 1371 602 1415 κᾶν
626 1374 768 1416 ἐκεῖνοι
789 1370 984 1423 πολλάκις
1003 1371 1047 1416 ἐκ
1068 1369 1314 1429 σπερμάτων
1342 1366 1451 1426 ἦσαν
1482 1369 1557 1414 οὒκ
1575 1369 1645 1414 εὖ-

167 1444 322 1496 γενῶν·
361 1440 469 1496 πλὴν
501 1440 549 1484 τὸ
580 1440 732 1498 εὐγενὲς
759 1442 922 1492 ἐκείνοις
952 1441 1056 1499 πρὸς
1084 1445 1160 1484 τοῦ
1196 1443 1448 1498 κρατοῦντος
1481 1439 1640 1497 ἔρρεπε,

168 1510 237 1552 καὶ
264 1507 321 1560 ὥς
350 1514 462 1567 σφᾶς
493 1509 573 1554 ἔδει
602 1508 876 1566 σεμνύνεσθαι
908 1508 1136 1566 ἀξιώμασιν
1143 1543 1159 1564 ,
1206 1510 1248 1552 ἐν
1277 1508 1506 1566 εὐεργεσίας
1529 1509 1643 1567 μέρει

167 1580 235 1622 καὶ
258 1578 510 1637 ἀμφοτέροις
530 1580 578 1623 τὸ
598 1582 724 1635 κῆδος
747 1578 769 1624 ὅ
792 1585 957 1638 κρατῶν
975 1581 1116 1633 ἐτίθει,
1141 1577 1238 1623 ὥστ’
1260 1579 1436 1628 ἐκείνους
1452 1578 1527 1633 μὲν
1549 1585 1642 1628 ταῖς

110 1646 428 1705 Ξθματριῦναις,
467 1647 522 1699 ὥς
545 1646 792 1704 ὃ“Ρωμαΐος
810 1649 914 1693 εἶ’ποι
926 1641 953 1703 ,’
974 1647 1031 1700 ὥς
1057 1649 1162 1701 εἷκὸς
1178 1644 1507 1705 μεγαλύνεσθαι,
1537 1646 1640 1690 ἐκεί-

164 1734 247 1768 νας
260 1719 285 1760 ὃ
295 1717 307 1734 ²
330 1713 457 1768 αὖθις
477 1718 741 1774 συμμετέχειν
760 1723 843 1763 τῶν
863 1716 1109 1775 ἀξιωμάτων
1126 1724 1214 1769 τοῖς
1235 1715 1459 1774 ἀγομένοις.
1506 1731 1642 1774 προσ-

162 1784 303 1832 τάττει
337 1788 476 1831 τοίνυν
513 1787 715 1840 σύντοΐς
745 1787 886 1840 ἄλλοις
916 1789 989 1832 καί
1024 1805 1103 1832 τινι
1128 1792 1212 1832 τῶν
1242 1788 1299 1837 εἷς
1324 1782 1634 1837 παιδοπούλους
1658 1788 1688 1823 C

161 1856 402 1912 ταχθέντων
420 1857 556 1916 ἐκείνῳ
572 1862 647 1901 τοῦ
675 1858 832 1915 πατρὸς
853 1860 1026 1912 ζῶντος,
1062 1852 1372 1914 Βαλανειὸιῶτῃ
1398 1854 1636 1910 τούπίκλην,

160 1927 238 1981 τὴν
265 1930 340 1983 τῆς
367 1925 634 1985 αὖταδέλφης
659 1932 735 1971 τοῦ
755 1925 1047 1986 Παλαιολόγου
1070 1927 1270 1985 Μαρίας,
1302 1924 1380 1968 εἴτε
1414 1925 1482 1967 καὶ
1499 1922 1636 1983 Μάρ-

159 2047 360 2083 calumniam
383 2048 428 2083 de
454 2047 590 2083 inimico
612 2049 817 2094 repetentis.
861 2049 999 2096 perlata
1020 2051 1132 2084 autem
1154 2047 1201 2082 ad
1223 2045 1466 2092 imperatorem
1487 2055 1633 2080 accusa-

157 2094 254 2129 tione
286 2095 375 2140 (non
407 2100 486 2130 erat
519 2095 608 2130 enim
640 2096 784 2131 liberum
809 2095 842 2131 ei
873 2096 1084 2131 dissimulare
1106 2093 1199 2140 qnod
1221 2093 1294 2128 eius
1317 2091 1456 2138 generis
1477 2091 1632 2127 auditum

158 2141 291 2186 fuerat)
318 2141 433 2176 statim
467 2141 498 2175 is
527 2143 706 2185 turbatus,
739 2148 776 2178 et
806 2148 968 2178 aestuans
997 2148 1170 2187 tamquam
1194 2151 1260 2174 non
1282 2138 1318 2173 in
1341 2139 1444 2174 alium
1468 2149 1569 2183 quam
1591 2138 1630 2174 in

158 2199 237 2222 sese
268 2187 327 2233 qui
357 2188 582 2223 deferebatur
614 2189 735 2224 noxias
766 2194 860 2225 artes
893 2189 1119 2229 intendisset,
1153 2184 1299 2232 disquiri
1329 2185 1375 2220 de
1404 2195 1443 2219 re
1473 2184 1629 2219 iubebat.

157 2234 316 2268 elabendi
339 2240 450 2269 autem
475 2247 494 2269 e
515 2234 643 2270 iudicio
663 2240 767 2282 atque
788 2237 1005 2272 innocentiae
1027 2234 1228 2282 probandae
1248 2243 1316 2267 una
1339 2235 1415 2265 erat
1431 2230 1535 2273 ratio,
1559 2242 1628 2267 non

155 2280 193 2315 in
225 2280 364 2315 calculis
398 2281 549 2315 iudicum
573 2285 633 2317 aut
670 2282 831 2317 laudibus
853 2282 990 2318 testium
1015 2287 1075 2317 aut
1095 2278 1317 2315 iureiurando
1343 2277 1424 2312 dato
1447 2281 1510 2312 aut
1532 2276 1626 2312 vitae

155 2327 254 2373 prius
285 2327 459 2373 inculpate
489 2332 588 2362 actae
619 2329 787 2374 suffragio
818 2329 907 2374 sita,
939 2328 1003 2364 sed
1025 2329 1062 2363 in
1082 2325 1220 2362 innoxia
1242 2323 1517 2371 pertractatione
1539 2323 1626 2359 ferri

155 2373 359 2415 candentia,
394 2373 485 2418 quod
519 2379 673 2409 sanctum
703 2377 886 2412 vocabant.
943 2375 1048 2410 huius
1084 2371 1303 2420 purgationis
1334 2371 1392 2404 hic
1422 2369 1511 2405 ritus
1534 2374 1625 2405 erat.

154 2420 278 2465 quise
310 2420 355 2454 ad
382 2420 475 2454 illam
507 2420 672 2463 offerret,
706 2422 821 2457 triduo
854 2422 952 2469 prius
980 2420 1110 2460 ieiunio
1141 2426 1178 2454 et
1207 2417 1363 2453 oratione
1393 2427 1432 2451 se
1464 2417 1624 2462 parabat,

153 2467 348 2501 custoditus
370 2466 506 2501 interim
539 2470 574 2501 et
603 2478 702 2502 manu
726 2469 803 2504 velo
827 2469 1007 2510 involuta,
1040 2467 1096 2502 cui
1117 2465 1265 2510 sigillum
1289 2467 1382 2499 esset
1402 2463 1535 2508 regium
1559 2462 1625 2498 im·-

151 2524 327 2558 pressum,
363 2525 407 2547 ne
440 2513 519 2559 quis
549 2524 624 2548 eam
656 2515 873 2550 unctionibus
903 2515 1074 2550 adversus
1104 2513 1195 2558 ignis
1222 2522 1357 2546 sensum
1379 2508 1624 2545 roborantibus

150 2559 308 2594 muniret.
355 2564 426 2594 tum
460 2559 647 2606 productus
675 2560 712 2596 in
735 2562 880 2598 medium
903 2561 1071 2597 audacter
1096 2557 1287 2604 arripiebat
1317 2555 1461 2602 ignitum
1483 2557 1622 2601 globum

150 2605 242 2640 nuda
270 2617 393 2649 manu,
425 2611 461 2641 et
494 2618 569 2642 eum
593 2617 658 2652 per
680 2608 750 2643 tria
784 2608 956 2644 conclavis
977 2619 994 2642 s
1022 2606 1093 2641 atia
1116 2605 1288 2652 portabat.
1335 2602 1426 2638 vidit
1447 2603 1510 2647 qui
1532 2602 1620 2636 haec

149 2651 270 2687 scribit
300 2652 336 2686 in
369 2657 517 2688 aetatem
547 2653 615 2688 iam
639 2658 710 2689 tum
732 2656 897 2701 puberem
930 2655 997 2690 adu
1012 2658 1067 2688 tus
1090 2651 1253 2699 quosdam
1277 2648 1337 2684 isti
1361 2648 1510 2683 examini
1532 2648 1619 2682 sub-

147 2697 258 2733 iectos
289 2699 380 2733 citra
412 2699 514 2734 ullam
545 2700 727 2736 defunctos
754 2713 877 2737 noxam
907 2699 1087 2736 candentis
1109 2698 1237 2734 metalli
1258 2700 1354 2732 tactu
1370 2720 1382 2738 ‚
1415 2694 1620 2733 mirantibus,

148 2744 208 2790 qui
241 2744 408 2788 aderant,
437 2746 575 2781 illaesos
606 2746 830 2794 integrosque
857 2748 1032 2783 recedere.
1079 2757 1156 2781 cum
1186 2748 1300 2779 autem
1333 2740 1456 2788 perid
1480 2744 1618 2794 temous

147 2802 215 2825 non
237 2802 317 2826 raro
340 2792 471 2827 soleret
491 2793 680 2838 imperator
707 2794 794 2829 viris
825 2794 919 2830 haud
942 2792 1112 2829 nobilibus
1136 2789 1280 2838 praemii
1301 2788 1378 2824 loco
1401 2787 1457 2822 vei
1480 2791 1618 2832 gratiae

147 2837 428 2873 nobilissimarum
459 2839 630 2885 virginum
662 2841 823 2886 coniugia
847 2841 1055 2882 decernere,
1086 2838 1178 2873 inter
1201 2836 1270 2871 alia
1292 2835 1366 2870 eius
1390 2833 1529 2878 generis
1554 2844 1617 2867 ex-

146 2883 257 2929 empla
280 2884 413 2920 cuidam
437 2885 644 2921 adolescenti
676 2900 697 2923 a
727 2888 835 2935 regiis
857 2886 1023 2934 ephebis,
1053 2883 1293 2921 Balanidiotae
1315 2881 1473 2922 nomine,
1495 2879 1617 2915 Theo-

1309 2932 1335 2972 3

199 2937 373 2984 Georgius
402 2939 629 2985 Packymeres
660 2941 689 2974 Ι.
