1884 3262
587 235 797 283 LIB.1.
848 236 1233 283 GLOSSAmUM.·
1448 258 1453 261 ,
1539 240 1637 287 595

187 345 432 415 διορθωσαι,
461 343 521 384 uti
542 350 580 383 et
597 358 672 397 pro
705 357 752 383 eo
773 343 880 397 quod
906 344 1070 385 ibidem
1085 358 1182 386 mox
1204 344 1382 386 cernitur
1399 359 1554 400 grume
1569 350 1638 402 βα.

188 399 318 453 σιλική
345 417 484 455 γνωμη
513 401 785 453 reponendum
816 401 1020 440 contendit
1043 415 1198 453 gruma
1224 400 1394 454 διόπτρα
1421 403 1639 458 τεκτονική-

187 458 352 497 videtui
378 458 613 497 vocabulum
643 457 751 496 istud
775 458 981 509 antiquum
1014 472 1168 509 gruma
1195 472 1217 495 a
1246 458 1389 511 pliscis
1413 460 1560 499 Latinis
1585 475 1637 500 ex

189 514 341 553 Graeco
370 513 532 568 γράμμα
560 515 788 553 formatum.
847 521 905 552 est
932 520 1062 554 autem
1085 510 1265 581 γράμμα,
1294 521 1342 554 ut
1365 516 1463 556 aliae
1486 517 1637 568 glossae

188 570 370 608 Graeco·
389 571 550 608 Latinae
564 577 716 608 veteres
734 569 901 619 docent,
932 568 953 611 ὁ
975 568 1150 622 σταθμός
1172 572 1412 622 scripulum
1469 586 1533 611 scr
1536 587 1638 626 upu-

185 626 270 665 lum
295 632 424 665 autem
443 626 529 664 sive
547 627 768 677 scripulum
780 654 791 674 ‚
829 633 873 664 ut
894 640 944 664 ex
963 627 1140 665 Varrone
1160 633 1199 665 et
1221 627 1439 666 Columella
1458 629 1568 669 libris
1588 631 1637 669 de

186 696 232 722 re
259 682 408 721 rustica
437 682 515 721 viri
554 683 662 722 docti
696 682 907 732 colligunt,
937 696 1119 721 mensura
1143 690 1202 721 est
1220 682 1398 722 adhiberi
1418 685 1534 724 solita
1554 699 1636 724 me-

185 739 330 777 tiendis
347 738 475 789 agris,
505 752 646 791 nempe
663 752 817 790 grama
846 739 931 777 sive
957 753 1126 790 groma,
1165 752 1267 791 quae
1293 746 1377 778 erat
1395 740 1639 781 instrumen-

185 801 271 834 tum
289 795 401 833 cuius
421 808 496 847 ope
508 795 750 845 dii-‘igebatul
761 795 898 833 oculus
918 796 968 832 ad
984 796 1107 834 lineas
1123 795 1323 834 ducendas
1341 804 1477 836 exacte
1491 805 1636 849 rectas,

184 850 402 918 promiscui
418 864 513 889 usus
530 865 574 889 a1
577 851 758 890 chitectis
778 857 818 889 et
834 851 1175 902 agiimensoribus‚
1204 852 1310 906 unde
1325 849 1492 906 διόπτρα
1505 870 1638 896 τεκτο-

183 904 282 960 νική
299 908 423 956 dicta,
451 914 498 946 ut
511 907 696 946 vidimus.
754 920 803 946 ex
829 906 890 946 his
918 907 1041 973 liquet
1065 922 1213 960 groma
1244 908 1328 948 sive
1352 924 1505 961 gruma
1530 911 1636 950 idem

185 978 268 1003 esse
290 964 395 1016 quod
413 960 584 1017 γνώμων
598 992 610 1012 ,
639 960 833 1015 σταθμός,
865 959 1033 1017 διόπτρα
1057 961 1283 1016 τεκτονική,
1313 965 1534 1017 sc1ipulum
1553 968 1638 1006 sive

183 1021 438 1072 s,crupulum
469 1033 568 1071 quae
590 1020 721 1058 omnia
742 1019 945 1058 vocabulis
964 1020 1110 1059 Latinis
1134 1022 1337 1070 amussis,
1366 1035 1542 1073 normae,
1571 1039 1636 1061 re-

183 1077 310 1128 gulae
337 1076 598 1127 lespondent,
637 1082 676 1114 et
702 1076 964 1114 instrumenta
992 1076 1238 1127 significant,
1268 1050 1409 1128 quibus
1430 1078 1536 1118 visus
1554 1079 1637 1118 hu-

183 1146 325 1171 manus
341 1132 391 1170 ad
413 1131 734 1170 diiudicationem
757 1132 855 1170 recti
875 1145 896 1170 a
916 1145 1041 1172 curvo
1059 1139 1129 1172 aut
1148 1133 1198 1171 ad
1228 1134 1547 1184 exaequationem
1568 1136 1635 1174 ob-

183 1188 282 1240 liqui
305 1189 355 1226 ad
375 1194 511 1227 exacte
539 1188 734 1226 dilectum
763 1188 909 1236 utitur,
937 1188 987 1226 ad
1016 1190 1124 1240 quod
1146 1203 1234 1227 cum
1255 1196 1356 1228 esset
1375 1203 1471 1229 usus
1485 1206 1636 1245 oppor-

183 1251 306 1283 tunus
324 1245 616 1292 funiculorum,
646 1244 762 1282 etiam
789 1240 932 1298 γόνος,
971 1245 1082 1296 μίτος
1112 1245 1190 1284 hoc
1218 1245 1526 1286 instrumentum
1557 1248 1637 1286 dici

184 1301 339 1354 potuit;
388 1314 488 1352 quae
530 1300 650 1339 verba
693 1299 893 1351 Hesychio
939 1300 1072 1339 funem
1118 1307 1263 1339 sonant
1298 1302 1635 1352 agrimensorium.

183 1372 304 1410 pono
325 1371 412 1395 cum
439 1355 686 1408 Hesychius,
725 1357 792 1407 qui
819 1362 898 1395 tam
928 1356 1051 1394 multa
1077 1357 1191 1395 nobis
1216 1357 1352 1407 ignota
1380 1368 1635 1399 monumenta

186 1420 320 1453 vetera
338 1414 513 1461 viderat,
542 1411 689 1450 alicubi
707 1413 810 1450 sorte
830 1412 1038 1476 reperisset
1067 1411 1146 1452 hoc
1168 1412 1499 1478 instrumentum,
1527 1414 1637 1469 γραί-

184 1486 265 1522 μαν
293 1469 376 1508 sive
403 1465 588 1523 γράμμαν
618 1468 794 1518 dictum,
827 1463 991 1519 ποιότην
1016 1474 1084 1507 aut
1101 1465 1292 1520 ποιότητα
1311 1470 1466 1522 vocari,
1496 1478 1535 1509 et
1557 1472 1632 1511 hoc

183 1528 289 1564 inter
315 1527 498 1564 notiones
529 1526 724 1563 abstrusas
753 1523 1059 1574 vocabulorum,
1097 1525 1232 1576 quales
1260 1525 1487 1565 innumeras
1514 1542 1634 1580 opeie

184 1583 256 1621 illo
276 1596 348 1621 suo
371 1582 670 1633 complectitur,
707 1580 1008 1632 exprimendum
1034 1587 1230 1632 putasset,
1265 1581 1353 1620 fieri
1370 1582 1484 1621 facile
1503 1585 1634 1635 potuit

183 1645 232 1678 ut
249 1652 300 1677 ex
316 1652 362 1677 eo
381 1638 660 1689 Pachymeres,
690 1643 872 1687 captator
892 1636 1061 1688 cupidus
1082 1637 1293 1676 verborum
1312 1638 1488 1677 inusitati
1510 1640 1635 1690 signi-

183 1696 353 1745 ficatus,
389 1692 602 1746 ποιότητος
639 1693 877 1737 vocabulum
921 1692 1000 1731 hoc
1037 1693 1125 1732 loco
1156 1707 1230 1745 pro
1267 1694 1402 1745 regula
1440 1697 1631 1747 posuerit.

182 1751 374 1790 hactenus
397 1751 550 1814 scripta·
568 1763 657 1788 cum
677 1750 925 1787 ostenderem
951 1749 1222 1788 Illustrissimo
1248 1750 1293 1788 D.
1314 1750 1446 1789 abbati
1464 1752 1630 1790 Octavio

183 1807 442 1858 Palconerio‚
477 1807 601 1859 ipsius
634 1819 676 1843 ea
705 1805 954 1844 limatissimo
987 1805 1136 1844 iudicio
1166 1805 1398 1856 subiiciens,
1443 1809 1633 1866 suggessit

181 1865 252 1903 ille
265 1864 404 1903 videri
408 1877 524 1915 posse
541 1861 754 1925 antiquum·
766 1862 978 1900 Etruscum
1006 1862 1244 1900 vocabulum
1263 1864 1413 1912 Picta,
1440 1876 1461 1901 e
1482 1865 1633 1903 Graeco

181 1916 344 1973 ποιότης
362 1921 563 1972 expositae
580 1918 646 1956 hic
670 1918 844 1956 notionis
879 1925 1033 1967 ortum,
1076 1918 1302 1970 piomiscuo
1319 1925 1416 1957 tunc
1433 1932 1509 1958 usu
1527 1933 1634 1971 gen-

180 1978 283 2016 tium
312 1976 539 2025 ambarum,
569 1981 608 2014 et
630 1974 778 2012 Latinis
806 1974 890 2013 sive
917 1974 1030 2012 Italis
1054 1974 1259 2026 permultis
1289 1975 1633 2028 Constantinopoli

183 2039 223 2072 et
243 2034 287 2071 in
304 2033 440 2071 multis
467 2032 552 2070 aliis
581 2031 793 2070 Orientalis
813 2030 980 2093 imperii
1005 2030 1146 2069 insulis
1165 2037 1204 2069 et
1228 2030 1328 2068 locis
1349 2031 1633 2082 peregrinanti-

182 2089 257 2128 bus
294 2096 362 2127 aut
386 2088 638 2139 degentibus,
684 2092 723 2124 et
743 2085 917 2125 vicissim
943 2099 1025 2124 non
1047 2087 1185 2137 paucis
1204 2086 1363 2124 Graecis
1378 2086 1486 2124 Pisas
1512 2093 1631 2138 atque

183 2145 383 2183 Etruriam
408 2145 646 2192 visentibus,
690 2142 800 2181 varia
837 2141 1159 2180 commerciomm
1194 2141 1292 2180 vice.
1350 2148 1504 2180 constat
1537 2157 1632 2182 sane

184 2201 287 2252 apud
311 2202 476 2239 Dantem
502 2198 769 2250 Aligherium‚
799 2198 1007 2249 antiquum
1038 2204 1076 2236 et
1097 2197 1258 2236 maximi
1281 2198 1452 2236 nominis
1470 2203 1630 2250 poetam

184 2257 408 2306 Thuscum,
436 2269 572 2294 vocem
591 2257 715 2292 Picta
742 2265 815 2306 pro
843 2255 942 2305 pede
967 2253 1162 2305 usurpari.
1215 2253 1309 2292 vide
1327 2253 1412 2292 eius
1426 2254 1630 2293 infernum

183 2314 256 2352 sub
283 2313 402 2351 finem
433 2319 570 2350 cantus
596 2314 660 2353 19.
718 2310 900 2348 vocabuli
923 2315 1052 2347 autem
1072 2324 1146 2360 pes
1166 2315 1205 2347 et
1232 2309 1561 2360 aequivalentium
1586 2311 1629 2349 111

186 2369 344 2408 cunctis
359 2368 502 2418 linguis
517 2381 611 2405 usus
632 2372 691 2405 est
711 2365 1050 2416 frequen-tissimus
1081 2366 1128 2403 ad
1153 2364 1446 2415 significandam
1463 2379 1629 2405 mensu-

182 2439 269 2464 ram
287 2424 370 2464 sive
390 2424 700 2462 instrumentum
717 2421 915 2460 metiendi.
973 2422 1080 2458 unde
1096 2421 1163 2459 ille
1182 2421 1299 2459 tritus
1319 2421 1474 2460 Horatii
1490 2435 1627 2462 versus

402 2481 535 2526 melici
553 2494 594 2516 se
612 2491 805 2530 quemque
825 2491 897 2515 suo
918 2476 1081 2514 modulo
1101 2491 1150 2514 ac
1161 2476 1264 2528 pede
1282 2492 1418 2516 verum
1445 2486 1515 2519 est.

184 2537 358 2576 eiusdem
378 2536 530 2586 generis
546 2542 584 2573 et
602 2534 772 2572 nominis
794 2539 905 2571 erant
921 2533 1182 2571 instrumenta
1203 2533 1338 2585 plures
1366 2534 1486 2572 simul
1509 2534 1627 2585 pedes

172 2593 450 2641 diffluentia,
487 2604 584 2642 quae
621 2603 693 2642 pro
722 2588 878 2627 ratione
902 2589 1078 2638 numeri,
1115 2596 1267 2627 retento
1300 2590 1414 2641 pedis
1449 2591 1621 2638 nomine,
1648 2603 1675 2637 p
1696 2608 1764 2644 412

183 2649 532 2700 distinguebantur.
590 2660 639 2684 ex
660 2645 722 2684 his
742 2651 824 2683 erat
851 2645 1085 2697 decempeda
1103 2645 1347 2686 dimetiendis
1366 2645 1508 2686 usitata
1527 2660 1626 2697 por-

181 2706 328 2746 ticibus
349 2719 399 2745 ex
416 2704 578 2744 Horatio
601 2702 757 2742 eodem:

659 2777 680 2799 ῃ
725 2757 845 2795 nulla
871 2754 1114 2807 decempedis

502 2820 652 2853 metata
671 2814 850 2865 privatis·
878 2826 1048 2863 opacam
1536 2831 1600 2863 (⁴

506 2872 685 2923 porticus
712 2868 930 2921 excipiebat
959 2868 1124 2907 Arcton.
