1846 3262
238 194 332 243 144
657 197 892 242 GEORGII
923 200 1278 248 PACHYMERIS

230 311 320 367 περὶ
339 313 420 352 τῶν
438 306 544 352 ὅλων
562 311 747 362 κίνδυνος
762 310 854 356 τότε
875 315 941 357 καὶ
961 316 1076 372 παρὰ
1095 317 1142 360 τὸ
1162 318 1266 368 εἰκὸς
1286 323 1395 374 σφᾶς
1414 321 1538 364 ἐποίει
1558 321 1702 379 ἀνδρί-

233 381 376 432 ζεσθαι
386 410 398 429 ,
426 375 480 427 ὥς
498 378 557 433 μὴ
582 382 891 436 περιεσομένους
909 383 959 427 ἂν
979 393 1166 441 κρατοῖεν
1187 387 1226 429 οἳ
1244 387 1404 432 Ἰταλοί.
1469 394 1529 448 τῷ
1549 407 1612 434 τοι
1633 394 1700 434 καὶ

230 445 506 496 συσταθέντες
526 450 592 490 καὶ
613 447 784 500 ἑαυτοὺς
803 450 1050 507 ἀρτύναντες
1071 454 1256 510 ἀντεῖχον
1275 458 1343 498 καὶ
1364 462 1575 513 περιῆσαν,
1614 459 1699 502 ὀλί-

228 532 325 573 γους
344 516 418 569 μὲν
438 515 741 571 ἀποβαλόντες,
780 521 919 563 ἐνίκων
940 523 985 564 δὲ
1006 525 1072 564 καὶ
1100 529 1425 580 κατετροποῦντο
1442 559 1454 577 ,
1493 529 1561 569 καὶ
1588 532 1700 570 νῶτα

229 581 419 633 διδόντας
438 589 496 642 τῷ
522 587 578 635 εἷς
599 587 731 643 φυγὴν
750 590 983 644 τραπέσθαι
1003 588 1206 635 ὑποδῦναι
1224 592 1371 643 σκότος
1387 595 1564 648 ἐποίουν,
1594 596 1698 638 ἔνθα
1712 603 1734 637 5

229 652 279 696 ἂν
311 654 378 695 καὶ
408 659 593 698 σωθεΐεν.
664 654 756 699 τότε
782 664 999 714 τοιγαροῦν
1030 660 1076 703 τὸ
1105 662 1180 714 μὲν
1206 662 1416 705 Σκυθικὸν
1442 662 1589 718 ἀνέδην
1612 672 1701 715 ταῖς

175 728 206 763 Β
231 719 488 766 σκυλεύσεσιν
526 722 797 778 ἐπεβάλοντο,
846 729 912 769 καὶ
945 727 1182 784 ἀποθήκαις
1213 734 1295 773 τῶν
1331 734 1538 786 χρειωδῶν
1569 749 1702 788 προσ-

227 793 417 841 παιόντες
458 793 725 848 ἐνεφοροῦντο
760 799 842 838 τῶν
876 795 1122 852 ἀναγκαίων.
1194 798 1305 852 ὅμως
1337 800 1385 841 δέ
1413 817 1455 855 γε
1483 802 1549 842 καὶ
1580 799 1701 844 πάλιν

231 861 338 917 ἀμφὶ
367 859 437 902 τὸν
465 863 662 918 Καίσαρα
693 864 951 919 συνελέγοντο
974 871 1047 921 τῆς
1065 865 1220 921 ἡμέρας
1243 866 1464 921 πολλάκις,
1501 871 1566 911 καὶ
1587 887 1701 926 περι-

230 926 489 985 τειχιζόμενοι
521 936 667 974 τοῦτον
699 931 929 988 ἐφρούρουν
960 952 1003 977 τε
1033 938 1099 978 καὶ
1129 938 1434 991 ἐφρουροῦντο,
1474 935 1529 986 ὥς
1547 937 1699 988 εἷ’τινες
1715 943 1759 977 10

232 1006 406 1056 φανεῖεν,
453 1001 737 1053 εἷσβαλοῦντες
763 1001 1006 1055 προθύμως.
1080 1002 1101 1046 ὃ
1134 1005 1181 1047 δέ
1204 1023 1246 1060 γε.
1276 1005 1468 1060 βασιλεὺς
1493 1007 1652 1049 ἐκείνων
1679 1004 1700 1050 ὅ

231 1060 502 1120 Βαλδουῗνος,
524 1069 732 1124 ἐκπλαγεὶς
755 1068 842 1113 οἷον
863 1069 1044 1121 ἀκούσας
1067 1075 1133 1114 καὶ
1152 1078 1235 1116 τῶν
1257 1079 1415 1130 φρενῶν
1436 1074 1515 1124 ἔξω
1536 1073 1702 1130 γενόμε-

232 1155 325 1190 νος,
365 1137 482 1180 οὐδὲν
519 1137 615 1179 ἀλλ’
646 1137 670 1193 ἢ
704 1139 807 1194 πρὸς
835 1144 893 1197 τῷ
927 1148 1067 1196 φυγεῖν
1098 1137 1162 1195 ἦν.
1234 1145 1302 1184 καὶ
1322 1142 1372 1197 δὴ
1396 1143 1629 1186 καταλιπών
1649 1143 1702 1186 τοὶ

185 1218 217 1254 C
239 1211 322 1251 τῶν
351 1209 596 1262 Βλαχερνῶν
625 1205 831 1263 ἀνάκτορα
859 1206 915 1257 ὥς
943 1208 991 1251 οὗ
1014 1211 1192 1264 δυνατῆς
1214 1209 1417 1266 δοκούσης
1443 1209 1609 1265 ἀμύνειν
1628 1215 1702 1267 τῆς

232 1281 328 1333 γῆς,
370 1274 511 1333 δρόμῳ
536 1282 665 1330 χωρεῖ
697 1277 902 1334 (ἐπίστευε
928 1277 1006 1333 γὰρ
1038 1283 1087 1334 τῇ
1114 1276 1311 1336 θαλάσσῃ
1345 1279 1493 1336 πλέον)
1531 1280 1635 1335 πρὸς
1653 1280 1701 1323 τὸ
1715 1286 1757 1321 15

231 1345 335 1400 μέγα
367 1341 590 1396 παλάτιον,
635 1346 702 1386 καὶ
734 1342 790 1394 ὥς
820 1343 946 1398 εἶχεν,
991 1345 1108 1402 ἀφεὶς
1136 1348 1210 1400 μὲν
1240 1345 1477 1405 καλύπτραν
1508 1348 1626 1404 ἀφεὶς
1659 1349 1704 1391 δὲ

231 1415 300 1456 καὶ
331 1410 526 1467 σπάθην,
574 1411 627 1454 τὰ
657 1417 730 1468 τῆς
761 1413 891 1456 αὐτοῦ
919 1416 1130 1467 βασιλείας
1164 1413 1380 1469 σύμβολα,
1422 1419 1497 1470 νηῒ
1517 1416 1703 1470 καταβὰς

230 1479 407 1524 πιστεύει
424 1481 498 1536 τὴν
517 1486 737 1538 σωτηρίαν.
809 1486 883 1536 τῆς
903 1480 1058 1538 ἡμέρας
1081 1484 1125 1525 δὲ
1150 1482 1305 1540 ταύτης
1326 1485 1365 1526 οἳ
1386 1488 1459 1539 τῆς
1476 1482 1705 1539 Ῥωμαϊκῆς

233 1547 467 1599 ἐπιστάντες
502 1547 713 1606 φάλαγγος
744 1550 814 1608 ἐφ’
845 1545 956 1609 ᾧπερ
986 1550 1169 1606 εὑρήσειν
1190 1555 1257 1595 καὶ
1281 1553 1468 1604 καθέξειν
1490 1552 1560 1595 τὸν
1577 1557 1702 1607 βασι-

233 1617 405 1663 λεύοντα
414 1651 440 1673 ,,
458 1622 533 1674 τῆς
562 1624 694 1677 φυγῆς
714 1620 892 1679 ἐχρῶντο
915 1620 1141 1676 συμβόλοις
1153 1654 1167 1674 ,
1200 1623 1268 1664 καὶ
1290 1619 1560 1679 ἀπεθάρρουν
1580 1621 1701 1665 πλέον
1711 1627 1759 1662 20

324 1763 359 1799 5.
384 1760 548 1805 διδόντες
566 1764 605 1798 P.

235 1890 323 1935 cuii,
358 1889 389 1925 si
419 1900 475 1924 res
506 1902 546 1924 eo
577 1889 644 1924 loci
667 1889 812 1925 deducta
836 1890 1068 1925 omitteretur:
1101 1901 1212 1936 neque
1234 1890 1322 1931 enim
1347 1892 1423 1923 erat
1445 1888 1584 1922 dubium
1606 1886 1710 1933 quin,

236 1938 268 1972 si
291 1949 331 1971 eo
354 1935 505 1982 periculo
527 1936 709 1970 incolumes
732 1937 809 1971 Itali
831 1937 1118 1981 defungerentur,
1149 1940 1283 1981 gentem
1306 1934 1369 1969 sibi
1391 1934 1592 1976 obnoxiam,
1614 1945 1704 1979 quae

237 1984 332 2029 ipsos
357 1987 449 2016 esset
471 1983 616 2027 perdere
638 1987 770 2025 conata,
794 1983 869 2028 pari
892 1984 1058 2027 exigenda
1080 1988 1150 2017 tam
1174 1982 1262 2016 acris
1284 1981 1427 2015 iniuriae
1450 1980 1601 2014 vindicta
1624 1980 1702 2013 fun-

239 2030 332 2063 ditus
366 2028 558 2074 perderent.
607 2031 766 2063 coeuntes
792 2029 896 2074 igitur
927 2040 1049 2074 magno
1081 2040 1219 2062 numero
1249 2028 1524 2071 instruentesque
1557 2036 1634 2059 sese
1664 2025 1701 2058 in

239 2075 346 2110 aciem
370 2074 504 2120 egregie
526 2074 750 2117 restiterunt,
776 2075 981 2120 tandemque
1006 2075 1224 2120 superiores,
1256 2072 1374 2119 paucis
1398 2084 1532 2106 suorum
1558 2070 1700 2114 amissis,

239 2121 398 2155 vicerunt
430 2121 656 2166 fuderuntque
684 2122 818 2163 hostes,
850 2125 885 2154 et
907 2123 1006 2165 terga
1030 2125 1164 2154 vertere
1194 2119 1383 2163 compulsos
1405 2118 1440 2152 in
1464 2117 1606 2151 latibula
1630 2115 1702 2150 cui-

240 2178 308 2212 que
331 2173 414 2202 nota
438 2167 690 2213 compulerunt,
722 2167 782 2201 ubi
815 2167 1029 2201 tenebrarum
1059 2165 1225 2200 beneficio
1253 2165 1357 2199 vitam
1381 2167 1572 2198 servarent.
1619 2167 1702 2196 tunc

241 2213 373 2247 demum
405 2224 524 2247 secure
547 2225 588 2248 ac
609 2213 720 2259 palam
744 2213 894 2258 Scythae
923 2212 1146 2256 congerendis
1170 2223 1212 2245 ex
1235 2210 1333 2244 hoste
1357 2209 1496 2255 praedis
1517 2207 1702 2254 spoliisque

240 2271 379 2305 operam
402 2259 589 2301 dederunt,
625 2264 660 2293 et
682 2260 716 2294 in
740 2260 925 2305 apothecas
954 2270 1065 2292 rerum
1090 2258 1133 2291 ad
1157 2257 1283 2291 victum
1306 2261 1503 2301 paratarum
1525 2255 1702 2288 incurren-

240 2310 295 2339 tes
318 2307 540 2350 expieverunt
561 2316 600 2339 se
624 2305 699 2340 cibo
726 2312 893 2351 potuque,
927 2304 979 2338 sic
1000 2307 1114 2338 tamen
1136 2307 1176 2337 ut
1199 2313 1316 2336 rursus
1341 2301 1432 2336 circa
1457 2301 1640 2334 Caesarem
1663 2309 1702 2334 se

241 2351 383 2386 subinde
414 2355 659 2395 congregarent
691 2351 869 2397 ipsumque
898 2350 1086 2391 vallarent,
1123 2361 1164 2383 ac
1189 2348 1338 2382 vicissim
1361 2348 1404 2381 ab
1427 2347 1502 2392 ipso
1527 2345 1702 2391 copiisque

241 2408 328 2443 quas
351 2397 497 2431 ducebat
518 2400 788 2442 protegerentur.
834 2409 875 2431 ac
898 2395 948 2430 sic
968 2407 1102 2437 omneS‚
1125 2395 1155 2430 si
1178 2395 1235 2440 qui
1259 2394 1302 2427 de
1325 2405 1410 2427 novo
1434 2390 1702 2427 adversariorum

243 2447 468 2487 apparerent,
510 2454 569 2477 eos
601 2444 760 2478 alacriter
801 2441 1027 2479 adorirentur.
1075 2445 1246 2475 caeterum
1281 2439 1468 2484 imperator
1503 2437 1703 2471 Latinorum

242 2489 431 2522 Balduinns
457 2493 691 2523 consternatus
714 2487 827 2523 audito
848 2488 942 2522 urbis
965 2491 1087 2534 captae
1110 2498 1211 2528 casu,
1245 2489 1281 2519 et
1302 2483 1423 2518 mentis
1444 2483 1554 2528 impos
1577 2483 1702 2523 factus,

243 2535 324 2569 nihil
348 2534 415 2568 nisi
438 2535 550 2578 fugam
575 2535 818 2577 meditabatur;
849 2538 886 2568 et
909 2533 1027 2568 relicta
1051 2532 1146 2578 regia
1168 2531 1453 2573 Bhehemerum,
1486 2527 1636 2577 nihilque
1657 2526 1703 2570 ad

243 2580 387 2615 salutem
421 2580 495 2626 spei
526 2580 665 2626 amplius
688 2580 723 2614 in
746 2584 842 2614 terra
871 2580 1102 2621 constituens,
1136 2589 1238 2612 cursu
1269 2575 1440 2611 contendit
1469 2573 1512 2608 ad
1547 2583 1702 2617 magnum

242 2627 426 2672 palatium:
461 2626 545 2660 mari
575 2625 663 2660 enim
695 2626 770 2672 plus
804 2625 946 2661 fidebat.
992 2630 1028 2660 et
1063 2629 1102 2659 ut
1133 2628 1229 2665 erat,
1266 2622 1388 2657 amisso
1411 2619 1533 2665 capitis
1555 2618 1703 2663 tegmine

244 2672 446 2717 abiectoque
469 2683 567 2714 ense,
600 2672 706 2718 ipsius
727 2671 915 2716 insignibus
938 2671 1090 2716 imperii,
1124 2670 1202 2704 navi
1231 2665 1355 2714 raptim
1384 2675 1588 2701 conscensae
1610 2663 1702 2697 salu-

242 2723 312 2752 tem
347 2717 504 2752 credidit.
552 2729 594 2752 ea
613 2729 715 2763 porro
739 2718 794 2751 die
817 2718 922 2752 duces
946 2717 1119 2751 Romanae
1142 2714 1339 2761 phalangis,
1373 2723 1440 2758 quo
1464 2710 1606 2745 militum
1628 2711 1704 2744 stu-

243 2764 301 2798 dia
332 2763 550 2798 incenderent
573 2763 617 2798 ad
637 2763 907 2808 investigandum
936 2763 1200 2808 capiendumque
1220 2759 1419 2795 Latinorum
1453 2756 1704 2802 imperatorem,

244 2810 354 2856 palam
378 2812 592 2844 ostentarunt
613 2809 743 2854 imperii
767 2809 839 2843 eius
861 2808 1031 2854 insignia,
1054 2819 1143 2853 quae
1165 2806 1254 2853 quod
1277 2804 1312 2840 in
1335 2803 1481 2839 hostium
1503 2811 1618 2836 manus
1639 2811 1703 2835 ve-

245 2856 374 2891 nissent
395 2855 518 2891 indicio
544 2860 644 2891 erant
664 2855 795 2901 fugisse
814 2855 941 2901 ipsum.
988 2866 1076 2901 quae
1097 2864 1154 2888 res
1176 2852 1279 2888 etiam
1307 2850 1442 2888 valebat
1464 2847 1509 2883 ad
1531 2845 1704 2894 augendos
