1884 3262
464 210 538 252 DE
568 207 849 253 MICHAELE
878 209 1253 254 PALAEOLOGO
1284 212 1330 254 L.
1361 210 1435 254 IV.
1578 210 1672 256 275

210 321 302 366 τότε
318 323 454 366 τοίνυν
470 325 575 374 τινὲς
601 328 685 367 τῶν
707 329 782 379 τῆς
806 321 1015 379 ὀχλώδους
1037 327 1187 381 μοίρας
1207 327 1274 367 καὶ
1295 322 1572 377 duma-sitm,
1612 322 1674 374 οἷς

212 391 238 447 ἡ
261 392 420 447 ταραχὴ
441 397 517 447 τῆς
535 394 749 448 ἐκκλησίας
769 393 995 445 ἇσμένισις,
1029 391 1367 449 παρεισδυόμενοι
1386 400 1475 442 ταΐς
1495 397 1580 436 τῶν
1600 391 1671 435 ἀν-

200 459 392 516 θρώπων
419 463 563 511 οἰκίαις
589 462 791 518 πορισμὸν
810 459 917 516 εἶχον
937 462 1127 504 ἐντεῦθεν
1145 462 1193 504 τὸ
1211 463 1378 515 σχίσμα.
1447 460 1525 504 κᾶν
1545 465 1670 518 μετῇ-
1694 470 1723 504 Ρ
1745 473 1811 508 186

210 546 286 583 μεν
312 528 486 580 ἐκείνους
495 563 509 582 ,
548 532 583 573 εἴ
610 529 714 585 μήτε
732 530 779 572 τὸ
800 529 936 587 βραχὺ
955 534 1030 572 τοῦ
1056 534 1201 583 καιροῦ
1226 532 1389 580 ἐκείνοις
1411 546 1453 572 τε
1473 535 1548 586 τῆς
1568 529 1672 574 ἆτα-

176 611 198 646 5
211 599 299 649 ξίας
316 600 383 640 καὶ
399 596 496 652 ἧμῒν
514 603 589 654 τῆς
605 596 888 650 ἐπεξελεύσεως
907 598 1097 652 ἐμποδῶν
1115 596 1370 655 ὡρμημένοις
1387 597 1497 653 ἵστη.
1533 603 1674 642 τοιοῦ-

164 710 166 715 ,
207 664 280 709 τόν
307 683 347 709 τι
375 669 442 709 καὶ
472 668 526 710 τὰ
557 672 631 711 νῦν
655 665 926 710 ὑποπτεύεται
954 668 1163 723 γίνεσθαι·
1215 666 1263 710 οὐ
1293 666 1372 723 γὰρ
1405 665 1614 710 ἀπόλωλεν
1643 665 1669 722 ἦ

208 735 354 786 ἀταξία
365 769 378 788 ,
417 735 473 786 ὥς
493 753 608 786 τινας
627 735 940 790 ἒπειλημμένους
962 737 1095 786 αἰτίας
1116 733 1237 778 πάλιν
1265 735 1483 789 ἄνασοβεῖν
1508 738 1574 778 καὶ
1597 735 1672 791 τὴν

207 805 423 859 ἐκκλησίαν
439 810 514 847 τοῦ
535 809 637 848 θεοῦ
659 807 803 859 σχίζειν
827 808 1066 860 πειρᾶσθαι.
1135 804 1184 847 τὸ
1212 808 1309 860 γοῦν
1331 805 1506 854 ἐκείνους
1525 805 1667 860 ζητεῖν,

209 871 332 929 φύσιν
359 873 527 927 ἔχοντας
546 873 738 929 ἄντικρυς
758 875 801 924 ἐξ
818 873 995 926 ἐθισμοῦ
1013 877 1206 927 συνεχοῦς
1225 879 1316 922 ταῖς
1337 873 1500 929 γωνίαις
1521 874 1672 928 ἔπηλυ-

152 939 403 998 1ογάζεσθαι
439 943 506 984 καὶ
540 942 751 999 κρυφηὸὸν
780 942 828 984 τὸ
862 940 999 984 αὐτῶν
1026 939 1219 998 πράττειν
1238 941 1376 998 ἔργον,
1414 941 1548 991 ἄλλως
1564 941 1612 984 δέ
1626 958 1667 997 γε
1691 948 1720 981 Β

205 1012 271 1052 καὶ
305 1007 513 1066 περιττόν·
550 1017 637 1060 τοῖς
668 1009 711 1052 ‹5'
738 1008 1011 1066 ὑπαγομένοις
1038 1009 1169 1059 οὕτως
1197 1007 1386 1063 ἀβούλως
1404 1017 1490 1059 τοῖς
1514 1010 1672 1052 ἐκείνων

200 1078 419 1134 ’ὄαρισμοΐς
439 1083 671 1135 προστιμᾶν
690 1083 774 1122 τῶν
792 1079 1004 1135 χειρίστων
1025 1078 1073 1121 οὗ
1092 1077 1407 1133 κατοκνήσομεν.
1460 1080 1516 1128 εἷς
1533 1078 1578 1120 τί
1592 1077 1670 1134 γὰρ

203 1148 275 1190 καί
302 1164 362 1197 τις
393 1148 738 1203 σκανδαλισθείης
776 1145 837 1190 ὅτι
869 1145 1195 1201 μεταλλάττεταί
1223 1165 1260 1190 τι
1291 1151 1366 1201 τῆς
1388 1144 1511 1202 δόξης
1532 1146 1669 1205 αὖτῷ;

204 1215 298 1259 ἀλλ’
323 1215 442 1258 οὐδὲν
467 1221 551 1259 τῶν
578 1214 787 1272 ἡμετέρων
806 1216 1122 1272 παραβέβασται
1133 1249 1145 1268 ,
1174 1216 1232 1271 μὴ
1254 1213 1307 1271 δή
1327 1233 1366 1258 τι
1388 1218 1454 1258 καὶ
1475 1219 1672 1269 παραβα-

149 1294 192 1329 15
205 1286 297 1340 θείη
317 1284 363 1327 τὸ
386 1282 572 1328 σύνολον.
624 1285 721 1328 ἀλλ’
745 1283 809 1328 ὅτι
827 1289 902 1327 τοῦ
921 1282 1133 1338 συνήθους
1149 1285 1440 1340 ἐξέστραπταις
1478 1283 1572 1326 ἀλλ’
1599 1283 1672 1327 οὖ-

204 1355 272 1396 δὲν
295 1354 376 1408 ἔχοι
400 1352 450 1396 ἄν
470 1370 531 1404 τις
552 1356 696 1406 εἰπεῖν,
735 1353 812 1396 κᾶν
836 1353 969 1395 πολλὰ
993 1351 1127 1407 κάμοι.
1197 1353 1295 1395 ἀλλ’
1318 1351 1380 1395 ὅτι
1399 1351 1478 1394 {ma
1499 1352 1671 1405 ποιμένα

202 1427 434 1474 τελοῦντες,
485 1424 637 1465 ἐκείνου
670 1422 1023 1478 παρακινηθέντος
1055 1422 1203 1470 αἰτίαις
1234 1421 1414 1473 ἱκαναῖς,
1458 1420 1587 1462 ἄλλου
1618 1420 1665 1463 τὸ
1691 1427 1721 1460 C

203 1488 400 1547 παράπαν
423 1489 498 1533 οὐκ
522 1488 808 1547 εὗμοιρήσετε,·
848 1489 954 1532 ἀλλὰ
974 1489 1058 1543 μὴν
1080 1491 1148 1532 καὶ
1171 1486 1431 1546 εὐμοιρήσετε
1451 1490 1516 1530 καὶ
1538 1506 1671 1545 κρειτ-

202 1557 333 1609 τόνως
358 1557 433 1601 ὕπ’
467 1559 600 1618 ἐκείνῳ
629 1557 783 1610 διάξετε
812 1555 1130 1612 ποιμαινόμενοι.
1199 1558 1278 1600 τίνι
1307 1557 1384 1613 γὰρ
1413 1556 1488 1598 ἀπ’
1520 1557 1670 1599 ἐκείνου

147 1640 193 1673 ΞΟ
205 1632 286 1671 τῶν
317 1625 482 1671 πάντων
514 1623 558 1671 εὖ
590 1627 782 1685 ἐξεγένετο
811 1624 977 1685 πράξειν
997 1628 1063 1669 καὶ
1083 1627 1134 1669 τὰ
1157 1630 1230 1681 τῆς
1253 1624 1449 1683 ἡμετέρας
1469 1625 1671 1680 εῧμενείας

298 1726 351 1760 12.
373 1737 508 1770 προτιμ
514 1725 560 1772 ᾆν
581 1725 622 1759 P.

201 1805 339 1852 quidam
363 1817 383 1840 e
405 1805 600 1840 tui-bulento
623 1798 750 1850 genere
772 1805 984 1841 indoctorum
1006 1805 1196 1849 hominum,
1220 1815 1306 1849 quos
1329 1803 1479 1838 delectat
1504 1802 1670 1838 ecclesiae

202 1853 384 1895 tumultus,
415 1852 626 1886 insinuantes
650 1864 688 1885 se
709 1852 864 1886 domibus
894 1853 1041 1887 fructum
1064 1852 1142 1886 inde
1165 1851 1247 1897 ipsis
1270 1855 1423 1896 optatum
1446 1849 1590 1884 schisma
1612 1860 1670 1882 re-

200 1898 362 1933 tulerunt.
411 1898 637 1932 describerem
668 1898 953 1944 informaremque
988 1898 1119 1943 plenius
1149 1898 1285 1943 quinam
1321 1896 1370 1929 illi
1403 1898 1560 1936 suerunt,
1604 1894 1671 1929 nisi

201 1956 302 1989 quam
325 1943 408 1978 mihi
431 1943 638 1990 praescripsi
666 1944 842 1986 brevitas,
877 1945 953 1978 illos
976 1944 1104 1978 honore
1125 1942 1306 1977 mentionis
1329 1945 1484 1982 nostrae,
1521 1952 1583 1975 nos
1615 1943 1669 1974 la-

200 1991 284 2024 bore
318 1990 360 2024 de
394 1989 438 2024 iis
464 1991 542 2024 fuse
565 1990 717 2032 dicendi,
753 1990 835 2024 licet
862 1991 906 2024 ad
926 1990 963 2024 id
987 1994 1162 2035 promptos
1185 1989 1431 2033 inclinatosque
1454 1987 1665 2032 prohiberet.

198 2036 356 2070 iteranda
388 2047 478 2070 nunc
500 2038 575 2070 fore
597 2048 686 2082 quae
709 2042 792 2070 tunc
815 2043 895 2071 aeta
917 2037 1006 2078 sint,
1039 2047 1149 2082 prona
1180 2035 1396 2080 prudensque
1419 2033 1567 2078 suspicio
1591 2037 1665 2066 est:

199 2093 265 2116 non
288 2082 376 2116 enim
399 2082 610 2128 perversitas
631 2082 783 2116 extincta
805 2088 859 2116 est
879 2082 1044 2116 funditus.
1091 2081 1192 2116 facile
1205 2106 1217 2122 ‚
1239 2081 1397 2125 inquam,
1425 2083 1480 2112 est
1502 2078 1666 2123 quosdam

201 2127 406 2173 arripientes
428 2128 639 2162 occasionem
662 2128 828 2171 nocendi,
861 2129 1067 2162 conturbare
1096 2127 1218 2161 iterum
1241 2131 1277 2160 et
1300 2125 1355 2158 dei
1377 2123 1553 2158 ecclesiam
1577 2123 1668 2157 scin-

200 2174 284 2207 dere
307 2174 435 2208 conari.
481 2174 563 2220 quid
587 2175 651 2208 hoc
675 2186 782 2219 genus
803 2175 968 2208 hominum
991 2178 1145 2218 spectet,
1176 2172 1257 2218 quid
1278 2175 1446 2204 venentur
1468 2175 1504 2203 et
1527 2172 1669 2214 captent

199 2219 277 2262 isti,
312 2231 356 2254 ex
385 2230 448 2253 usu
480 2219 618 2254 assiduo
653 2221 752 2266 quasi
783 2224 937 2254 naturam
972 2220 1137 2253 habentes
1168 2216 1387 2251 delitescendi
1409 2216 1445 2249 in
1468 2215 1602 2259 angulis
1630 2219 1666 2248 et

199 2277 295 2299 suum
319 2275 406 2309 opus
428 2265 614 2299 clanculum
638 2266 824 2307 actitandi,
848 2275 1138 2320 supervacaneum
1161 2264 1207 2297 sit
1230 2263 1361 2296 dicere:
1386 2261 1469 2295 illud
1492 2272 1559 2294 non
1584 2271 1667 2294 cun-

200 2312 321 2345 ctabor
339 2312 477 2354 facere,
511 2311 600 2355 quod
624 2316 706 2356 puto
729 2323 977 2354 necessarlum,
1008 2312 1185 2354 increpare
1207 2307 1364 2342 videlicet
1386 2318 1448 2351 pro
1472 2307 1526 2340 rei
1548 2306 1666 2352 perni—

200 2357 253 2391 cie
276 2356 401 2390 acriter
421 2356 645 2390 stoliditatem
665 2357 886 2392 inconsultam
907 2358 1041 2391 illorum
1069 2355 1129 2401 qui
1162 2353 1286 2389 abduci
1309 2365 1348 2387 se
1369 2352 1485 2387 sinunt
1505 2363 1664 2387 susurra-

199 2402 348 2437 tionibus
382 2401 536 2438 istorum.
583 2403 668 2447 quid
698 2409 752 2437 est
784 2404 869 2438 enim
894 2415 955 2437 cur
977 2403 1052 2448 quis
1076 2401 1155 2435 hinc
1177 2399 1453 2434 scandalizetur?
1498 2409 1542 2432 an
1573 2398 1664 2445 quod

199 2448 411 2483 immutatum
432 2448 501 2494 ipsi
523 2447 706 2493 quidquam
729 2449 774 2483 sit
797 2450 840 2483 de
864 2449 1060 2483 Christiano
1084 2446 1174 2492 quod
1201 2445 1341 2480 tenebat
1374 2444 1558 2488 dogmate?
1603 2455 1665 2477 ve-

198 2506 272 2528 rum
295 2505 359 2528 nec
380 2494 544 2529 hactenus
566 2494 748 2540 quidquam
770 2507 791 2529 e
814 2506 934 2529 sacrae
957 2493 1132 2528 doctrinae
1154 2491 1291 2546 placitis
1312 2494 1436 2525 motum
1460 2495 1533 2533 est,
1557 2501 1599 2524 ac
1623 2501 1665 2524 ne

199 2540 383 2586 quidquam
416 2540 452 2574 in
483 2542 659 2585 posterum
689 2545 880 2583 moveatur,
916 2542 952 2574 et
983 2544 1065 2573 vota
1097 2539 1238 2572 facimus
1261 2541 1296 2570 et
1319 2547 1456 2582 operam
1488 2547 1550 2581 pro
1573 2535 1665 2568 virili

199 2587 362 2620 dabimus.
409 2586 490 2632 quid
511 2586 645 2629 igitur?
667 2597 711 2620 an
735 2587 815 2632 quia
838 2586 929 2620 verti
952 2584 1081 2632 aliquid
1104 2583 1249 2628 contigit
1267 2594 1382 2617 eornm
1405 2581 1528 2628 quibus
1548 2581 1667 2614 insue-

198 2633 338 2666 ramus?
371 2638 409 2666 at
429 2633 465 2666 id
489 2631 626 2676 quidem
649 2643 693 2665 ne
715 2632 884 2668 interdum
906 2631 1040 2666 accidat
1061 2630 1160 2665 vitari
1183 2629 1274 2664 nulla
1297 2628 1510 2663 contentione
1531 2626 1666 2672 possit;

199 2689 308 2723 quare
329 2689 451 2713 vanum
474 2677 520 2712 sit
542 2677 606 2711 hac
628 2677 673 2711 de
695 2689 735 2711 re
758 2678 868 2722 queri.
900 2688 944 2712 an
968 2677 1114 2722 denique
1137 2675 1227 2721 quod
1250 2680 1422 2720 pastorem
1443 2672 1541 2708 vobis
1564 2683 1666 2716 prae-

200 2724 345 2768 positum
377 2723 511 2765 sortiti,
548 2734 590 2757 eo
622 2723 743 2758 deinde
765 2723 864 2758 iustis
887 2727 923 2758 et
945 2722 1146 2758 necessariis
1176 2727 1287 2755 amoto
1311 2720 1440 2762 causis,
1477 2717 1665 2762 desperatis

199 2769 276 2803 fieri
305 2781 406 2814 posse
438 2774 478 2803 nt
509 2768 610 2803 alium
642 2781 788 2815 unquam
821 2781 930 2815 aeque
959 2768 1165 2804 commodum
1188 2765 1458 2801 nanciscamini?
1503 2763 1599 2808 atqui
1622 2774 1666 2796 ne

200 2815 373 2850 dubitatez
410 2815 650 2850 nanciscemini
672 2816 772 2850 etiam
797 2815 1073 2856 commodiorem,
1104 2825 1126 2848 a
1149 2824 1226 2858 quo.
1238 2810 1468 2856 indulgentius
1491 2808 1667 2850 curemini,

200 2861 264 2894 snb
299 2872 366 2906 quo
396 2861 528 2896 felicius
554 2861 693 2896 vivatis.
743 2872 821 2895 nam
845 2862 887 2896 ab
910 2861 976 2896 isto
998 2861 1134 2907 quidem
1157 2858 1266 2893 eiecto
1291 2858 1346 2892 cui
1368 2855 1427 2890 uni
1448 2854 1583 2890 tandem
1606 2865 1667 2889 ve-
