1846 3262
447 229 524 273 DE
557 227 837 272 MICHAELE
872 223 1248 270 PALAEOLoGo
1272 192 1333 269 L.
1368 224 1403 268 1.
1595 223 1655 270 79

316 345 397 391 28.
471 340 644 388 Τούτων
661 341 875 402 ῥηθέντων
894 344 978 384 τῶν
996 338 1151 396 λόγων,
1188 340 1272 382 ἐπεὶ
1293 339 1362 381 καὶ
1381 335 1403 382 ὅ
1425 334 1652 395 πρωτοθύ-
1674 341 1707 376 Ι)

176 432 251 472 της
277 414 354 470 τὴν
381 414 575 469 πλείστην
605 412 739 471 ῥοπὴν
770 412 908 455 ε’δίδου
938 417 1024 460 τοῖς
1046 407 1149 466 ὑπὲρ
1169 413 1246 452 τοῦ
1266 406 1560 464 Παλαιολόγου
1585 408 1654 451 λε’-

174 501 316 542 γουσι,
339 484 748 540 -προκατείληπτο
768 480 848 537 γὰρ
866 481 933 523 καὶ
952 478 1079 529 αὐτὸς
1102 480 1166 521 ἐπὶ
1186 475 1322 536 τούτῳ
1343 475 1400 529 ὡς
1418 481 1556 541 καλῶς
1574 476 1652 534 ι’ίρ-

176 556 287 605 ξοντι
298 586 312 607 ,
347 556 614 610 προσπαθῶν
637 553 681 594 ἐκ
697 554 876 603 πολλοῦ,
912 547 970 592 ἔτι
990 549 1035 591 δὲ
1052 549 1120 591 καὶ
1139 547 1187 590 τὸ
1208 544 1346 602 μεῖζόν
1364 564 1402 590 τι
1424 549 1578 603 πρᾶξαι
1603 547 1648 589 ἐκ

142 627 341 666 ὅπολλῶν
370 619 662 679 συνηρπάζετο.
732 621 800 663 καὶ
832 621 958 674 δῆλον
988 619 1032 669 ἐξ
1063 610 1121 661 ὧν
1143 616 1343 672 ἀγγελθὲν
1362 615 1476 675 αὐτῷ
1499 617 1542 659 ἓν
1564 618 1648 658 Νι-

173 692 271 752 καίᾳ
293 690 349 742 ὦς
365 690 554 747 τεθνήκει
574 689 596 734 ὅ
617 686 836 746 βασιλεύς,
872 686 988 731 οὔπω
1006 683 1234 742 μαθόντων
1250 689 1332 728 τῶν
1357 684 1494 728 ἄλλων
1505 718 1519 738 ,
1556 686 1647 728 ἐπί-

172 778 289 805 στευε
319 762 395 816 μὲν
422 761 494 805 τὸν
525 757 647 817 λόγον
672 760 758 802 -τινὶ
791 762 875 802 τῶν
911 756 1043 801 αὐτοῦ
1080 757 1148 800 καὶ
1180 756 1336 798 οἰκείων
1375 752 1417 813 (ὁ
1444 757 1487 797 Γ
1483 755 1646 809 εμιστός

172 829 218 873 δ’
254 825 375 881 οὗτος
407 826 482 885 ἦν,
529 828 576 880 ὃς
600 830 668 872 καὶ
700 827 818 885 μέχρι
850 831 928 870 τοῦ
964 821 1367 883 μεγαλοικονομάτου
1405 822 1645 880 κατηντήκει

171 899 277 942 κατὰ
296 899 371 954 τὴν
391 897 509 943 πόλιν
525 900 566 949 ἒς
583 897 790 955 ὕστερον),
828 898 911 940 ἐπεὶ
932 897 978 940 δὲ
995 897 1063 940 καὶ
1083 896 1174 952 περὶ
1195 899 1270 951 τῆς
1287 897 1370 936 τῶν
1390 891 1644 949 πραγμάτων
1668 900 1697 936 P
1720 899 1764 937 47

115 976 161 1010 10
172 967 408 1024 διοικήσεως
431 966 452 1012 ὅ
485 966 606 1025 λόγος
635 968 797 1017 ἐκείνοις
822 962 898 1022 ἦν,
933 966 1007 1010 τὸν
1035 962 1326 1020 Παλαιολόγον
1344 964 1492 1012 ἐκεῖνος
1513 980 1645 1019 πρου-

167 1039 276 1081 τίθει
296 1035 475 1082 πάντων.
545 1038 611 1080 ἐπὶ
628 1034 791 1087 τούτοις
814 1032 886 1079 οὖν
916 1034 937 1079 ὃ
960 1032 1217 1092 πατριάρχης
1241 1032 1644 1090 προκατειλημμένος

165 1105 225 1150 ὢν
248 1106 376 1158 εὐθὺς
397 1104 664 1164 συγκάταινος
683 1101 735 1162 ἦν
753 1112 840 1156 τοῖς
861 1104 965 1162 ὑπὲρ
984 1109 1060 1148 τοῦ
1081 1100 1376 1158 Παλαιολόγου
1397 1102 1642 1157 λεγομένοις,

164 1177 233 1219 καὶ
250 1176 327 1232 τὴν
349 1177 588 1220 δεσποτείαν
611 1175 725 1235 αὐτῷ
746 1175 982 1233 ἐψηφίζετο.
1048 1175 1116 1216 καὶ
1136 1173 1188 1228 δὴ
1211 1170 1232 1216 ὅ
1253 1173 1328 1226 μὲν
1348 1169 1642 1228 Παλαιολόγος

162 1244 236 1288 τὸν
254 1245 382 1303 μέγαν
406 1248 559 1290 δοῦκαν
580 1248 636 1296 εἷς
654 1245 727 1288 τὸν
751 1243 956 1301 δεσπότην
973 1241 1298 1299 μετεσκευάζετο,
1335 1238 1356 1284 ὅ
1379 1242 1424 1284 δὲ
1441 1241 1640 1294 βασιλεὺς

109 1322 153 1358 15
165 1322 328 1372 παρεῖχε
351 1315 648 1373 συναιρομένου
671 1316 738 1360 καὶ
768 1319 844 1358 τοῦ
866 1311 1124 1371 πατριάρχου
1145 1312 1199 1355 τὰ
1219 1316 1294 1367 τῆς
1311 1311 1551 1360 δεσποτείας
1569 1312 1637 1353 καὶ

162 1381 369 1439 σύμβολα.
439 1384 578 1439 ἀμέλει
609 1383 666 1435 ὥς
689 1382 891 1440 δεσπότης
915 1381 1162 1437 ἐπεβάλλετο
1179 1382 1253 1436 μὲν
1272 1381 1420 1435 ἀνέδην
1444 1386 1531 1430 τοῖς
1549 1384 1633 1422 πᾶ-
1658 1385 1687 1420 Β

161 1470 251 1507 σιν,
288 1452 520 1498 ὑπεποιεῖτο
540 1455 586 1497 δὲ
601 1453 701 1504 τοὺς
721 1454 764 1496 ἐν
785 1454 888 1496 τέλει
917 1452 1167 1511 φιλοτιμίαις
1187 1447 1368 1499 ἁπάσαις
1389 1450 1457 1491 καὶ
1478 1455 1565 1499 τοῖς
1592 1449 1637 1491 ἐκ

159 1527 246 1566 τῶν
268 1528 414 1567 κοινῶν
429 1524 674 1581 χαρίσμασι,
744 1523 919 1578 βεβαίας
942 1523 987 1565 δὲ
1006 1523 1074 1564 καὶ
1100 1520 1176 1571 τὰς
1197 1519 1300 1577 πρὸς
1329 1519 1503 1568 ἐκείνους
1529 1516 1636 1561 ὖπο-

159 1591 316 1647 σχέσεις
338 1597 526 1650 παρεΐῖςεν
550 1595 683 1636 δοκεῖν
705 1593 745 1643 ἒς
764 1591 936 1648 ὕστερον
958 1593 1001 1644 ἐξ
1022 1585 1078 1634 ὧν
1106 1591 1229 1633 ἐποίει
1247 1593 1305 1648 τῷ
1322 1585 1439 1640 τότε,
1471 1589 1540 1630 καὶ
1561 1605 1634 1645 φι-

101 1659 423 1719 2ολοτιμότερον
451 1663 742 1720 προσεφέρετο.
815 1668 902 1712 τοΐς
934 1661 984 1704 δέ
1013 1677 1055 1717 γε
1077 1664 1153 1703 τοῦ
1169 1659 1280 1717 ἱεροῦ
1310 1653 1542 1713 καταλόγου
1562 1658 1632 1700 καὶ

158 1730 203 1773 ἐκ
227 1732 545 1791 φιλοτιμοτέρας
572 1731 708 1791 χειρὸς
736 1728 916 1790 ἐχορήγει
926 1763 940 1785 ,
975 1731 1044 1774 καὶ
1074 1726 1214 1788 κρύφα
1237 1729 1305 1772 καὶ
1333 1731 1544 1785 φανερῶς,
1582 1726 1630 1770 τὸ

247 1913 304 1948 28.
351 1913 438 1947 Cum
461 1912 547 1947 baec
562 1909 737 1959 utrimque
760 1911 855 1947 dicta
876 1914 1016 1955 essent,
1046 1909 1088 1946 iis
1110 1921 1200 1956 quae
1223 1909 1371 1955 allegata
1393 1919 1456 1954 pro
1478 1907 1625 1942 Palaeo-

154 1958 232 2004 logo
262 1961 401 1994 fuerant
429 1971 585 2005 magnum
626 1963 669 1994 ab
711 1958 920 1994 auctoritate
957 1958 1176 2004 patriarchae
1218 1962 1422 1991 momentum
1463 1954 1624 1988 accessit.

151 2012 426 2052 praeoccupatus
455 2007 488 2041 is
520 2006 643 2040 dudum
666 2007 782 2041 fuerat
813 2005 943 2040 affectu
979 2006 1014 2039 in
1035 2005 1163 2051 ipsum,
1200 2008 1282 2038 nato
1306 2014 1348 2036 ex
1373 2000 1529 2046 opinione
1552 2012 1622 2045 qua

152 2064 230 2092 eum
254 2053 298 2087 iis
321 2052 458 2087 dotibus
490 2056 525 2087 et
550 2053 681 2087 artibus
709 2053 859 2087 ducebat
884 2052 1078 2098 praeditum
1100 2062 1190 2097 quae
1212 2050 1257 2085 ad
1280 2049 1367 2084 bene
1386 2048 1622 2093 imperandum

149 2105 232 2133 sunt
254 2099 479 2134 necessariae.
528 2099 610 2145 quin
633 2104 669 2134 et
691 2100 735 2134 ad
759 2099 866 2133 maius
887 2099 1013 2144 aliquid
1031 2109 1094 2144 pro
1117 2109 1159 2132 eo
1181 2097 1381 2132 tentandum
1399 2094 1515 2128 multis
1537 2104 1621 2127 cau·—

150 2146 200 2180 sis
221 2146 440 2181 incitabatur.
489 2147 651 2192 apparuit
671 2146 707 2180 id
741 2157 784 2180 ex
807 2157 962 2180 sermone
992 2145 1139 2191 quodam
1160 2144 1232 2178 eius
1258 2154 1401 2184 arcano,
1436 2141 1497 2186 qui
1519 2140 1619 2174 nobis

148 2191 307 2227 innotuit.
352 2194 485 2237 perlato
509 2194 553 2227 ad
577 2205 650 2227 eum
672 2192 828 2228 Nicaeae
850 2192 1026 2237 degentem
1050 2190 1168 2226 nuntio
1193 2191 1236 2224 de
1259 2194 1367 2224 morte
1388 2186 1618 2232 imperatoris,

148 2238 344 2284 priusqam
369 2250 424 2272 res
446 2239 482 2274 in
505 2239 666 2285 populum
699 2240 922 2284 vulgaretur,
961 2237 1220 2273 communicavit
1250 2247 1324 2271 eam
1355 2234 1487 2268 cuidam
1519 2244 1540 2266 e
1561 2233 1617 2266 fa-

147 2284 335 2319 miliaribus
365 2286 437 2320 suis
473 2286 654 2328 Gemisto‚
693 2287 752 2332 qui
775 2290 897 2333 postea
918 2297 1028 2331 usque
1049 2285 1093 2320 ad
1124 2295 1280 2328 magnum
1302 2284 1556 2317 oeconomatum
1578 2279 1617 2313 in

147 2331 235 2365 urbe
257 2331 430 2377 pervenit.
477 2344 552 2367 cum
575 2345 657 2378 ergo
679 2332 768 2367 inter
791 2344 850 2367 eos
874 2332 933 2367 illa
955 2333 1134 2368 occasione
1158 2332 1200 2366 de
1233 2328 1524 2365 administratione
1546 2326 1617 2361 rei-

145 2377 303 2422 publicae
341 2389 453 2413 sermo
479 2384 579 2413 «esset
620 2386 781 2423 exortus,
819 2379 1017 2424 patriarcha
1056 2391 1124 2413 non
1164 2377 1339 2412 dubitavit
1376 2374 1616 2419 Palaeologum

145 2423 293 2458 omnium
317 2425 363 2458 ad
384 2436 459 2459 eam
481 2437 553 2466 rem
576 2426 786 2471 aptissimum
814 2426 942 2462 dicere.
989 2426 1056 2460 isto
1078 2425 1186 2471 igitur
1207 2424 1347 2469 antiquo
1378 2422 1412 2456 in
1436 2421 1614 2455 Palaeolo-

145 2481 224 2514 gum
258 2472 378 2505 favore
413 2477 684 2517 praeoccupatus
713 2473 910 2519 patriarcba
940 2471 1108 2517 suffragio
1140 2471 1257 2506 statim
1285 2481 1346 2504 suo
1377 2467 1615 2513 comprobavit

144 2527 234 2561 quae
256 2517 292 2551 in
316 2517 388 2551 eius
411 2518 558 2563 gratiam
581 2518 676 2554 dicta
696 2521 860 2564 fuerant,
890 2523 927 2554 et
950 2520 1116 2564 despotae
1137 2518 1338 2563 dignitatem
1369 2514 1434 2560 ipsi
1456 2515 1612 2548 tribuen-

143 2562 222 2616 dam
245 2564 388 2598 censuit.
436 2576 545 2610 quare
576 2565 794 2611 palaeologus
829 2578 871 2600 ex
894 2577 1017 2611 magno
1042 2566 1131 2599 duce
1158 2566 1272 2598 factus
1295 2567 1350 2597 est
1372 2562 1528 2607 despota.
1575 2564 1613 2594 et

142 2613 328 2654 :inperator
349 2610 535 2646 adiuvante
555 2612 754 2656 patriarcha
776 2612 809 2647 ei
827 2613 1004 2658 dignitatis
1026 2612 1101 2647 eius
1117 2610 1264 2656 insignia
1286 2609 1440 2644 contulit.
1487 2609 1613 2652 despo-

141 2658 281 2701 tamque
312 2656 433 2691 exinde
462 2670 538 2692 cum
568 2658 680 2704 palam
709 2659 784 2704 ipse
808 2670 846 2694 se
876 2661 1031 2701 ferebat,
1052 2666 1126 2694 tum
1151 2662 1251 2702 vulgo
1274 2656 1423 2691 universi
1445 2666 1612 2700 agnosce-

141 2701 237 2737 bant.
283 2702 522 2738 demerebatur
543 2709 656 2739 autem
685 2705 868 2751 optimates
903 2707 993 2740 omni
1026 2717 1153 2751 genere
1174 2704 1406 2751 indulgentiae
1437 2715 1479 2738 ac
1504 2702 1611 2746 largi-

140 2749 292 2802 tionibus
314 2762 334 2783 e
359 2750 494 2795 publico
509 2777 521 2794 ,
554 2751 655 2786 simul
676 2752 875 2798 praesentia
897 2752 1063 2787 beneficia
1086 2752 1263 2798 promissis
1279 2752 1314 2785 in
1340 2753 1514 2796 posterum
1537 2759 1611 2783 am-

138 2793 299 2838 phsmms
321 2797 521 2840 cumulans3
545 2798 663 2843 sicque
685 2804 763 2833 arte
785 2799 978 2834 ambitionis
1000 2811 1124 2844 magna
1147 2798 1260 2833 studia
1282 2809 1397 2832 eorum
1421 2796 1484 2830 sibi
1506 2806 1610 2840 para-

138 2839 212 2874 bat.
260 2842 413 2877 eamdem
443 2855 580 2889 quoque
611 2844 824 2880 liberalitatis
851 2846 1055 2892 praelargae
1077 2847 1265 2882 machinam
1289 2846 1332 2880 ad
1355 2843 1608 2878 ecclesiasticos

137 2896 298 2931 proceres
329 2888 395 2923 sibi
425 2889 660 2936 adiungendos
689 2891 901 2937 adhibebat,
935 2892 1081 2940 prodiga
1113 2893 1150 2928 in
1180 2904 1242 2928 eos
1272 2903 1374 2927 manu
1395 2889 1607 2938 profundens
