1884 3262
606 166 609 168 ’
667 175 771 220 LIB.
790 175 858 220 11.‘
894 175 1097 220 NOTAE.
1198 200 1202 206 -
1508 176 1605 222 665

160 288 333 340 liturgia
347 287 585 324 'mentionem
603 285 680 323 rite
690 286 851 336 facere,
882 285 920 323 si
937 286 975 322 is
998 286 1229 323 societatem
1248 283 1499 337 abrumperet
1520 298 1611 323 cum
1643 323 1646 326 .

157 345 326 385 Latinis
354 343 489 381 urbem
522 341 915 392 Constantinopolim
942 342 1162 381 tenentibus
1190 337 1267 381 etc.
1333 354 1462 393 neque
1491 341 1610 392 enim,

160 402 254 440 dum
274 400 352 438 hoc
367 399 682 452 pollicebantur,
708 411 861 437 novum
887 397 950 436 ius
978 412 1019 437 se
1044 399 1223 437 conferre
1242 398 1418 436 Romano
1445 397 1614 437 antistiti

157 458 371 511 putabant,
399 455 470 495 sed
489 461 605 494 vetus
625 461 664 493 et
682 455 730 493 ab
751 454 891 493 ultima
905 454 1105 493 firmatum
1129 454 1361 504 antiquitate
1392 467 1614 504 agnoscere.

159 513 259 566 quid
289 513 398 551 aliud
436 512 681 550 demonstrat
712 510 822 562 quod
857 525 898 562 p.
925 510 1008 553 214
1036 524 1076 550 v.
1097 513 1124 553 3
1162 509 1331 549 Michael
1361 510 1614 561 Palaeologus

158 571 360 620 Augustus
381 568 431 606 ad
453 568 649 619 synodum
673 567 915 606 Graecorum
934 567 1159 606 antistitum
1189 580 1400 618 perorans,
1427 567 1494 605 ubi
1514 572 1614 606 esset

159 632 323 678 questus
361 625 410 663 de
439 624 584 662 duritie
623 623 838 662 canonibus
866 623 1047 662 damnata
1073 622 1320 676 patriarchae
1349 622 1508 661 Arsenii
1541 636 1615 661 ne-

160 682 287 733 gantis
306 681 381 719 sibi
399 680 622 733 poenitenti
642 679 1016 730 reconciliationem,
1033 686 1222 732 tanquam
1245 693 1295 718 ex
1315 678 1495 717 doctrina
1515 692 1615 730 quae

160 739 203 777 in
224 739 400 776 confesso
421 736 527 788 apud
545 750 678 775 omnes
695 742 816 782 esset,
844 736 900 774 ait
918 743 1074 788 tempus
1093 751 1174 774 esse
1194 734 1436 787 procidendi
1459 735 1518 773 ad
1538 750 1616 787 pe-

163 794 232 832 des
247 808 384 845 papae
401 794 557 831 Romae
574 792 770 842 sedentis,
801 799 837 830 et
857 792 909 830 ab
934 807 976 831 eo
1002 794 1239 845 suppliciter
1259 791 1421 843 petendi
1439 793 1618 830 salutare

155 853 317 903 peccati
337 848 568 888 remedium.
625 850 700 887 nisi
719 855 868 888 certum
889 855 929 888 et
953 849 1102 888 nemini
1123 849 1342 888 dubitabile
1362 849 1423 886 ius
1450 861 1556 898 esse,
1585 848 1620 886 si

163 907 320 958 quando
342 906 800 957 Constantinopolitanus
826 905 1052 957 patriarcha
1077 919 1100 943 a
1127 906 1262 956 regula
1282 905 1518 956 ‘disciplinae
1541 917 1618 942 ve-

162 963 258 1001 teris
275 961 499 1011 deflexerit,
529 962 775 1013 provocandi
794 961 844 999 ad
868 962 1096 1012 pontificem
1117 962 1335 999 Romanum
1356 967 1395 999 et
1411 961 1459 998 ab
1478 975 1522 998 eo
1538 960 1618 998 rite

162 1018 323 1072 petendi
345 1018 603 1068 sumendique
629 1030 726 1068 quae
756 1016 901 1055 iniuste
929 1031 952 1070 a
983 1017 1421 1069 Constantinopolitano
1443 1017 1524 1054 sint
1549 1029 1618 1054 ne-

162 1081 267 1126 gata.
322 1087 405 1112 non
432 1073 555 1124 igitur
578 1073 751 1124 legitima
784 1073 977 1124 possessio
1007 1074 1106 1112 haec
1131 1073 1227 1122 fuit,
1267 1073 1339 1110 sed
1369 1072 1619 1123 iniquissima

162 1130 369 1182 usurpatio
395 1131 656 1167 auctoritati-s
676 1127 996 1181 independentis,
1027 1143 1143 1181 quam
1181 1142 1222 1167 se
1249 1134 1382 1167 tenere
1411 1129 1462 1167 ad
1482 1134 1616 1167 extre-
1638 1130 1666 1164 P
1688 1128 1756 1165 466

161 1200 271 1226 mum
293 1186 398 1226 velle
413 1185 480 1224 hic
497 1185 739 1224 schismatici
762 1191 972 1226 testantur.
1029 1187 1099 1224 sed
1114 1185 1182 1237 qui
1201 1198 1252 1223 ex
1275 1184 1373 1236 ipsis
1391 1191 1458 1223 aut
1480 1198 1615 1224 eorum

161 1242 330 1296 posteris
354 1247 492 1295 postea
506 1242 780 1292 resipuerunt,
811 1255 896 1280 eam
921 1241 1176 1291 abdicarunt,
1212 1246 1259 1279 ut
1281 1241 1452 1292 professi
1477 1241 1619 1280 deinde

162 1305 257 1338 sunt
282 1298 326 1336 in
356 1298 526 1368 cpncilio
557 1297 787 1336 Florentino
819 1311 912 1336 sess,
938 1300 992 1340 25
1010 1313 1049 1351 p.
1070 1298 1152 1340 516
1173 1297 1235 1337 ed.
1258 1297 1351 1348 Reg.
1380 1297 1444 1335 his
1466 1297 1616 1336 verbis.

162 1354 254 1408 περὶ
271 1357 343 1406 τῆς
362 1350 487 1408 α’ρχῆς
503 1357 576 1395 τοῦ
599 1351 715 1394 πάντα
740 1352 1006 1407 ὅμολογουμεν
1033 1350 1160 1394 αὐτον
1193 1351 1316 1405 ἄκρον
1346 1348 1525 1407 αρχιερέα
1549 1352 1619 1394 καὶ

163 1411 375 1478 ἐπίτροπον
392 1410 460 1451 καὶ
475 1425 749 1463 τοποτηρητην
767 1409 837 1451 καὶ
859 1409 1046 1465 βικᾶριον
1070 1412 1144 1450 τοῦ
1164 1411 1355 1462 Χριστοῦ,
1382 1408 1552 1462 ποιμένα
1573 1424 1617 1450 τε

162 1466 232 1508 καὶ
254 1462 492 1507 διδάσκαλον
511 1464 674 1508 πάντων
694 1469 966 1532 Χριστιανων,
997 1462 1157 1507 ἰθύνειν
1176 1481 1222 1505 τε
1240 1465 1306 1505 και
1327 1467 1526 1519 κυβερνᾶν
1542 1481 1618 1518 την

163 1523 374 1575 ἐκκλησίαν
390 1525 463 1563 τοῦ
477 1525 593 1564 θεοῦ.
651 1521 700 1560 de
715 1524 907 1574 primatu
927 1537 1065 1575 papae
1089 1523 1322 1574 confitemur
1347 1523 1482 1573 ipsum
1508 1536 1620 1559 sum-

163 1593 271 1617 mum
285 1580 435 1631 Pontff
437 1593 517 1617 cem
533 1587 570 1617 et
585 1578 909 1631 dispensatorem,
939 1587 976 1617 et
996 1580 1128 1617 locum
1140 1586 1330 1616 tenentem
1348 1592 1398 1615 ac
1415 1580 1620 1616 vicarium

166 1635 341 1684 Christi,
362 1643 646 1687 pastoremque
669 1643 705 1673 et
723 1634 923 1673 doctorem
938 1638 1117 1673 omnium
1139 1635 1480 1686 Christianorum,
1509 1649 1620 1687 rege-

165 1705 283 1743 reque
298 1705 348 1729 ac
359 1692 584 1743 gubernare
598 1692 804 1729 ecclesiam
822 1690 898 1730 dei.
958 1705 1049 1729 cum
1077 1705 1154 1742 quo
1181 1691 1277 1744 ipsis
1298 1691 1529 1743 permissum
1547 1696 1617 1740 est,

166 1747 437 1786 dissimulante
463 1753 629 1800 propter
658 1747 807 1786 bonum
823 1748 933 1799 pacis
966 1749 1151 1797 ecclesia,
1181 1753 1227 1786 ut
1251 1760 1366 1786 suum
1390 1747 1619 1786 Constanti-

164 1804 440 1856 nopolitanum
461 1804 723 1855 patriarcham
752 1803 1022 1843 Alexandrino
1047 1809 1359 1874 praeponeient,
1389 1810 1510 1871 prout
1530 1803 1619 1841 ibi-

166 1860 255 1898 dem
278 1859 411 1899 statim
431 1860 603 1898 addunt·
633 1859 866 1912 σωζομένων
890 1876 973 1901 των
1003 1861 1236 1914 προνομίων
1266 1858 1334 1899 καὶ
1351 1875 1433 1900 των
1451 1860 1618 1900 δικαίων

165 1931 247 1956 των
265 1919 516 1969 πατριαρχῶν
531 1918 605 1969 τῆς
627 1913 836 1969 ἀνατολῆς,
865 1932 937 1957 τον
955 1913 1416 1964 Κωνσταντινουπόλεως
1432 1912 1618 1981 δεύτερον

167 1968 272 2013 εἶναι
291 1987 391 2024 μετα
403 1987 476 2013 τον
495 1970 658 2022 ποῖπαν,
688 1969 772 2013 εἶτα
791 1970 861 2013 τὸν
878 1969 1176 2027 Ἀλεξανδρείας
1194 1979 1269 2011 etc.
1326 1973 1458 2010 salvis
1476 1973 1616 2024 privi-

168 2029 288 2080 legiis
305 2036 342 2066 et
357 2028 518 2067 iuribus
535 2004 871 2080 patriarcharum
900 2030 1099 2078 Orientis,
1127 2036 1173 2066 ut
1199 2028 1616 2079 Constantinopolita—
1645 2062 1647 2064 .
1682 2061 1691 2064 ,,

167 2097 249 2122 nuo
264 2083 466 2122 secandus
483 2088 539 2123 sit
557 2099 584 2123 a
599 2099 734 2138 papa,
764 2084 905 2123 deinde
920 2084 1223 2123 Alexandrinus
1240 2090 1313 2124 etc.

279 2152 318 2179 v.
334 2143 398 2182 12.
454 2154 680 2192 cauponum
695 2148 732 2180 et
748 2142 962 2180 illiberalis
981 2143 1103 2178 sortis
1120 2128 1446 2180 homuncionum.
1473 2139 1617 2178 idiotas

167 2195 328 2235 Latinos
355 2201 394 2234 et
422 2209 518 2247 prae
547 2210 588 2235 se
612 2198 711 2236 viles
739 2197 1098 2250 superciliosissimi
1126 2203 1165 2235 et
1196 2197 1303 2235 fastu
1325 2195 1435 2234 inani
1468 2196 1617 2247 turgidi

168 2251 408 2290 schismatici
429 2251 644 2303 habebant,
672 2253 842 2305 ideoque
856 2254 936 2292 illis
959 2253 1138 2305 quamvis
1167 2251 1408 2291 manifesto
1396 2265 1482 2290 iure
1502 2252 1620 2290 debi-

167 2314 250 2346 tam
267 2307 550 2346 subiectionem
568 2315 732 2359 negant,
761 2311 932 2348 immane
949 2316 1137 2360 quantum
1159 2323 1180 2346 a
1205 2308 1424 2348 Christiana
1459 2308 1619 2347 humili-

169 2370 250 2402 tate
268 2363 540 2414 abhorrentes,
572 2378 672 2416 quae
697 2365 911 2417 piscatores
935 2366 984 2404 ab
1002 2366 1115 2403 initio
1137 2364 1386 2417 philosophis
1415 2365 1621 2417 praetulit.

170 2419 241 2458 sed
256 2419 372 2458 istam
392 2420 619 2472 superbiam
639 2421 744 2459 iusta
769 2422 870 2460 ultio
902 2422 1084 2474 excepit,
1112 2428 1160 2459 ut
1179 2421 1247 2474 qui
1269 2420 1410 2460 subiici
1423 2421 1622 2472 apostoli-

171 2476 228 2514 cis
255 2475 402 2514 Christi
432 2477 594 2516 vicariis
623 2477 909 2517 contumaciter
948 2477 1191 2530 spreverint,
1235 2477 1416 2530 tyrannis
1440 2477 1617 2517 barbaris

170 2531 387 2571 miserrime
404 2546 512 2571 nunc
519 2526 714 2573 serviant.

282 2602 324 2640 p.
346 2591 428 2630 366
447 2602 484 2627 v.
506 2592 569 2631 18.
627 2591 728 2641 quia
751 2589 1216 2642 contingebatfiequmti
1230 2590 1471 2642 pontficum
1495 2594 1620 2626 morte

174 2643 279 2681 alios
299 2658 343 2681 ex
363 2645 461 2682 aliis
471 2659 607 2711 papas·
621 2646 725 2697 fieri.
781 2659 875 2684 vere
898 2645 977 2684 hoc
996 2647 1160 2688 dictum.
1202 2660 1294 2685 nam
1313 2660 1383 2698 per
1401 2645 1499 2683 haec
1515 2650 1619 2682 tem-

173 2712 271 2751 pora
289 2697 620 2753 βραχυβιωτεροι,
649 2708 694 2740 ut
707 2702 764 2740 sic
780 2701 939 2753 loquar,
970 2716 1087 2754 quam
1104 2704 1187 2742 fere
1206 2703 1301 2741 alias
1321 2700 1492 2741 Romani
1510 2713 1618 2764 pon-

174 2755 302 2793 tifices
324 2757 454 2807 fuere,
484 2757 680 2808 siquidem
710 2758 934 2797 Alexander
961 2758 1045 2798 lv
1041 2773 1127 2798 sex
1163 2765 1318 2798 tantum
1346 2770 1467 2796 annos
1502 2755 1618 2802 vixit,

176 2811 359 2851 Urbanus
374 2826 469 2854 vero
486 2813 541 2853 IV
565 2820 669 2865 tres,
697 2827 771 2854 neo
797 2815 924 2854 multo
945 2816 1043 2868 plus·
1067 2816 1221 2855 Clemer
1263 2814 1329 2864 N,
1348 2812 1558 2864 Gregorius
1576 2813 1617 2851 X
