1846 3262
411 216 488 261 DE
517 215 803 261 MICHAELE
830 213 1210 261 PALAEOLOGO
1240 215 1288 260 L.
1317 213 1355 259 1.
1556 211 1621 259 45

142 328 356 391 ἅγοῖπῃιτὸ
377 334 461 376 πᾶν
477 328 787 389 περιστήσεται·
821 328 1038 388 παρούσης
1061 332 1108 375 δὲ
1134 334 1331 389 καθαρᾶς
1357 333 1433 387 τῆς
1459 324 1623 388 ἀγάπης
1645 338 1676 374 Β

141 404 210 446 καὶ
229 398 452 446 ἀθολῶτου
471 401 547 446 οὔκ
569 401 679 446 ἔστιν
698 401 812 452 ὅστις
829 399 1067 458 καθυφήσει
1087 406 1163 445 τοῦ
1183 401 1288 458 πρὸς
1303 400 1377 457 τὴν
1392 398 1621 457 ὑπηρεσίαν

141 468 437 526 ἐπιβάλλοντος
458 470 563 515 ὥστε
585 473 652 515 καὶ
673 471 850 527 ἀμελεῖν.
920 471 988 513 καὶ
1016 472 1274 527 πρῶτονμὲν
1290 474 1442 523 τοῦτο,
1477 467 1619 514 δεύτε-

142 557 216 598 ρον
237 541 283 584 δὲ
303 542 372 584 καὶ
393 539 455 584 ὅτι
471 539 553 584 ὑπὸ
573 541 649 600 νέῳ
669 538 964 599 καθισταμένῳ
984 538 1163 598 δεσπότῃ
1187 537 1521 593 βασιλευόμενοι,
1555 538 1620 584 ὅτι

104 617 128 652 5
142 611 208 653 καὶ
227 609 286 666 μὴ
306 610 533 666 ἀναγκαίαν
560 605 692 654 οὖσαν
715 609 792 665 τὴν
818 608 1046 665 εὐεργεσίαν
1067 609 1144 664 τὴν
1163 608 1244 652 ἀπ’
1267 610 1418 652 ἐκείνου
1441 609 1546 666 πρὸς
1566 609 1616 653 τὸ

138 677 322 737 ὑπήκοον
349 678 370 723 ὅ
405 680 548 737 καιρὸς
575 679 801 736 ἀναγκαίαν
825 685 956 732 ποιεῖ’,
995 677 1071 734 οὐχ
1089 677 1200 729 ὅπως
1218 675 1462 735 ἐκφύγοιμεν
1480 682 1619 730 κακῶς

138 753 292 794 παθεῖν
307 749 524 804 μέλλοντες
544 747 788 805 ζητήσωμεν
797 781 812 802 ,
851 747 948 791 ἀλλ’
970 746 1083 798 ὅπως
1103 743 1146 791 εὗ
1171 752 1324 791 παθεῖν
1343 745 1441 803 ἡμῖν
1459 748 1615 803 γε’νοιτο

137 819 366 873 ε’λπίζοιμεν
393 820 717 876 προσδοκῶντες.
787 816 960 872 ἑτοίμως
983 818 1115 860 δὲκαὶ
1141 812 1271 874 ὧνπερ
1296 817 1468 868 ἕκαστος
1485 817 1614 871 θέλει,

136 889 172 931 εἲ
197 885 326 942 μόνον
345 886 459 939 ἄξιος
478 889 681 946 κρίνοιτο,
715 894 850 943 τυχεῖν
874 887 982 940 ἔστι,
1013 889 1082 930 καὶ
1098 887 1147 930 τὸ
1169 887 1344 942 δαψιλὲς
1359 891 1434 942 τῆς
1456 886 1612 943 εὐεργε-
1635 894 1666 928 C

81 963 127 998 10
138 957 231 1008 σίας
258 956 495 1014 προσέσται.
567 957 658 1007 νέος
675 957 753 1014 γὰρ
774 955 832 1000 ὢν
849 951 872 1000 ὃ
897 960 1060 1013 κρατῶν
1082 958 1150 1000 καὶ
1167 955 1249 1000 ὑπὸ
1269 953 1467 1011 κηδεμόσι
1487 960 1617 999 τελῶν

135 1030 187 1083 τῇ
209 1026 285 1081 μὲν
307 1026 486 1087 σφετέρᾳ
503 1023 712 1082 βουλήσει,
733 1025 834 1070 ὅθεν
856 1024 1053 1076 πολλάκις
1070 1028 1137 1070 καὶ
1157 1026 1205 1069 τὸ
1226 1023 1492 1083 σφάλλεσθαι
1510 1025 1616 1083 πρὸς

133 1095 182 1139 τὸ
200 1094 356 1153 πρέπον
376 1096 486 1139 ἐστίν
496 1129 510 1150 ,
548 1096 791 1152 ἅρχοντικοῦ
812 1093 948 1154 τύφου
977 1096 1076 1147 τούς
1095 1095 1318 1153 λογισμοὺς
1337 1092 1613 1152 ὑπερβαίνον-

133 1181 230 1218 τος,
269 1164 344 1221 οῧχ
370 1164 444 1217 ἕξει
461 1162 605 1223 χώραν
626 1164 799 1211 διδόναι.
869 1172 957 1215 τοῖς
978 1166 1023 1208 δὲ
1043 1163 1262 1222 κηδεμόσιν
1283 1164 1369 1208 ἔστι
1390 1166 1458 1208 καὶ
1476 1181 1611 1222 προσ-

133 1237 270 1277 ελθεῖν
288 1236 333 1277 ἐκ
352 1238 427 1278 τοῦ
445 1239 723 1292 παραχρῆμα,
759 1236 827 1278 καὶ
846 1233 966 1286 νύξαι
984 1235 1154 1292 λέγοντα
1175 1234 1474 1291 συνεχέστερον.
1524 1238 1610 1277 τῶν

78 1309 122 1345 15
135 1307 208 1346 νῦν
230 1304 398 1357 ἐλπίζειν
418 1306 609 1348 ἐντεῦθεν
632 1304 787 1366 ῥᾳδίως
803 1312 938 1360 τυχεῖν
960 1299 1018 1348 ὧν
1038 1305 1187 1362 ε’ραταί
1199 1321 1260 1355 τις
1272 1338 1285 1357 ,
1320 1302 1483 1353 πῶςὀὖ
1501 1303 1606 1358 μετὰ

131 1370 349 1430 ῥαστώνης
366 1371 532 1430 ἆποῖσης
550 1374 791 1418 δουλευτέον
811 1379 871 1433 τῷ
890 1379 1077 1430 βασιλεῖς
1115 1376 1242 1430 χωρὶς
1261 1374 1307 1417 δὲ
1325 1370 1506 1425 τούτων,
1538 1374 1605 1416 καὶ
1627 1378 1662 1413 D

130 1446 275 1486 σιωπῶ
303 1443 356 1486 τὰ
380 1447 576 1498 πλεῖστα,
612 1441 706 1487 τότε
730 1444 806 1499 μέν
835 1443 915 1500 γὰρ
944 1445 1013 1486 καὶ
1045 1443 1135 1494 δέος
1167 1439 1219 1499 ἦν
1245 1443 1303 1499 μὴ
1330 1439 1610 1499 κατορθώσας

129 1517 437 1571 παρακρουσθῇ
468 1530 551 1567 τις,
589 1512 728 1557 ἄλλων
763 1513 852 1570 τὴν*
870 1513 1088 1570 βασιλικὴν
1116 1511 1455 1568 ὖποποιουμὲνων
1474 1509 1608 1570 ὁρμὴν

222 1611 280 1647 13.
302 1608 344 1647 δὲ
368 1610 500 1646 deerat,
619 1609 676 1647 14.
698 1612 775 1647 τῶν
796 1611 890 1657 νῦν]
914 1612 967 1660 τῷ
987 1610 1109 1658 your?

129 1691 170 1725 ut
191 1689 342 1726 studium
366 1690 512 1737 quisque
535 1691 697 1727 ostendat
719 1691 754 1726 in
779 1691 991 1738 principem,
1022 1691 1113 1727 unde
1137 1690 1229 1737 quod
1253 1689 1319 1726 sibi
1342 1692 1472 1726 metuat
1502 1689 1606 1736 plane

126 1736 212 1771 nihil
245 1742 309 1772 est.
356 1749 440 1772 sane
474 1737 641 1783 obsequia
669 1738 795 1773 civium
826 1738 862 1773 in
893 1750 995 1784 reges
1026 1739 1147 1773 harum
1179 1738 1254 1772 sere
1284 1738 1396 1772 altera
1427 1748 1606 1771 causarum

125 1787 262 1825 movet,
295 1783 398 1818 timor
428 1789 488 1819 aut
521 1785 661 1819 caritas.
709 1797 817 1829 quare
841 1796 915 1819 cum
938 1797 1027 1820 nunc
1050 1783 1247 1820 constiterit
1269 1783 1383 1818 timori
1405 1783 1531 1818 nullum
1555 1783 1607 1817 lo·-

125 1841 201 1864 cum
227 1840 326 1871 esse,
348 1830 505 1876 sequitur
527 1831 564 1865 id
588 1836 695 1866 totum
718 1831 952 1878 imputandum
978 1831 1128 1867 caritati.
1175 1830 1235 1865 ubi
1259 1835 1371 1864 autem
1396 1830 1497 1864 adest
1519 1841 1606 1865 vera

124 1879 162 1910 et
189 1874 324 1911 sincera
348 1877 489 1919 caritas,
512 1876 588 1912 fieri
613 1889 679 1912 non
703 1884 820 1924 potest
843 1882 884 1913 ut
906 1878 1090 1925 quidquam
1115 1877 1293 1923 quisquam
1317 1881 1467 1920 recuset,
1500 1875 1605 1922 quid-

124 1934 225 1968 quam
249 1923 408 1969 negligat
443 1935 557 1958 eorum
592 1935 682 1969 quae
705 1925 750 1959 ad
773 1924 866 1959 illius
890 1936 990 1971 quem
1013 1936 1097 1959 vere
1120 1924 1235 1969 diligit
1266 1923 1465 1969 obsequium
1489 1921 1604 1969 perti-

124 1974 218 2004 nent.
266 1970 377 2004 aitera
408 1981 498 2016 quae
530 1972 623 2016 quod
654 1971 818 2016 proposui
842 1971 967 2006 suadet
990 1971 1098 2012 ratio,
1135 1971 1222 2005 haec
1245 1975 1310 2005 est.
1356 1980 1476 2004 recens
1499 1969 1604 2003 insti-

125 2019 203 2050 tuto
226 2015 377 2062 principi
401 2015 632 2052 beneficentia
654 2018 691 2051 in
714 2017 871 2052 subditos
895 2018 961 2053 alio
985 2022 1141 2064 tempore
1163 2017 1290 2058 libera,
1313 2015 1376 2051 tali
1399 2027 1513 2050 rerum
1541 2026 1601 2050 ar-

123 2062 230 2098 ticulo
253 2063 452 2098 necessaria
474 2063 527 2099 fit.
575 2075 642 2098 non
666 2065 766 2099 modo
789 2064 899 2109 igitur
923 2069 1013 2100 metu
1042 2074 1223 2105 vacamus,
1254 2063 1317 2097 sed
1340 2063 1377 2098 in
1400 2072 1481 2109 spes
1504 2061 1599 2108 opti-

122 2120 197 2144 mas
214 2120 396 2153 vocamur3
420 2122 484 2145 nec
501 2113 575 2145 tota
598 2115 717 2146 nostra
741 2111 777 2145 in
798 2110 984 2146 securitate
1007 2123 1028 2147 a
1051 2111 1137 2146 malo
1165 2110 1315 2145 felicitas
1335 2110 1405 2144 sita
1429 2112 1494 2150 est,
1519 2108 1596 2154 qui-

123 2156 187 2190 bus
222 2163 408 2202 praeterea
441 2160 635 2192 ostentetur
669 2157 884 2204 expectanda
916 2158 1018 2204 copia
1051 2159 1226 2192 bonorum.
1274 2156 1311 2190 in
1346 2160 1507 2202 promptu
1541 2157 1596 2190 est

121 2201 218 2248 quod
241 2203 354 2248 quivis
379 2207 491 2249 optat.
537 2203 621 2239 velit
644 2206 767 2246 modo,
804 2203 964 2244 accedat:
998 2204 1164 2250 accipiet,
1197 2203 1228 2238 si
1251 2202 1375 2248 dignus
1397 2201 1595 2243 iudicetur3

119 2247 216 2283 votis
239 2249 394 2294 quamvis
413 2249 525 2284 avidis
547 2256 707 2286 occurret
729 2251 873 2296 largitas
893 2251 1029 2286 minime
1051 2250 1161 2292 avari,
1185 2248 1315 2296 quippe
1327 2248 1472 2290 iuvenis,
1494 2248 1594 2294 prin-

120 2293 230 2340 cipis,
262 2294 480 2341 eiusdemque
510 2307 577 2331 non
609 2297 750 2344 proprio
774 2297 918 2332 arbitrio
942 2309 998 2332 res
1021 2296 1264 2344 dispensantis.
1311 2295 1406 2342 quod
1431 2294 1460 2329 si
1484 2298 1592 2336 esset,

119 2340 234 2376 timeri
268 2342 377 2387 magis
408 2347 527 2388 posset
548 2355 592 2378 ne
615 2344 665 2378 illi
688 2356 750 2378 sua
774 2355 838 2389 per
860 2356 898 2379 se
920 2344 1084 2378 tractanti
1120 2344 1305 2388 obreperet
1328 2345 1511 2377 consuetus
1533 2353 1591 2375 re-

118 2399 201 2432 gum
232 2388 345 2423 fastus
373 2389 419 2423 ad
449 2390 661 2436 spernendos
691 2390 846 2425 subditos
875 2391 1057 2436 minusque
1088 2390 1258 2425 curandas
1279 2387 1506 2424 necessitates
1529 2399 1590 2422 eo-

117 2445 205 2470 rum.
252 2440 466 2470 metueretur
499 2436 601 2471 etiam
623 2448 667 2471 ne
690 2448 758 2472 non
781 2436 872 2472 adiri
896 2442 1031 2484 posset,
1070 2448 1114 2472 ne
1136 2448 1203 2470 non
1227 2435 1278 2469 ini
1302 2438 1446 2470 vacaret
1472 2439 1590 2469 atten-

117 2481 214 2516 dere.
261 2492 350 2516 nunc
382 2482 467 2516 nihi!
498 2483 623 2518 oberit.
669 2483 805 2519 habetis
839 2484 1017 2530 expositos
1049 2484 1093 2518 ad
1127 2487 1267 2517 vestros
1296 2492 1381 2517 usus
1411 2485 1589 2516 curatores

116 2526 211 2570 eius3
245 2527 429 2563 convenire
452 2528 534 2564 licet
557 2529 693 2575 quando
719 2535 755 2565 et
778 2531 914 2575 quoties
937 2529 1082 2574 libebit,
1116 2529 1249 2564 instare
1278 2527 1484 2574 quinetiam,
1518 2528 1589 2562 ite·-

115 2579 198 2608 rare'
228 2575 436 2620 petitiones,
464 2587 566 2622 quam
600 2577 723 2612 crebro
758 2581 793 2611 et
824 2588 923 2622 quam
954 2575 1094 2611 assidue
1116 2587 1202 2622 opus
1225 2574 1332 2610 fuerit
1354 2586 1493 2620 urgere.
1541 2586 1586 2609 an

115 2631 183 2654 non
215 2620 327 2666 igitur
357 2621 450 2658 iusta
471 2633 574 2657 causa
597 2627 651 2657 est
673 2623 775 2658 facile
797 2634 839 2657 ac
862 2628 1020 2669 prompta
1055 2623 1236 2658 voluntate
1258 2621 1469 2667 obsequendi
1491 2620 1589 2667 prin-

115 2665 208 2712 cipi,
244 2679 324 2714 spes
350 2674 447 2704 certa
470 2673 507 2703 et
529 2669 673 2704 fundata
704 2669 908 2715 impetrandi
932 2675 969 2704 et
991 2668 1225 2716 consequendi
1247 2669 1291 2703 ab
1316 2680 1356 2703 eo
1380 2679 1470 2714 quae
1493 2667 1589 2713 quis-

114 2723 258 2759 cumque
293 2715 536 2761 concupierit?
582 2717 669 2750 haec
701 2727 770 2750 non
801 2719 936 2759 essent,
967 2715 999 2750 si
1030 2727 1089 2751 res
1122 2727 1190 2750 non
1223 2716 1498 2761 gubernarentur
1522 2724 1588 2758 per

114 2758 202 2794 fidos
225 2764 262 2795 et
285 2771 426 2796 accessu
447 2762 543 2797 facili
567 2763 700 2797 cunctis
725 2763 899 2807 expositos
921 2762 1107 2799 ministros.
1154 2774 1231 2797 nam
1264 2761 1417 2807 cogitate
1440 2771 1587 2806 nupera,

112 2808 151 2859 et
172 2807 327 2842 conferte
349 2819 423 2843 cum
447 2809 700 2854 praesentibus.
745 2809 908 2855 plurimas
931 2809 1085 2844 reticebo
1106 2808 1344 2850 differentias,
1367 2808 1430 2841 has
1454 2811 1585 2841 tantum

110 2851 278 2887 mdicans.
324 2857 406 2889 tunc
436 2860 548 2891 metus
580 2859 659 2890 erat
688 2867 733 2891 ne
762 2855 826 2902 qui
858 2856 962 2891 etiam
990 2856 1182 2890 rectissime
1205 2855 1356 2900 egisset,
1391 2851 1586 2888 offenderet

111 2898 296 2947 gratiaque
319 2901 522 2947 excideret,
551 2902 629 2939 aliis
650 2901 685 2938 iu
709 2913 785 2939 eum
806 2902 975 2950 principis
996 2903 1082 2939 iram
1105 2901 1379 2944 concitantibus,
1407 2899 1452 2935 iis
1473 2899 1584 2936 modis
