1884 3262
265 206 361 250 330
676 198 910 244 GEORGII
942 189 1287 242 PACHYMERIS

265 319 444 364 ἕκαστος.
517 311 642 371 ᾤοντο
663 313 740 369 γὰρ
759 312 818 367 μὴ
838 311 1094 367 τριακοσίους
1111 310 1136 365 ἢ
1151 312 1224 353 ’καὶ
1243 309 1398 355 τούτων
1424 313 1663 361 διπλασίους
1682 312 1708 366 ἢ

265 388 330 428 καὶ
360 384 546 430 πλείονας
575 379 694 423 εἶναι·
727 380 830 423 ἀλλὰ
856 385 915 438 τῷ
944 381 1048 422 κατὰ
1070 384 1179 436 σφᾶς
1205 378 1353 434 πλήθει
1376 381 1421 423 τὸ
1446 385 1608 436 πλῆθος
1627 386 1709 424 τῶν

126 468 151 501 Ρ
175 467 241 502 222
265 449 493 495 ἀντιπάλων
514 447 682 505 ὥριζον,
720 447 775 501 ὥς
800 448 872 492 οὐκ
894 447 944 491 ἂν
963 446 1265 504 θαρρησάντων
1278 481 1290 501 ,
1322 451 1356 490 εἷ
1369 447 1426 503 μή
1444 466 1486 504 γε
1504 452 1569 492 καὶ
1592 450 1710 493 αὐτοὶ

263 521 422 568 πλείους
445 517 557 567 ὄντες
575 525 658 567 τοῖς
678 515 813 567 τόσοις
834 515 1019 573 ἐπῄεσαν.
1088 514 1178 559 τότε
1199 518 1264 558 καὶ
1286 515 1306 559 ὃ
1329 515 1526 572 δεσπότης
1551 518 1710 560 ἀποκα-

265 586 496 645 ραδοκήσας
517 587 650 641 τρέπει
679 603 721 628 τε
751 585 943 640 χαλινοὺς
969 587 1035 627 καὶ
1060 585 1130 627 τὸν
1149 586 1275 627 ἵππον
1297 584 1415 634 ἀνιεὶς
1440 585 1543 627 κατὰ
1561 584 1762 641 κράτοςὸ

264 654 411 713 φεύγει.
483 654 704 697 κάντεῦθεν
732 650 781 707 ἧν
810 653 969 707 βλέπειν
997 653 1146 702 ἄλλους
1178 654 1251 706 μὲν
1284 654 1527 705 πίπτοντας,
1565 653 1713 702 ἄλλους

267 726 311 767 δὲ
332 722 576 781 φεύγοντας,
611 723 706 772 τούς
730 723 774 764 δὲ
796 720 973 776 θάμνοις
993 721 1294 776 κρυπτομένους
1317 723 1383 762 καὶ
1404 721 1503 776 πρὸς
1521 721 1568 763 τὸ
1590 719 1713 772 σώζε-

265 797 368 835 σθαι
388 789 571 833 ἱκετεύειν
592 789 778 843 ἑτοίμους
802 789 944 841 ὄντας,
972 789 1131 839 ’ἄλλους
1151 790 1191 831 δ’
1216 789 1457 845 ἀπορρῶγας
1477 790 1543 830 καὶ
1564 789 1714 844 πέτρας

266 857 624 915 καλαμβάνοντας,
661 858 810 907 ἄλλους
830 858 871 900 δ’
894 853 1018 907 αὖθις
1039 857 1338 913 ἀπαγομένους,
1377 854 1536 899 ὁπόσων
1554 855 1579 911 ἦ
1600 858 1713 911 λίχνη

216 939 245 973 Β
266 931 351 986 χεὶρ
385 928 540 970 ἐκείνων
571 928 637 969 καὶ
668 926 771 983 πρὸς
799 926 845 968 τὸ
875 924 1068 981 σφάττειν
1097 924 1305 978 ἀπότομος
1327 930 1384 983 τῷ
1402 923 1617 983 μεταβόλῳ
1642 929 1715 979 τῆς
1727 932 1771 966 10

267 995 392 1051 τύχης
420 994 709 1049 μαλασσομένη
737 994 849 1049 παρὰ
870 994 915 1036 τὸ
935 992 1057 1043 δόξαν
1076 995 1213 1050 σφίσιν
1236 994 1426 1050 ἐφείδετο.
1495 997 1594 1035 πᾶσι
1619 992 1662 1034 ‹5'
1687 991 1714 1047 ἦ

269 1072 394 1119 μοῖρα
414 1059 461 1118 ἦν
486 1062 679 1119 ὄλεθρος,
717 1060 900 1116 σώμασι,
937 1059 1164 1117 χρήμασιν,
1196 1060 1355 1113 ὅπλοις,
1380 1063 1539 1112 ἵπποις,
1577 1060 1716 1108 αὐτοῖς

271 1130 486 1186 ἐνδύμασι·
522 1131 568 1173 τὸ
601 1130 677 1185 γὰρ
710 1128 890 1184 ὁμογενὲς
917 1129 974 1183 μὴ
1008 1127 1144 1171 διόλου
1177 1129 1310 1171 Ξ-’πειθέ
1341 1126 1557 1184 σφάττειν,
1595 1128 1642 1170 τὸ
1672 1129 1717 1170 δὲ

271 1204 451 1256 γυμνοῦν
478 1199 550 1241 τὸν
582 1196 734 1240 ἁλόντα
762 1196 817 1246 ὥς
847 1194 1082 1249 ἐνδυμάτων
1110 1201 1231 1239 πᾶσιν
1255 1196 1320 1238 ἐπ’
1355 1197 1445 1251 ἴσης
1471 1192 1532 1250 ἦν.
1603 1197 1716 1245 τέλος

274 1266 506 1324 φευγόντων
533 1273 622 1315 ταῖς
652 1271 851 1320 φορηταῒς
873 1266 1014 1313 οῗκίαις
1035 1265 1263 1317 ἐπιθέμενοι
1285 1269 1367 1306 τῶν
1384 1262 1632 1318 μεγιστάνων
1649 1265 1715 1305 καὶ
1730 1269 1772 1303 15

272 1336 399 1378 αὐτοῦ
421 1351 462 1388 γε
485 1338 557 1375 τοῦ
577 1332 774 1375 δεσπότου
794 1333 920 1374 πολὺν
938 1331 1153 1388 ἕξεφόρουν
1173 1332 1244 1374 τὸν
1264 1336 1438 1373 πλοῦτον
1453 1345 1462 1354 ·
1497 1329 1719 1386 ἐκπώματα

224 1419 252 1451 c
275 1403 351 1459 γὰρ
387 1403 512 1444 ε’κεΐνα
539 1403 604 1442 καὶ
632 1401 778 1442 ἔπιπλα
798 1402 863 1442 καὶ
883 1399 987 1442 ὅπλα
1010 1402 1076 1442 καὶ
1091 1402 1241 1449 ἵππους
1263 1401 1333 1442 καὶ
1346 1401 1566 1454 θεραπείαν
1593 1399 1726 1453 ἄλλην

267 1473 471 1526 χλιδῶσαν
515 1473 673 1526 τρυφῆς
712 1469 909 1519 ἐξεκένουν
921 1501 934 1521 ,
980 1467 1097 1525 μέχρι
1134 1470 1200 1510 καὶ
1238 1467 1372 1510 αὐτῶν
1410 1471 1491 1510 τῶν
1518 1465 1720 1510 ἐπιπόδων

362 1591 396 1626 9.
419 1587 556 1626 ὁπόσον
579 1589 619 1624 Ρ.

273 1690 508 1727 consulendum
530 1690 743 1724 solicitudine
763 1691 862 1724 unice
886 1689 1028 1724 omnium
1049 1700 1159 1725 versa.
1207 1691 1371 1735 putabant
1393 1690 1479 1724 enim
1502 1700 1567 1723 non
1591 1691 1721 1722 trecen-

274 1743 328 1772 tos
351 1741 410 1771 aut
433 1737 533 1781 duplo
555 1736 700 1780 triplove
723 1736 847 1781 plures.
871 1737 931 1770 sed
952 1737 1051 1780 plane
1075 1736 1148 1780 pari
1172 1739 1301 1778 saltem,
1332 1738 1422 1770 sorte
1444 1735 1619 1779 superiore
1640 1734 1722 1778 ipsis

273 1794 410 1817 numero
434 1783 548 1816 hostes
576 1781 704 1815 instare
726 1782 889 1815 victores:
924 1781 1089 1826 quomodo
1113 1782 1198 1816 enim
1221 1782 1283 1815 nisi
1315 1780 1534 1815 multitudinis
1556 1779 1620 1813 sibi
1643 1791 1721 1812 con-

275 1828 341 1863 scii
372 1827 508 1862 maioris
542 1828 645 1860 talem
678 1827 861 1860 exercitum
895 1827 1120 1861 invaderent?
1166 1832 1305 1861 eatenus
1344 1827 1548 1860 sustinuerat
1580 1825 1722 1868 despota

274 1873 355 1908 belli
379 1877 503 1907 sortem
526 1875 724 1917 expectans:
759 1877 840 1905 tunc
862 1873 994 1906 tandem
1017 1873 1206 1916 desperatis
1229 1872 1317 1906 haud
1340 1872 1440 1905 dubie
1461 1872 1582 1910 rebus,
1617 1869 1723 1903 versis

279 1919 357 1964 equi
379 1919 517 1953 habenis
540 1918 574 1951 in
595 1918 708 1961 fugam
731 1929 768 1951 se
791 1929 888 1961 quam
913 1918 1146 1952 effusissimam
1179 1918 1315 1952 avertit.
1362 1917 1437 1950 binc
1458 1916 1523 1949 iam
1546 1915 1722 1949 miserabi-

280 1965 323 1999 lis
345 1965 450 1998 facies
474 1963 594 2008 campi.
642 1963 776 1996 videres
797 1963 844 1996 ibi
867 1963 949 1997 alios
973 1964 1152 2005 cadentes,
1183 1964 1264 1997 alios
1287 1962 1471 2006 fugientes,
1505 1961 1666 2006 quosdam
1686 1973 1724 1994 se

281 2011 442 2045 abdentes
472 2009 562 2042 inter
593 2020 702 2043 ramos
736 2010 964 2049 arbustorum,
994 2011 1130 2053 paratos
1152 2009 1291 2042 tendere
1313 2008 1480 2052 supplices
1502 2018 1636 2047 manus;
1668 2010 1724 2039 tu-

282 2056 388 2089 tiores
411 2055 495 2088 alios
517 2055 664 2088 latebras
688 2054 723 2088 in
747 2054 938 2098 praeruptis
960 2060 1131 2099 petrarum
1154 2054 1286 2088 fissuris
1308 2065 1492 2098 quaerere3
1514 2064 1579 2097 non
1599 2062 1725 2096 paucos

281 2101 316 2135 in
339 2100 536 2134 servitutem
559 2100 668 2143 trahi,
705 2100 824 2144 quibus
846 2100 1003 2133 videlicet
1027 2104 1163 2144 praeter
1185 2111 1277 2144 spem
1309 2103 1487 2143 parcerent
1508 2097 1661 2130 crudeles
1683 2098 1725 2130 li-

285 2150 341 2181 cet
363 2147 440 2179 illae
464 2157 504 2179 ac
525 2145 558 2179 in
584 2146 703 2179 caedes
727 2150 902 2190 promptae
925 2157 1051 2186 manus,
1073 2146 1233 2179 satietate
1253 2144 1441 2185 saeviendi,
1460 2148 1519 2177 aut
1541 2142 1728 2176 emolliente

283 2191 427 2235 quodam
459 2191 679 2225 miserationis
710 2191 871 2224 humanae
901 2202 1000 2225 sensu
1021 2192 1056 2224 in
1079 2196 1147 2224 tam
1178 2191 1289 2224 subita
1313 2190 1540 2224 conversione
1560 2190 1726 2222 fortunae.

285 2238 388 2271 fatale
416 2241 526 2271 autem
549 2237 722 2279 ingruerat
745 2237 879 2270 exitium
904 2236 1033 2270 cunctis
1066 2237 1192 2281 pariter
1221 2238 1342 2276 rebus,
1376 2236 1592 2280 corporibus,
1624 2244 1728 2278 pecu-

284 2283 367 2325 niis,
394 2282 510 2322 armis,
535 2282 651 2326 equis.
677 2283 828 2316 vestibus
849 2282 932 2326 ipsis
955 2283 1166 2322 miserorum,
1190 2283 1310 2326 quibus
1333 2281 1362 2315 si
1385 2282 1471 2315 forte
1493 2279 1728 2314 commendatis

284 2327 511 2361 communione
544 2328 676 2370 generis
716 2328 918 2362 condonaret
948 2328 1051 2362 vitam
1085 2327 1272 2362 misericors
1303 2327 1490 2360 humanitas
1511 2325 1668 2365 victoris,
1707 2335 1729 2358 a

285 2373 466 2417 spoliandis
497 2377 608 2406 tamen
640 2373 754 2407 iisdem
785 2373 866 2407 nihil
896 2373 1070 2407 avaritiam
1102 2380 1232 2417 tempus
1261 2384 1355 2407 suum
1387 2375 1518 2406 nactam
1541 2371 1728 2405 avertebat.

284 2418 399 2463 itaque
430 2418 553 2462 passim
587 2424 818 2462 congestarum
852 2419 952 2453 avida
982 2420 1179 2463 spoliatione
1208 2419 1350 2452 vestium
1380 2417 1493 2462 magni
1524 2419 1559 2449 et
1585 2415 1726 2450 invicem

283 2465 357 2497 fere
390 2474 492 2507 pares
525 2463 704 2508 unicuique
733 2465 895 2499 Italorum
925 2465 1042 2498 acervi
1075 2465 1285 2500 constabant.
1331 2463 1389 2497 hir
1403 2464 1437 2496 in
1461 2473 1578 2506 campo
1608 2460 1727 2505 gestis,

283 2509 456 2553 rapacitas
478 2508 513 2541 in
535 2509 658 2542 stativa
684 2510 835 2544 desolata
857 2511 937 2552 fuga
960 2511 1126 2544 exercitus
1155 2511 1317 2544 incubuit.
1362 2507 1580 2543 tabernacula
1610 2509 1728 2550 porta—-

285 2554 431 2599 tilesque
460 2553 574 2587 domos
602 2554 669 2587 illic
700 2566 858 2599 proceres
891 2556 1031 2590 Romani
1062 2556 1266 2597 militantes,
1298 2555 1503 2599 despotaque
1534 2553 1567 2585 in
1598 2550 1727 2596 primis,

286 2611 347 2645 pro
381 2599 477 2644 copia
511 2599 671 2644 cuiusque
702 2601 890 2643 magnifice
909 2601 1091 2636 instructas
1122 2602 1320 2635 habuerant.
1367 2601 1400 2633 in
1423 2601 1489 2633 has
1509 2599 1729 2643 praedatores

289 2644 376 2679 versi
406 2645 542 2679 multum
574 2644 652 2678 inde
683 2645 873 2679 divitiarum
909 2644 1141 2692 exportarunt.
1186 2647 1308 2692 pocula
1341 2645 1425 2679 enim
1454 2643 1532 2686 illa,
1575 2642 1731 2686 qualibus

287 2690 462 2737 principes>
489 2694 648 2731 utuntur,
679 2691 877 2736 exquisitam
900 2692 1181 2737 suppellectilem,
1214 2703 1334 2732 amia,
1356 2700 1481 2735 equos,
1513 2688 1580 2722 alia
1601 2688 1731 2721 instru-

287 2739 411 2770 menta.
429 2746 511 2770 usus
542 2735 734 2778 familiaris,
763 2740 936 2781 totumque
964 2739 1053 2772 illum
1079 2739 1234 2782 speciose
1254 2738 1428 2770 delicatum
1450 2736 1649 2778 apparatum
1672 2738 1730 2766 su-

287 2782 416 2825 perbae
436 2781 625 2826 regiaeque
639 2780 791 2815 luxuriae
814 2784 1315 2824 converrentes-exhauserunt,
1339 2791 1443 2815 avara
1458 2790 1566 2824 usque
1589 2779 1632 2812 ad
1655 2777 1730 2822 pul-

288 2826 450 2861 visculum
473 2826 669 2871 diligentia,
685 2826 848 2873 siquidem
869 2827 964 2873 ipsos
985 2840 1120 2874 quoque
1143 2830 1276 2863 aculeos
1299 2826 1476 2861 calcarium
1498 2823 1613 2860 scdulo
1636 2822 1731 2857 colli-
