1884 3262
293 185 394 234 706
680 179 1010 225 OBSERVAR
1041 179 1350 225 PACHYMER.

292 296 454 336 Nicaeae
479 291 521 330 in
546 290 753 342 Bithynia,
788 289 858 328 ubi
885 288 1144 342 Pachymeres
1166 289 1249 328 sola
1276 289 1358 327 eius
1379 288 1492 328 initia
1525 287 1740 339 descripsit.

294 349 547 403 quamobrem
563 353 609 385 ut
626 347 774 398 integra
788 345 980 385 habeatur
991 376 1001 395 ,
1031 352 1070 384 et
1085 346 1282 397 perfectus
1300 345 1380 382 eius
1395 346 1636 396 epilogismus
1653 357 1742 382 cer-

293 408 346 446 tis
371 406 450 443 suis
478 403 668 442 limitibus
691 410 775 440 tam
793 403 836 441 in
855 403 1076 454 quantitate
1101 415 1219 453 quam
1233 402 1276 439 in
1297 401 1501 439 duratione
1518 401 1742 449 definiatur,

293 461 509 502 mutandus
530 466 588 498 est
616 459 832 498 secundum
851 460 952 511 leges
971 460 1066 497 artis
1082 459 1159 497 loci
1170 457 1414 501 ‚meridianus
1431 463 1471 495 et
1490 456 1745 495 assumendus

295 517 595 565 occidentalior,
623 517 665 553 in
695 529 772 566 quo
804 522 891 554 tota
921 515 1070 567 eclipsis
1102 514 1238 553 eadem
1263 513 1462 552 observari
1483 514 1656 564 potuerit
1675 526 1746 549 eo-

296 576 460 624 demque
487 573 602 611 ssuxu
630 571 818 622 temporis
848 586 927 623 quo
953 572 1115 609 Nicaeae
1140 572 1219 609 eius
1240 570 1349 608 initia
1366 583 1484 621 supra
1500 568 1746 607 horizontem

293 631 542 670 videbantur.
582 628 638 666 sic
657 628 760 666 enim
775 628 844 666 fiet
862 634 910 666 ut
930 628 1053 679 qualis
1070 628 1185 665 etiam
1204 626 1366 664 Nicaeae
1381 625 1524 676 partim
1547 626 1629 663 visa
1649 638 1745 676 par·-

293 687 365 725 tim
393 687 518 724 latens
551 684 678 736 reipsa
711 684 906 732 extiterit,
937 698 986 722 ex
1010 683 1280 722 observatione
1305 681 1397 721 alibi
1421 682 1542 731 sacta,
1571 681 1640 719 ubi
1658 686 1746 719 tota

294 743 380 782 visa
400 741 538 789 fuerit,
565 747 647 778 tam
667 746 774 778 certo
793 754 911 790 quam
928 741 1038 778 facile
1058 740 1308 790 intelligatur.

409 800 528 836 Sumo
556 797 675 847 igitur
701 797 959 835 meridianum
986 797 1146 846 triginta
1174 795 1376 846 gradibus,
1405 792 1482 832 hoc
1512 797 1570 830 est
1595 791 1746 830 duabus

296 854 433 901 horis,
468 853 636 891 Nicaeno
675 853 1039 901 occidentaliorem,
1076 853 1119 890 in
1148 852 1285 889 eodem
1312 857 1445 889 tamen
1472 848 1655 902 parallelo
1679 860 1748 886 seu

292 910 379 963 pari
409 910 625 948 elevatione
655 909 757 959 poli,
787 909 839 947 ad
865 921 1029 959 eumque
1057 908 1309 947 accommodo
1339 919 1438 958 quae
1458 906 1536 943 iam
1556 918 1675 957 supra
1698 905 1748 941 de

293 967 464 1006 Nicaeno
497 965 602 1015 dixi,
641 964 782 1004 additis
805 965 974 1018 propriis
996 977 1096 1016 quae
1120 965 1172 1003 ad
1198 966 1328 1017 ipsum
1351 962 1595 1014 singulariter
1623 960 1748 1014 perti-

294 1023 459 1062 nebunt.
1217 1022 1256 1059 S.
1370 1019 1416 1058 G.

293 1079 404 1117 locus
427 1088 544 1115 verae
567 1075 709 1127 synodi
1219 1079 1247 1119 9
1364 1078 1415 1116 16
1526 1072 1582 1114 49
1693 1068 1748 1114 55

295 1134 379 1173 eius
395 1132 565 1171 ascensio
586 1137 694 1170 recta
1332 1133 1415 1173 288
1529 1132 1581 1171 16
1721 1129 1748 1167 Ο

293 1250 450 1294 tempus
470 1255 587 1282 verae
607 1241 747 1292 synodi
766 1242 930 1280 Nicaeae
1191 1187 1252 1284 313
1369 1186 1421 1282 I}
1527 1243 1584 1282 22
1686 1237 1750 1283 ,58

296 1301 339 1339 in
360 1299 450 1338 dato
469 1298 686 1337 meridiano
1194 1300 1249 1341 30
1310 1338 1312 1340 .
1391 1300 1413 1338 1
1529 1298 1586 1338 22
1694 1295 1751 1336 58

297 1411 538 1463 respondent
553 1410 595 1448 in
615 1408 844 1460 aequatione
867 1407 986 1449 Grad.
1360 1354 1422 1452 ἑὲ)
1528 1405 1584 1449 44
1696 1407 1751 1447 30

298 1468 441 1519 quibus
469 1466 610 1505 additis
637 1466 688 1503 ad
715 1465 977 1503 ascensionem
1001 1469 1149 1503 rectam

356 1522 506 1575 synodo
523 1534 639 1562 verae
654 1519 947 1571 convenientem
1334 1522 1417 1563 288
1531 1520 1583 1563 16
1721 1518 1751 1560 0

299 1579 347 1618 fit
385 1578 555 1617 ascensio
589 1583 698 1616 recta
731 1577 868 1630 puncti
903 1576 1150 1616 culminantis
1356 1578 1402 1617 G.

355 1635 555 1688 eclipticae
574 1634 616 1672 in
640 1634 733 1672 dato
749 1633 965 1673 meridiano
1334 1635 1415 1675 309
1555 1634 1584 1673 Ο
1696 1630 1751 1671 80

299 1753 338 1811 et
355 1753 547 1811 punctmn
563 1744 778 1811 cuhninans
938 1800 946 1809 ⁸
1198 1691 1250 1788 150
1363 1689 1418 1787 Gi}
1529 1745 1584 1786 86
1723 1744 1752 1784 8

299 1803 761 1909 ἓῗέῑὲῗῇῗέἒὲἶίῗίῗῧ
776 1799 968 1894 iffi?
1358 1803 1417 1898 l?
1527 1800 1585 1898 {s}
1722 1801 1752 1895 3

302 1914 372 1952 dat
390 1914 613 1952 distantiam
631 1912 768 1964 puncti
788 1913 817 1950 C
837 1925 860 1949 a
880 1923 963 1950 ver.
1359 1914 1415 1953 60
1555 1913 1582 1952 8
1722 1911 1751 1950 0

301 1970 465 2020 angulus
486 1970 682 2021 eclipticae
702 1975 742 2007 et
757 1967 963 2007 meridiani
1358 1965 1414 2008 75
1527 1968 1585 2008 27
1722 1966 1750 2006 Ο

302 2025 487 2065 distantia
515 2025 652 2079 puncti
678 2023 926 2063 culminantis
952 2021 1150 2074 eclipticae

359 2094 383 2118 a
404 2094 497 2120 vera
518 2081 669 2133 synodo
1220 2080 1248 2121 0
1362 2080 1415 2121 19
1528 2076 1584 2121 46
1697 2080 1750 2121 13

301 2143 451 2190 puncto
470 2138 708 2176 culminante
728 2134 851 2187 magis
870 2132 1052 2174 orientali
1070 2147 1186 2185 quam
1205 2133 1371 2187 synodo.
1428 2133 1596 2184 ideoque
1615 2139 1662 2174 ut
1678 2148 1752 2173 su-

301 2207 398 2246 pra,
435 2195 587 2245 synodo
618 2193 662 2231 in
691 2191 928 2231 occidentali
955 2195 1069 2243 parte
1095 2189 1321 2241 eclipticae‚
1362 2196 1404 2229 et
1426 2189 1471 2228 in
1499 2190 1748 2230 semicirculo

302 2249 537 2290 ascendente
577 2255 730 2304 puncto
772 2247 1014 2287 culminante
1062 2246 1216 2299 positis.
1272 2245 1379 2287 unde
1424 2247 1614 2299 trianguli
1651 2245 1748 2286 ZNC

301 2310 342 2343 et
362 2304 465 2345 ZNS.
519 2305 731 2360 inquibus

787 2446 875 2489 ang.
928 2432 964 2491 N
991 2381 1053 2479 ἐξ).
1102 2441 1128 2479 Ο
1184 2434 1211 2479 O

790 2507 878 2543 ang.
937 2493 966 2529 C
994 2493 1047 2535 75
1077 2496 1132 2535 27
1187 2496 1215 2534 0

788 2550 891 2588 latus
909 2549 967 2586 (ΞΖ
997 2552 1050 2591 60
1106 2552 1133 2592 3
1187 2549 1215 2591 O

908 2605 966 2642 CS
997 2604 1048 2647 19
1077 2602 1132 2647 46
1164 2602 1215 2647 13

908 2657 967 2698 SZ
994 2663 1049 2702 66
1077 2659 1132 2702 44
1188 2664 1216 2702 Ο
1236 2656 1419 2700 distantia
1432 2661 1548 2700 lunae
1562 2672 1584 2699 a
1600 2659 1748 2700 vertice

901 2714 967 2755 ΝΖ
992 2716 1046 2758 57
1074 2716 1128 2759 40
1185 2720 1214 2758 Ο

545 2819 550 2824 .
904 2772 968 2809 CN
997 2775 1050 2813 23
1079 2772 1134 2815 87
1190 2775 1218 2813 Ο

330 2816 366 2856 Ν
533 2843 563 2883 C
715 2825 741 2863 S
788 2829 874 2878 ang.
938 2826 965 2865 S
994 2826 1049 2871 66
1106 2827 1129 2871 1
1187 2829 1216 2871 0
1242 2825 1523 2881 parallacticus.
