1846 3262
247 199 312 248 42
667 202 905 248 GEORGII
937 204 1290 248 PACHYMERIS

195 324 226 359 C
248 320 486 372 βασιλεῦσιν
516 312 771 374 ἐτράφημεν,
810 320 876 362 καὶ
904 318 1240 376 προσληφθέντες
1265 316 1504 376 ἀνήχθημεν
1523 314 1736 363 παιδευό-’

247 404 361 442 μενοι
390 384 470 429 ὑπὸ
501 390 577 429 τοῦ
608 387 840 442 μακαρίτου
873 389 1075 442 βασιλέως
1109 387 1227 444 ἡμῶν
1254 385 1630 446 ὗφηγεμονεύοντος
1655 393 1714 446 τῷ

247 455 387 511 πατρί.
457 456 526 497 καὶ
556 452 612 505 ὥς
642 460 795 507 πιστῶς
823 454 1093 514 ὑπηρετοῖμεν
1121 459 1422 514 προσκείμενοι,
1471 456 1541 515 ἐφ’
1571 455 1632 507 οἷς
1663 455 1714 499 ἂν

249 525 318 567 καὶ
346 522 625 582 προστάσσοι,
663 523 822 581 ἀγάπην
852 524 972 585 φόβῳ
988 524 1219 583 μιγνύντες,
1258 525 1406 577 πάντες
1425 525 1474 569 ἂν
1497 523 1714 583 μαρτυρή-

248 609 372 636 σοιτε.
444 592 492 636 οὗ
514 593 593 651 γὰρ
620 588 667 648 ἦν
683 592 792 650 ἡμᾶς
812 594 911 638 ἄλλο
937 613 975 638 τι
997 595 1265 652 τρέπεσθαιῆ
1289 600 1592 652 καθυπουργεῒν
1612 592 1754 645 οἶδά-6Ι

248 666 329 712 λως
351 665 409 720 τῷ
429 660 668 719 κυριεύοντι,
707 663 782 706 κᾶν
800 664 904 715 ἴσως
923 664 971 708 τὸ
992 665 1216 719 εὐδοκιμεῖν
1237 664 1312 707 οὐκ
1331 660 1383 720 ἦν
1405 663 1476 721 ἐφ’
1499 661 1560 714 οἷς
1582 680 1713 721 πρου-
1771 718 1776 724 μ

194 736 226 770 D
252 729 529 786 θυμούμεθα·
565 734 701 775 πίστιν
734 734 779 776 δὲ
808 733 911 788 μετὰ
935 736 1197 790 προθυμίας,
1232 733 1308 777 κᾶν
1327 734 1384 789 μὴ
1407 731 1510 791 ἆνύῃ
1529 750 1612 785 τις,
1647 733 1715 774 καὶ

248 798 425 844 δύσνουν
444 804 559 844 νικᾶν
580 801 840 858 εὐδοκίμησιν
861 803 1043 858 οἴδαμεν.
1088 803 1134 846 τὸ
1154 804 1198 846 δὲ
1219 805 1285 846 καὶ
1306 802 1428 857 τιμὰς
1447 807 1586 857 λαβεῖν
1604 799 1717 857 ἡμᾶς

248 871 316 913 καὶ
348 874 430 913 τῶν
463 868 707 926 ἀξιωμάτων
737 872 840 929 παρ’
868 871 890 915 ὃ
917 874 1230 930 προσεδοκῶμεν
1258 872 1310 915 τὰ
1329 872 1498 928 μέγιστα
1521 868 1717 927 βασιλεύ-1

247 956 399 989 σαντος
425 943 500 982 τοῦ
530 937 754 994 δεσπότου,
807 942 958 985 ἐκείνου
986 942 1183 992 θέλοντος
1213 937 1276 996 ἦν.
1346 942 1389 984 τί
1414 940 1490 998 γὰρ
1520 938 1617 996 ἡμῖν
1648 940 1715 982 καὶ
1727 944 1772 978 10

249 1003 300 1063 ἦν
319 1010 375 1058 εἷς
393 1007 439 1051 τὸ
459 1007 707 1064 θαυμαστόν
717 1043 730 1063 ,
770 1009 874 1053 ὥστε
890 1012 956 1054 καὶ
974 1015 1202 1067 τιμηθῆναι
1231 1014 1442 1065 τοσαῦτα;
1478 1008 1591 1064 ὅμως
1622 1006 1716 1051 ε’δό-

252 1095 309 1120 κει
328 1081 385 1136 τῷ
406 1075 665 1132 βασιλεύοντι
679 1112 690 1129 ,
722 1081 789 1122 καὶ
811 1078 927 1135 ἡμεῖς
945 1081 1008 1122 ἐπὶ
1028 1084 1110 1123 τῶν
1131 1078 1374 1135 ἀξιωμάτων
1400 1074 1501 1135 ἦμεν
1512 1111 1525 1131 ,
1563 1077 1611 1120 οὗ
1631 1076 1714 1132 μὴν

251 1147 296 1189 δὲ
329 1145 432 1190 ὥστε
466 1148 532 1190 καὶ
564 1153 836 1204 κακεντρεχῶς
855 1147 1109 1205 ὑπέρχεσθαι
1133 1149 1205 1192 τὸν
1227 1148 1369 1205 καιρὸν
1388 1149 1454 1190 καὶ
1474 1146 1526 1190 τὰ
1547 1148 1588 1197 ἐς
1607 1143 1716 1200 βλά-

128 1223 158 1257 Ρ
182 1221 228 1258 24
250 1220 332 1271 βην
353 1217 433 1259 τισὶ
452 1215 829 1273 πραγματεύεσθαι.
891 1216 997 1262 οἶδεν
1015 1220 1070 1269 εἲς
1088 1222 1212 1261 τοῦτο
1234 1217 1281 1261 τὸ
1305 1216 1500 1273 ἡμέτερον
1518 1213 1715 1264 συνειδός.

249 1284 342 1328 οὔτε
361 1285 437 1342 γὰρ
461 1286 508 1329 τὸ
531 1290 719 1330 τοιοῦτον
741 1281 861 1342 ἧρξεν
881 1285 977 1343 ἡμῖν
995 1292 1071 1342 τῆς
1092 1291 1236 1342 τιμῆς,
1275 1288 1341 1329 καὶ
1372 1286 1419 1329 τὸ
1448 1285 1552 1341 μετὰ
1580 1288 1713 1327 ταῦτα
1727 1287 1770 1324 15

247 1352 459 1411 κρατύνειν
479 1353 608 1405 οὕτως
630 1355 758 1411 αὐτὴν
777 1358 867 1398 λίαν
887 1354 1101 1412 ἡγούμεθα
1118 1360 1201 1399 τῶν
1218 1356 1437 1411 αῗσχίστων
1450 1369 1461 1379 ·
1497 1354 1615 1410 ἀνδρὶ
1635 1353 1727 1410 γὰρ.

247 1422 460 1483 δυναμένῳ
489 1423 592 1480 με’γα
621 1424 723 1481 παρ’
750 1423 939 1480 ἄρχοντι,
973 1428 1007 1469 εἲ
1028 1425 1123 1475 τοὺς
1143 1424 1292 1475 ἄλλους
1312 1424 1510 1479 πτερνίζοι
1527 1420 1716 1477 ὑποβάλ-

248 1497 330 1536 λων
362 1492 415 1536 τὰ
443 1492 501 1548 μὴ
530 1490 796 1549 καθήκοντα,
834 1494 909 1537 οὐκ
940 1494 1048 1538 ἔστιν
1075 1493 1189 1545 ὅστις
1211 1493 1259 1537 οὗ
1285 1495 1451 1543 δικαίως
1472 1491 1522 1536 ἂν
1544 1488 1716 1548 νεμεσή-

249 1578 365 1605 σειεν.
437 1561 543 1604 ἀλλὰ
568 1564 634 1605 καὶ
654 1563 699 1605 τὸ
718 1562 774 1618 μὴ
795 1564 993 1614 θωπείαις
1019 1563 1196 1621 ἀγεννέσι
1220 1565 1287 1605 καὶ
1305 1556 1587 1616 ἀνελευθέροις
1610 1558 1716 1603 ὖπο-

249 1628 459 1687 ποιήσεσιν
473 1628 708 1690 ὑποτρέχειν
728 1632 799 1676 τὸν
819 1632 1024 1691 ἄρχοντα,
1061 1634 1128 1676 καὶ
1150 1632 1253 1691 πρὸς
1273 1630 1448 1682 ἑαυτοὺς
1470 1630 1716 1688 ἐφέλκεσθαι
1725 1638 1773 1673 20

250 1762 413 1798 educatos
447 1774 543 1807 esse,
591 1767 626 1799 et
655 1764 691 1800 in
720 1765 906 1812 palatinum
939 1765 1187 1812 paedagogium
1221 1764 1370 1800 adscitos
1400 1765 1464 1800 sub
1496 1764 1718 1809 imperatore,

252 1821 351 1855 quem
376 1810 475 1845 modo
499 1815 664 1846 mortuum
688 1812 862 1856 lugemus,
895 1814 1086 1848 rudimenta
1110 1811 1249 1857 puerilis
1273 1811 1499 1846 institutionis
1523 1811 1631 1857 prima
1653 1822 1718 1856 po-

252 1857 375 1891 suisse.
420 1856 459 1891 in
493 1858 567 1892 eius
596 1859 760 1903 obsequio
795 1859 858 1893 sub
891 1864 991 1904 patre
1022 1858 1225 1894 dominantis
1257 1858 1488 1899 adolevimus3
1521 1862 1558 1892 et
1591 1868 1662 1901 qua
1683 1854 1717 1890 ei

253 1902 323 1937 fide
354 1902 570 1939 servierimus
601 1904 833 1940 incumbentes
862 1904 990 1951 impetu
1014 1905 1209 1950 affectuque
1231 1909 1306 1939 toto
1330 1904 1365 1938 in
1388 1916 1430 1939 ea
1452 1916 1541 1950 quae
1564 1903 1719 1945 iubebat,

254 1959 400 1983 amorem
435 1961 509 1984 cum
541 1955 632 1985 metu
666 1951 869 1995 miscentes,
903 1952 1023 1987 testari
1056 1950 1202 1996 potestis
1234 1950 1388 1985 universi
1419 1961 1490 1985 vos.
1539 1960 1741 1995 numquam-

255 1993 344 2029 enim
369 1996 426 2030 vel
449 1995 618 2031 tantillum
643 1997 843 2032 defleximus
867 2010 888 2033 a
910 2003 1007 2033 recta
1029 1997 1141 2032 fidelis
1165 1996 1323 2043 obsequii
1343 1995 1417 2039 via,
1439 2008 1505 2031 nec
1526 1995 1617 2030 aliud
1641 1999 1719 2030 stu-

254 2040 387 2075 duimus
412 2052 510 2087 quam
534 2043 608 2077 sine
640 2043 762 2079 fraude
785 2056 827 2079 ac
850 2045 928 2079 fuco
953 2045 1088 2079 sincere
1120 2044 1260 2079 obedire
1292 2042 1445 2086 domino,
1479 2042 1582 2077 etiam
1605 2041 1640 2075 in
1664 2040 1719 2075 his

255 2087 316 2121 ubi
351 2087 464 2131 forte,
498 2089 590 2134 quod
622 2090 736 2123 studio
768 2102 893 2125 summo
926 2091 1151 2132 conabamur,
1187 2089 1230 2125 ad
1263 2090 1364 2124 finem
1387 2089 1437 2123 illi
1463 2087 1620 2134 placendi
1650 2098 1718 2121 non

255 2133 481 2179 pertingeret.
527 2135 577 2170 sic
602 2136 689 2170 enim
713 2137 965 2179 statuebamus‚
1000 2136 1100 2172 fidem
1123 2148 1198 2171 cum
1221 2136 1379 2172 officiosa
1401 2135 1602 2176 voluntate,
1634 2133 1719 2168 licet

253 2191 414 2214 successu
445 2181 666 2224 destitutam,
702 2183 872 2227 praeferri
905 2183 1032 2218 debere
1063 2182 1226 2228 obsequio
1257 2182 1348 2228 quod
1379 2193 1446 2216 non
1477 2180 1634 2215 studiose
1654 2190 1718 2214 nec

253 2226 420 2262 benevolo
445 2227 630 2273 suscipitur
659 2229 809 2272 affectu,
844 2229 925 2264 licet
954 2241 1120 2275 prospere
1144 2241 1184 2263 ac
1209 2239 1282 2262 cum
1307 2228 1441 2273 agentis
1464 2226 1567 2262 laude
1592 2237 1719 2272 perpe-

253 2278 377 2306 tretur.
425 2272 517 2318 quod
541 2279 652 2309 autem
677 2276 821 2310 honores
844 2275 1038 2311 admisimus
1061 2279 1098 2310 et
1119 2274 1306 2320 dignitates
1334 2274 1575 2320 expectatione
1599 2279 1720 2308 nostra

254 2318 424 2362 maiores,
457 2325 562 2365 atque
586 2321 672 2355 adeo
696 2322 873 2366 maximas,
906 2321 1096 2368 imperante
1124 2320 1258 2355 domino
1283 2326 1419 2359 nostro,
1452 2318 1620 2355 voluntati
1643 2317 1719 2352 eius

247 2363 484 2410 ¹imputandum
519 2370 584 2400 est.
633 2367 716 2413 quid
747 2369 834 2402 enim
858 2379 918 2402 nos
943 2368 1072 2413 egimus
1103 2371 1172 2402 tam
1196 2367 1371 2412 egregium
1394 2371 1432 2402 ut
1454 2370 1586 2400 tantum
1610 2365 1720 2400 hono-

254 2411 326 2445 rari
357 2414 587 2447 mereremur?
633 2418 746 2448 tamen
768 2414 819 2449 ita
841 2414 1022 2459 imperanti
1045 2413 1165 2449 visum.
1213 2419 1249 2448 et
1272 2425 1334 2448 nos
1356 2413 1391 2447 in
1402 2411 1637 2458 „dignitatibus
1659 2420 1719 2444 su-

208 2502 212 2505 .
253 2467 328 2491 mus
343 2482 353 2498 ,
388 2469 454 2492 non
481 2462 595 2494 tamen
619 2464 657 2493 ut
680 2464 796 2495 astuta
819 2460 1031 2507 malignitate
1053 2460 1282 2495 immineamus
1303 2458 1539 2494 occasionibus
1562 2455 1720 2498 nocendi,

255 2506 292 2537 et
322 2503 360 2537 in
390 2503 587 2549 cuiusquam
612 2506 768 2541 damnum
799 2510 972 2553 potestate
987 2507 1184 2543 abutamur.
1230 2510 1351 2541 testem
1374 2505 1409 2540 in
1433 2505 1471 2539 id
1494 2505 1612 2539 damus
1635 2514 1719 2536 con-

255 2548 431 2584 scientiam
462 2556 622 2589 nostram.
671 2564 780 2597 neque
803 2553 891 2588 enim
915 2557 975 2587 aut
999 2552 1164 2588 eiusmodi
1186 2551 1367 2587 damnatae
1390 2554 1484 2586 artes
1507 2550 1597 2584 viam
1621 2547 1720 2590 nobis

256 2595 302 2630 ad
334 2596 553 2631 crescendum
586 2597 797 2640 munierunt3
832 2602 891 2634 aut
924 2598 1112 2634 conducere
1141 2603 1298 2645 putamus
1321 2598 1367 2633 ad
1388 2596 1584 2632 firmandam
1620 2594 1720 2629 nobis

256 2642 500 2688 possessionem
531 2643 694 2678 honorum
721 2644 952 2690 turpissimum
982 2645 1076 2680 istud
1106 2656 1213 2690 genus
1236 2644 1392 2680 astutiae.
1442 2641 1567 2678 homini
1590 2641 1720 2687 quippe

257 2689 353 2733 apud
384 2688 569 2734 principem
600 2690 755 2735 potenti,
787 2691 818 2726 si
848 2696 989 2726 conetur
1022 2692 1247 2737 supplantare
1279 2691 1383 2733 elios,
1414 2699 1604 2734 suggerens
1629 2685 1720 2733 quod

257 2734 397 2769 irritare
419 2735 588 2771 adversus
611 2736 770 2772 innoxios
792 2741 990 2782 regnantem
1006 2737 1129 2782 possit,
1151 2750 1249 2772 nemo
1275 2741 1330 2772 est
1352 2736 1413 2782 qui
1437 2747 1504 2770 non
1525 2734 1617 2768 iuste
1639 2744 1720 2778 suc,-

258 2785 402 2815 censeat
425 2784 460 2816 et
478 2781 554 2816 dira
576 2782 794 2828 imprecetur.
831 2783 893 2818 sed
916 2795 1027 2828 neque
1050 2795 1111 2818 nos
1134 2783 1386 2819 adulationibus
1409 2781 1531 2816 vilibus
1554 2783 1590 2814 et
1611 2779 1721 2814 libero

259 2826 411 2871 indignis
434 2826 731 2865 assentatiunculis
754 2828 1017 2864 circumvenisse
1039 2829 1238 2864 facilitatem
1258 2827 1433 2875 principis,
1456 2831 1492 2862 et
1514 2827 1565 2861 ita
1586 2825 1623 2860 in
1646 2824 1722 2859 eius

260 2871 442 2919 irrepsisse
473 2873 619 2919 gratiam
652 2880 690 2912 ut
722 2875 815 2912 fores
848 2875 923 2911 eius
956 2875 1218 2913 benevolentiae
1249 2886 1355 2923 supra
1388 2885 1449 2910 nos
1472 2872 1723 2910 attraheremus
