<?xml version="1.0" encoding="UTF-8"?>
<!DOCTYPE html PUBLIC "-//W3C//DTD XHTML 1.0 Transitional//EN"
    "http://www.w3.org/TR/xhtml1/DTD/xhtml1-transitional.dtd">
<html xmlns="http://www.w3.org/1999/xhtml" xml:lang="en" lang="en">
 <head>
  <title>
</title>
<meta http-equiv="Content-Type" content="text/html;charset=utf-8" />
  <meta name='ocr-system' content='tesseract 3.04.00' />
  <meta name='ocr-capabilities' content='ocr_page ocr_carea ocr_par ocr_line ocrx_word'/>
</head>
<body>
  <div class='ocr_page' id='page_1' title='image "./corpusscriptorum17niebuoft_0110.png"; bbox 0 0 1846 3262; ppageno 0'>
   <div class='ocr_carea' id='block_1_1' title="bbox 152 199 1206 262">
    <p class='ocr_par' dir='ltr' id='par_1_1' title="bbox 152 199 1206 262">
     <span class='ocr_line' id='line_1_1' title="bbox 152 199 1206 262; baseline -0.004 -13"><span class='ocrx_word' id='word_1_1' title='bbox 152 203 227 262; x_wconf 16' lang='lat'><strong>*92</strong></span> <span class='ocrx_word' id='word_1_2' title='bbox 582 199 819 245; x_wconf 88' lang='lat' dir='ltr'>GEORGII</span> <span class='ocrx_word' id='word_1_3' title='bbox 852 200 1206 245; x_wconf 85' lang='lat' dir='ltr'><strong>PACHYMERIS</strong></span> 
     </span>
    </p>
   </div>
   <div class='ocr_carea' id='block_1_2' title="bbox 107 312 1663 648">
    <p class='ocr_par' dir='ltr' id='par_1_2' title="bbox 107 312 1663 648">
     <span class='ocr_line' id='line_1_2' title="bbox 160 312 1636 372; baseline 0 -13"><span class='ocrx_word' id='word_1_4' title='bbox 160 317 235 372; x_wconf 77' lang='grc' dir='ltr'><strong>μὲν</strong></span> <span class='ocrx_word' id='word_1_5' title='bbox 257 314 471 371; x_wconf 73' lang='grc' dir='ltr'><strong><em>ἐκκλησίαν</em></strong></span> <span class='ocrx_word' id='word_1_6' title='bbox 502 313 691 368; x_wconf 81' lang='grc' dir='ltr'><strong><em>ἇνυψοῦν</em></strong></span> <span class='ocrx_word' id='word_1_7' title='bbox 719 312 840 369; x_wconf 78' lang='grc' dir='ltr'><strong><em>ὅσον,</em></strong></span> <span class='ocrx_word' id='word_1_8' title='bbox 878 315 975 366; x_wconf 71' lang='grc' dir='ltr'><strong><em>τοὺς</em></strong></span> <span class='ocrx_word' id='word_1_9' title='bbox 996 314 1040 358; x_wconf 80' lang='lat'><strong>‹5’</strong></span> <span class='ocrx_word' id='word_1_10' title='bbox 1064 314 1306 372; x_wconf 76' lang='grc' dir='ltr'><strong><em>ἷερωμὲνους</em></strong></span> <span class='ocrx_word' id='word_1_11' title='bbox 1322 315 1390 359; x_wconf 77' lang='grc' dir='ltr'><strong><em>καὶ</em></strong></span> <span class='ocrx_word' id='word_1_12' title='bbox 1413 314 1535 359; x_wconf 74' lang='grc' dir='ltr'><strong><em>πλέον</em></strong></span> <span class='ocrx_word' id='word_1_13' title='bbox 1554 319 1636 359; x_wconf 82' lang='grc' dir='ltr'><strong>τοῦ</strong></span> 
     </span>
     <span class='ocr_line' id='line_1_3' title="bbox 159 380 1631 441; baseline -0.001 -13"><span class='ocrx_word' id='word_1_14' title='bbox 159 386 327 440; x_wconf 78' lang='grc' dir='ltr'><strong><em>μετρίου</em></strong></span> <span class='ocrx_word' id='word_1_15' title='bbox 355 387 502 439; x_wconf 83' lang='grc' dir='ltr'><strong><em>τιμᾶν,</em></strong></span> <span class='ocrx_word' id='word_1_16' title='bbox 539 383 671 434; x_wconf 76' lang='grc' dir='ltr'><strong><em>ἀξίαις</em></strong></span> <span class='ocrx_word' id='word_1_17' title='bbox 698 401 741 426; x_wconf 82' lang='grc' dir='ltr'><strong><em>τε</em></strong></span> <span class='ocrx_word' id='word_1_18' title='bbox 769 380 978 441; x_wconf 79' lang='grc' dir='ltr'><strong><em>μεγίσταις</em></strong></span> <span class='ocrx_word' id='word_1_19' title='bbox 999 387 1066 427; x_wconf 85' lang='grc' dir='ltr'><strong><em>καὶ</em></strong></span> <span class='ocrx_word' id='word_1_20' title='bbox 1087 384 1186 434; x_wconf 78' lang='grc' dir='ltr'><strong><em>τοὺς</em></strong></span> <span class='ocrx_word' id='word_1_21' title='bbox 1206 383 1345 435; x_wconf 79' lang='grc' dir='ltr'><em>ἀξίους</em></span> <span class='ocrx_word' id='word_1_22' title='bbox 1365 389 1446 428; x_wconf 84' lang='grc' dir='ltr'><strong>τῶν</strong></span> <span class='ocrx_word' id='word_1_23' title='bbox 1466 387 1507 427; x_wconf 76' lang='grc' dir='ltr'><strong>ἐν</strong></span> <span class='ocrx_word' id='word_1_24' title='bbox 1528 385 1631 428; x_wconf 79' lang='grc' dir='ltr'><strong><em>τέλει</em></strong></span> 
     </span>
     <span class='ocr_line' id='line_1_4' title="bbox 107 450 1631 510; baseline -0.001 -13"><span class='ocrx_word' id='word_1_25' title='bbox 107 468 137 502; x_wconf 88' lang='grc' dir='ltr'><strong>Β</strong></span> <span class='ocrx_word' id='word_1_26' title='bbox 163 450 422 510; x_wconf 79' lang='grc' dir='ltr'><strong><em>προβιβάζειν</em></strong></span> <span class='ocrx_word' id='word_1_27' title='bbox 433 485 446 505; x_wconf 90' lang='grc'>,</span> <span class='ocrx_word' id='word_1_28' title='bbox 483 454 549 494; x_wconf 81' lang='grc' dir='ltr'><strong><em>καὶ</em></strong></span> <span class='ocrx_word' id='word_1_29' title='bbox 570 453 716 510; x_wconf 80' lang='grc' dir='ltr'><strong><em>κρίσεις</em></strong></span> <span class='ocrx_word' id='word_1_30' title='bbox 736 451 1116 510; x_wconf 75' lang='grc' dir='ltr'><strong><em>ῦπεραποδὲχεσθαι</em></strong></span> <span class='ocrx_word' id='word_1_31' title='bbox 1136 453 1316 507; x_wconf 83' lang='grc' dir='ltr'><strong><em>δικαίας,</em></strong></span> <span class='ocrx_word' id='word_1_32' title='bbox 1353 455 1419 496; x_wconf 85' lang='grc' dir='ltr'><strong><em>καὶ</em></strong></span> <span class='ocrx_word' id='word_1_33' title='bbox 1438 454 1536 504; x_wconf 75' lang='grc' dir='ltr'><strong><em>τοὺς</em></strong></span> <span class='ocrx_word' id='word_1_34' title='bbox 1553 453 1631 510; x_wconf 78' lang='grc' dir='ltr'><strong><em>ἆρ-</em></strong></span> 
     </span>
     <span class='ocr_line' id='line_1_5' title="bbox 160 517 1630 580; baseline 0.001 -15"><span class='ocrx_word' id='word_1_35' title='bbox 160 526 292 580; x_wconf 81' lang='grc' dir='ltr'><strong><em>ρεπῶς</em></strong></span> <span class='ocrx_word' id='word_1_36' title='bbox 322 526 560 578; x_wconf 79' lang='grc' dir='ltr'><strong><em>κρινοῦντας</em></strong></span> <span class='ocrx_word' id='word_1_37' title='bbox 591 523 864 577; x_wconf 72' lang='grc' dir='ltr'><strong><em>ἓγκαθιστᾶν,</em></strong></span> <span class='ocrx_word' id='word_1_38' title='bbox 901 517 957 566; x_wconf 79' lang='grc' dir='ltr'><strong>ὧν</strong></span> <span class='ocrx_word' id='word_1_39' title='bbox 987 524 1054 565; x_wconf 84' lang='grc' dir='ltr'><strong><em>καὶ</em></strong></span> <span class='ocrx_word' id='word_1_40' title='bbox 1082 520 1198 576; x_wconf 84' lang='grc' dir='ltr'><strong><em>μάλα</em></strong></span> <span class='ocrx_word' id='word_1_41' title='bbox 1218 524 1286 565; x_wconf 85' lang='grc' dir='ltr'><strong><em>καὶ</em></strong></span> <span class='ocrx_word' id='word_1_42' title='bbox 1305 519 1535 579; x_wconf 81' lang='grc' dir='ltr'><strong><em>πρώτιστον</em></strong></span> <span class='ocrx_word' id='word_1_43' title='bbox 1556 522 1630 566; x_wconf 81' lang='grc' dir='ltr'><strong>τὸν</strong></span> 
     </span>
     <span class='ocr_line' id='line_1_6' title="bbox 159 586 1663 648; baseline 0 -15"><span class='ocrx_word' id='word_1_44' title='bbox 159 590 302 635; x_wconf 82' lang='grc' dir='ltr'><strong><em>Κακόν</em></strong></span> <span class='ocrx_word' id='word_1_45' title='bbox 323 590 499 645; x_wconf 85' lang='grc' dir='ltr'><strong><em>Μιχαὴλ</em></strong></span> <span class='ocrx_word' id='word_1_46' title='bbox 521 592 587 634; x_wconf 83' lang='grc' dir='ltr'><strong><em>καὶ</em></strong></span> <span class='ocrx_word' id='word_1_47' title='bbox 607 594 860 648; x_wconf 76' lang='grc' dir='ltr'><strong><em>Σεναχηρεὶμ</em></strong></span> <span class='ocrx_word' id='word_1_48' title='bbox 881 591 1209 646; x_wconf 77' lang='grc' dir='ltr'><strong><em>ἔπικεκλημένον,</em></strong></span> <span class='ocrx_word' id='word_1_49' title='bbox 1245 586 1288 634; x_wconf 75' lang='grc' dir='ltr'><strong>εὖ</strong></span> <span class='ocrx_word' id='word_1_50' title='bbox 1310 595 1394 634; x_wconf 87' lang='grc' dir='ltr'><strong>τῶν</strong></span> <span class='ocrx_word' id='word_1_51' title='bbox 1414 588 1544 647; x_wconf 78' lang='grc' dir='ltr'><strong><em>λόγων</em></strong></span> <span class='ocrx_word' id='word_1_52' title='bbox 1563 593 1663 637; x_wconf 73' lang='grc' dir='ltr'><strong><em>καὶὸ</em></strong></span> 
     </span>
    </p>
   </div>
   <div class='ocr_carea' id='block_1_3' title="bbox 160 657 1632 719">
    <p class='ocr_par' dir='ltr' id='par_1_3' title="bbox 160 657 1632 719">
     <span class='ocr_line' id='line_1_7' title="bbox 160 657 1632 719; baseline -0.001 -16"><span class='ocrx_word' id='word_1_53' title='bbox 160 663 242 703; x_wconf 82' lang='grc' dir='ltr'><strong>τῶν</strong></span> <span class='ocrx_word' id='word_1_54' title='bbox 278 657 414 714; x_wconf 88' lang='grc' dir='ltr'><strong><em>νόμων</em></strong></span> <span class='ocrx_word' id='word_1_55' title='bbox 442 659 587 715; x_wconf 65' lang='grc' dir='ltr'><strong><em>ἔχοντα</em></strong></span> <span class='ocrx_word' id='word_1_56' title='bbox 600 693 614 712; x_wconf 88' lang='grc'>,</span> <span class='ocrx_word' id='word_1_57' title='bbox 652 661 694 703; x_wconf 76' lang='grc' dir='ltr'><strong>ἔν</strong></span> <span class='ocrx_word' id='word_1_58' title='bbox 718 665 776 719; x_wconf 79' lang='grc' dir='ltr'><strong><em>τῷ</em></strong></span> <span class='ocrx_word' id='word_1_59' title='bbox 800 662 949 704; x_wconf 81' lang='grc' dir='ltr'><strong><em>δοῦναί</em></strong></span> <span class='ocrx_word' id='word_1_60' title='bbox 969 661 1007 703; x_wconf 78' lang='grc' dir='ltr'><strong><em>οἱ</em></strong></span> <span class='ocrx_word' id='word_1_61' title='bbox 1029 662 1095 703; x_wconf 82' lang='grc' dir='ltr'><strong><em>καὶ</em></strong></span> <span class='ocrx_word' id='word_1_62' title='bbox 1120 663 1484 716; x_wconf 84' lang='grc' dir='ltr'><strong><em>πρωτοασηκρῆτις</em></strong></span> <span class='ocrx_word' id='word_1_63' title='bbox 1504 657 1632 702; x_wconf 77' lang='grc' dir='ltr'><strong><em>πάλαι</em></strong></span> 
     </span>
    </p>
   </div>
   <div class='ocr_carea' id='block_1_4' title="bbox 160 722 1632 786">
    <p class='ocr_par' dir='ltr' id='par_1_4' title="bbox 160 722 1632 786">
     <span class='ocr_line' id='line_1_8' title="bbox 160 722 1632 786; baseline 0.001 -15"><span class='ocrx_word' id='word_1_64' title='bbox 160 730 340 782; x_wconf 70' lang='grc' dir='ltr'><strong><em>σβεσθὲν</em></strong></span> <span class='ocrx_word' id='word_1_65' title='bbox 359 728 518 783; x_wconf 81' lang='grc' dir='ltr'><strong><em>ἀξίωμα</em></strong></span> <span class='ocrx_word' id='word_1_66' title='bbox 531 762 545 781; x_wconf 92' lang='grc'>,</span> <span class='ocrx_word' id='word_1_67' title='bbox 584 729 656 771; x_wconf 86' lang='grc' dir='ltr'><strong><em>καί</em></strong></span> <span class='ocrx_word' id='word_1_68' title='bbox 674 729 712 772; x_wconf 80' lang='grc' dir='ltr'><strong><em>οἱ</em></strong></span> <span class='ocrx_word' id='word_1_69' title='bbox 730 730 865 772; x_wconf 77' lang='grc' dir='ltr'><strong><em>θέλειν</em></strong></span> <span class='ocrx_word' id='word_1_70' title='bbox 885 730 1108 785; x_wconf 82' lang='grc' dir='ltr'><strong><em>ἀσηκρῆτις</em></strong></span> <span class='ocrx_word' id='word_1_71' title='bbox 1126 726 1345 782; x_wconf 75' lang='grc' dir='ltr'><strong><em>ὑποτάξαι,</em></strong></span> <span class='ocrx_word' id='word_1_72' title='bbox 1386 728 1456 785; x_wconf 74' lang='grc' dir='ltr'><strong>ἐφ’</strong></span> <span class='ocrx_word' id='word_1_73' title='bbox 1480 722 1513 786; x_wconf 78' lang='grc' dir='ltr'><em>ᾧ</em></span> <span class='ocrx_word' id='word_1_74' title='bbox 1535 728 1632 772; x_wconf 79' lang='grc' dir='ltr'><strong><em>ἀδε-</em></strong></span> 
     </span>
    </p>
   </div>
   <div class='ocr_carea' id='block_1_5' title="bbox 108 795 1689 1547">
    <p class='ocr_par' dir='ltr' id='par_1_5' title="bbox 108 795 1689 1547">
     <span class='ocr_line' id='line_1_9' title="bbox 158 795 1632 855; baseline -0.001 -14"><span class='ocrx_word' id='word_1_75' title='bbox 158 795 322 848; x_wconf 81' lang='grc' dir='ltr'><strong><em>κάστως</em></strong></span> <span class='ocrx_word' id='word_1_76' title='bbox 342 799 410 840; x_wconf 87' lang='grc' dir='ltr'><strong><em>καὶ</em></strong></span> <span class='ocrx_word' id='word_1_77' title='bbox 429 796 701 855; x_wconf 78' lang='grc' dir='ltr'><strong><em>ἀνεριθεύτως</em></strong></span> <span class='ocrx_word' id='word_1_78' title='bbox 722 800 905 855; x_wconf 80' lang='grc' dir='ltr'><strong><em>κρίνοιεν.</em></strong></span> <span class='ocrx_word' id='word_1_79' title='bbox 978 799 1034 841; x_wconf 64' lang='grc' dir='ltr'><strong>ἔτι</strong></span> <span class='ocrx_word' id='word_1_80' title='bbox 1055 816 1098 842; x_wconf 88' lang='grc' dir='ltr'><strong><em>τε</em></strong></span> <span class='ocrx_word' id='word_1_81' title='bbox 1118 796 1236 854; x_wconf 86' lang='grc' dir='ltr'><strong><em>λόγον</em></strong></span> <span class='ocrx_word' id='word_1_82' title='bbox 1257 802 1427 853; x_wconf 82' lang='grc' dir='ltr'><strong><em>τιμῆσαι</em></strong></span> <span class='ocrx_word' id='word_1_83' title='bbox 1448 799 1514 840; x_wconf 83' lang='grc' dir='ltr'><strong><em>καὶ</em></strong></span> <span class='ocrx_word' id='word_1_84' title='bbox 1535 798 1632 847; x_wconf 75' lang='grc' dir='ltr'><strong><em>τοὺς</em></strong></span> 
     </span>
     <span class='ocr_line' id='line_1_10' title="bbox 160 864 1631 926; baseline -0.001 -17"><span class='ocrx_word' id='word_1_85' title='bbox 160 869 202 910; x_wconf 72' lang='grc' dir='ltr'><strong>ἓν</strong></span> <span class='ocrx_word' id='word_1_86' title='bbox 225 864 333 926; x_wconf 78' lang='grc' dir='ltr'><strong><em>λόγῳ</em></strong></span> <span class='ocrx_word' id='word_1_87' title='bbox 359 868 454 923; x_wconf 78' lang='grc' dir='ltr'><strong>περὶΙ</strong></span> <span class='ocrx_word' id='word_1_88' title='bbox 477 868 667 910; x_wconf 78' lang='grc' dir='ltr'><strong><em>πλείστου</em></strong></span> <span class='ocrx_word' id='word_1_89' title='bbox 689 872 773 911; x_wconf 84' lang='grc' dir='ltr'><strong>τῶν</strong></span> <span class='ocrx_word' id='word_1_90' title='bbox 793 867 929 912; x_wconf 75' lang='grc' dir='ltr'><strong><em>ἄλλων</em></strong></span> <span class='ocrx_word' id='word_1_91' title='bbox 947 875 1089 910; x_wconf 88' lang='grc' dir='ltr'><strong><em>ποιεῖν.</em></strong></span> <span class='ocrx_word' id='word_1_92' title='bbox 1158 867 1206 910; x_wconf 87' lang='grc' dir='ltr'><strong><em>τὸ</em></strong></span> <span class='ocrx_word' id='word_1_93' title='bbox 1237 867 1284 909; x_wconf 78' lang='grc' dir='ltr'><strong>δέ</strong></span> <span class='ocrx_word' id='word_1_94' title='bbox 1309 883 1352 923; x_wconf 79' lang='grc' dir='ltr'><strong>γε</strong></span> <span class='ocrx_word' id='word_1_95' title='bbox 1385 882 1631 922; x_wconf 88' lang='grc' dir='ltr'><strong><em>στρατιωτι-</em></strong></span> 
     </span>
     <span class='ocr_line' id='line_1_11' title="bbox 108 934 1689 996; baseline -0.003 -14"><span class='ocrx_word' id='word_1_96' title='bbox 108 946 139 982; x_wconf 86' lang='lat' dir='ltr'>C</span> <span class='ocrx_word' id='word_1_97' title='bbox 162 935 233 979; x_wconf 79' lang='grc' dir='ltr'><strong>κᾶν</strong></span> <span class='ocrx_word' id='word_1_98' title='bbox 251 934 545 993; x_wconf 70' lang='grc' dir='ltr'><strong><em>ὑπεραγαπᾶν,</em></strong></span> <span class='ocrx_word' id='word_1_99' title='bbox 583 938 650 979; x_wconf 81' lang='grc' dir='ltr'><strong><em>καὶ</em></strong></span> <span class='ocrx_word' id='word_1_100' title='bbox 670 936 746 987; x_wconf 82' lang='grc' dir='ltr'><strong><em>τὰς</em></strong></span> <span class='ocrx_word' id='word_1_101' title='bbox 766 937 925 980; x_wconf 75' lang='grc' dir='ltr'><strong><em>ἐκείνων</em></strong></span> <span class='ocrx_word' id='word_1_102' title='bbox 949 937 1168 996; x_wconf 84' lang='grc' dir='ltr'><strong><em>προνοίας,</em></strong></span> <span class='ocrx_word' id='word_1_103' title='bbox 1207 935 1282 978; x_wconf 75' lang='grc' dir='ltr'><strong>κᾶν</strong></span> <span class='ocrx_word' id='word_1_104' title='bbox 1304 937 1346 979; x_wconf 78' lang='grc' dir='ltr'><strong>ἐν</strong></span> <span class='ocrx_word' id='word_1_105' title='bbox 1371 935 1536 994; x_wconf 69' lang='grc' dir='ltr'><strong><em>πολέμῳ</em></strong></span> <span class='ocrx_word' id='word_1_106' title='bbox 1561 935 1628 977; x_wconf 84' lang='grc' dir='ltr'><strong><em>πί-</em></strong></span> <span class='ocrx_word' id='word_1_107' title='bbox 1642 942 1689 978; x_wconf 85' lang='grc'><strong>10</strong></span> 
     </span>
     <span class='ocr_line' id='line_1_12' title="bbox 160 1003 1631 1063; baseline -0.001 -15"><span class='ocrx_word' id='word_1_108' title='bbox 160 1022 298 1048; x_wconf 85' lang='grc' dir='ltr'><strong><em>πτοιεν</em></strong></span> <span class='ocrx_word' id='word_1_109' title='bbox 326 1005 400 1049; x_wconf 77' lang='grc' dir='ltr'><strong>κᾶν</strong></span> <span class='ocrx_word' id='word_1_110' title='bbox 428 1003 755 1060; x_wconf 60' lang='grc' dir='ltr'><strong><em>ἀποθνήσκομεν,</em></strong></span> <span class='ocrx_word' id='word_1_111' title='bbox 784 1006 946 1063; x_wconf 75' lang='grc' dir='ltr'><strong><em>γονικὰς</em></strong></span> <span class='ocrx_word' id='word_1_112' title='bbox 977 1007 1240 1062; x_wconf 71' lang='grc' dir='ltr'><strong><em>ἐγκαθηστᾶν</em></strong></span> <span class='ocrx_word' id='word_1_113' title='bbox 1269 1011 1356 1054; x_wconf 89' lang='grc' dir='ltr'><strong><em>τοῖς</em></strong></span> <span class='ocrx_word' id='word_1_114' title='bbox 1378 1005 1517 1058; x_wconf 84' lang='grc' dir='ltr'><strong><em>παισί,</em></strong></span> <span class='ocrx_word' id='word_1_115' title='bbox 1555 1003 1631 1047; x_wconf 77' lang='grc' dir='ltr'><strong>κόίν</strong></span> 
     </span>
     <span class='ocr_line' id='line_1_13' title="bbox 160 1071 1631 1132; baseline -0.001 -15"><span class='ocrx_word' id='word_1_116' title='bbox 160 1091 267 1118; x_wconf 85' lang='grc' dir='ltr'><strong><em>τισιν</em></strong></span> <span class='ocrx_word' id='word_1_117' title='bbox 299 1075 342 1117; x_wconf 79' lang='grc' dir='ltr'><strong><em>αἱ</em></strong></span> <span class='ocrx_word' id='word_1_118' title='bbox 368 1082 553 1131; x_wconf 79' lang='grc' dir='ltr'><strong><em>γυναῖκες</em></strong></span> <span class='ocrx_word' id='word_1_119' title='bbox 584 1074 689 1118; x_wconf 80' lang='grc' dir='ltr'><strong><em>κατὰ</em></strong></span> <span class='ocrx_word' id='word_1_120' title='bbox 717 1075 896 1132; x_wconf 79' lang='grc' dir='ltr'><strong><em>γαστρὸς</em></strong></span> <span class='ocrx_word' id='word_1_121' title='bbox 916 1075 1040 1130; x_wconf 67' lang='grc' dir='ltr'><strong><em>ἔχοιεν</em></strong></span> <span class='ocrx_word' id='word_1_122' title='bbox 1059 1074 1107 1118; x_wconf 86' lang='grc' dir='ltr'><strong><em>τὸ</em></strong></span> <span class='ocrx_word' id='word_1_123' title='bbox 1127 1071 1474 1131; x_wconf 82' lang='grc' dir='ltr'><strong><em>κυοφορούμενον.</em></strong></span> <span class='ocrx_word' id='word_1_124' title='bbox 1546 1075 1631 1116; x_wconf 71' lang='grc' dir='ltr'><strong><em>εἴσ-</em></strong></span> 
     </span>
     <span class='ocr_line' id='line_1_14' title="bbox 162 1140 1631 1200; baseline -0.002 -14"><span class='ocrx_word' id='word_1_125' title='bbox 162 1141 349 1200; x_wconf 80' lang='grc' dir='ltr'><strong><em>πράξεων</em></strong></span> <span class='ocrx_word' id='word_1_126' title='bbox 378 1143 421 1187; x_wconf 78' lang='grc' dir='ltr'><strong>δ’</strong></span> <span class='ocrx_word' id='word_1_127' title='bbox 457 1143 608 1187; x_wconf 81' lang='grc' dir='ltr'><strong><em>ἀδίκων</em></strong></span> <span class='ocrx_word' id='word_1_128' title='bbox 633 1144 737 1200; x_wconf 73' lang='grc' dir='ltr'><strong><em>μηδ’</em></strong></span> <span class='ocrx_word' id='word_1_129' title='bbox 759 1143 890 1198; x_wconf 72' lang='grc' dir='ltr'><strong><em>ὄνομα</em></strong></span> <span class='ocrx_word' id='word_1_130' title='bbox 912 1142 1031 1197; x_wconf 78' lang='grc' dir='ltr'><strong><em>εἶναι,</em></strong></span> <span class='ocrx_word' id='word_1_131' title='bbox 1067 1144 1172 1199; x_wconf 74' lang='grc' dir='ltr'><strong><em>μηδὲ</em></strong></span> <span class='ocrx_word' id='word_1_132' title='bbox 1190 1141 1331 1200; x_wconf 83' lang='grc' dir='ltr'><strong><em>χώραν</em></strong></span> <span class='ocrx_word' id='word_1_133' title='bbox 1353 1140 1512 1185; x_wconf 77' lang='grc' dir='ltr'><strong><em>διδόναι</em></strong></span> <span class='ocrx_word' id='word_1_134' title='bbox 1538 1144 1631 1184; x_wconf 72' lang='grc' dir='ltr'><strong><em>δια-</em></strong></span> 
     </span>
     <span class='ocr_line' id='line_1_15' title="bbox 161 1211 1631 1270; baseline 0 -16"><span class='ocrx_word' id='word_1_135' title='bbox 161 1216 329 1267; x_wconf 82' lang='grc' dir='ltr'><strong><em>βολαῖς,</em></strong></span> <span class='ocrx_word' id='word_1_136' title='bbox 367 1212 592 1270; x_wconf 76' lang='grc' dir='ltr'><strong><em>ἀργοῦντος</em></strong></span> <span class='ocrx_word' id='word_1_137' title='bbox 618 1214 691 1268; x_wconf 76' lang='grc' dir='ltr'><strong>μὲν</strong></span> <span class='ocrx_word' id='word_1_138' title='bbox 713 1218 788 1256; x_wconf 89' lang='grc' dir='ltr'><strong>τοῦ</strong></span> <span class='ocrx_word' id='word_1_139' title='bbox 813 1214 876 1255; x_wconf 76' lang='grc' dir='ltr'><strong><em>ἐπὶ</em></strong></span> <span class='ocrx_word' id='word_1_140' title='bbox 904 1211 1075 1263; x_wconf 79' lang='grc' dir='ltr'><strong><em>ταύταις</em></strong></span> <span class='ocrx_word' id='word_1_141' title='bbox 1095 1213 1375 1267; x_wconf 85' lang='grc' dir='ltr'><strong><em>μονομαχίου,</em></strong></span> <span class='ocrx_word' id='word_1_142' title='bbox 1406 1211 1631 1267; x_wconf 80' lang='grc' dir='ltr'><strong><em>ἆργοῦντος</em></strong></span> 
     </span>
     <span class='ocr_line' id='line_1_16' title="bbox 164 1279 1686 1339; baseline -0.002 -15"><span class='ocrx_word' id='word_1_143' title='bbox 164 1282 208 1324; x_wconf 76' lang='grc' dir='ltr'><strong>δὲ</strong></span> <span class='ocrx_word' id='word_1_144' title='bbox 233 1283 301 1324; x_wconf 84' lang='grc' dir='ltr'><strong><em>καὶ</em></strong></span> <span class='ocrx_word' id='word_1_145' title='bbox 322 1286 395 1324; x_wconf 86' lang='grc' dir='ltr'><strong>τοῦ</strong></span> <span class='ocrx_word' id='word_1_146' title='bbox 422 1280 617 1339; x_wconf 77' lang='grc' dir='ltr'><strong><em>σιδήρου,</em></strong></span> <span class='ocrx_word' id='word_1_147' title='bbox 652 1280 707 1332; x_wconf 81' lang='grc' dir='ltr'><strong>ὥς</strong></span> <span class='ocrx_word' id='word_1_148' title='bbox 727 1282 1008 1339; x_wconf 77' lang='grc' dir='ltr'><strong><em>ἐπηρτημένου</em></strong></span> <span class='ocrx_word' id='word_1_149' title='bbox 1036 1283 1102 1324; x_wconf 81' lang='grc' dir='ltr'><strong><em>καὶ</em></strong></span> <span class='ocrx_word' id='word_1_150' title='bbox 1132 1279 1319 1324; x_wconf 76' lang='grc' dir='ltr'><strong><em>κινδύνου</em></strong></span> <span class='ocrx_word' id='word_1_151' title='bbox 1338 1282 1556 1337; x_wconf 82' lang='grc' dir='ltr'><strong><em>μεγίστου,</em></strong></span> <span class='ocrx_word' id='word_1_152' title='bbox 1593 1279 1686 1322; x_wconf 79' lang='grc' dir='ltr'><strong><em>εἶ’15</em></strong></span> 
     </span>
     <span class='ocr_line' id='line_1_17' title="bbox 162 1347 1631 1408; baseline -0.001 -16"><span class='ocrx_word' id='word_1_153' title='bbox 162 1367 224 1400; x_wconf 87' lang='grc' dir='ltr'><strong>τις</strong></span> <span class='ocrx_word' id='word_1_154' title='bbox 241 1348 407 1408; x_wconf 75' lang='grc' dir='ltr'><strong><em>τολμῴη</em></strong></span> <span class='ocrx_word' id='word_1_155' title='bbox 429 1355 511 1394; x_wconf 87' lang='grc' dir='ltr'><strong>τῶν</strong></span> <span class='ocrx_word' id='word_1_156' title='bbox 532 1352 767 1404; x_wconf 76' lang='grc' dir='ltr'><strong><em>δυναμένων</em></strong></span> <span class='ocrx_word' id='word_1_157' title='bbox 789 1352 856 1393; x_wconf 86' lang='grc' dir='ltr'><strong><em>καὶ</em></strong></span> <span class='ocrx_word' id='word_1_158' title='bbox 883 1350 924 1394; x_wconf 77' lang='grc' dir='ltr'><strong>ἔν</strong></span> <span class='ocrx_word' id='word_1_159' title='bbox 943 1350 1087 1407; x_wconf 78' lang='grc' dir='ltr'><strong><em>ἀρχαῖς</em></strong></span> <span class='ocrx_word' id='word_1_160' title='bbox 1105 1348 1262 1405; x_wconf 69' lang='grc' dir='ltr'><strong><em>ὑπέχειν</em></strong></span> <span class='ocrx_word' id='word_1_161' title='bbox 1286 1350 1357 1393; x_wconf 84' lang='grc' dir='ltr'><strong>τὸν</strong></span> <span class='ocrx_word' id='word_1_162' title='bbox 1374 1347 1533 1406; x_wconf 72' lang='grc' dir='ltr'><strong><em>μύδρον</em></strong></span> <span class='ocrx_word' id='word_1_163' title='bbox 1555 1366 1631 1391; x_wconf 86' lang='grc' dir='ltr'><strong><em>κα-</em></strong></span> 
     </span>
     <span class='ocr_line' id='line_1_18' title="bbox 108 1415 1630 1476; baseline -0.001 -15"><span class='ocrx_word' id='word_1_164' title='bbox 108 1430 141 1466; x_wconf 88' lang='lat' dir='ltr'>D</span> <span class='ocrx_word' id='word_1_165' title='bbox 166 1417 437 1475; x_wconf 79' lang='grc' dir='ltr'><strong><em>ταναγκάζειν.</em></strong></span> <span class='ocrx_word' id='word_1_166' title='bbox 509 1419 560 1462; x_wconf 75' lang='grc' dir='ltr'><strong><em>τὰ</em></strong></span> <span class='ocrx_word' id='word_1_167' title='bbox 582 1421 627 1462; x_wconf 77' lang='grc' dir='ltr'><strong>δὲ</strong></span> <span class='ocrx_word' id='word_1_168' title='bbox 646 1424 719 1475; x_wconf 79' lang='grc' dir='ltr'><strong><em>τῆς</em></strong></span> <span class='ocrx_word' id='word_1_169' title='bbox 738 1420 941 1470; x_wconf 79' lang='grc' dir='ltr'><strong><em>πολιτείας</em></strong></span> <span class='ocrx_word' id='word_1_170' title='bbox 963 1419 1094 1469; x_wconf 72' lang='grc' dir='ltr'><strong><em>οὕτως</em></strong></span> <span class='ocrx_word' id='word_1_171' title='bbox 1126 1416 1298 1476; x_wconf 80' lang='grc' dir='ltr'><strong><em>ἀφόβως</em></strong></span> <span class='ocrx_word' id='word_1_172' title='bbox 1318 1420 1359 1461; x_wconf 74' lang='grc' dir='ltr'><strong>ἐν</strong></span> <span class='ocrx_word' id='word_1_173' title='bbox 1379 1415 1516 1475; x_wconf 73' lang='grc' dir='ltr'><strong><em>εἰρήνῃ</em></strong></span> <span class='ocrx_word' id='word_1_174' title='bbox 1537 1419 1630 1460; x_wconf 75' lang='grc' dir='ltr'><strong><em>δια-</em></strong></span> 
     </span>
     <span class='ocr_line' id='line_1_19' title="bbox 162 1483 1631 1547; baseline -0.001 -17"><span class='ocrx_word' id='word_1_175' title='bbox 162 1483 402 1546; x_wconf 73' lang='grc' dir='ltr'><strong><em>τηρεῖσθαι,</em></strong></span> <span class='ocrx_word' id='word_1_176' title='bbox 433 1487 536 1532; x_wconf 81' lang='grc' dir='ltr'><strong><em>ὥστε</em></strong></span> <span class='ocrx_word' id='word_1_177' title='bbox 556 1490 623 1532; x_wconf 82' lang='grc' dir='ltr'><strong><em>καὶ</em></strong></span> <span class='ocrx_word' id='word_1_178' title='bbox 644 1489 742 1540; x_wconf 73' lang='grc' dir='ltr'><strong><em>τοὺς</em></strong></span> <span class='ocrx_word' id='word_1_179' title='bbox 762 1489 1020 1547; x_wconf 82' lang='grc' dir='ltr'><strong><em>ἀποροῦντας</em></strong></span> <span class='ocrx_word' id='word_1_180' title='bbox 1041 1490 1107 1532; x_wconf 80' lang='grc' dir='ltr'><strong><em>καὶ</em></strong></span> <span class='ocrx_word' id='word_1_181' title='bbox 1129 1489 1277 1538; x_wconf 80' lang='grc' dir='ltr'><strong><em>ἱκανῶς</em></strong></span> <span class='ocrx_word' id='word_1_182' title='bbox 1299 1491 1373 1544; x_wconf 81' lang='grc' dir='ltr'><strong><em>τῆς</em></strong></span> <span class='ocrx_word' id='word_1_183' title='bbox 1396 1484 1631 1545; x_wconf 77' lang='grc' dir='ltr'><strong><em>περιουσίας</em></strong></span> 
     </span>
    </p>
   </div>
   <div class='ocr_carea' id='block_1_6' title="bbox 254 1582 493 1632">
    <p class='ocr_par' dir='ltr' id='par_1_6' title="bbox 254 1582 493 1632">
     <span class='ocr_line' id='line_1_20' title="bbox 254 1582 493 1632; baseline 0 -12"><span class='ocrx_word' id='word_1_184' title='bbox 254 1587 287 1620; x_wconf 92' lang='grc'><strong>6.</strong></span> <span class='ocrx_word' id='word_1_185' title='bbox 311 1584 396 1632; x_wconf 76' lang='grc' dir='ltr'><strong><em>καὶ]</em></strong></span> <span class='ocrx_word' id='word_1_186' title='bbox 417 1582 462 1622; x_wconf 79' lang='grc' dir='ltr'>τὸ</span> <span class='ocrx_word' id='word_1_187' title='bbox 474 1585 493 1620; x_wconf 83' lang='lat'><strong><em>?</em></strong></span> 
     </span>
    </p>
   </div>
   <div class='ocr_carea' id='block_1_7' title="bbox 162 1664 1631 2914">
    <p class='ocr_par' dir='ltr' id='par_1_7' title="bbox 162 1664 1631 2914">
     <span class='ocr_line' id='line_1_21' title="bbox 162 1664 1630 1711; baseline -0.001 -11"><span class='ocrx_word' id='word_1_188' title='bbox 162 1670 299 1701; x_wconf 87' lang='lat' dir='ltr'><strong>raretur</strong></span> <span class='ocrx_word' id='word_1_189' title='bbox 328 1665 535 1711; x_wconf 83' lang='lat' dir='ltr'><strong>imperator,</strong></span> <span class='ocrx_word' id='word_1_190' title='bbox 568 1666 780 1702; x_wconf 88' lang='lat' dir='ltr'><strong>laudatarum</strong></span> <span class='ocrx_word' id='word_1_191' title='bbox 804 1668 841 1701; x_wconf 90' lang='lat' dir='ltr'><strong>et</strong></span> <span class='ocrx_word' id='word_1_192' title='bbox 864 1666 994 1701; x_wconf 83' lang='lat' dir='ltr'><strong>cunctis</strong></span> <span class='ocrx_word' id='word_1_193' title='bbox 1026 1664 1252 1711; x_wconf 76' lang='lat' dir='ltr'>expetiturum</span> <span class='ocrx_word' id='word_1_194' title='bbox 1278 1675 1403 1698; x_wconf 89' lang='lat' dir='ltr'><strong>rerum.</strong></span> <span class='ocrx_word' id='word_1_195' title='bbox 1451 1664 1630 1699; x_wconf 83' lang='lat' dir='ltr'><strong>ecclesiam</strong></span> 
     </span>
     <span class='ocr_line' id='line_1_22' title="bbox 164 1710 1629 1758; baseline -0.001 -13"><span class='ocrx_word' id='word_1_196' title='bbox 164 1712 300 1757; x_wconf 91' lang='lat' dir='ltr'><strong>quidem</strong></span> <span class='ocrx_word' id='word_1_197' title='bbox 326 1713 459 1747; x_wconf 68' lang='lat' dir='ltr'><strong>sese¹in</strong></span> <span class='ocrx_word' id='word_1_198' title='bbox 487 1714 680 1748; x_wconf 88' lang='lat' dir='ltr'><strong>altissimum</strong></span> <span class='ocrx_word' id='word_1_199' title='bbox 703 1713 878 1758; x_wconf 74' lang='lat' dir='ltr'>fastigium</span> <span class='ocrx_word' id='word_1_200' title='bbox 901 1718 1108 1754; x_wconf 81' lang='lat' dir='ltr'>evecturum,</span> <span class='ocrx_word' id='word_1_201' title='bbox 1131 1722 1247 1746; x_wconf 87' lang='lat' dir='ltr'><strong>sacros</strong></span> <span class='ocrx_word' id='word_1_202' title='bbox 1269 1722 1351 1746; x_wconf 88' lang='lat' dir='ltr'><strong>vero</strong></span> <span class='ocrx_word' id='word_1_203' title='bbox 1375 1710 1544 1744; x_wconf 89' lang='lat' dir='ltr'><strong>ministros</strong></span> <span class='ocrx_word' id='word_1_204' title='bbox 1566 1711 1629 1744; x_wconf 88' lang='lat' dir='ltr'><strong>ho-</strong></span> 
     </span>
     <span class='ocr_line' id='line_1_23' title="bbox 166 1756 1631 1805; baseline -0.001 -13"><span class='ocrx_word' id='word_1_205' title='bbox 166 1762 366 1795; x_wconf 87' lang='lat' dir='ltr'><strong>noraturum</strong></span> <span class='ocrx_word' id='word_1_206' title='bbox 402 1760 673 1805; x_wconf 77' lang='lat' dir='ltr'><strong>exquisitissime.</strong></span> <span class='ocrx_word' id='word_1_207' title='bbox 718 1763 899 1804; x_wconf 87' lang='lat' dir='ltr'><strong>praeterea</strong></span> <span class='ocrx_word' id='word_1_208' title='bbox 920 1759 1140 1803; x_wconf 78' lang='lat' dir='ltr'><strong>magistratus</strong></span> <span class='ocrx_word' id='word_1_209' title='bbox 1163 1762 1199 1792; x_wconf 91' lang='lat' dir='ltr'><strong>et</strong></span> <span class='ocrx_word' id='word_1_210' title='bbox 1222 1758 1454 1803; x_wconf 80' lang='lat' dir='ltr'><strong>praefecturas</strong></span> <span class='ocrx_word' id='word_1_211' title='bbox 1477 1768 1542 1791; x_wconf 91' lang='lat' dir='ltr'><strong>non</strong></span> <span class='ocrx_word' id='word_1_212' title='bbox 1564 1756 1631 1791; x_wconf 88' lang='lat' dir='ltr'><strong>nisi</strong></span> 
     </span>
     <span class='ocr_line' id='line_1_24' title="bbox 166 1804 1630 1851; baseline 0 -15"><span class='ocrx_word' id='word_1_213' title='bbox 166 1804 277 1848; x_wconf 86' lang='lat' dir='ltr'><strong>dignis</strong></span> <span class='ocrx_word' id='word_1_214' title='bbox 301 1817 343 1839; x_wconf 87' lang='lat' dir='ltr'><strong>ex</strong></span> <span class='ocrx_word' id='word_1_215' title='bbox 375 1806 480 1851; x_wconf 89' lang='lat' dir='ltr'><strong>primo</strong></span> <span class='ocrx_word' id='word_1_216' title='bbox 514 1806 634 1840; x_wconf 87' lang='lat' dir='ltr'><strong>ordine</strong></span> <span class='ocrx_word' id='word_1_217' title='bbox 664 1806 880 1840; x_wconf 88' lang='lat' dir='ltr'><strong>tributurum.</strong></span> <span class='ocrx_word' id='word_1_218' title='bbox 924 1805 1121 1839; x_wconf 90' lang='lat' dir='ltr'><strong>iudiciorum</strong></span> <span class='ocrx_word' id='word_1_219' title='bbox 1152 1815 1266 1838; x_wconf 87' lang='lat' dir='ltr'><strong>curam</strong></span> <span class='ocrx_word' id='word_1_220' title='bbox 1300 1808 1554 1848; x_wconf 89' lang='lat' dir='ltr'><strong>suscepturum,</strong></span> <span class='ocrx_word' id='word_1_221' title='bbox 1590 1805 1630 1837; x_wconf 86' lang='lat' dir='ltr'><strong>ut</strong></span> 
     </span>
     <span class='ocr_line' id='line_1_25' title="bbox 162 1849 1629 1898; baseline 0.001 -15"><span class='ocrx_word' id='word_1_222' title='bbox 162 1849 255 1884; x_wconf 87' lang='lat' dir='ltr'><strong>iuste</strong></span> <span class='ocrx_word' id='word_1_223' title='bbox 278 1863 318 1885; x_wconf 89' lang='lat' dir='ltr'><strong>ac</strong></span> <span class='ocrx_word' id='word_1_224' title='bbox 340 1851 412 1886; x_wconf 89' lang='lat' dir='ltr'><strong>siue</strong></span> <span class='ocrx_word' id='word_1_225' title='bbox 435 1852 597 1887; x_wconf 89' lang='lat' dir='ltr'><strong>calumnia</strong></span> <span class='ocrx_word' id='word_1_226' title='bbox 620 1853 760 1894; x_wconf 87' lang='lat' dir='ltr'><strong>fierent,</strong></span> <span class='ocrx_word' id='word_1_227' title='bbox 784 1851 954 1898; x_wconf 79' lang='lat' dir='ltr'><strong>aequique</strong></span> <span class='ocrx_word' id='word_1_228' title='bbox 975 1856 1113 1885; x_wconf 85' lang='lat' dir='ltr'><strong>tenaces</strong></span> <span class='ocrx_word' id='word_1_229' title='bbox 1137 1856 1172 1884; x_wconf 86' lang='lat' dir='ltr'><strong>et</strong></span> <span class='ocrx_word' id='word_1_230' title='bbox 1193 1849 1396 1884; x_wconf 87' lang='lat' dir='ltr'><strong>inflexibiles</strong></span> <span class='ocrx_word' id='word_1_231' title='bbox 1419 1850 1462 1883; x_wconf 89' lang='lat' dir='ltr'><strong>ad</strong></span> <span class='ocrx_word' id='word_1_232' title='bbox 1485 1850 1629 1894; x_wconf 80' lang='lat' dir='ltr'><strong>gratiam</strong></span> 
     </span>
     <span class='ocr_line' id='line_1_26' title="bbox 166 1895 1629 1944; baseline -0.001 -15"><span class='ocrx_word' id='word_1_233' title='bbox 166 1896 200 1930; x_wconf 89' lang='lat' dir='ltr'><strong>ei</strong></span> <span class='ocrx_word' id='word_1_234' title='bbox 221 1896 275 1930; x_wconf 91' lang='lat' dir='ltr'><strong>rei</strong></span> <span class='ocrx_word' id='word_1_235' title='bbox 297 1896 389 1932; x_wconf 88' lang='lat' dir='ltr'><strong>viros</strong></span> <span class='ocrx_word' id='word_1_236' title='bbox 411 1899 674 1944; x_wconf 84' lang='lat' dir='ltr'><strong>praefecturum.</strong></span> <span class='ocrx_word' id='word_1_237' title='bbox 722 1898 815 1933; x_wconf 91' lang='lat' dir='ltr'><strong>cuius</strong></span> <span class='ocrx_word' id='word_1_238' title='bbox 845 1898 897 1932; x_wconf 92' lang='lat' dir='ltr'><strong>rei</strong></span> <span class='ocrx_word' id='word_1_239' title='bbox 928 1897 996 1932; x_wconf 88' lang='lat' dir='ltr'><strong>iam</strong></span> <span class='ocrx_word' id='word_1_240' title='bbox 1020 1908 1109 1931; x_wconf 90' lang='lat' dir='ltr'><strong>nunc</strong></span> <span class='ocrx_word' id='word_1_241' title='bbox 1132 1897 1304 1942; x_wconf 79' lang='lat' dir='ltr'><strong>specimen</strong></span> <span class='ocrx_word' id='word_1_242' title='bbox 1327 1900 1364 1930; x_wconf 91' lang='lat' dir='ltr'><strong>et</strong></span> <span class='ocrx_word' id='word_1_243' title='bbox 1386 1895 1482 1940; x_wconf 84' lang='lat' dir='ltr'><strong>quasi</strong></span> <span class='ocrx_word' id='word_1_244' title='bbox 1504 1895 1629 1941; x_wconf 86' lang='lat' dir='ltr'><strong>pignus</strong></span> 
     </span>
     <span class='ocr_line' id='line_1_27' title="bbox 166 1941 1629 1989; baseline 0.001 -14"><span class='ocrx_word' id='word_1_245' title='bbox 166 1942 262 1976; x_wconf 81' lang='lat' dir='ltr'><strong>dedit</strong></span> <span class='ocrx_word' id='word_1_246' title='bbox 294 1943 327 1976; x_wconf 90' lang='lat' dir='ltr'><strong>in</strong></span> <span class='ocrx_word' id='word_1_247' title='bbox 359 1944 503 1989; x_wconf 91' lang='lat' dir='ltr'><strong>quodam</strong></span> <span class='ocrx_word' id='word_1_248' title='bbox 536 1945 709 1979; x_wconf 87' lang='lat' dir='ltr'><strong>notissimo</strong></span> <span class='ocrx_word' id='word_1_249' title='bbox 743 1949 825 1979; x_wconf 90' lang='lat' dir='ltr'><strong>tunc</strong></span> <span class='ocrx_word' id='word_1_250' title='bbox 849 1947 884 1979; x_wconf 91' lang='lat' dir='ltr'><strong>et</strong></span> <span class='ocrx_word' id='word_1_251' title='bbox 905 1944 1051 1978; x_wconf 88' lang='lat' dir='ltr'><strong>omnium</strong></span> <span class='ocrx_word' id='word_1_252' title='bbox 1081 1942 1187 1988; x_wconf 89' lang='lat' dir='ltr'><strong>primo</strong></span> <span class='ocrx_word' id='word_1_253' title='bbox 1217 1942 1350 1984; x_wconf 88' lang='lat' dir='ltr'><strong>iudice,</strong></span> <span class='ocrx_word' id='word_1_254' title='bbox 1383 1941 1545 1987; x_wconf 89' lang='lat' dir='ltr'><strong>perdocto</strong></span> <span class='ocrx_word' id='word_1_255' title='bbox 1569 1941 1629 1976; x_wconf 91' lang='lat' dir='ltr'><strong>illo</strong></span> 
     </span>
     <span class='ocr_line' id='line_1_28' title="bbox 166 1987 1628 2033; baseline -0.001 -12"><span class='ocrx_word' id='word_1_256' title='bbox 166 1988 303 2032; x_wconf 89' lang='lat' dir='ltr'><strong>quidem</strong></span> <span class='ocrx_word' id='word_1_257' title='bbox 333 1995 367 2023; x_wconf 87' lang='lat' dir='ltr'><strong>et</strong></span> <span class='ocrx_word' id='word_1_258' title='bbox 399 1990 641 2025; x_wconf 88' lang='lat' dir='ltr'><strong>consultissimo</strong></span> <span class='ocrx_word' id='word_1_259' title='bbox 670 1991 773 2033; x_wconf 88' lang='lat' dir='ltr'><strong>iuris,</strong></span> <span class='ocrx_word' id='word_1_260' title='bbox 808 1991 869 2025; x_wconf 91' lang='lat' dir='ltr'><strong>sed</strong></span> <span class='ocrx_word' id='word_1_261' title='bbox 898 1989 1066 2024; x_wconf 87' lang='lat' dir='ltr'><strong>iniustitia</strong></span> <span class='ocrx_word' id='word_1_262' title='bbox 1099 1987 1237 2030; x_wconf 84' lang='lat' dir='ltr'><strong>infami,</strong></span> <span class='ocrx_word' id='word_1_263' title='bbox 1269 1987 1359 2022; x_wconf 92' lang='lat' dir='ltr'><strong>unde</strong></span> <span class='ocrx_word' id='word_1_264' title='bbox 1389 1987 1482 2021; x_wconf 86' lang='lat' dir='ltr'><strong>illurn</strong></span> <span class='ocrx_word' id='word_1_265' title='bbox 1506 1989 1628 2021; x_wconf 87' lang='lat' dir='ltr'><strong>malum</strong></span> 
     </span>
     <span class='ocr_line' id='line_1_29' title="bbox 167 2033 1628 2082; baseline 0.001 -15"><span class='ocrx_word' id='word_1_266' title='bbox 167 2034 373 2069; x_wconf 73' lang='lat' dir='ltr'><strong>Michaelem</strong></span> <span class='ocrx_word' id='word_1_267' title='bbox 405 2040 441 2071; x_wconf 88' lang='lat' dir='ltr'><strong>et</strong></span> <span class='ocrx_word' id='word_1_268' title='bbox 473 2037 737 2071; x_wconf 86' lang='lat' dir='ltr'><strong>Senacheribum</strong></span> <span class='ocrx_word' id='word_1_269' title='bbox 767 2037 867 2082; x_wconf 85' lang='lat' dir='ltr'><strong>vulgo</strong></span> <span class='ocrx_word' id='word_1_270' title='bbox 904 2036 1112 2071; x_wconf 82' lang='lat' dir='ltr'><strong>vocitabant.</strong></span> <span class='ocrx_word' id='word_1_271' title='bbox 1159 2045 1258 2080; x_wconf 89' lang='lat' dir='ltr'><strong>quem</strong></span> <span class='ocrx_word' id='word_1_272' title='bbox 1290 2033 1404 2079; x_wconf 89' lang='lat' dir='ltr'><strong>specie</strong></span> <span class='ocrx_word' id='word_1_273' title='bbox 1435 2034 1570 2068; x_wconf 85' lang='lat' dir='ltr'><strong>honoris</strong></span> <span class='ocrx_word' id='word_1_274' title='bbox 1593 2033 1628 2068; x_wconf 81' lang='lat' dir='ltr'><strong>in</strong></span> 
     </span>
     <span class='ocr_line' id='line_1_30' title="bbox 169 2079 1629 2127; baseline 0 -13"><span class='ocrx_word' id='word_1_275' title='bbox 169 2084 344 2126; x_wconf 83' lang='lat' dir='ltr'><strong>posterum</strong></span> <span class='ocrx_word' id='word_1_276' title='bbox 378 2083 545 2117; x_wconf 62' lang='lat' dir='ltr'><strong>coiircuit:</strong></span> <span class='ocrx_word' id='word_1_277' title='bbox 580 2083 761 2117; x_wconf 79' lang='lat' dir='ltr'><strong>extinctam</strong></span> <span class='ocrx_word' id='word_1_278' title='bbox 783 2084 871 2117; x_wconf 90' lang='lat' dir='ltr'><strong>enim</strong></span> <span class='ocrx_word' id='word_1_279' title='bbox 897 2082 992 2127; x_wconf 88' lang='lat' dir='ltr'><strong>prius</strong></span> <span class='ocrx_word' id='word_1_280' title='bbox 1013 2081 1211 2126; x_wconf 82' lang='lat' dir='ltr'><strong>dignitatem</strong></span> <span class='ocrx_word' id='word_1_281' title='bbox 1240 2079 1343 2124; x_wconf 90' lang='lat' dir='ltr'><strong>primi</strong></span> <span class='ocrx_word' id='word_1_282' title='bbox 1365 2091 1386 2113; x_wconf 90' lang='lat' dir='ltr'><strong>a</strong></span> <span class='ocrx_word' id='word_1_283' title='bbox 1409 2080 1549 2114; x_wconf 90' lang='lat' dir='ltr'><strong>secretis</strong></span> <span class='ocrx_word' id='word_1_284' title='bbox 1571 2091 1629 2114; x_wconf 81' lang='lat' dir='ltr'><strong>re·</strong></span> 
     </span>
     <span class='ocr_line' id='line_1_31' title="bbox 168 2125 1629 2171; baseline 0.001 -11"><span class='ocrx_word' id='word_1_285' title='bbox 168 2126 337 2161; x_wconf 86' lang='lat' dir='ltr'><strong>suscitans</strong></span> <span class='ocrx_word' id='word_1_286' title='bbox 369 2128 402 2161; x_wconf 87' lang='lat' dir='ltr'><strong>ei</strong></span> <span class='ocrx_word' id='word_1_287' title='bbox 432 2128 593 2171; x_wconf 85' lang='lat' dir='ltr'><strong>tradidit,</strong></span> <span class='ocrx_word' id='word_1_288' title='bbox 626 2129 804 2164; x_wconf 87' lang='lat' dir='ltr'><strong>subiiciens</strong></span> <span class='ocrx_word' id='word_1_289' title='bbox 827 2129 878 2163; x_wconf 89' lang='lat' dir='ltr'><strong>sic</strong></span> <span class='ocrx_word' id='word_1_290' title='bbox 898 2128 950 2162; x_wconf 86' lang='lat' dir='ltr'><strong>illi</strong></span> <span class='ocrx_word' id='word_1_291' title='bbox 972 2137 1163 2162; x_wconf 83' lang='lat' dir='ltr'><strong>assessores</strong></span> <span class='ocrx_word' id='word_1_292' title='bbox 1192 2127 1313 2160; x_wconf 88' lang='lat' dir='ltr'><strong>multos</strong></span> <span class='ocrx_word' id='word_1_293' title='bbox 1338 2125 1462 2170; x_wconf 89' lang='lat' dir='ltr'><strong>probos</strong></span> <span class='ocrx_word' id='word_1_294' title='bbox 1484 2126 1580 2160; x_wconf 84' lang='lat' dir='ltr'><strong>viros</strong></span> <span class='ocrx_word' id='word_1_295' title='bbox 1605 2137 1629 2161; x_wconf 82' lang='lat' dir='ltr'><strong>a</strong></span> 
     </span>
     <span class='ocr_line' id='line_1_32' title="bbox 168 2171 1628 2220; baseline 0 -14"><span class='ocrx_word' id='word_1_296' title='bbox 168 2173 338 2218; x_wconf 86' lang='lat' dir='ltr'><strong>secretis,</strong></span> <span class='ocrx_word' id='word_1_297' title='bbox 372 2174 436 2208; x_wconf 88' lang='lat' dir='ltr'><strong>hoc</strong></span> <span class='ocrx_word' id='word_1_298' title='bbox 459 2178 512 2209; x_wconf 89' lang='lat' dir='ltr'><strong>est</strong></span> <span class='ocrx_word' id='word_1_299' title='bbox 534 2175 668 2209; x_wconf 83' lang='lat' dir='ltr'><strong>arcanis</strong></span> <span class='ocrx_word' id='word_1_300' title='bbox 692 2175 865 2220; x_wconf 85' lang='lat' dir='ltr'><strong>suffragiis</strong></span> <span class='ocrx_word' id='word_1_301' title='bbox 885 2174 1119 2217; x_wconf 86' lang='lat' dir='ltr'><strong>iudicaturos,</strong></span> <span class='ocrx_word' id='word_1_302' title='bbox 1154 2174 1191 2207; x_wconf 92' lang='lat' dir='ltr'><strong>et</strong></span> <span class='ocrx_word' id='word_1_303' title='bbox 1221 2172 1269 2206; x_wconf 93' lang='lat' dir='ltr'><strong>sic</strong></span> <span class='ocrx_word' id='word_1_304' title='bbox 1300 2171 1387 2206; x_wconf 87' lang='lat' dir='ltr'><strong>citra</strong></span> <span class='ocrx_word' id='word_1_305' title='bbox 1406 2183 1628 2217; x_wconf 87' lang='lat' dir='ltr'><strong>personarum</strong></span> 
     </span>
     <span class='ocr_line' id='line_1_33' title="bbox 168 2218 1629 2267; baseline 0 -15"><span class='ocrx_word' id='word_1_306' title='bbox 168 2219 402 2264; x_wconf 83' lang='lat' dir='ltr'><strong>acceptionem</strong></span> <span class='ocrx_word' id='word_1_307' title='bbox 424 2220 497 2254; x_wconf 88' lang='lat' dir='ltr'><strong>sine</strong></span> <span class='ocrx_word' id='word_1_308' title='bbox 519 2221 618 2256; x_wconf 89' lang='lat' dir='ltr'><strong>ullius</strong></span> <span class='ocrx_word' id='word_1_309' title='bbox 641 2225 800 2267; x_wconf 88' lang='lat' dir='ltr'><strong>respectu</strong></span> <span class='ocrx_word' id='word_1_310' title='bbox 823 2233 864 2256; x_wconf 91' lang='lat' dir='ltr'><strong>ac</strong></span> <span class='ocrx_word' id='word_1_311' title='bbox 885 2219 1110 2261; x_wconf 86' lang='lat' dir='ltr'><strong>verecundia,</strong></span> <span class='ocrx_word' id='word_1_312' title='bbox 1132 2218 1223 2265; x_wconf 87' lang='lat' dir='ltr'><strong>quod</strong></span> <span class='ocrx_word' id='word_1_313' title='bbox 1247 2218 1372 2252; x_wconf 81' lang='lat' dir='ltr'><strong>iustum</strong></span> <span class='ocrx_word' id='word_1_314' title='bbox 1395 2225 1485 2253; x_wconf 90' lang='lat' dir='ltr'><strong>esset</strong></span> <span class='ocrx_word' id='word_1_315' title='bbox 1507 2218 1629 2252; x_wconf 88' lang='lat' dir='ltr'><strong>decre-</strong></span> 
     </span>
     <span class='ocr_line' id='line_1_34' title="bbox 169 2264 1629 2311; baseline 0.001 -13"><span class='ocrx_word' id='word_1_316' title='bbox 169 2270 278 2299; x_wconf 84' lang='lat' dir='ltr'><strong>turos.</strong></span> <span class='ocrx_word' id='word_1_317' title='bbox 324 2266 547 2311; x_wconf 82' lang='lat' dir='ltr'><strong>pollicebatur</strong></span> <span class='ocrx_word' id='word_1_318' title='bbox 582 2268 682 2302; x_wconf 89' lang='lat' dir='ltr'><strong>etiam</strong></span> <span class='ocrx_word' id='word_1_319' title='bbox 714 2279 790 2302; x_wconf 91' lang='lat' dir='ltr'><strong>sese</strong></span> <span class='ocrx_word' id='word_1_320' title='bbox 817 2268 972 2301; x_wconf 86' lang='lat' dir='ltr'><strong>literatos</strong></span> <span class='ocrx_word' id='word_1_321' title='bbox 996 2265 1118 2301; x_wconf 85' lang='lat' dir='ltr'><strong>eximie</strong></span> <span class='ocrx_word' id='word_1_322' title='bbox 1141 2265 1306 2299; x_wconf 91' lang='lat' dir='ltr'><strong>culturum</strong></span> <span class='ocrx_word' id='word_1_323' title='bbox 1329 2264 1629 2309; x_wconf 80' lang='lat' dir='ltr'><strong>praelaturumque</strong></span> 
     </span>
     <span class='ocr_line' id='line_1_35' title="bbox 171 2310 1629 2358; baseline -0.001 -14"><span class='ocrx_word' id='word_1_324' title='bbox 171 2310 314 2345; x_wconf 88' lang='lat' dir='ltr'><strong>cunctis.</strong></span> <span class='ocrx_word' id='word_1_325' title='bbox 363 2312 405 2346; x_wconf 90' lang='lat' dir='ltr'><strong>ad</strong></span> <span class='ocrx_word' id='word_1_326' title='bbox 430 2313 515 2347; x_wconf 89' lang='lat' dir='ltr'><strong>haec</strong></span> <span class='ocrx_word' id='word_1_327' title='bbox 537 2314 688 2348; x_wconf 84' lang='lat' dir='ltr'><strong>eximiam</strong></span> <span class='ocrx_word' id='word_1_328' title='bbox 714 2325 798 2358; x_wconf 81' lang='lat' dir='ltr'><strong>erga</strong></span> <span class='ocrx_word' id='word_1_329' title='bbox 818 2313 997 2347; x_wconf 86' lang='lat' dir='ltr'><strong>militarem</strong></span> <span class='ocrx_word' id='word_1_330' title='bbox 1026 2312 1176 2346; x_wconf 87' lang='lat' dir='ltr'><strong>ordinem</strong></span> <span class='ocrx_word' id='word_1_331' title='bbox 1198 2310 1374 2344; x_wconf 82' lang='lat' dir='ltr'><strong>caritatem</strong></span> <span class='ocrx_word' id='word_1_332' title='bbox 1396 2310 1629 2356; x_wconf 86' lang='lat' dir='ltr'><strong>promittebat,</strong></span> 
     </span>
     <span class='ocr_line' id='line_1_36' title="bbox 170 2356 1627 2404; baseline -0.001 -12"><span class='ocrx_word' id='word_1_333' title='bbox 170 2356 352 2402; x_wconf 85' lang='lat' dir='ltr'><strong>stipendiis</strong></span> <span class='ocrx_word' id='word_1_334' title='bbox 385 2358 431 2392; x_wconf 87' lang='lat' dir='ltr'><strong>ad</strong></span> <span class='ocrx_word' id='word_1_335' title='bbox 463 2359 548 2393; x_wconf 90' lang='lat' dir='ltr'><strong>diem</strong></span> <span class='ocrx_word' id='word_1_336' title='bbox 580 2360 816 2403; x_wconf 85' lang='lat' dir='ltr'><strong>numerandis,</strong></span> <span class='ocrx_word' id='word_1_337' title='bbox 849 2359 1018 2394; x_wconf 86' lang='lat' dir='ltr'><strong>donativis</strong></span> <span class='ocrx_word' id='word_1_338' title='bbox 1048 2356 1362 2404; x_wconf 84' lang='lat' dir='ltr'><strong>repraesentandis,</strong></span> <span class='ocrx_word' id='word_1_339' title='bbox 1398 2368 1514 2391; x_wconf 90' lang='lat' dir='ltr'><strong>eorum</strong></span> <span class='ocrx_word' id='word_1_340' title='bbox 1543 2367 1627 2390; x_wconf 86' lang='lat' dir='ltr'><strong>vero</strong></span> 
     </span>
     <span class='ocr_line' id='line_1_37' title="bbox 169 2401 1630 2450; baseline 0 -14"><span class='ocrx_word' id='word_1_341' title='bbox 169 2403 228 2447; x_wconf 89' lang='lat' dir='ltr'><strong>qui</strong></span> <span class='ocrx_word' id='word_1_342' title='bbox 263 2402 300 2436; x_wconf 92' lang='lat' dir='ltr'><strong>in</strong></span> <span class='ocrx_word' id='word_1_343' title='bbox 331 2403 420 2438; x_wconf 91' lang='lat' dir='ltr'><strong>bello</strong></span> <span class='ocrx_word' id='word_1_344' title='bbox 454 2406 655 2440; x_wconf 85' lang='lat' dir='ltr'><strong>cecidissent</strong></span> <span class='ocrx_word' id='word_1_345' title='bbox 678 2409 712 2440; x_wconf 91' lang='lat' dir='ltr'><strong>et</strong></span> <span class='ocrx_word' id='word_1_346' title='bbox 733 2406 770 2440; x_wconf 92' lang='lat' dir='ltr'><strong>in</strong></span> <span class='ocrx_word' id='word_1_347' title='bbox 793 2405 956 2450; x_wconf 87' lang='lat' dir='ltr'><strong>obsequio</strong></span> <span class='ocrx_word' id='word_1_348' title='bbox 978 2403 1187 2449; x_wconf 83' lang='lat' dir='ltr'><strong>reipublicae</strong></span> <span class='ocrx_word' id='word_1_349' title='bbox 1208 2403 1314 2437; x_wconf 89' lang='lat' dir='ltr'><strong>vitam</strong></span> <span class='ocrx_word' id='word_1_350' title='bbox 1336 2402 1566 2448; x_wconf 81' lang='lat' dir='ltr'><strong>profudissent</strong></span> <span class='ocrx_word' id='word_1_351' title='bbox 1586 2401 1630 2435; x_wconf 90' lang='lat' dir='ltr'><strong>li-</strong></span> 
     </span>
     <span class='ocr_line' id='line_1_38' title="bbox 168 2447 1629 2497; baseline 0 -15"><span class='ocrx_word' id='word_1_352' title='bbox 168 2447 286 2490; x_wconf 89' lang='lat' dir='ltr'><strong>beris,</strong></span> <span class='ocrx_word' id='word_1_353' title='bbox 309 2449 338 2484; x_wconf 88' lang='lat' dir='ltr'><strong>si</strong></span> <span class='ocrx_word' id='word_1_354' title='bbox 361 2461 446 2495; x_wconf 93' lang='lat' dir='ltr'><strong>quos</strong></span> <span class='ocrx_word' id='word_1_355' title='bbox 466 2452 702 2497; x_wconf 86' lang='lat' dir='ltr'><strong>reliquissent,</strong></span> <span class='ocrx_word' id='word_1_356' title='bbox 726 2452 842 2486; x_wconf 85' lang='lat' dir='ltr'><strong>debita</strong></span> <span class='ocrx_word' id='word_1_357' title='bbox 863 2451 956 2497; x_wconf 89' lang='lat' dir='ltr'><strong>patri</strong></span> <span class='ocrx_word' id='word_1_358' title='bbox 977 2450 1127 2497; x_wconf 87' lang='lat' dir='ltr'><strong>praemia</strong></span> <span class='ocrx_word' id='word_1_359' title='bbox 1149 2449 1338 2491; x_wconf 78' lang='lat' dir='ltr'><strong>reddend03</strong></span> <span class='ocrx_word' id='word_1_360' title='bbox 1368 2449 1404 2483; x_wconf 89' lang='lat' dir='ltr'><strong>in</strong></span> <span class='ocrx_word' id='word_1_361' title='bbox 1427 2459 1535 2494; x_wconf 87' lang='lat' dir='ltr'><strong>eoque</strong></span> <span class='ocrx_word' id='word_1_362' title='bbox 1557 2450 1629 2482; x_wconf 80' lang='lat' dir='ltr'><strong>tam</strong></span> 
     </span>
     <span class='ocr_line' id='line_1_39' title="bbox 169 2494 1628 2541; baseline 0 -14"><span class='ocrx_word' id='word_1_363' title='bbox 169 2494 363 2539; x_wconf 85' lang='lat' dir='ltr'><strong>diligentem</strong></span> <span class='ocrx_word' id='word_1_364' title='bbox 385 2497 481 2538; x_wconf 87' lang='lat' dir='ltr'><strong>fore,</strong></span> <span class='ocrx_word' id='word_1_365' title='bbox 507 2503 546 2532; x_wconf 86' lang='lat' dir='ltr'><strong>ut</strong></span> <span class='ocrx_word' id='word_1_366' title='bbox 569 2499 599 2533; x_wconf 93' lang='lat' dir='ltr'><strong>si</strong></span> <span class='ocrx_word' id='word_1_367' title='bbox 623 2498 718 2532; x_wconf 89' lang='lat' dir='ltr'><strong>cuius</strong></span> <span class='ocrx_word' id='word_1_368' title='bbox 742 2497 846 2532; x_wconf 90' lang='lat' dir='ltr'><strong>occisi</strong></span> <span class='ocrx_word' id='word_1_369' title='bbox 866 2497 982 2532; x_wconf 87' lang='lat' dir='ltr'><strong>militis</strong></span> <span class='ocrx_word' id='word_1_370' title='bbox 1004 2507 1087 2531; x_wconf 86' lang='lat' dir='ltr'><strong>uxor</strong></span> <span class='ocrx_word' id='word_1_371' title='bbox 1110 2506 1300 2541; x_wconf 87' lang='lat' dir='ltr'><strong>praegnans</strong></span> <span class='ocrx_word' id='word_1_372' title='bbox 1323 2498 1526 2540; x_wconf 87' lang='lat' dir='ltr'><strong>superesset,</strong></span> <span class='ocrx_word' id='word_1_373' title='bbox 1550 2494 1628 2527; x_wconf 86' lang='lat' dir='ltr'><strong>foe-</strong></span> 
     </span>
     <span class='ocr_line' id='line_1_40' title="bbox 170 2539 1629 2589; baseline 0 -15"><span class='ocrx_word' id='word_1_374' title='bbox 170 2544 228 2574; x_wconf 89' lang='lat' dir='ltr'><strong>tus</strong></span> <span class='ocrx_word' id='word_1_375' title='bbox 257 2540 292 2574; x_wconf 90' lang='lat' dir='ltr'><strong>in</strong></span> <span class='ocrx_word' id='word_1_376' title='bbox 322 2554 364 2576; x_wconf 85' lang='lat' dir='ltr'><strong>ea</strong></span> <span class='ocrx_word' id='word_1_377' title='bbox 395 2544 550 2588; x_wconf 88' lang='lat' dir='ltr'><strong>concepti</strong></span> <span class='ocrx_word' id='word_1_378' title='bbox 581 2544 829 2589; x_wconf 84' lang='lat' dir='ltr'><strong>providentiam</strong></span> <span class='ocrx_word' id='word_1_379' title='bbox 857 2547 1014 2588; x_wconf 84' lang='lat' dir='ltr'><strong>gereret,</strong></span> <span class='ocrx_word' id='word_1_380' title='bbox 1047 2542 1147 2587; x_wconf 89' lang='lat' dir='ltr'><strong>eique</strong></span> <span class='ocrx_word' id='word_1_381' title='bbox 1169 2540 1299 2576; x_wconf 85' lang='lat' dir='ltr'><strong>servari</strong></span> <span class='ocrx_word' id='word_1_382' title='bbox 1327 2540 1453 2575; x_wconf 87' lang='lat' dir='ltr'><strong>mortui</strong></span> <span class='ocrx_word' id='word_1_383' title='bbox 1476 2539 1629 2585; x_wconf 85' lang='lat' dir='ltr'><strong>parentis</strong></span> 
     </span>
     <span class='ocr_line' id='line_1_41' title="bbox 168 2585 1629 2637; baseline -0.001 -17"><span class='ocrx_word' id='word_1_384' title='bbox 168 2585 350 2622; x_wconf 82' lang='lat' dir='ltr'><strong>honoraria</strong></span> <span class='ocrx_word' id='word_1_385' title='bbox 378 2594 525 2626; x_wconf 88' lang='lat' dir='ltr'><strong>curaret.</strong></span> <span class='ocrx_word' id='word_1_386' title='bbox 570 2590 770 2625; x_wconf 88' lang='lat' dir='ltr'><strong>iniustarum</strong></span> <span class='ocrx_word' id='word_1_387' title='bbox 791 2601 895 2637; x_wconf 89' lang='lat' dir='ltr'><strong>porro</strong></span> <span class='ocrx_word' id='word_1_388' title='bbox 918 2588 1129 2624; x_wconf 84' lang='lat' dir='ltr'><strong>exactionum</strong></span> <span class='ocrx_word' id='word_1_389' title='bbox 1153 2600 1196 2622; x_wconf 91' lang='lat' dir='ltr'><strong>ne</strong></span> <span class='ocrx_word' id='word_1_390' title='bbox 1219 2598 1339 2622; x_wconf 86' lang='lat' dir='ltr'><strong>nomen</strong></span> <span class='ocrx_word' id='word_1_391' title='bbox 1360 2586 1494 2632; x_wconf 88' lang='lat' dir='ltr'><strong>quidem</strong></span> <span class='ocrx_word' id='word_1_392' title='bbox 1517 2585 1629 2620; x_wconf 88' lang='lat' dir='ltr'><strong>audiri</strong></span> 
     </span>
     <span class='ocr_line' id='line_1_42' title="bbox 169 2631 1626 2679; baseline -0.001 -13"><span class='ocrx_word' id='word_1_393' title='bbox 169 2642 359 2677; x_wconf 89' lang='lat' dir='ltr'><strong>passurum.</strong></span> <span class='ocrx_word' id='word_1_394' title='bbox 404 2647 468 2670; x_wconf 91' lang='lat' dir='ltr'><strong>nec</strong></span> <span class='ocrx_word' id='word_1_395' title='bbox 500 2635 609 2670; x_wconf 90' lang='lat' dir='ltr'><strong>locum</strong></span> <span class='ocrx_word' id='word_1_396' title='bbox 632 2637 789 2670; x_wconf 89' lang='lat' dir='ltr'><strong>daturum</strong></span> <span class='ocrx_word' id='word_1_397' title='bbox 815 2635 1009 2679; x_wconf 84' lang='lat' dir='ltr'><strong>calumniis3</strong></span> <span class='ocrx_word' id='word_1_398' title='bbox 1039 2635 1130 2669; x_wconf 86' lang='lat' dir='ltr'><strong>unde</strong></span> <span class='ocrx_word' id='word_1_399' title='bbox 1151 2634 1218 2669; x_wconf 88' lang='lat' dir='ltr'><strong>iam</strong></span> <span class='ocrx_word' id='word_1_400' title='bbox 1241 2645 1337 2668; x_wconf 87' lang='lat' dir='ltr'><strong>nemo</strong></span> <span class='ocrx_word' id='word_1_401' title='bbox 1361 2633 1404 2667; x_wconf 85' lang='lat' dir='ltr'><strong>ad</strong></span> <span class='ocrx_word' id='word_1_402' title='bbox 1426 2643 1541 2667; x_wconf 88' lang='lat' dir='ltr'><strong>earum</strong></span> <span class='ocrx_word' id='word_1_403' title='bbox 1563 2631 1626 2665; x_wconf 89' lang='lat' dir='ltr'><strong>de—</strong></span> 
     </span>
     <span class='ocr_line' id='line_1_43' title="bbox 171 2676 1628 2726; baseline 0 -15"><span class='ocrx_word' id='word_1_404' title='bbox 171 2679 358 2722; x_wconf 89' lang='lat' dir='ltr'><strong>pulsionem</strong></span> <span class='ocrx_word' id='word_1_405' title='bbox 387 2681 550 2726; x_wconf 85' lang='lat' dir='ltr'><strong>singulari</strong></span> <span class='ocrx_word' id='word_1_406' title='bbox 580 2683 764 2717; x_wconf 87' lang='lat' dir='ltr'><strong>certamine</strong></span> <span class='ocrx_word' id='word_1_407' title='bbox 796 2682 1008 2724; x_wconf 84' lang='lat' dir='ltr'><strong>decertaret,</strong></span> <span class='ocrx_word' id='word_1_408' title='bbox 1044 2692 1141 2715; x_wconf 87' lang='lat' dir='ltr'><strong>nemo</strong></span> <span class='ocrx_word' id='word_1_409' title='bbox 1165 2682 1321 2714; x_wconf 80' lang='lat' dir='ltr'><strong>contactu</strong></span> <span class='ocrx_word' id='word_1_410' title='bbox 1344 2677 1431 2713; x_wconf 82' lang='lat' dir='ltr'><strong>ferri</strong></span> <span class='ocrx_word' id='word_1_411' title='bbox 1451 2676 1628 2712; x_wconf 82' lang='lat' dir='ltr'><strong>candentis</strong></span> 
     </span>
     <span class='ocr_line' id='line_1_44' title="bbox 171 2721 1629 2773; baseline -0.001 -16"><span class='ocrx_word' id='word_1_412' title='bbox 171 2723 398 2761; x_wconf 86' lang='lat' dir='ltr'><strong>innocentiam</strong></span> <span class='ocrx_word' id='word_1_413' title='bbox 420 2728 602 2773; x_wconf 86' lang='lat' dir='ltr'><strong>probaret,</strong></span> <span class='ocrx_word' id='word_1_414' title='bbox 632 2729 718 2762; x_wconf 87' lang='lat' dir='ltr'><strong>satis</strong></span> <span class='ocrx_word' id='word_1_415' title='bbox 740 2740 847 2773; x_wconf 85' lang='lat' dir='ltr'><strong>gnaro</strong></span> <span class='ocrx_word' id='word_1_416' title='bbox 868 2739 1071 2773; x_wconf 88' lang='lat' dir='ltr'><strong>unoquoque</strong></span> <span class='ocrx_word' id='word_1_417' title='bbox 1094 2727 1350 2772; x_wconf 81' lang='lat' dir='ltr'><strong>magistratuum</strong></span> <span class='ocrx_word' id='word_1_418' title='bbox 1370 2735 1524 2769; x_wconf 86' lang='lat' dir='ltr'><strong>maguum</strong></span> <span class='ocrx_word' id='word_1_419' title='bbox 1546 2721 1629 2761; x_wconf 83' lang='lat' dir='ltr'><strong>mali</strong></span> 
     </span>
     <span class='ocr_line' id='line_1_45' title="bbox 171 2768 1628 2819; baseline -0.001 -15"><span class='ocrx_word' id='word_1_420' title='bbox 171 2771 360 2814; x_wconf 83' lang='lat' dir='ltr'><strong>gravissimi</strong></span> <span class='ocrx_word' id='word_1_421' title='bbox 381 2773 445 2808; x_wconf 83' lang='lat' dir='ltr'><strong>sibi</strong></span> <span class='ocrx_word' id='word_1_422' title='bbox 466 2773 651 2818; x_wconf 87' lang='lat' dir='ltr'><strong>periculum</strong></span> <span class='ocrx_word' id='word_1_423' title='bbox 671 2774 885 2819; x_wconf 85' lang='lat' dir='ltr'><strong>impendere,</strong></span> <span class='ocrx_word' id='word_1_424' title='bbox 915 2774 945 2809; x_wconf 93' lang='lat' dir='ltr'><strong>si</strong></span> <span class='ocrx_word' id='word_1_425' title='bbox 965 2773 1021 2808; x_wconf 77' lang='lat' dir='ltr'><strong>vel</strong></span> <span class='ocrx_word' id='word_1_426' title='bbox 1041 2778 1173 2808; x_wconf 83' lang='lat' dir='ltr'><strong>tantum</strong></span> <span class='ocrx_word' id='word_1_427' title='bbox 1202 2770 1415 2812; x_wconf 87' lang='lat' dir='ltr'><strong>conniveret,</strong></span> <span class='ocrx_word' id='word_1_428' title='bbox 1447 2773 1486 2804; x_wconf 87' lang='lat' dir='ltr'><strong>ut</strong></span> <span class='ocrx_word' id='word_1_429' title='bbox 1517 2768 1628 2815; x_wconf 84' lang='lat' dir='ltr'><strong>quivis</strong></span> 
     </span>
     <span class='ocr_line' id='line_1_46' title="bbox 173 2814 1629 2868; baseline 0 -20"><span class='ocrx_word' id='word_1_430' title='bbox 173 2816 307 2852; x_wconf 87' lang='lat' dir='ltr'><strong>delatus</strong></span> <span class='ocrx_word' id='word_1_431' title='bbox 337 2819 381 2853; x_wconf 89' lang='lat' dir='ltr'><strong>ad</strong></span> <span class='ocrx_word' id='word_1_432' title='bbox 410 2820 677 2865; x_wconf 89' lang='lat' dir='ltr'><strong>experimentum</strong></span> <span class='ocrx_word' id='word_1_433' title='bbox 705 2831 837 2856; x_wconf 82' lang='lat' dir='ltr'><strong>massae</strong></span> <span class='ocrx_word' id='word_1_434' title='bbox 868 2819 1044 2855; x_wconf 86' lang='lat' dir='ltr'><strong>candentis</strong></span> <span class='ocrx_word' id='word_1_435' title='bbox 1067 2819 1271 2864; x_wconf 85' lang='lat' dir='ltr'><strong>adigeretur.</strong></span> <span class='ocrx_word' id='word_1_436' title='bbox 1316 2815 1506 2863; x_wconf 86' lang='lat' dir='ltr'><strong>spondebat</strong></span> <span class='ocrx_word' id='word_1_437' title='bbox 1531 2814 1629 2868; x_wconf 73' lang='lat' dir='ltr'><strong>quiu-</strong></span> 
     </span>
     <span class='ocr_line' id='line_1_47' title="bbox 175 2861 1630 2914; baseline -0.002 -16"><span class='ocrx_word' id='word_1_438' title='bbox 175 2861 276 2898; x_wconf 83' lang='lat' dir='ltr'><strong>etiam</strong></span> <span class='ocrx_word' id='word_1_439' title='bbox 298 2875 459 2901; x_wconf 88' lang='lat' dir='ltr'><strong>summam</strong></span> <span class='ocrx_word' id='word_1_440' title='bbox 481 2867 699 2903; x_wconf 86' lang='lat' dir='ltr'><strong>securitatem</strong></span> <span class='ocrx_word' id='word_1_441' title='bbox 722 2867 815 2914; x_wconf 82' lang='lat' dir='ltr'><strong>pacis</strong></span> <span class='ocrx_word' id='word_1_442' title='bbox 837 2867 1005 2914; x_wconf 83' lang='lat' dir='ltr'><strong>publicae,</strong></span> <span class='ocrx_word' id='word_1_443' title='bbox 1027 2876 1088 2913; x_wconf 86' lang='lat' dir='ltr'><strong>per</strong></span> <span class='ocrx_word' id='word_1_444' title='bbox 1110 2876 1211 2912; x_wconf 87' lang='lat' dir='ltr'><strong>quam</strong></span> <span class='ocrx_word' id='word_1_445' title='bbox 1233 2863 1333 2899; x_wconf 84' lang='lat' dir='ltr'><strong>etiam</strong></span> <span class='ocrx_word' id='word_1_446' title='bbox 1352 2867 1471 2899; x_wconf 84' lang='lat' dir='ltr'><strong>tenues</strong></span> <span class='ocrx_word' id='word_1_447' title='bbox 1485 2864 1521 2896; x_wconf 89' lang='lat' dir='ltr'><strong>et</strong></span> <span class='ocrx_word' id='word_1_448' title='bbox 1535 2870 1630 2908; x_wconf 72' lang='lat' dir='ltr'><strong>prius</strong></span> 
     </span>
    </p>
   </div>
  </div>
 </body>
</html>
