1884 3262
425 200 499 243 DE
533 198 808 241 MICHAELE
842 195 1213 241 PALAEOL'OGO
1247 198 1293 240 L.
1329 198 1383 240 V.
1538 195 1634 242 385

181 329 322 371 γονυο,
357 307 636 369 ἐπιφερόμενοι
667 312 735 354 καὶ
761 309 892 353 πολλοὶ
911 314 994 353 τῶν
1015 309 1132 367 ἱερῶν
1152 306 1315 366 δώρων,
1351 306 1500 359 στολὰς
1529 310 1630 365 λέγω

181 382 250 425 καὶ
283 377 520 436 κατάχρυσοι
549 379 806 433 εῗκονίσματα
832 379 899 421 καὶ
926 376 1108 420 σύνθετα
1133 375 1336 432 πολύτιμα
1366 375 1627 432 θυμιάματα,

183 449 284 505 πρὸς
310 449 355 492 δὲ
379 450 444 491 καὶ
476 447 550 502 τὴν
581 451 655 501 τῆς
682 447 892 500 ἐκκλησίας
923 445 1092 501 ἐνδυτὴν
1121 446 1165 487 ἐκ
1184 443 1473 501 χρυσοπάστου
1495 445 1624 496 ὀξείας
1646 458 1678 492 c

184 516 252 560 διὰ
277 513 500 573 μαργάρων
511 548 523 568 ,
558 514 609 570 ἢν
627 513 648 558 ὅ
667 513 858 568 βασιλεὺς
883 512 1154 569 προσενεγκὼν
1173 517 1232 571 τῷ
1252 515 1354 572 θείῳ
1375 514 1523 568 τεμένει
1545 516 1628 557 δῶ-

150 594 257 641 5ρον
291 583 418 633 ὅντως
446 583 631 635 ἕπαξιον,
668 578 1019 638 συγχωρούμενος,
1062 582 1144 623 ἐπεὶ
1174 580 1248 623 οὐκ
1277 580 1459 637 ἔφθασεν
1487 580 1627 639 ἑτέραν

182 652 496 708 εὐτρεπισθῆναι
514 655 572 709 τῷ
591 647 751 708 μεγάλῳ
777 653 860 692 τῶν
880 648 1115 705 κορυφαίων
1133 652 1219 706 ναῷ
1228 680 1242 701 ,
1280 647 1535 704 ἀπαλλαγὴν
1554 654 1628 692 τοῦ

181 719 391 778 γινομένου
410 719 513 775 πρὸς
532 718 579 761 τὸ
601 718 646 761 ὃν
667 715 752 760 οἷον
770 714 1029 771 ποιούμενος,
1067 716 1206 770 λαβών
1223 715 1439 759 ἀπέστελλε
1464 719 1529 758 καὶ
1552 717 1629 758 αὖ-

182 785 270 843 τήν.
341 788 380 831 οἱ
405 788 477 842 μὲν
513 781 585 830 οὖν
612 784 741 835 οὕτως
774 785 1019 839 ἀναχθέντες
1044 783 1265 827 ἀπέπλεον·
1305 782 1336 834 ,ὅ
1364 784 1409 826 δὲ
1437 784 1628 838 βασιλεὺς

184 857 267 899 ἐπεὶ
301 855 374 898 οὐκ
405 854 483 910 εἶχε
509 854 610 913 ῥᾷον
638 853 893 908 ἀποσχέσθαι
912 857 986 895 τοῦ
1004 850 1255 909 πατριάρχου
1291 851 1519 910 (ἀντείχετο
1547 852 1625 908 γὰρ
1649 859 1679 894 D

131 933 175 967 10
187 922 242 973 ὥς
263 923 388 973 λεπὰς
409 923 558 978 πέτρας
585 922 732 964 ἐκείνου
759 919 825 963 διά
848 938 891 963 τε
912 920 986 975 τὴν
1010 920 1085 963 ἀπ’
1110 922 1259 962 ἐκείνου
1283 917 1538 976 συγχώρησιν
1563 921 1630 963 καὶ

185 991 261 1047 τὴν
297 991 399 1047 πρὸς
432 991 580 1033 ἐκεῖνον
617 989 921 1045 πληροφορίαν,
959 986 1015 1037 ὥς
1039 986 1114 1029 ὑπ’
1148 986 1260 1046 αὐτῷ
1290 984 1580 1042 σωθησόμενος
1593 987 1627 1043 ),

186 1056 400 1113 συνθήκας
430 1064 600 1100 ποιεῖται
629 1056 732 1109 μετὰ
764 1060 837 1098 τοῦ
867 1053 1119 1111 πατριάρχου
1155 1055 1223 1113 (οἳ
1242 1054 1319 1110 γὰρ
1340 1054 1535 1111 ἀρχιερεῖς
1563 1057 1628 1096 καὶ
1651 1067 1680 1101 Ρ
1702 1068 1769 1102 262

183 1124 300 1182 μόγις
327 1126 722 1180 καθυπεκλίθησαν)
759 1123 890 1174 οὕτως
918 1121 1087 1178 ἐχούσας
1097 1155 1111 1175 ,
1159 1122 1284 1165 αὐτὸν
1309 1123 1383 1176 μὲν
1411 1120 1631 1173 ἐξελθόντα

185 1198 260 1238 τοῦ
284 1194 569 1250 πατριαρχείου
589 1194 630 1235 ἓν
648 1196 698 1249 τῇ
718 1196 791 1247 τῆς
811 1192 1075 1247 περιβλέπτου
1099 1194 1316 1246 καθῆσθαι
1335 1194 1467 1247 μονῇ,
1502 1193 1630 1243 σωζο-

132 1271 175 1307 15
185 1262 317 1317 μένων
331 1266 414 1305 τῶν
432 1261 661 1318 προνομίων
680 1260 790 1318 αὐτῷ
807 1261 878 1302 καί
890 1276 933 1316 γε
947 1258 1298 1314 μνημονευομένου
1314 1258 1419 1301 κατὰ
1436 1258 1483 1300 τὸ
1503 1256 1631 1313 σύνη-

185 1335 289 1383 θες,
324 1327 588 1373 ἅπελθόντων
610 1329 654 1370 δὲ
675 1333 756 1371 τῶν
777 1327 982 1382 πρέσβεων
996 1329 1038 1379 εἴ
1058 1327 1132 1380 μέν
1150 1324 1175 1381 ἦ
1194 1328 1338 1382 πρᾶξις
1365 1324 1631 1381 ὁπωσδήποτε

187 1399 458 1453 διακωλυθείη
469 1428 484 1450 ,
521 1395 647 1439 αὐτὸν
670 1397 737 1438 καὶ
763 1394 884 1438 πάλιν
911 1393 1011 1438 εἶναι
1032 1395 1105 1438 τὸν
1124 1391 1379 1450 πατριάρχην
1401 1395 1458 1443 εἷς
1478 1393 1525 1436 τὸ
1548 1411 1631 1436 πα-

186 1473 413 1522 τριαρχεῒον
443 1462 693 1516 ἀνελθόντα,
741 1464 811 1506 καί
835 1480 878 1519 γε
908 1462 1010 1517 μετὰ
1041 1467 1123 1506 τῶν
1154 1461 1369 1518 ἀρχιερέων
1401 1459 1626 1518 εῖρηνεῦειν,

186 1535 314 1589 μηδὲν
339 1537 422 1576 τῶν
451 1530 696 1586 συμβάντων
721 1529 1076 1587 ὖπολογιζόμενον·
1111 1531 1145 1573 εἲ
1174 1531 1218 1572 δὲ
1245 1530 1423 1585 προβαιή
1449 1531 1516 1572 καὶ
1537 1528 1628 1572 εὗο-
1650 1539 1679 1574 Β

133 1604 300 1645 ΞΟὸοΐτο
335 1603 390 1651 εἶς
417 1601 529 1650 τέλος
552 1599 598 1643 τό
622 1599 820 1656 προτεθέν
830 1631 843 1652 ,
880 1598 1004 1641 αὐτὸν
1024 1599 1098 1653 μὲν
1119 1598 1306 1640 ἐντεῦθεν
1328 1596 1501 1653 ἀργῆσαι
1520 1594 1632 1650 πάμ-

189 1687 292 1723 παν,
328 1668 450 1711 ἄλλον
477 1669 521 1712 δὲ
547 1667 640 1711 ἄντ’
672 1667 800 1710 αὐτοῦ
827 1667 1040 1722 ἐπιστῆσαι
1067 1670 1117 1722 τῇ
1145 1665 1356 1725 ἐκκλησίᾳ,
1392 1662 1447 1714 ὥς
1472 1665 1530 1718 μὴ
1546 1682 1633 1719 χω-

189 1777 278 1813 tiosa
308 1775 524 1823 supellectilis
557 1787 676 1810 sacrae
707 1775 814 1816 dona,
845 1773 970 1818 stolas,
1000 1774 1152 1819 inquam,
1181 1776 1218 1807 et
1240 1783 1360 1806 aureas
1381 1772 1532 1816 effigies,
1560 1776 1634 1806 tum

190 1823 375 1869 composita
397 1833 440 1856 ex
464 1821 568 1856 variis
591 1820 767 1867 speciebus
793 1826 975 1854 aromatum
1001 1819 1149 1863 ingentis
1179 1818 1281 1863 pretii
1315 1818 1542 1861 thymiamata.
1589 1818 1634 1851 ad

187 1869 274 1904 haec
295 1872 332 1903 et
353 1867 486 1902 maioris
508 1867 670 1901 ecclesiae
693 1867 837 1911 endyten
858 1866 932 1900 sive
955 1869 1102 1910 tapetem
1124 1863 1252 1907 altaris,
1277 1863 1367 1897 rosei
1390 1862 1523 1905 coloris,
1550 1873 1635 1897 auro

190 1914 341 1956 illumin,
376 1912 557 1947 unionibus
579 1912 729 1947 insertis.
774 1912 862 1946 hunc
884 1911 1088 1956 imperator,
1111 1909 1244 1955 quando
1267 1913 1321 1943 est
1342 1909 1555 1943 anathemate
1576 1919 1636 1942 so-

190 1960 304 2003 lutus,
328 1958 440 1993 divino
463 1958 587 2003 templo
611 1962 826 1998 sacraverat,
860 1957 982 1991 donum
1003 1967 1124 1990 revera
1145 1954 1207 1989 tali
1231 1965 1376 1999 persona
1398 1958 1434 1988 et
1455 1953 1517 1988 tali
1540 1965 1637 1988 cere-

190 2004 300 2039 monia
328 2004 474 2048 dignum.
518 2007 695 2048 receperat
723 2007 833 2037 autem
864 2002 957 2035 illum
990 2001 1078 2046 apud
1102 2012 1140 2035 se
1162 2000 1270 2034 animo
1300 1999 1439 2033 curandi
1461 2002 1499 2032 ut
1521 1999 1637 2033 similis

190 2051 320 2085 formae
349 2049 436 2084 alius
458 2049 576 2090 fieret,
611 2060 631 2083 a
653 2060 691 2083 se
712 2060 829 2093 magno
853 2047 1038 2092 principum
1061 2045 1296 2089 Apostolorum
1319 2044 1444 2090 templo
1466 2043 1637 2078 dicandus.

192 2095 372 2130 occasione
394 2106 495 2140 porro
518 2094 680 2128 invitatus
703 2094 766 2128 hac
788 2093 1070 2139 proficiscentium
1086 2091 1225 2125 Romam
1248 2090 1435 2134 legatorum
1457 2100 1532 2123 eum
1554 2089 1638 2134 ipsis

193 2140 358 2184 tradidit,
391 2144 675 2185 compensaturum
698 2150 735 2174 se
757 2140 890 2173 abunde
911 2137 1078 2183 recipiens
1101 2135 1263 2181 quidquid
1285 2134 1469 2177 ecclesiae,
1499 2135 1636 2168 subtra-

194 2190 250 2221 cto
282 2185 348 2219 isto
380 2185 412 2219 ei
442 2186 564 2219 dudum
593 2188 690 2230 parto
722 2184 880 2225 donario,
918 2183 1072 2229 deperire
1093 2181 1274 2215 videretur.
1320 2183 1357 2213 et
1377 2179 1425 2212 ini
1446 2179 1579 2224 quidem
1601 2182 1636 2212 in

194 2231 282 2265 hunc
305 2231 435 2264 modum
457 2232 633 2264 solverunt
655 2229 786 2264 Italiam
808 2240 937 2263 versus.
982 2234 1020 2262 at
1049 2227 1092 2261 im
1120 2229 1231 2260 erator
1260 2224 1364 2259 aveni
1385 2235 1423 2259 se
1446 2235 1467 2258 a
1487 2224 1638 2270 patriar-

195 2276 257 2310 cha
282 2275 370 2309 baud
391 2274 492 2310 facile
514 2276 668 2309 ferebat:
692 2275 723 2308 ei
746 2275 831 2309 enim
855 2274 1017 2308 haerebat
1038 2277 1077 2306 ut
1112 2282 1192 2317 epas
1214 2273 1352 2315 petrae,
1375 2271 1431 2304 vel
1454 2280 1555 2304 sensu
1577 2270 1636 2303 be-

194 2320 328 2362 neficii,
360 2320 449 2366 quod
483 2321 526 2353 ab
557 2331 598 2354 eo
628 2332 666 2354 se
691 2320 893 2354 meminisset
915 2318 1124 2352 anathemate
1146 2317 1307 2357 solutum,
1340 2315 1395 2350 vel
1416 2314 1554 2360 antiquo
1574 2325 1638 2348 usu

196 2371 232 2401 et
255 2377 297 2400 ex
320 2377 360 2400 eo
382 2368 463 2399 nata
484 2364 607 2399 fiducia
629 2365 746 2399 salutis
768 2377 830 2410 per
853 2375 928 2398 eum
951 2362 1190 2408 assequendae.
1237 2372 1343 2405 quare
1369 2360 1460 2394 ilium
1484 2372 1638 2406 quoquo-

194 2411 295 2447 modo
318 2422 501 2455 segregsre
522 2421 544 2444 a
565 2421 666 2444 causa
688 2410 876 2444 schismatis
898 2409 1037 2443 studens
1060 2408 1171 2452 (alios
1194 2405 1281 2440 enim
1303 2405 1479 2451 episcopos
1492 2405 1528 2439 in
1543 2416 1638 2440 suem

195 2457 332 2492 tandem
354 2456 550 2491 sententiam
573 2457 813 2500 pertraxerat)
847 2454 1003 2488 convenit
1033 2453 1067 2486 in
1100 2453 1185 2486 haec
1206 2463 1280 2485 cum
1301 2451 1381 2495 illo,
1418 2454 1457 2484 ut
1489 2451 1639 2496 patriar-

196 2503 283 2537 cheli
307 2502 433 2546 palatio
456 2511 612 2545 egressus
634 2501 860 2534 diversaretur
881 2500 917 2533 in
939 2498 1122 2543 Periblepti
1141 2497 1353 2538 monasterio,
1376 2496 1480 2531 salvis
1503 2496 1534 2530 ei
1557 2507 1637 2541 pro-

195 2548 352 2582 ventibus
374 2551 410 2581 et
431 2547 554 2581 honore
580 2550 737 2579 consueto
764 2543 1081 2579 commemorationis
1104 2544 1137 2577 in
1159 2554 1268 2577 sacro.
1315 2542 1435 2588 quodsi
1469 2553 1556 2587 quae
1582 2551 1638 2575 res

197 2593 350 2628 obstaret
379 2604 423 2626 ne
456 2591 599 2637 profecti
622 2591 762 2625 Rolnam
793 2590 899 2634 legati
925 2589 1094 2633 negotium
1117 2588 1343 2630 conficerent,
1375 2587 1502 2622 rediret
1524 2587 1580 2620 ille
1602 2586 1637 2619 in

171 2638 439 2694 ‚patriarchales
462 2637 564 2681 aedes
590 2640 626 2669 et
649 2647 729 2670 suae
750 2639 790 2670 ut
812 2636 906 2680 prius
929 2634 1106 2677 dignitatis
1127 2639 1307 2678 usurparet
1340 2634 1471 2674 munia,
1500 2637 1639 2676 tumque

198 2695 233 2718 m
256 2684 515 2718 communionem
538 2681 706 2726 reciperet
729 2681 922 2726 episcopos,
946 2679 1025 2714 nihil
1046 2679 1113 2714 illis
1134 2690 1335 2714 succensens
1358 2678 1446 2723 quod
1469 2677 1502 2710 in
1526 2688 1640 2722 pacem

199 2740 273 2763 cum
303 2729 435 2764 Latinis
469 2728 723 2762 consensissent.
768 2727 819 2760 sin
852 2731 972 2772 coepta
1004 2736 1046 2759 ex
1077 2729 1157 2759 voto
1181 2728 1444 2770 peragerentur,
1476 2722 1545 2756 fixo
1568 2723 1640 2767 ipso

199 2779 353 2808 manente
374 2774 408 2808 in
429 2773 611 2808 reiectione
642 2772 756 2817 pacis,
790 2772 915 2817 quippe
938 2771 992 2806 cui
1015 2770 1231 2816 acquiescere
1253 2771 1306 2804 fas
1329 2769 1395 2803 sibi
1416 2779 1480 2801 non
1503 2773 1643 2812 putaret

201 2821 244 2854 ob
273 2819 510 2861 iuramentum,
549 2823 618 2853 tum
649 2828 731 2852 sane
763 2818 943 2853 absisteret
971 2817 1113 2860 honore,
1147 2817 1324 2861 locumque
1351 2813 1450 2848 alteri
1479 2812 1642 2848 ecclesiae

256 2870 428 2916 Georgius
458 2871 681 2916 Pachymeres
709 2871 739 2904 Ι.
1315 2862 1368 2903 25
