1884 3262
405 207 482 250 DE
515 205 792 249 MICHAELE
825 200 1200 246 PALAEOLOGO
1235 200 1283 242 L.
1308 197 1386 245 IV.
1546 197 1646 244 317

174 341 234 381 μῃ
257 323 322 365 καὶ
341 326 416 364 τοῦ
439 318 634 374 σώματος
654 321 853 375 ἶσχυρῶς,
890 316 948 367 ὥς
966 314 1161 366 πολλάκις
1179 320 1256 358 τοῦ
1279 314 1410 370 μηνὸς
1433 313 1457 369 ἢ
1485 315 1553 357 καὶ
1570 318 1646 368 τῆς

172 389 405 447 ἑβδομάδος
433 389 559 433 ἐνιότε
588 388 796 445 πρόσοδον
825 392 1034 430 ποιεῖσθαι
1065 387 1169 443 πρὸς
1185 385 1385 440 βασιλέα,
1421 388 1545 427 τοῦτο
1570 384 1646 439 μὲν

172 463 240 504 καὶ
261 459 341 517 ἀφ’
363 459 512 503 ἑαυτοῦ
532 465 655 503 τοῦτο
683 461 728 502 δὲ
745 460 811 501 καὶ
829 455 1091 510 καλούμενος.

311 530 390 574 29.
458 529 566 571 Ἐπεὶ
597 530 728 571 δὲκαὶ
748 526 770 570 ὁ
796 527 887 576 υἱὸς
907 530 964 583 τῷ
986 529 1151 579 βασιλεῖ
1166 523 1354 579 ἤνδρωτο
1370 519 1643 576 Ἀνδρόνικος,
1668 531 1698 565 Ρ
1722 530 1790 565 214

141 609 162 643 5
176 596 222 640 ὃν
244 599 312 654 καὶ
334 600 391 648 εἷς
410 599 624 651 βασιλείαν
646 596 838 650 διάδοχον
862 593 917 644 ὥς
937 596 1003 636 καὶ
1025 599 1107 636 τῶν
1133 593 1269 635 ἄλλων
1292 590 1492 647 πρότερον
1516 608 1648 646 προη-

173 670 339 722 τοίμαζε
354 700 366 719 ,
406 669 471 709 καὶ
496 667 574 709 ἔδει
594 663 890 722 συναρμόττειν
911 663 1038 705 αὐτὸν
1060 666 1111 718 τῇ
1135 660 1347 718 πρεπούσῃ
1381 659 1538 717 συζύγῳ
1552 694 1563 712 ,
1599 659 1646 701 τό

173 739 248 792 μὲν
267 737 369 794 πρὸς
385 736 482 786 τοὺς
507 734 689 784 Ἰταλοὺς
718 731 1023 789 πρεσβεύεσθαι
1055 730 1209 780 εὐόδως
1237 730 1312 773 οὐκ
1343 728 1422 784 εἶχε
1448 733 1524 771 τοῦ
1553 731 1648 770 Κα-

175 804 327 862 ρούλου
349 804 503 859 μεταξὺ
527 804 710 857 κειμένου
729 802 835 845 κατὰ
860 802 935 856 τὴν
953 802 1167 852 Πουλίαν,
1207 798 1252 842 ὃν
1274 801 1340 841 καὶ
1370 798 1525 854 ἐχθρὸν
1545 794 1650 851 ἀκή-

177 893 327 932 ρυκτον
347 873 496 916 ἑαυτοῦ
520 875 587 915 καὶ
602 871 813 926 Ῥωμαίων
837 873 1023 925 ἐγίνωσκε
1046 869 1114 912 διὰ
1144 868 1218 923 τὴν
1241 867 1359 911 πόλιν
1387 869 1454 910 καὶ
1475 867 1523 910 τὸ
1545 865 1650 921 μετὰ

122 950 165 984 10
178 949 251 986 τοῦ
286 945 546 986 Βαλδου”ι”νου
582 942 646 983 ἐπὶ
681 948 768 990 τοῖς
804 941 944 982 παισὶν
983 938 1121 982 αὐτῶν
1153 939 1300 992 κῆδος·
1346 936 1427 992 ἤδη
1464 935 1543 992 γὰρ
1578 934 1651 977 τὸν

176 1013 338 1069 Μαᾳρὲ
356 1007 592 1059 καταλύσας
612 1007 877 1065 ἐμεγαλύνετο
909 1007 984 1065 ῥὴξ
1014 1006 1035 1051 ὅ
1061 1004 1259 1063 πρότερον
1288 1004 1455 1057 κόντος,
1494 1002 1550 1054 ὦς
1568 1008 1644 1046 τοῦ
1667 1012 1698 1046 Β

175 1081 299 1136 ρηγὸς
325 1081 538 1135 Φραγγιάς
558 1077 840 1134 αὐτάδελφος·
877 1082 1002 1119 τοῦτο
1027 1075 1104 1131 γάρ
1127 1076 1165 1118 οἱ
1185 1077 1252 1118 καὶ
1274 1074 1650 1131 συμπεφωνημένος

173 1149 330 1205 μισθὸς
351 1144 401 1204 ἦν
425 1147 538 1202 παρὰ
559 1153 634 1202 τῆς
660 1148 876 1201 ἐκκλησίας
893 1150 970 1201 τῆς
991 1147 1053 1188 ἐπὶ
1074 1150 1132 1203 τῷ
1153 1146 1316 1201 Μαφρὲ
1342 1144 1652 1187 ἇποστατοῦντι

176 1217 307 1273 ὁρμῆς
316 1251 330 1271 ,
377 1216 428 1259 ἂν
461 1219 517 1266 εἷς
545 1217 661 1266 τέλος
685 1214 822 1274 νικῴη.
895 1217 980 1257 ἐπεὶ
1010 1219 1168 1266 ταῦτα,
1206 1214 1308 1269 ἔγνω
1333 1213 1437 1268 πρὸς
1463 1213 1652 1261 Παίονας

122 1299 164 1335 15
178 1288 252 1343 τὴν
270 1287 488 1344 πρεσβείαν
509 1289 688 1329 στεῖλαι·
726 1283 747 1328 ὁ
769 1284 848 1340 γὰρ
869 1284 947 1341 ρὴξ
967 1285 1126 1326 ἐκείνων
1152 1283 1242 1332 υἶός
1264 1279 1315 1337 ἦν
1334 1280 1586 1337 Ῥωμογενὴς
1608 1283 1652 1323 ἐκ

174 1357 334 1412 μητρὸς
364 1360 422 1414 τῷ
455 1355 547 1412 ρηγὶ
570 1356 781 1411 γεννηθεὶς
809 1357 885 1408 τῆς
906 1357 982 1395 τοῦ
998 1356 1179 1394 παλαιοῦ
1199 1349 1402 1405 Λάσκαρι
1426 1346 1652 1406 θυγατρός.

175 1433 282 1481 τρεῖς
309 1425 386 1481 γὰρ
423 1424 557 1481 ἐκείνῳ
588 1420 848 1477 βασιλεύοντι
885 1419 1076 1473 τηνικάδε
1104 1419 1330 1476 θυγατέρες
1363 1415 1494 1475 ἦσαν,
1543 1417 1647 1472 αὕτη
1673 1422 1704 1456 C

175 1495 275 1549 μία,
314 1494 382 1536 καὶ
414 1491 644 1546 θαυμαστὴ
672 1489 827 1548 Εἰρήνη
856 1490 1052 1547 δευτέρα,
1090 1488 1142 1546 ’ἢν
1162 1487 1185 1532 ὃ
1203 1486 1397 1545 Ἰωάννης
1424 1488 1534 1543 σχὼν
1555 1489 1657 1542 ἐβα-

271 1603 325 1638 18.
348 1601 433 1646 καὶ]
461 1599 525 1637 καὶ
547 1598 602 1647 ἡῒ

178 1695 281 1739 hnic,
305 1698 345 1728 ut
368 1693 482 1728 multis
506 1693 606 1735 aliis,
640 1693 804 1728 obstabat
826 1692 986 1728 valetudo
1010 1675 1188 1738 quominus
1207 1691 1347 1738 'saepius
1369 1689 1406 1724 in
1428 1688 1577 1730 mense‚''
1603 1687 1655 1722 in-

178 1741 311 1795 terdum
337 1741 412 1786 plus
442 1740 545 1774 semel
568 1739 604 1774 in
626 1739 859 1782 hebdomade,
892 1739 1007 1775 adiret
1024 1740 1264 1786 imperatorem
1279 1764 1291 1781 ‚
1315 1738 1438 1784 partim
1458 1736 1549 1770 ultro
1572 1746 1655 1781 par-

177 1794 238 1821 tim
260 1787 459 1821 accersitus.

268 1834 326 1869 29.
375 1832 542 1874 Quoniam
565 1843 648 1867 vero
670 1830 739 1866 iam
762 1832 798 1866 in
819 1831 931 1866 virum
957 1831 1155 1867 adoleverat
1169 1831 1260 1865 filius
1282 1828 1499 1876 imperatoris
1521 1827 1656 1862 Andro-

177 1879 296 1920 nicus,
319 1891 419 1925 quem
442 1879 473 1913 is
497 1884 536 1913 ut
570 1878 827 1924 primogenitum
857 1878 922 1913 sibi
954 1879 1166 1924 principatus
1195 1887 1426 1912 successorem
1449 1875 1655 1914 destinabat,

177 1925 278 1971 eique
298 1931 483 1971 propterea
505 1925 664 1960 idoneam
686 1925 754 1959 iam
778 1937 867 1960 nunc
890 1925 1068 1969 coniugem
1092 1923 1298 1970 expediebat
1321 1923 1484 1967 iungere,
1509 1923 1654 1961 circum-

177 1972 346 2017 spiciebat
376 1973 550 2016 Augustus
582 1971 641 2005 ubi
675 1972 719 2005 ad
751 1971 786 2005 id
816 1974 930 2016 aptam
963 1971 1147 2006 inveniret.
1204 1982 1246 2004 ac
1279 1981 1322 2004 ne
1357 1970 1459 2003 talem
1491 1969 1527 2002 in
1550 1967 1655 2001 Italia

177 2022 359 2063 quaereret
379 2018 584 2063 prohibebat
606 2029 769 2062 praesens
792 2017 841 2052 ibi
864 2023 976 2052 status
1000 2029 1125 2052 rerum.
1171 2017 1341 2060 regnabat
1362 2015 1396 2049 in
1422 2015 1563 2060 Apulia,
1588 2015 1653 2047 hoc

178 2070 233 2098 est
254 2064 289 2098 in
314 2070 415 2110 parte
438 2064 557 2098 ltaliae
581 2063 753 2098 Orientali
774 2065 919 2098 obversa
941 2065 1104 2110 imperio,
1130 2063 1296 2103 Carolus,
1323 2061 1433 2107 palam
1458 2066 1494 2095 et
1516 2060 1651 2093 irrevo-

178 2110 335 2144 cabiliter
358 2110 744 2155 Constantinopolitanis
765 2110 917 2144 infensus
944 2111 988 2144 ob
1012 2116 1165 2155 ereptam
1188 2109 1319 2143 Latinis
1344 2109 1462 2141 urbem
1486 2106 1652 2139 eiectum-

179 2168 246 2200 que
268 2157 348 2191 inde
372 2156 594 2200 Balduinum,
615 2157 750 2202 quicum
773 2156 838 2201 ipsi
862 2157 1040 2191 affinitatis
1063 2162 1141 2191 arta
1164 2155 1380 2190 necessitudo
1402 2152 1649 2195 intercedebat,

177 2201 297 2236 liberis
319 2203 492 2237 amborum
526 2203 692 2237 connubio
714 2203 912 2238 foederatis.
960 2214 1067 2249 quare
1089 2202 1302 2236 manifestum
1334 2203 1412 2234 erat
1433 2198 1557 2242 legatis
1578 2198 1651 2232 Ro-

150 2283 156 2286 ,
178 2248 286 2282 manis
302 2274 312 2291 ‚
337 2248 367 2282 si
391 2249 480 2283 forte
501 2248 535 2282 in
557 2249 754 2283 ulteriorem
775 2249 990 2284 mitterentur
1021 2248 1157 2283 Italiam
1178 2247 1269 2282 filiae
1300 2245 1472 2280 cuiusdam
1494 2244 1563 2278 illic
1585 2244 1652 2278 im-

177 2293 396 2339 peritantium
425 2295 569 2339 Augusti
599 2294 668 2329 filio
701 2295 918 2340 poscendae,
954 2307 1018 2341 per
1045 2292 1378 2328 irreconciliabiliter
1410 2291 1554 2325 infestos
1576 2290 1651 2324 Ro-

179 2343 279 2376 mano
302 2339 430 2375 nomini
451 2345 622 2375 terrarum
644 2342 853 2386 mariumque
877 2345 1008 2376 tractus
1041 2341 1128 2383 iter,
1156 2346 1196 2374 ut
1229 2338 1480 2380 necessarium,
1511 2337 1563 2371 ita
1585 2336 1651 2370 mi·-

179 2386 270 2420 nime
292 2390 401 2420 tutum
425 2386 512 2422 fore.
558 2387 625 2420 iam
657 2387 744 2421 enim
770 2388 950 2422 Manfredo
972 2387 1101 2422 aemulo
1134 2385 1290 2432 perculso
1313 2384 1516 2429 abiectoque
1538 2382 1651 2416 victor

181 2432 346 2473 Carolus,
369 2433 479 2466 frater
502 2433 593 2477 regis
618 2432 803 2476 mancine,
827 2445 870 2467 ex
892 2438 993 2468 conto
1017 2434 1091 2468 sive
1114 2433 1260 2474 comite,
1292 2430 1404 2477 qualis
1428 2430 1522 2475 prius
1543 2440 1651 2463 voca-

178 2479 301 2518 batur,
325 2477 454 2522 regium
478 2477 658 2523 magnifice
680 2490 800 2513 nomen
822 2484 1073 2524 assumpserat,
1096 2478 1207 2523 ampla
1236 2489 1278 2512 ea
1299 2477 1456 2512 mercede
1478 2477 1522 2510 ab
1539 2475 1652 2509 eccle·-

179 2524 232 2558 sia
254 2528 487 2558 remuneratus
510 2525 554 2558 ob
577 2530 739 2559 navatam
762 2525 794 2559 ei
819 2526 951 2560 fidelem
975 2531 1012 2559 et
1033 2525 1164 2559 felicem
1182 2535 1320 2569 operam
1339 2524 1374 2558 in
1396 2522 1568 2558 Manfredi
1586 2521 1649 2554 de-

178 2570 327 2605 fectione
350 2571 545 2605 ulciscenda
567 2570 712 2616 ipsoque
742 2572 863 2606 rebelli
890 2571 1115 2617 profligando.
1161 2571 1248 2605 haec
1277 2575 1440 2616 reputans
1463 2569 1650 2614 imperator

180 2618 327 2651 animum
361 2621 398 2652 et
429 2628 510 2662 spes
535 2616 643 2652 vertit
674 2617 710 2652 in
741 2618 968 2660 Pannoniam,
1013 2630 1123 2672 eoque
1152 2619 1286 2663 legatos
1316 2616 1470 2652 decrevit
1501 2614 1649 2650 mittere.

178 2673 241 2696 rex
274 2663 324 2697 ibi
356 2664 594 2698 dominabatur
626 2667 760 2708 partem
789 2665 936 2698 Romani
966 2675 1101 2709 generis
1130 2675 1174 2699 ex
1204 2670 1314 2700 matre
1345 2664 1485 2697 trahens
1508 2659 1650 2695 senioris

178 2708 341 2744 Lascaris
369 2710 454 2744 filia.
479 2709 580 2751 ,'huic
614 2708 702 2744 enim
737 2711 829 2756 apud
867 2722 930 2745 nos
962 2710 1159 2757 imperantis
1191 2716 1266 2746 tres
1295 2707 1526 2745 tantummodo
1558 2706 1652 2740 filiae

178 2755 338 2810 suequqt,
364 2767 508 2802 quarum
536 2767 605 2790 una
643 2755 728 2804 regi
752 2760 862 2803 nupta
893 2757 1088 2793 Pannoniae
1116 2757 1224 2804 ipsius
1258 2757 1321 2792 filii
1353 2767 1443 2790 nunc
1473 2751 1651 2798 regnantis

178 2805 325 2844 genitrix
349 2802 476 2838 extitit.
524 2803 635 2837 altera
656 2803 776 2839 Ioanni
796 2804 871 2838 viro
894 2803 1071 2850 imperium
1094 2815 1116 2838 a
1138 2815 1256 2839 socero
1279 2802 1513 2838 transmissum
1535 2809 1667 2834 secum«

178 2849 316 2893 attulit5
347 2851 449 2886 tertia
480 2850 623 2898 denique
654 2851 814 2888 Eudocia
847 2862 967 2899 magno
998 2853 1089 2900 apud
1120 2855 1241 2890 urbem
1270 2851 1405 2886 domino
1428 2851 1562 2884 elocuta
1584 2851 1651 2883 est·
