1884 3262
614 225 721 271 ιιΒ.
738 224 774 271 ι.
829 202 1196 272 GLossnutm,
1534 226 1634 273 575

173 342 343 378 vocatur
370 343 446 377 :m
478 337 561 387 Ob,·
592 349 692 389 quae
722 350 804 378 vox
830 337 923 376 libri
948 338 1016 376 Iob
1047 350 1084 378 c.
1110 340 1165 381 32
1184 340 1239 379 20
1271 342 1404 377 utrem
1430 337 1634 390 significat,

174 396 266 446 quia
286 394 430 432 scilicet
450 395 617 433 daemon
633 395 707 434 iste
723 394 921 433 insidebat
938 400 1119 433 ventrem
1138 393 1439 446 phanaticarum
1456 395 1634 446 istarum,

172 463 224 489 ex
242 464 367 501 eoque
384 451 426 489 in
442 451 606 489 modum
623 452 725 490 utris
744 451 884 490 inflato
904 464 1022 490 voces
1040 451 1257 500 emittebat,
1288 465 1385 503 quas
1403 452 1517 490 stulti
1535 465 1635 490 con·-

171 507 344 546 sulentes
376 521 450 559 pro
485 509 654 546 oraculis
689 507 899 546 habebant.
956 507 1051 546 hinc
1082 521 1182 558 quae
1212 508 1299 559 quis
1326 509 1489 560 proprio
1517 521 1635 547 sensu

171 564 259 602 sine
282 564 476 602 maiorum
503 565 740 604 auctoritate
767 564 1004 615 affirmaret,
1035 559 1115 606 ἆπό
1131 567 1285 613 κοιλίας
1305 569 1458 616 φωνεῖν
1475 564 1634 618 Pachy-

170 620 268 660 meri
292 620 450 660 dicitur.

281 675 476 719 κοινόν
512 689 550 729 Ρ.
579 679 662 719 280
696 691 737 717 v.
764 678 828 718 16.
885 674 967 717 υπὸ
993 673 1101 731 τὸμῳ
1131 679 1259 744 κοινῷ
1287 673 1477 730 γεγονότι.
1534 690 1631 716 cave

168 739 282 785 putes
307 737 433 790 κοινῷ
460 734 692 772 adiunctum
716 733 782 772 hic
807 746 889 771 esse
911 733 1082 772 nominis
1107 731 1224 788 τὸμῳ.
1282 740 1342 772 est
1365 734 1468 772 enim
1488 730 1631 775 κοινόν

166 797 356 828 neutrum
381 775 694 839 substantivum,
724 797 880 828 coetum
906 803 1152 828 communem
1171 796 1212 828 et
1230 804 1374 842 corpus
1396 791 1628 829 universum

167 847 593 911 constantinopolitani
622 846 715 885 cleri
741 847 785 885 in
815 860 942 885 uuum
970 853 1246 898 congregatum
1277 847 1519 898 significauit,
1549 861 1628 885 no·-

164 903 275 941 tione
294 903 463 954 antiquis
482 904 598 942 etiam
617 903 775 942 usitata.
832 903 929 954 quid
946 903 999 942 sit
1014 910 1143 942 autem
1162 903 1271 942 hunc
1290 910 1531 943 conventum
1549 902 1627 941 ha·-

164 959 252 998 beri
278 956 359 1001 ὖπό
387 957 496 1027 τόμω
523 959 600 997 sub
628 967 758 1011 tomo,
788 959 944 999 dicetur
959 961 1083 999 verbo
1101 957 1229 1013 τόμος.
1285 960 1378 1000 vide
1394 961 1513 999 etiam
1531 973 1627 1000 ver-

164 1016 262 1055 bum
281 1012 554 1082 υποψήφιος.

275 1068 554 1114 κοινωνικό
563 1087 583 1120 ς
610 1085 649 1124 p.
667 1074 750 1114 378
771 1085 810 1111 v.
828 1074 869 1114 3.
924 1069 1166 1121 κοινωνικός
1179 1070 1224 1113 δὲ
1241 1069 1345 1113 εἶναι
1359 1075 1411 1128 τῇ
1425 1072 1623 1128 ἐκκλησίᾳ.

163 1129 221 1167 sic
248 1129 412 1180 loquens
436 1129 584 1168 Veccus
614 1142 695 1166 non
727 1141 772 1166 ea
801 1129 1075 1168 communione
1105 1141 1144 1166 se
1170 1129 1426 1168 coniunctum
1445 1129 1628 1167 ecclesiae

164 1185 280 1234 dicit,
319 1198 398 1236 qua
425 1185 588 1236 quilibet
617 1184 882 1234 Christianus,
916 1186 1035 1223 etiam
1063 1185 1186 1224 laicus
1206 1215 1217 1235 ,
1254 1186 1289 1224 ei
1317 1186 1526 1234 adhaeret,
1556 1185 1626 1224 sed

163 1242 241 1279 alia
266 1242 473 1293 peculiari,
506 1241 797 1293 adscriptorum
815 1242 919 1279 clero
942 1243 1125 1294 propria,
1154 1249 1194 1280 et
1215 1243 1476 1294 proventibus
1499 1243 1627 1280 eccle-

162 1298 327 1336 siasticis
355 1311 400 1336 eo
430 1299 588 1337 nomine
614 1298 948 1349 participantium.
1006 1312 1084 1349 quo
1113 1299 1310 1350 pertinent
1342 1300 1543 1368 superiora
1565 1298 1628 1337 his

161 1355 348 1406 contigua
367 1355 539 1392 eiusdem
558 1354 675 1393 Vecci
694 1354 834 1392 verba.
863 1351 984 1402 αὐτός
1002 1353 1078 1408 γὰρ
1100 1354 1253 1423 ἕτοιμος
1279 1352 1382 1396 εἶναι
1406 1355 1474 1395 καὶ
1499 1351 1628 1406 ἆφφί-

159 1426 253 1452 κιον
271 1408 506 1451 ἀποθέσθαι
523 1409 591 1451 καὶ
611 1413 746 1450 πᾶσαν
764 1406 929 1460 αφεῖναι
944 1407 1019 1462 τὴν
1035 1409 1137 1463 πρός
1156 1407 1274 1451 αὐτὸν
1290 1410 1504 1464 πρόσοδον.
1560 1412 1626 1451 vi·-

161 1466 281 1505 detur
310 1467 459 1518 aliquid
490 1466 609 1505 hodie
641 1467 763 1504 simile
796 1467 838 1504 in
867 1480 944 1505 usu
972 1467 1102 1506 curiae
1130 1468 1354 1517 Romanae,
1385 1468 1453 1507 ubi
1478 1468 1626 1506 notarii

160 1523 322 1574 quidam
349 1524 562 1575 Apostolici
582 1525 883 1574 participantes
910 1523 1121 1573 dicuntur,
1150 1537 1252 1574 quae
1271 1538 1355 1564 vox
1372 1528 1627 1574 κοινωνικοῖς

159 1580 394 1632 respondet,
421 1580 473 1618 ad
495 1579 754 1618 differentiam
774 1579 953 1618 aliorum.

272 1639 635 1685 κονοσταῦλος.
692 1636 748 1674 sic
785 1636 923 1674 scribit
941 1635 1085 1688 passim
1106 1634 1184 1674 hoc
1203 1636 1442 1676 vocabulum
1462 1635 1620 1688 Pachy-

159 1706 306 1743 meres,
344 1693 726 1744 pronuntiationem,
763 1699 811 1731 ut
834 1699 1018 1745 apparet,
1045 1693 1315 1742 Francorum,
1353 1707 1377 1731 a
1406 1693 1549 1744 quibus
1574 1693 1618 1731 id

160 1762 305 1788 nomen
325 1750 464 1788 Graeci
482 1762 699 1802 sumpsere,
724 1749 889 1802 propius
912 1755 1136 1789 assectatus.
1192 1750 1250 1787 illi
1270 1750 1374 1788 enim
1395 1750 1619 1788 conestable

159 1805 264 1845 hanc
293 1806 521 1858 dignitatem
550 1812 708 1846 vocant.
764 1812 806 1844 et
832 1806 910 1856 sic,
939 1813 987 1845 ιιι
1012 1812 1070 1844 est
1097 1806 1304 1855 credibile,
1331 1813 1431 1846 tunc
1459 1819 1616 1857 quoque

157 1875 231 1915 per
255 1863 478 1913 Orientem,
506 1863 575 1902 ubi
604 1862 721 1902 multi
742 1863 1023 1911 versabantur,
1055 1863 1321 1915 proferebant.
1377 1863 1455 1902 hoc
1473 1863 1615 1901 admo-

157 1919 336 1958 nendum
356 1919 505 1969 visum,
535 1920 720 1971 quoniam
742 1920 806 1958 alii
833 1920 947 1971 longe
975 1920 1090 1958 aliter
1116 1920 1161 1958 id
1188 1933 1334 1958 nomen
1355 1920 1545 1971 efferunt,
1574 1925 1615 1959 et

158 1988 211 2014 ne
231 1977 320 2027 quis
340 1989 402 2014 me
424 1977 467 2015 in
486 1977 667 2016 versione
685 1977 956 2015 conostaulum
972 1976 1140 2015 reddere
1158 1977 1338 2016 miretur.

270 2029 453 2082 πόντος
481 2047 520 2085 p.
542 2035 618 2075 181
642 2046 682 2073 v.
699 2037 739 2075 2.
798 2047 936 2072 vocem
959 2033 1143 2080 Comitis,
1171 2039 1219 2072 ut
1237 2033 1466 2084 dignitatem
1484 2038 1614 2082 notat,

158 2089 415 2140 scriptoribus
443 2090 596 2128 citimae
625 2090 834 2130 vetustatis
860 2091 1019 2139 tritam,
1047 2089 1306 2141 Pachymeres
1326 2089 1393 2127 hic
1413 2089 1614 2140 exprimit,

157 2151 281 2196 prout
301 2146 418 2196 vulgo
438 2147 689 2198 pronuntiari
720 2147 769 2185 ab
798 2146 904 2185 Italis
936 2146 1106 2195 solebat,
1134 2154 1268 2195 conto,
1297 2151 1365 2184 aut
1385 2151 1432 2183 ut
1450 2145 1613 2183 effertur

157 2200 278 2239 hodie
301 2209 411 2239 conte
420 2217 435 2250 ,-
465 2203 572 2252 quod
590 2204 735 2241 Graece
756 2200 902 2244 κόντον
922 2203 1058 2242 reddit
1078 2208 1119 2241 et
1140 2216 1213 2240 nos
1232 2210 1396 2240 contum
1414 2202 1612 2253 expressi-

156 2271 257 2296 mus.
312 2270 397 2296 rem
415 2264 546 2297 autem
561 2259 685 2310 ipsam
703 2260 811 2310 quod
828 2261 980 2308 attinet,
1010 2259 1083 2297 etsi
1097 2258 1354 2309 Pachymeres
1370 2259 1514 2311 passim
1528 2258 1612 2297 ini-

158 2314 274 2364 quior
307 2314 456 2352 Latinis
487 2322 648 2353 contum
673 2315 800 2365 hunc,
831 2317 880 2354 de
909 2330 988 2366 quo
1017 2317 1113 2366 agit,
1142 2315 1347 2353 ambitiose
1375 2321 1563 2354 vocatum
1587 2329 1612 2352 a

156 2370 236 2408 suis
268 2370 395 2419 dicat,
425 2371 535 2421 quasi
561 2372 739 2424 ampliori
758 2373 953 2411 vocabulo
973 2385 1091 2422 quam
1108 2372 1251 2410 modus
1269 2371 1350 2410 eius
1376 2371 1612 2410 domesticae

156 2426 359 2478 dignitatis
384 2427 529 2474 ferret,
558 2434 689 2467 tamen
719 2442 809 2467 cum
837 2429 945 2467 hunc
970 2429 1214 2466 Genuensem
1233 2429 1481 2468 nominatum
1502 2429 1610 2468 dicat

161 2484 414 2533 Vintimilia,
443 2484 579 2536 audivi
599 2498 649 2523 ex
666 2486 713 2523 iis
733 2486 799 2536 qui
816 2485 1069 2536 antiquitates
1096 2485 1359 2524 Genuensium
1385 2492 1610 2538 perspectas

154 2538 324 2588 habent,
353 2553 492 2580 revera
522 2541 674 2580 comitis
701 2554 844 2580 nomen
870 2542 937 2580 isti
960 2541 1127 2580 familiae
1147 2555 1196 2580 ex
1214 2542 1479 2582 vetustissimo
1502 2549 1609 2581 tem-

153 2609 251 2648 pore
265 2597 389 2635 tribui
408 2598 664 2637 consuevisse.
722 2611 860 2637 verum
878 2599 1042 2637 fortasse
1054 2605 1236 2638 nostrum
1256 2600 1394 2648 movit,
1423 2606 1471 2638 ut
1487 2599 1605 2637 istam
1629 2599 1657 2633 P
1680 2601 1747 2635 396

152 2653 269 2691 nimis
294 2654 539 2719 splendidam
572 2654 668 2694 civis
705 2655 919 2694 Genuensis
951 2655 1251 2707 appellationem
1276 2662 1459 2709 putaret,
1495 2655 1604 2705 quod

152 2710 314 2748 maximi
340 2716 439 2750 tunc
465 2710 661 2764 principes
677 2724 722 2749 ea
741 2711 933 2751 honorari
951 2713 1043 2751 satis
1058 2711 1262 2752 haberent.
1318 2726 1396 2764 quo
1416 2712 1602 2764 pertinet,

152 2766 261 2815 quod
290 2767 464 2806 eiusdem
495 2767 588 2807 libri
612 2781 647 2811 c.
673 2770 700 2810 8
727 2769 880 2818 scribit,
920 2769 970 2808 de
1000 2770 1139 2809 Carolo
1170 2783 1284 2822 agens
1313 2782 1402 2820 rege
1431 2767 1601 2808 Siciliae:

153 2817 330 2872 ἆδελφον
350 2825 474 2877 ρῆγος
495 2826 578 2866 τῶν
601 2825 929 2879 Φραγτζίσκων”
904 2841 1001 2867 οντα
1024 2826 1092 2867 καὶ
1110 2827 1166 2874 εἶς
1186 2824 1350 2874 κόντους
1366 2824 1600 2879 τεταγμένον

151 2875 216 2920 τᾶν
242 2875 464 2934 Κάρονλον.
521 2882 684 2922 Carolus
710 2883 917 2934 nimirum,
943 2884 1066 2923 frater
1086 2885 1126 2924 S.
1144 2883 1336 2923 Ludovici
1351 2882 1451 2935 regis
1469 2882 1598 2922 Fran-
