1846 3262
410 194 486 245 DE
520 191 797 236 MICHAELE
831 188 1208 235 PALAEOLOGO
1244 190 1292 234 L.
1326 188 1382 235 11.
1531 186 1627 233 105

157 315 250 353 νεΐν.
322 309 471 359 ἐκεῖνος
498 309 637 351 τοίνυν
660 305 769 362 μεθὸ
798 307 866 349 καὶ
889 302 1206 361 δημηγορήσειε,
1239 304 1399 354 κοντοῖς
1416 302 1483 346 καὶ
1501 304 1629 359 σφαί-

155 394 250 434 ραις
278 384 366 428 τοῖς
393 377 566 434 ἄρχουσι
597 372 866 428 συνιππάζετό
903 391 947 417 τε
977 377 1044 417 καὶ
1069 374 1302 426 συνέπαιζε,
1333 375 1400 416 καὶ
1422 372 1558 430 τρυφὴ
1578 367 1630 428 ἦν

157 454 245 496 τοῖς
260 447 459 502 βλέπουσι
483 446 535 489 τὰ
555 443 830 503 πραττόμενα.
899 445 955 493 εἷς
973 438 1098 486 τόσον
1118 444 1163 485 δὲ
1182 443 1229 486 τὸ
1252 446 1417 498 πλῆθος
1446 444 1632 498 δημηγο-

160 520 244 572 ρῶν
264 518 320 566 εἷς
340 516 474 559 ἄνεσιν
491 516 630 571 ἔτρεπε
651 515 723 558 καί
742 530 841 571 σφιν
859 512 1046 568 χρηστὰς
1063 512 1139 561 τὰς
1160 513 1328 562 ἐλπίδας
1346 510 1548 555 ὑπέτεινεν
1576 509 1633 562 ὥς

124 595 146 630 5
159 589 293 635 καλῶς
313 587 370 636 εἷς
394 585 562 628 τούπιὸν
579 582 824 638 βιώσουσιν,
865 581 970 626 ὥστε
987 583 1053 624 καὶ
1065 582 1248 637 χαρίτων
1271 581 1453 637 ἀρχαίων
1475 585 1635 624 πολιτι·

157 658 240 698 κῶν
255 652 558 710 ὑπεμίμνησκεν
576 654 813 709 ε’λευθερίας
830 655 1046 709 φερουσῶν
1070 649 1295 704 σύμβολον.
1331 646 1438 706 ἦσαν
1458 651 1481 693 δ
1489 650 1502 666 ²
1525 651 1626 693 ἔκεῖ-
1650 654 1682 688 G

157 741 224 766 ναι
250 722 536 780 προσκλώθειν
555 722 630 772 τὰς
646 720 853 778 γενειάδας
875 721 1074 770 πὲκοντας
1092 721 1158 763 καὶ
1176 721 1333 777 χαίρειν
1354 719 1502 775 ἀνέδην
1517 733 1527 743 ·
1563 720 1637 762 καί

158 809 263 843 τινες
293 793 588 850 προσέκλωθον
619 793 734 847 δίχα,
766 792 834 834 καὶ
867 794 978 848 σφᾶς
1004 787 1145 846 ἑώρων
1171 789 1248 846 ἐγώ
1268 789 1544 844 γαννυμένους
1569 787 1634 832 ὅτι

157 866 285 905 τοῦτο
318 859 466 905 κελεύει
496 859 518 904 ὃ
547 858 762 916 βασιλεύς,
804 858 879 914 τὴν
909 860 974 902 ε’πὶ
1006 863 1090 902 τῶν
1122 857 1376 914 πραγμάτων
1416 856 1634 914 εὐμάρειαν

105 929 494 986 Ιοῦπισχνούμενος.
563 925 672 985 ἦσαν
700 931 749 973 δέ
773 945 879 979 τινες
907 928 982 972 οὔκ
1013 926 1094 972 οἷδ’
1125 926 1282 972 ὁπόθεν
1301 932 1383 971 τῶν
1399 926 1634 982 μελλόντων

158 1001 489 1057 προφοιβασταί,
527 1001 594 1042 καὶ
614 997 789 1042 κλώθειν
811 999 1090 1056 προσέταττον
1104 999 1297 1053 χαίρουσι
1318 1005 1402 1052 τοῖς
1422 996 1633 1052 ἐλπιζομέ-

157 1086 265 1120 νοις,
313 1067 371 1119 ὥς
410 1073 583 1123 συροῦσι
624 1068 893 1123 λυπουμένοις
920 1075 1005 1118 τοῖς
1036 1067 1353 1124 πραττομένοις,
1399 1069 1434 1111 εἴ
1466 1071 1631 1126 πεινῷεν
1654 1070 1686 1105 D

157 1136 388 1194 ἐσύστερον.
441 1138 480 1181 οἱ
501 1140 525 1181 δ
533 1138 544 1154 '
567 1135 622 1188 ὡς
644 1140 803 1189 εἰκαίως
824 1137 1053 1194 λεγομένοις
1074 1136 1123 1180 οὗ
1146 1145 1387 1193 προσεῖχον,
1424 1135 1531 1180 ἀλλὰ
1549 1140 1633 1179 τῶν

158 1207 332 1263 ἀγαθῶν
363 1202 470 1262 ἦσαν
501 1208 702 1260 ἐλπίδων,
744 1206 821 1251 κᾶν
854 1206 1015 1264 φόβους
1043 1224 1103 1257 τις
1127 1207 1245 1263 λέγοι.
1313 1208 1350 1249 εἰ
1367 1208 1465 1262 γοῦν
1488 1205 1631 1262 ἀληθῆ

105 1284 147 1320 15
159 1276 211 1319 τὰ
239 1274 538 1335 φοιβάσματα,
576 1277 721 1328 ἔδειξεν
749 1275 770 1320 ὃ
802 1274 978 1333 καιρός,
1006 1278 1074 1319 καὶ
1101 1275 1216 1333 ἡμεῖς
1241 1275 1345 1338 κατὰ
1364 1273 1491 1319 τόπον
1511 1277 1633 1333 ε’ροῦ-

157 1362 232 1401 μεν
241 1379 255 1400 ,
291 1347 421 1402 μηδὲν
442 1347 695 1403 προσθέντες
717 1348 772 1396 εἷς
792 1346 866 1402 τὴν
881 1351 955 1401 τῆς
976 1346 1176 1403 ἀληθείας
1195 1344 1408 1390 σύστασιν.

299 1413 407 1458 Τότε
425 1416 562 1458 τοίνυν
580 1415 651 1472 ἐφ’
673 1413 845 1472 ἡμέραις
868 1417 947 1458 τισὶ
969 1417 1196 1473 διατρίψας
1217 1414 1323 1458 κατὰ
1345 1414 1420 1470 τὴν
1436 1413 1630 1466 Νίκαιαν,

160 1484 244 1526 ἐπεὶ
272 1488 530 1527 παλινοστεΐν
564 1484 643 1527 ἴδει
671 1484 774 1541 πρὸς
797 1482 1046 1542 Νύμφαιον,
1085 1489 1144 1544 τῷ
1167 1482 1401 1541 πατριάρχῃ
1427 1480 1634 1534 συνταξά-

160 1570 304 1607 μενος,
336 1554 403 1596 καὶ
430 1553 479 1596 τὸ
508 1555 672 1596 παιδίον
701 1553 958 1609 παραλαβών
985 1552 1006 1597 ὃ
1037 1552 1218 1610 κηδεύειν
1243 1552 1436 1607 ὑποσχών
1465 1550 1628 1604 ἔαυτόν,

104 1622 303 1673 wizzam
323 1621 411 1677 ἅμα
430 1630 518 1672 τοῖς
535 1624 576 1665 ἐν
595 1624 696 1667 τέλει
717 1626 785 1666 καὶ
807 1628 865 1684 τῷ
888 1628 1069 1683 στρατῷ.
1142 1622 1263 1682 (10)
1303 1625 1370 1666 καὶ
1402 1620 1423 1665 ὃ
1454 1623 1529 1677 μὲν
1556 1640 1629 1665 κα-
1654 1627 1683 1662 Ρ
1707 1627 1752 1662 68

158 1754 292 1789 omnino
323 1755 472 1789 futurum
504 1758 558 1790 est
586 1755 679 1790 nulla
704 1766 807 1802 posse
829 1755 1009 1802 prudentia
1032 1756 1216 1803 praeverti.
1264 1758 1435 1791 caeterum
1458 1755 1632 1791 Palaeolo-

158 1812 224 1846 gns
245 1804 323 1846 post
345 1801 422 1836 illas
447 1802 624 1837 conciones
647 1803 755 1837 contis
780 1807 816 1836 et
839 1803 907 1848 pila
931 1803 1103 1838 colludens
1138 1815 1212 1838 cum
1247 1803 1471 1849 principibus,
1502 1802 1634 1838 ludicra

157 1847 331 1893 equestria
354 1858 476 1893 magna
498 1849 725 1895 spectantium
747 1850 925 1895 voluptate
951 1850 1166 1885 decurrebat.
1215 1861 1318 1895 porro
1349 1849 1424 1884 istis
1459 1849 1631 1884 concioni-

157 1894 222 1928 bus
246 1898 377 1928 tantum
400 1896 510 1929 bonae
533 1895 607 1941 spei
631 1896 855 1942 laetitiaeque
879 1897 1099 1942 popularibus
1123 1896 1240 1931 animis
1262 1896 1445 1937 iniecerat,
1467 1901 1508 1931 ut
1530 1894 1631 1941 quasi

158 1940 245 1974 certi
275 1940 460 1976 duraturae
488 1942 666 1977 felicitatis
688 1943 795 1976 vitam
818 1943 885 1977 sibi
909 1944 998 1978 omni
1028 1942 1260 1989 prosperitate
1283 1944 1483 1978 cumulatam
1507 1942 1542 1976 in
1567 1953 1632 1986 po-

157 1993 284 2021 sterum
308 1992 575 2030 augurarentur,
594 1994 630 2023 et
652 1989 777 2034 passim
802 1989 959 2024 familiari
982 1990 1212 2035 gratulatione
1234 1989 1400 2036 quaedam
1423 2001 1466 2024 ex
1489 1989 1630 2034 antiqua
1682 2022 1683 2025 ,

156 2033 318 2068 memoria
342 2033 477 2069 facetae
501 2035 724 2077 urbanitatis,
754 2036 922 2070 libertatis
946 2047 1042 2071 omen
1066 2036 1248 2078 habentia,
1283 2036 1375 2071 dicta
1398 2037 1630 2070 retractarent

155 2080 484 2126 frequentarentque
515 2081 739 2116 sermonibus.
785 2086 883 2117 erant
915 2087 1029 2118 autem
1062 2094 1126 2124 ea,
1155 2083 1259 2117 licere
1282 2094 1370 2117 nunc
1391 2082 1477 2128 pilos
1498 2082 1629 2116 barbae

156 2125 305 2159 mulcere
326 2132 465 2171 pectere
488 2127 672 2174 digitisque
705 2129 897 2175 torquendo
919 2130 1071 2175 crispare
1094 2130 1148 2164 fas
1170 2130 1357 2175 ostiumque
1382 2140 1479 2170 esse,
1509 2127 1631 2172 utique

156 2172 297 2217 profuse
328 2173 566 2217 gaudentibus.
612 2184 676 2209 nec
706 2186 805 2210 secus
828 2177 931 2220 vulgo
955 2176 1161 2210 factitabant
1190 2177 1361 2220 gestiente
1383 2175 1531 2220 quadam
1555 2173 1630 2207 ala-

156 2218 302 2259 critate,
333 2219 468 2253 innatos
497 2220 593 2266 genis
627 2221 713 2267 pilos
745 2221 894 2255 nonnulli
925 2222 1081 2258 bifariam
1106 2222 1387 2267 discriminantes,
1435 2226 1471 2254 et.
1494 2219 1630 2255 memini

156 2276 210 2298 ine
231 2263 352 2298 videre
375 2265 424 2299 sic
448 2272 590 2310 agentes
613 2267 821 2302 exultatione
842 2268 992 2312 ingenti,
1015 2275 1051 2303 et
1075 2268 1240 2303 addentes
1262 2268 1313 2303 sic
1335 2268 1456 2302 iubere
1479 2267 1629 2311 impera—

155 2316 288 2353 torem,
319 2311 396 2344 dum
425 2315 495 2346 tam
519 2314 621 2347 beata
645 2314 747 2348 rebus
772 2314 842 2348 otia
866 2317 935 2348 tum
958 2318 1153 2361 praestaret
1175 2320 1246 2349 tum
1272 2315 1307 2349 in
1331 2320 1505 2361 posterum
1529 2313 1630 2358 polli—

157 2361 314 2398 ceretur,
338 2358 468 2392 frustra
490 2359 711 2405 obstrepente
733 2360 863 2395 insanis
885 2363 1018 2405 gaudiis
1042 2373 1175 2396 morosa
1196 2361 1337 2396 tristitia
1360 2366 1475 2394 vatum
1502 2359 1628 2394 omino-

156 2413 268 2437 sorum
282 2429 292 2445 ,
325 2403 438 2438 nescio
461 2406 551 2439 unde·
575 2406 696 2440 hausta
719 2406 892 2441 divinandi
914 2408 1040 2442 fiducia
1064 2408 1150 2442 mala
1173 2406 1462 2447 denuntiantium,
1485 2416 1628 2452 quorum

156 2449 220 2483 has
244 2448 335 2482 inter
357 2449 680 2496 inauspicatissimas
711 2464 817 2487 voces
841 2453 1011 2488 “vibrate
1034 2454 1114 2489 licet
1136 2453 1222 2499 pilos
1249 2454 1411 2488 malarum
1434 2464 1520 2499 prae
1541 2464 1629 2497 gau-

155 2495 213 2529 dio
236 2499 397 2540 speratae
420 2497 609 2531 durationis
632 2498 732 2533 huius
755 2500 911 2545 prosperi
944 2512 1055 2534 rerum
1079 2505 1212 2542 status,
1243 2502 1364 2546 postea
1394 2499 1470 2534 illos
1499 2498 1628 2533 vulsuri

154 2552 241 2586 prae
263 2541 478 2587 impatientia
500 2543 738 2587 saevissimae,
761 2556 847 2588 quae
870 2545 968 2581 vobis
990 2548 1108 2582 fauces
1132 2546 1322 2592 opprimet,
1348 2546 1476 2582 famis’'
1501 2545 1551 2579 illi
1574 2546 1628 2578 lu-

155 2587 296 2621 dibundi
327 2598 390 2623 nec
423 2590 601 2624 attendere
634 2591 765 2636 dignati
793 2596 955 2638 tanquam
989 2593 1091 2627 anilia
1121 2593 1313 2637 garrientes
1345 2592 1629 2639 aspernabantur.

155 2643 246 2678 quae
276 2638 389 2669 tamen
420 2647 462 2670 an
489 2648 532 2670 ex
559 2648 647 2671 vano
678 2637 906 2682 iactarentur‚
940 2642 1084 2675 eventus
1104 2639 1317 2684 deelaravit3
1351 2646 1388 2675 et
1410 2650 1472 2674 nos
1494 2638 1528 2672 in
1552 2637 1627 2671 loco

156 2679 329 2722 dicemus,
353 2681 435 2715 nihil
457 2682 680 2727 adiungentes
699 2684 851 2718 veritati.

247 2726 348 2761 Tunc
389 2727 498 2772 igitur
527 2729 750 2775 Palaeologus
784 2731 914 2777 aliquot
944 2731 1064 2768 diebus
1093 2744 1158 2779 per
1186 2733 1275 2769 hunc
1306 2731 1439 2767 modum
1473 2729 1629 2765 Nicaeae

155 2774 363 2815 transactis,
397 2775 455 2820 ubi
488 2779 716 2821 opportunum
746 2775 852 2812 visum
877 2782 931 2815 est
954 2779 1076 2814 redire
1091 2779 1352 2824 Nymphaeum,
1383 2778 1531 2812 salutato
1561 2787 1625 2821 pa—

94 2826 101 2833 ’
154 2817 304 2852 triarcha
327 2822 364 2854 et
385 2827 557 2867 assumpto
582 2833 709 2867 puero,
743 2833 785 2858 ac
814 2824 990 2860 renovatis
1012 2826 1187 2870 promissis
1211 2825 1284 2860 eius
1306 2829 1450 2870 paterne
1474 2822 1627 2866 curandi,

154 2865 330 2909 profectus
353 2872 408 2901 est
428 2868 539 2913 prima
561 2869 738 2904 nobilitate
763 2874 800 2906 et
822 2871 974 2907 exercitu
994 2872 1245 2907 comitantibus.
1294 2871 1389 2916 (10)
1421 2870 1519 2906 simul
1542 2880 1625 2904 vero
