1884 3262
471 203 473 207 ’
544 211 650 256 Lm.
668 211 744 256 111.
797 197 1289 259 cimonoto'clcus
1554 215 1653 262 693

299 323 728 364 ΕΛΑΦΗΒΟΛΙΩΝ.
786 337 825 375 p.
848 322 931 366 394
959 338 998 366 v.
1021 327 1075 369 19
1123 323 1490 378 ἐλαφηβολιῶνος”
1466 340 1558 381 sut-31
1575 342 1654 378 μη-

185 373 272 426 mig
329 385 562 430 suggerunt,
593 385 639 418 ut
666 379 815 431 solent,
855 380 972 420 codd.
1003 381 1036 419 B
1069 387 1110 420 et
1134 380 1168 419 A
1197 382 1239 420 in
1268 382 1443 448 margine
1468 381 1653 423 Latinum

183 434 330 473 mensis
361 449 507 474 nomen
530 432 793 490 Ὀκτῶβριον,
831 436 1067 486 Octobrem,
1098 451 1215 488 quem
1232 444 1273 477 et
1294 439 1376 491 ipse
1389 438 1501 477 locus
1520 452 1592 491 per
1611 453 1653 479 se

182 491 346 540 indicat,
376 505 468 531 cum
487 492 530 531 in
547 505 593 530 eo
614 493 834 532 affirmetur
853 494 1150 545 praecedentem
1167 491 1323 547 ἆμέσως
1338 507 1514 534 mensem
1531 496 1652 535 fuisse

184 548 451 588 Gamelionem
465 578 477 598 ,
503 562 621 599 quem
641 556 751 589 certo
769 550 942 589 vidimus
961 551 1231 603 Septembrem
1247 565 1340 591 esse.

297 607 662 646 ΜΟΥΝΥΧΙΩΝ.
721 621 760 659 Ρ.
781 609 864 649 318
889 619 929 647 v.
953 610 1005 649 17
1060 605 1189 661 μηνός
1220 610 1506 661 μουνυχιῶνος.
1531 608 1650 650 codd.

182 662 216 700 Β
249 667 290 699 et
315 661 350 699 A
389 665 656 715 μουνιχιῶνος
691 663 879 715 glossema
913 664 1075 702 solitum
1115 664 1369 714 adscribunt,
1423 665 1650 704 Romanum

181 718 325 756 mensis
341 718 423 756 eius
443 719 683 758 vocabulum
703 721 945 771 exprimenS,
976 722 1207 774 Νοεμβρίου
1228 720 1482 764 Novembris.
1540 722 1650 772 quod

180 788 279 814 vero
303 775 464 814 initium
484 775 527 813 id
546 776 666 814 fuisse
686 777 780 815 anni
798 777 920 816 verba
938 777 1002 815 illa
1023 775 1338 827 ἐπιόντοςέτους
1354 777 1551 827 indicant,
1580 791 1649 816 re·-

180 831 390 870 serendum
425 832 477 869 ad
503 832 782 882 indictionem,
821 847 920 884 quae
937 834 1134 885 peculiare
1152 835 1245 873 anni
1262 834 1501 887 principium
1521 835 1646 872 duce-

179 889 251 927 bat
270 903 292 926 a
313 889 553 940 Septembri,
582 903 674 929 cum
695 891 839 942 alioqui
866 891 992 930 civilis
1017 891 1111 929 anni
1139 897 1260 943 caput
1291 892 1335 930 in
1354 891 1433 930 kal.
1456 891 1649 930 Ianuariis

178 945 307 985 fixum
321 951 434 984 esset.

291 1004 727 1042 ΣΚΙΡΡΟΦΟΡΙΩΝ.
787 1016 930 1041 nomen
958 1002 1037 1041 hoc
1069 1003 1177 1055 apud
1200 1003 1484 1054 Pachymerem
1515 1004 1648 1042 ultimi

177 1059 321 1097 mensis
337 1065 396 1096 est
413 1058 659 1104 nemum-,is
687 1064 735 1096 ut
754 1059 982 1111 intelligitm
1000 1072 1050 1097 ex
1068 1059 1200 1098 veibis
1213 1073 1260 1127 p.
1277 1063 1360 1102 305
1378 1073 1418 1098 v.
1438 1064 1467 1103 2
1524 1059 1545 1100 ὁ
1570 1062 1645 1112 βα-

177 1113 310 1163 σιλεύς
340 1118 487 1155 τοῦτον
513 1110 781 1168 προβάλλεται
806 1113 929 1166 μηνὸς
959 1119 1302 1169 σκιρροφοριῶνος
1326 1117 1486 1171 εἰκοστῇ
1512 1112 1645 1172 ὀγδόῃ.

177 1172 231 1211 ad
241 1172 456 1222 marginem
478 1171 666 1222 eregione
685 1171 728 1209 in
739 1172 826 1210 cod.
837 1173 870 1210 B
886 1172 1072 1213 scribitur
1092 1174 1357 1226 Δεκεμβρίου,
1375 1173 1436 1211 uti
1454 1179 1544 1223 etp.
1562 1173 1646 1215 532

175 1241 216 1267 v.
236 1231 284 1276 8,
314 1228 383 1266 ubi
401 1228 451 1265 de
469 1227 708 1291 imperatore
729 1229 918 1268 scribitur
945 1226 1121 1280 θνήσκει
1146 1227 1191 1269 δὲ
1215 1232 1560 1282 σκιρροφοριῶνος
1583 1229 1645 1269 ἒν-

176 1282 338 1340 δεκάτῃ,
364 1284 408 1322 111
427 1285 603 1336 margine
621 1286 884 1338 Δεκεμβρίου.
942 1285 1052 1337 quod
1065 1285 1279 1336 utrobique
1299 1285 1360 1325 V
1349 1299 1392 1324 m
1411 1291 1644 1326 contextum

173 1342 328 1393 recipit.

656 1451 1017 1501 CAPUT
1086 1453 1199 1503 IL·

231 1543 403 1585 Initium
440 1544 600 1595 imperii
636 1542 833 1581 Theodori
861 1545 1063 1583 Laccuris
1099 1544 1301 1593 lanieris,
1352 1540 1460 1581 unde
1486 1541 1586 1580 haec

171 1600 349 1639 historia
377 1599 564 1652 procedit
576 1630 588 1651 ,
618 1600 850 1638 rationibus
864 1601 1160 1653 chronologicis
1178 1609 1214 1639 et
1231 1600 1389 1638 coelesti
1411 1598 1641 1638 charactere

750 1656 1062 1698 demonstratur.
1347 1673 1351 1678 ’

282 1736 312 1776 Ι.
370 1735 459 1775 Non
487 1749 698 1788 possumus
722 1749 772 1775 ex
809 1737 1089 1788 opportuniori
1117 1736 1268 1788 epocha
1299 1735 1418 1776 huius
1450 1736 1639 1789 historiae

170 1799 294 1844 caput
316 1793 461 1831 ducere
479 1806 599 1844 quam
619 1806 670 1831 ex
686 1793 803 1832 initio
820 1794 1064 1846 principatus
1086 1792 1284 1832 Theodori
1302 1793 1478 1832 Lascaris
1497 1807 1542 1832 eo
1561 1807 1639 1832 no-

168 1849 276 1887 mine
305 1849 490 1898 secundi,
529 1849 602 1888 filii
628 1856 670 1889 et
695 1850 930 1889 successoris
954 1852 997 1889 in
1014 1851 1178 1902 imperio
1196 1850 1353 1889 Ioannis
1374 1851 1529 1899 Ducae,
1558 1851 1637 1888 Ba-

169 1911 299 1946 tatzae
320 1906 592 1958 cognominati.
647 1907 859 1957 insigniora
878 1907 980 1947 enim
998 1919 1175 1958 quaeque
1194 1906 1243 1944 de
1258 1906 1450 1947 Michaele
1470 1907 1636 1959 Palae07

168 1963 257 2014 logo
276 1963 409 2002 adhuc
427 1964 586 2015 privato
604 1962 672 2001 hic
693 1970 856 2002 narrata
874 1963 952 2002 hoc
972 1964 1183 2003 Theodoro
1212 1963 1431 2014 imperante
1459 1964 1634 2014 contige-

168 2025 287 2069 runt,
317 2021 428 2059 cuius
447 2026 746 2071 praematurum
766 2021 918 2059 obitum
939 2021 1071 2059 statim
1087 2022 1168 2059 fere
1182 2019 1382 2058 Michaelis
1399 2019 1574 2057 eiusdem
1590 2020 1634 2057 in

168 2076 377 2127 imperium
393 2077 544 2116 evectio
574 2078 739 2128 excepit.
796 2077 876 2115 scio
905 2077 979 2115 sub
1002 2078 1148 2115 Ioanne
1166 2088 1323 2126 quoque
1350 2075 1531 2113 nonnihil
1549 2075 1634 2112 eius

170 2133 321 2183 generis
340 2146 373 2171 c.
392 2136 418 2174 6
439 2134 465 2171 l.
489 2137 508 2174 l
540 2134 767 2172 memorari:
804 2147 945 2172 verum
971 2139 1012 2171 et
1031 2133 1075 2172 id
1101 2133 1230 2171 obiter
1252 2131 1493 2170 insinuatum
1511 2131 1633 2169 dum-

168 2195 285 2227 taxat
303 2189 412 2239 quasi
430 2190 677 2240 praetexitur
695 2191 827 2254 operi5
855 2196 896 2228 et
911 2189 1041 2229 illud
1030 2203 1158 2242 ipsum
1184 2189 1271 2227 iure
1296 2189 1483 2240 imputari
1498 2187 1631 2226 Theo-

170 2246 270 2284 doro
289 2247 422 2297 potuit
438 2251 595 2283 tantum
618 2260 700 2284 non
721 2247 932 2310 imperanti
951 2253 991 2285 et
1019 2246 1126 2298 apud
1149 2250 1352 2296 parentem
1372 2245 1564 2283 seniolem
1582 2257 1628 2282 eo

167 2302 314 2351 gratiae
333 2316 379 2340 ac
401 2301 597 2354 potentiae
611 2302 738 2353 gradu
756 2303 912 2353 nitenti,
939 2302 1096 2354 qualem
1116 2315 1189 2353 par
1204 2307 1290 2340 erat
1309 2301 1510 2352 unigenito
1530 2301 1631 2340 viri-

167 2359 217 2396 lis
247 2359 391 2411 adepto
422 2358 709 2410 plenitudinem
733 2360 889 2407 aetatis,
917 2359 1027 2398 haud
1048 2359 1174 2398 dubio
1191 2358 1405 2397 successori
1426 2357 1628 2397 declarato
1651 2360 1679 2394 P
1703 2360 1770 2395 489

169 2421 210 2452 et
226 2414 304 2453 iam
326 2429 433 2454 nunc
455 2416 538 2453 fere
564 2416 730 2466 collegae
750 2417 886 2455 tribui.
942 2422 1048 2455 recte
1068 2415 1187 2466 igitur
1209 2421 1343 2454 noster
1370 2414 1486 2453 initio
1504 2414 1626 2452 modo

167 2471 319 2510 laudati
346 2472 486 2523 capitis
512 2475 557 2520 7,
585 2472 697 2510 velut
732 2472 938 2510 historiam
965 2472 1060 2512 inde
1094 2485 1203 2513 suam
1241 2471 1444 2524 auspicans
1476 2471 1625 2519 scribit,

165 2529 384 2580 imperante
401 2524 612 2567 Theodoro
629 2529 786 2567 Lascari
801 2535 890 2580 post
909 2536 1083 2580 patrem,
1111 2528 1336 2567 michaelem
1355 2528 1624 2578 Palaeologum

167 2599 320 2636 semper
339 2586 554 2623 obnoxium
570 2585 738 2623 affectati
758 2586 868 2636 regni
884 2585 1168 2638 suspicionibus
1186 2586 1316 2636 fuisse,
1345 2598 1424 2636 quo
1445 2597 1495 2621 ex
1512 2584 1623 2622 fonte

167 2642 363 2680 malorum
395 2642 591 2691 omnium,
621 2654 721 2692 quae
743 2648 841 2681 tunc
866 2648 925 2680 est
954 2656 1112 2694 passus,
1149 2655 1287 2680 causae
1316 2641 1519 2680 fluxerint.
1575 2643 1621 2676 ut

168 2711 258 2749 ergo
288 2699 406 2737 limen
437 2698 549 2749 quasi
574 2705 870 2750 praestruamus
893 2698 1080 2738 historiae
1104 2712 1221 2750 quam
1248 2699 1490 2737 illustratum
1506 2695 1621 2743 imuS,

168 2759 259 2792 ante
276 2756 407 2794 omnia
425 2755 708 2793 elaborandum
727 2756 841 2794 nobis
870 2761 931 2794 est
957 2756 999 2796 in
1023 2755 1297 2795 constituendo
1321 2753 1491 2805 praecise
1514 2757 1620 2788 tem-

167 2824 284 2862 pore,
312 2826 390 2863 quo
421 2812 524 2863 cepit
550 2811 784 2851 Theodorus
805 2812 978 2851 Lascaris
1009 2812 1146 2852 Iunior
1171 2812 1342 2851 habenas
1362 2807 1514 2860 imperii
1531 2813 1619 2846 tra—-

166 2874 284 2906 ctare.
340 2868 594 2921 negligentius
608 2868 651 2907 in
678 2866 757 2907 hoc
773 2869 999 2908 definiendo
1020 2875 1061 2908 et
1079 2869 1189 2920 quasi
1208 2869 1260 2907 de
1276 2869 1347 2906 s‘uo
1364 2865 1523 2906 nomine
1538 2879 1620 2906 πα·-
