1846 3262
254 246 284 291 4
841 243 1142 287 SUMMARIA.

259 353 380 394 σιλεύς
414 351 559 394 πάντας
596 350 655 388 ἐπὶ
691 351 860 397 μαγείαις
894 349 1100 388 ὑπώπτευε.
1147 349 1210 387 καὶ
1247 364 1294 386 τα
1330 350 1426 388 κατὰ
1454 352 1524 398 τὴν
1547 351 1732 410 Μάρθαν.

263 404 317 438 13.
350 398 521 440 θανατος
549 411 618 435 του
650 398 827 454 βασιλέως
856 398 1075 443 Θεοδωρου,
1107 398 1170 434 καὶ
1199 410 1244 432 τα
1273 396 1326 433 ἔτι
1356 399 1492 441 ζωντος
1521 397 1640 435 αὐτοῦ
1667 413 1734 435 κα-

260 446 501 491 τορθώματα.
568 444 621 482 14.
649 458 748 487 οπως
767 443 1023 482 ἐπαιδεύετο
1005 460 1025 482 ο
1043 443 1229 487 Λάσκαρις
1248 442 1351 489 παρὰ
1372 447 1441 481 τοῦ
1459 445 1599 489 πατρὸς
1611 444 1733 482 Ἰωάν-

259 507 329 529 νου
350 494 401 533 εἰς
419 492 608 536 βασιλείαν
638 490 876 537 ἀναγόμενος.
950 493 1005 528 15.
1044 505 1145 531 οπως
1174 489 1193 526 6
1222 490 1557 546 πρωτοβεστιοὶριος
1582 492 1733 535 ΠΙουζοὶ-

259 543 332 575 λων
359 540 427 574 τοῦ
452 539 688 583 μειρακίσκου
715 539 891 583 βασιλέως
915 536 1091 574 Ἰωαννου
1113 535 1363 593 ἐπετρόπευεν.
1436 540 1492 575 16.
1506 540 1732 597 δημηγορία

259 585 327 622 τοῦ
347 587 690 640 πρωτοβεστιαρίου
711 584 979 628 Μουζάλωνος.
1055 585 1109 620 17.
1146 581 1329 629 ἀπολογία
1354 582 1447 628 πρὸς
1472 584 1540 630 τήν
1569 587 1733 641 δημηγο-

260 633 347 678 ρίαν
364 632 434 668 tori
452 630 724 690 Παλαιολόγου.
788 633 844 668 18.
873 630 1040 672 ἐπίθεσις
1057 631 1126 666 τοῦ
1145 632 1306 688 στρατοῦ
1323 644 1416 666 κατα
1433 632 1506 666 τῶν
1526 630 1733 675 Μουζαλῶ-

261 692 349 715 νων.
409 679 463 714 19.
488 692 588 720 οπως
607 677 722 734 παρὰ
729 677 798 714 τοῦ
816 680 977 722 στρατοῦ
996 675 1221 722 ἐτολμήθη
1202 692 1222 714 v
1245 675 1362 722 φόνος
1380 681 1459 718 τοῖς
1475 677 1730 721 Μουζάλωσιν.

262 728 320 763 20.
346 737 448 766 οπως
473 727 548 760 τοῖν
549 736 799 781 Ημεγιστανων
822 723 886 759 διὰ
911 723 1030 760 ταῦτα
1046 737 1140 764 τινες
1160 723 1396 768 ὑπεχώρουν,
1422 724 1459 759 οὶ
1477 723 1515 759 δὲ
1534 722 1733 768 διεφυλάτ-

261 784 383 808 τοντο.
453 773 510 807 21.
545 766 647 813 ὅπως
666 770 921 816 ἐφιλονείκουν
938 771 974 807 οἱ
997 769 1170 816 ἄρχοντες
1189 771 1272 815 περὶ
1292 769 1362 814 τήν
1384 783 1453 806 του
1471 770 1655 828 βασιλέως
1667 784 1732 817 κη·

262 820 329 862 δεμ
332 817 450 855 ονιάν.
518 819 576 852 22.
610 831 711 859 οπως
729 817 964 862 προετιμήθη
985 819 1038 858 εἰς
1057 818 1168 853 τοῦτο
1188 830 1262 852 των
1284 815 1405 853 ἄλλων
1426 814 1446 853 6
1466 816 1730 874 Παλαιολόγος

259 831 329 902 23μ
353 861 453 904 ὅπως
472 861 724 920 Παλαιολόγος
742 863 905 921 ἐτιμήθη
924 866 976 905 εἰς
990 862 1104 908 μέγαν
1121 864 1251 899 δοῦκα.
1321 864 1378 899 24.
1412 861 1513 905 όπως
1531 862 1691 909 νοσήσας
1710 860 1730 900 6

259 909 430 968 βασιλεύς
441 907 614 967 Ἰωάννης
630 910 747 947 πολλα
764 915 843 952 τοῖς
859 909 1012 967 πένησιν
1033 909 1262 967 ἐχορήγησεν.
1307 911 1364 946 25.
1390 923 1490 952 οπως
1508 911 1731 952 ἐπιπολαίως
1775 930 1778 933 «
1827 908 1830 912 ’

260 955 282 993 ὁ
303 956 415 1001 μέγας
430 955 521 1000 δοῦξ
539 958 612 993 τῶν
633 958 830 1003 βασιλικων
845 970 1042 1003 χρηματων
1067 953 1275 999 ἁπτόμενος
1294 958 1498 1014 περιεποίει
1518 955 1640 1015 εαυτῷ
1661 970 1731 999 την

261 1002 425 1040 εὔνοιαν.
495 1005 552 1059 26.
597 1000 699 1045 ὅπως
736 1002 913 1044 ἐλθόντος
936 1004 1006 1039 τοῦ
1029 1015 1258 1048 πατριαρχου
1287 1001 1423 1059 πολλὴν
1453 1001 1472 1039 6
1489 1002 1613 1061 μέγας
1637 1001 1729 1048 &avg

259 1049 470 1092 ἐπεδείξατο
489 1047 558 1094 τὴν
581 1047 810 1086 νπόπτωσιν.
880 1051 937 1086 27.
960 1046 1060 1091 ὅπως
1079 1048 1412 1094 κατεδημαγώγουν
1431 1048 1519 1092 τούς
1537 1052 1729 1091 πλείστους

259 1097 297 1133 οὶ
318 1096 403 1141 περὶ
422 1095 490 1131 τοῦ
510 1095 670 1141 μεγάλου
691 1095 830 1137 δουκός
850 1094 1035 1140 λέγοντες,
1058 1097 1120 1132 καὶ
1140 1095 1320 1152 δεσπότης
1340 1095 1475 1153 γέγονε.
1544 1099 1602 1133 28.
1628 1109 1730 1138 οπως

259 1142 279 1200 6
302 1141 531 1187 πατριάρχης
549 1142 700 1201 συνῄνει
718 1147 798 1184 τοῖς
825 1139 916 1199 νπὲρ
942 1144 1012 1179 τοῦ
1035 1142 1293 1201 Παλαιολόγου
1319 1142 1475 1188 λέγουσι.
1545 1144 1601 1179 29.
1626 1156 1729 1184 οπως

257 1188 559 1233 ’ὑποποιούμενος
593 1188 614 1226 6
645 1187 901 1246 Παλαιολόγος
939 1188 1030 1231 τούς
1063 1189 1222 1231 πολλους
1260 1189 1394 1237 ἀπῄτει
1430 1186 1485 1224 δι’
1507 1185 1633 1224 αὐτῶν
1665 1189 1728 1226 καὶ

258 1235 300 1273 τὸ
332 1235 513 1291 μέγιστον.
582 1236 640 1273 30.
676 1233 777 1277 όπω,
801 1233 820 1271 6
851 1236 890 1271 ἐν
916 1249 962 1282 τη
991 1234 1096 1272 δυ’σει
1122 1235 1303 1294 δεσπότης
1334 1234 1485 1293 Μιχαὴλ
1511 1234 1728 1295 κατεπήρθη

256 1296 331 1318 των
342 1280 596 1340 πραγμάτων.
666 1285 724 1319 31.
755 1280 856 1324 ὅπως
886 1284 952 1328 τῆς
977 1279 1120 1340 Ἀχαΐας
1145 1280 1164 1319 6
1203 1285 1367 1328 Πρίγκιψ
1396 1281 1592 1331 Ρωμαίοις
1617 1282 1727 1320 ἑάλω.

257 1331 315 1366 32.
339 1342 441 1370 οπως
462 1325 482 1365 6
505 1329 656 1374 Μιχαὴλ
674 1327 855 1375 δεσπότης
877 1330 963 1376 νικᾷ
977 1327 1183 1375 Ρωμαίους
1201 1331 1262 1367 καὶ
1283 1329 1382 1376 αἱρεῖ
1398 1325 1581 1373 Καίσαρα.

349 1399 593 1433 ΚΕΦΑΛΑΙΑ
621 1399 727 1433 ΤΗΣ
749 1400 1030 1433 ΔΕΥΤΕΡΑΣ.
1091 1399 1123 1433 1.
1146 1396 1247 1440 ὅπως
1266 1396 1286 1434 6
1306 1411 1533 1456 πατριαρχης
1551 1396 1730 1442 Ἀρσένιος

257 1443 298 1480 ἐν
325 1445 527 1501 φροντίσιν
544 1440 593 1489 ἦν
617 1445 700 1491 περὶ
734 1446 808 1501 τῆς
825 1443 950 1489 ἀρχῆς.
1020 1446 1054 1479 2.
1091 1443 1194 1486 ὅπως
1217 1445 1366 1482 ἀνίεσαν
1386 1444 1452 1481 τὸν
1470 1443 1730 1502 Παλαιολόγον

257 1489 359 1548 ἀρων
377 1489 436 1531 αἶς
456 1502 635 1526 υπεκειτο.
713 1491 747 1526 3.
785 1489 888 1531 ὅπως
906 1490 1058 1534 ωμνυον
1077 1492 1138 1527 καὶ
1159 1489 1219 1527 ἐπ’
1238 1491 1462 1551 ἀμφοτέροις
1477 1489 1687 1532 δουλείας”
1665 1504 1728 1534 ορ-

253 1549 321 1572 κον
333 1535 530 1582 Ῥωμαῖοι,
554 1536 616 1571 καὶ
635 1533 674 1570 ἐν
688 1536 810 1577 ποίοις
828 1538 1045 1581 διορισμοῖς.
1116 1538 1150 1572 4.
1184 1536 1287 1580 ὅπως
1314 1537 1457 1582 ωμνυεν
1476 1535 1496 1574 6
1519 1536 1729 1574 Παλαιολό-

253 1596 318 1628 γος
335 1582 395 1619 ἐπὶ
413 1585 464 1628 τῷ
482 1582 590 1617 παιδὶ
612 1582 673 1618 καὶ
694 1582 730 1618 οὶ
750 1584 974 1639 μεγιστᾶνες.
1045 1583 1080 1618 5.
1116 1580 1218 1625 ὅπως
1236 1581 1255 1640 6
1251 1583 1530 1642 Παλαιολρχος
1547 1582 1730 1624 καταστὰς

258 1630 311 1672 εἰς
330 1642 399 1675 την
414 1629 602 1675 βασιλείαν
619 1627 864 1675 ἐφιλοτιμεῖτο
885 1643 932 1665 τα
947 1627 1110 1674 μέγιστα.
1181 1633 1214 1667 6.
1238 1627 1342 1672 ὅπως
1358 1643 1426 1673 τας
1446 1643 1562 1676 ακρας
1580 1627 1728 1676 ω’χύρου

256 1767 445 1822 stigiarum
464 1769 639 1821 suspectos
661 1765 845 1806 habuerit,
869 1769 903 1800 et
925 1766 968 1800 de
997 1767 1159 1802 Martha.
1208 1768 1263 1804 13.
1286 1777 1377 1802 mors
1402 1767 1575 1802 Theodori
1597 1769 1727 1813 Auga-

257 1814 323 1854 sti,
349 1818 383 1848 et
404 1813 514 1867 ipsius
535 1812 617 1846 dum
640 1813 771 1846 viveret
792 1823 846 1846 res
866 1814 1048 1857 praeclare
1069 1818 1206 1858 gestae.
1254 1812 1310 1849 14.
1333 1818 1372 1848 ιιι
1396 1815 1559 1848 Lascaris
1580 1826 1603 1847 a
1623 1819 1727 1858 patre

258 1860 388 1893 Ioanne
422 1859 470 1892 ad
498 1858 681 1902 imperium
714 1859 867 1892 eruditus
891 1860 1016 1902 suerit.
1073 1859 1127 1894 15.
1162 1865 1201 1894 ιιι
1238 1861 1525 1904 protovestiarius
1563 1860 1727 1894 Muzaton

257 1907 358 1951 pueri
379 1905 546 1949 principis
568 1905 709 1938 Ioannis
733 1906 878 1938 tutelam
900 1905 1097 1950 susceperit.
1145 1907 1201 1942 16
1226 1907 1339 1940 concio
1360 1906 1618 1950 protovestiarii
1641 1907 1726 1940 Μιι-

256 1952 401 1985 zalonis.
450 1952 504 1987 17.
528 1951 699 1994 responsio
729 1952 928 1996 Palaeologi
949 1953 997 1985 ad
1021 1952 1211 1987 concionem
1233 1950 1501 1996 ρνοιουεειίανίἰ.
1550 1953 1605 1988 18.
1628 1953 1726 1987 sedi-

257 1999 306 2032 tio
330 1998 497 2031 exercitas
517 1997 554 2030 in
579 1998 790 2031 Muzalones.
841 1999 893 2032 19.
918 2002 957 2032 ut
985 1997 1186 2033 Muzalones
1209 2000 1252 2032 ab
1277 2000 1427 2033 exercita
1448 1998 1622 2042 interfecti
1644 1999 1724 2033 sint.

258 2046 315 2079 20.
341 2049 379 2078 ιιι
403 2044 545 2088 quidam
568 2049 775 2088 magnatum
796 2049 936 2088 propter
959 2044 1044 2078 haec
1066 2046 1289 2088 recesserint,
1323 2046 1387 2079 alii
1410 2046 1514 2080 aliter
1535 2045 1600 2079 sibi
1624 2056 1725 2079 cave-

257 2090 340 2124 rint.
387 2091 445 2124 21.
466 2091 637 2123 contentio
659 2090 749 2123 inter
767 2092 938 2134 principes
957 2091 999 2124 de
1020 2092 1131 2125 tutela
1145 2093 1310 2135 principis
1330 2091 1441 2136 pueri.
1488 2091 1545 2126 22.
1568 2095 1607 2126 ιιι
1620 2102 1725 2135 prae-

259 2137 351 2170 latus
367 2136 513 2170 caeteris
537 2136 764 2180 palaeologus
780 2137 903 2178 fuerit,
926 2137 1139 2171 demandata
1159 2139 1192 2172 ei
1212 2139 1324 2173 tutela
1339 2137 1567 2182 imperatoris.
1612 2138 1670 2173 23.
1685 2141 1724 2172 ut

261 2183 491 2227 palaeologus
513 2183 637 2226 magni
663 2182 758 2216 ducis
772 2183 896 2217 honore
913 2188 1034 2218 auctus
1045 2185 1169 2226 suerit.
1215 2183 1273 2228 24,
1299 2189 1340 2218 ιιι
1361 2188 1551 2230 aegrotans
1567 2183 1725 2228 impera-

257 2233 314 2264 tor
341 2229 487 2262 Ioannes
509 2230 618 2262 multa
639 2230 848 2273 pauperibus
870 2231 1080 2275 erogaverit.
1135 2231 1193 2266 25.
1218 2235 1258 2265 ιιι
1279 2241 1430 2276 magnus
1453 2231 1523 2264 dus
1543 2230 1612 2264 levi
1635 2230 1724 2264 deli-

258 2276 395 2309 batione
417 2275 541 2320 regiae
562 2275 730 2319 pecuniae
750 2275 923 2309 hominum
943 2277 1010 2310 sibi
1030 2278 1298 2311 benevolentiam
1317 2277 1561 2311 conciliaverit.
1608 2277 1664 2313 26.
1685 2281 1725 2312 ut

257 2323 449 2356 venientem
473 2322 521 2355 ad
551 2332 588 2355 sc
609 2322 847 2366 patriarcham
879 2323 948 2356 dm:
982 2334 1132 2368 magnus
1153 2335 1290 2358 summa
1313 2324 1517 2358 demissione
1540 2324 1721 2366 exceperit.

257 2368 315 2403 27.
339 2372 379 2402 ιιι
400 2378 551 2412 magnus
575 2368 645 2401 dux
666 2368 803 2413 ingenti
825 2370 1012 2403 amicorum
1036 2370 1169 2403 ambitu
1191 2370 1334 2415 despota
1357 2370 1581 2405 renunciatus
1596 2369 1720 2413 suerit.

259 2415 316 2449 28.
342 2418 382 2448 ut
402 2414 608 2458 patriarcha
624 2416 821 2458 faventi-um
847 2416 1059 2460 Palaeologo
1082 2416 1200 2450 stadia
1223 2417 1464 2461 comprobarit·
1516 2416 1573 2450 29.
1597 2419 1637 2448 ιιι
1660 2415 1723 2448 de-

256 2459 365 2494 linitis
394 2460 621 2504 palaeologus
650 2462 819 2505 plerisque
845 2462 1039 2506 principum
1069 2473 1237 2497 summum
1260 2464 1422 2497 honorem
1445 2460 1641 2499 eblanditus
1664 2461 1720 2494 sit.

258 2507 315 2541 30.
338 2511 377 2540 ut
404 2507 440 2540 in
465 2506 648 2541 Occidente
671 2508 816 2552 despota
839 2508 991 2542 Michael
1019 2509 1132 2542 elatus
1163 2509 1200 2542 in
1228 2520 1322 2554 spem
1345 2510 1510 2544 maiorem
1534 2517 1628 2541 nova
1650 2518 1721 2540 mo-

260 2552 341 2587 litus
363 2552 420 2587 sit.
467 2553 524 2588 31.
547 2557 587 2587 ut
610 2554 765 2588 Achaiae
785 2555 945 2599 princeps
959 2559 1079 2599 captus
1105 2566 1128 2588 a
1148 2555 1315 2590 Romanis
1330 2556 1387 2591 sit.
1432 2555 1490 2591 32.
1511 2558 1550 2611 ut
1570 2553 1724 2588 Michael

260 2598 403 2643 despota
426 2599 602 2633 Romanos
624 2600 744 2635 vicerit
769 2606 802 2635 et
826 2601 1011 2635 Caesarem
1032 2601 1172 2646 ceperit.

356 2667 530 2702 CAPITA
555 2668 780 2704 SECUNDI.
829 2672 861 2706 1.
885 2674 924 2705 ιιι
947 2670 1111 2704 Arsenius
1122 2669 1328 2715 patriarcha
1349 2669 1387 2704 in
1407 2666 1624 2703 solicitudine
1639 2669 1722 2722 sae-

260 2713 308 2747 rit
334 2714 375 2748 ob
397 2726 451 2748 res
473 2715 619 2759 imperii.
672 2717 707 2751 2.
729 2722 770 2750 ιιι
795 2715 1044 2762 Palaeologam
1075 2718 1247 2751 antistites
1278 2715 1440 2750 solverint
1461 2714 1670 2749 iuramentis
1687 2718 1722 2748 ct

260 2760 345 2794 diris
370 2761 489 2805 quibas
514 2761 706 2796 tenebatur.
753 2763 788 2798 3.
811 2767 850 2797 ut
872 2763 1063 2806 fidelitatis
1093 2764 1326 2797 iuramentum
1348 2762 1486 2807 utrique
1507 2760 1656 2806 principi
1677 2760 1722 2794 de

257 2816 345 2840 novo
367 2807 628 2850 praestiterint3
652 2812 687 2843 et
708 2809 838 2864 quibas,
853 2809 896 2843 de
919 2820 1006 2843 novo
1027 2809 1157 2843 additis
1179 2809 1404 2844 cautionibus.
1451 2806 1485 2842 4.
1510 2811 1550 2842 ιιι
1577 2807 1723 2840 Palaeo-

258 2852 359 2895 logus
391 2858 424 2887 et
456 2865 614 2898 proceres
636 2854 838 2899 imperatori
858 2866 964 2899 puero
987 2856 1211 2890 iureiurando
1234 2856 1399 2890 caverint.
1447 2854 1482 2889 5.
1507 2858 1548 2887 ιιι
1573 2853 1721 2887 Palaeo-

258 2897 357 2940 logus
390 2904 525 2935 evectus
554 2902 591 2935 in
621 2901 802 2945 imperium
832 2902 936 2947 regia
958 2902 1169 2937 liberalitate
1193 2907 1331 2937 cunctos
1357 2900 1575 2936 demeruerit.
1622 2900 1657 2934 6.
1681 2902 1721 2933 ιιι
