<?xml version="1.0" encoding="UTF-8"?>
<!DOCTYPE html PUBLIC "-//W3C//DTD XHTML 1.0 Transitional//EN"
    "http://www.w3.org/TR/xhtml1/DTD/xhtml1-transitional.dtd">
<html xmlns="http://www.w3.org/1999/xhtml" xml:lang="en" lang="en">
 <head>
  <title>
</title>
<meta http-equiv="Content-Type" content="text/html;charset=utf-8" />
  <meta name='ocr-system' content='tesseract 3.04.00' />
  <meta name='ocr-capabilities' content='ocr_page ocr_carea ocr_par ocr_line ocrx_word'/>
</head>
<body>
  <div class='ocr_page' id='page_1' title='image "./corpusscriptorum17niebuoft_0602.png"; bbox 0 0 1884 3262; ppageno 0'>
   <div class='ocr_carea' id='block_1_1' title="bbox 254 187 1313 241">
    <p class='ocr_par' dir='ltr' id='par_1_1' title="bbox 254 187 1313 241">
     <span class='ocr_line' id='line_1_1' title="bbox 254 187 1313 241; baseline -0.002 -7"><span class='ocrx_word' id='word_1_1' title='bbox 254 193 354 241; x_wconf 83' lang='lat'><strong>584</strong></span> <span class='ocrx_word' id='word_1_2' title='bbox 656 189 969 234; x_wconf 86' lang='lat' dir='ltr'><strong>OBSERVAT.</strong></span> <span class='ocrx_word' id='word_1_3' title='bbox 1001 187 1313 232; x_wconf 81' lang='lat' dir='ltr'>PACHYMER.</span> 
     </span>
    </p>
   </div>
   <div class='ocr_carea' id='block_1_2' title="bbox 132 297 1795 2885">
    <p class='ocr_par' dir='ltr' id='par_1_2' title="bbox 132 297 1795 2885">
     <span class='ocr_line' id='line_1_2' title="bbox 241 297 1710 352; baseline -0.005 -8"><span class='ocrx_word' id='word_1_4' title='bbox 241 318 346 345; x_wconf 76' lang='lat' dir='ltr'><strong>¹nam</strong></span> <span class='ocrx_word' id='word_1_5' title='bbox 379 313 520 351; x_wconf 82' lang='lat' dir='ltr'><strong>aeque,</strong></span> <span class='ocrx_word' id='word_1_6' title='bbox 557 298 717 352; x_wconf 87' lang='lat' dir='ltr'>opinor,</span> <span class='ocrx_word' id='word_1_7' title='bbox 754 297 806 336; x_wconf 86' lang='lat' dir='ltr'><strong>ad</strong></span> <span class='ocrx_word' id='word_1_8' title='bbox 842 299 1052 349; x_wconf 85' lang='lat' dir='ltr'><strong>utramque</strong></span> <span class='ocrx_word' id='word_1_9' title='bbox 1077 297 1242 350; x_wconf 83' lang='lat' dir='ltr'><strong>speciem</strong></span> <span class='ocrx_word' id='word_1_10' title='bbox 1267 298 1710 350; x_wconf 75' lang='lat' dir='ltr'><strong>pertinentmemora&#39;ta</strong></span> 
     </span>
     <span class='ocr_line' id='line_1_3' title="bbox 254 350 1710 414; baseline -0.003 -15"><span class='ocrx_word' id='word_1_11' title='bbox 254 360 373 414; x_wconf 84' lang='lat' dir='ltr'><strong>paulo</strong></span> <span class='ocrx_word' id='word_1_12' title='bbox 392 358 501 409; x_wconf 85' lang='lat' dir='ltr'><strong>prius</strong></span> <span class='ocrx_word' id='word_1_13' title='bbox 525 351 704 408; x_wconf 75' lang='grc' dir='ltr'><em>σύμβολα</em></span> <span class='ocrx_word' id='word_1_14' title='bbox 722 358 797 396; x_wconf 80' lang='grc' dir='ltr'><strong>τοῦ</strong></span> <span class='ocrx_word' id='word_1_15' title='bbox 817 357 1054 396; x_wconf 81' lang='grc' dir='ltr'><em>δεσποτικοῦ</em></span> <span class='ocrx_word' id='word_1_16' title='bbox 1070 350 1264 395; x_wconf 71' lang='grc' dir='ltr'><strong>θανᾶτου.</strong></span> <span class='ocrx_word' id='word_1_17' title='bbox 1322 355 1395 393; x_wconf 82' lang='lat' dir='ltr'><strong>nisi</strong></span> <span class='ocrx_word' id='word_1_18' title='bbox 1416 357 1518 394; x_wconf 87' lang='lat' dir='ltr'><strong>sorte</strong></span> <span class='ocrx_word' id='word_1_19' title='bbox 1535 355 1621 406; x_wconf 83' lang='lat' dir='ltr'><strong>quis</strong></span> <span class='ocrx_word' id='word_1_20' title='bbox 1638 368 1710 394; x_wconf 85' lang='lat' dir='ltr'><strong>su-</strong></span> 
     </span>
     <span class='ocr_line' id='line_1_4' title="bbox 256 410 1711 468; baseline -0.002 -15"><span class='ocrx_word' id='word_1_21' title='bbox 256 416 427 468; x_wconf 88' lang='lat' dir='ltr'><strong>spicetur</strong></span> <span class='ocrx_word' id='word_1_22' title='bbox 459 417 636 451; x_wconf 80' lang='lat' dir='ltr'><strong>extremo</strong></span> <span class='ocrx_word' id='word_1_23' title='bbox 668 411 855 463; x_wconf 84' lang='lat' dir='ltr'><strong>languore</strong></span> <span class='ocrx_word' id='word_1_24' title='bbox 894 411 1212 450; x_wconf 82' lang='lat' dir='ltr'><strong>conflictantibus</strong></span> <span class='ocrx_word' id='word_1_25' title='bbox 1245 410 1331 448; x_wconf 81' lang='lat' dir='ltr'><strong>dari</strong></span> <span class='ocrx_word' id='word_1_26' title='bbox 1364 412 1512 450; x_wconf 83' lang='lat' dir='ltr'><strong>solitam</strong></span> <span class='ocrx_word' id='word_1_27' title='bbox 1545 412 1711 450; x_wconf 79' lang='lat' dir='ltr'><strong>alteram</strong></span> 
     </span>
     <span class='ocr_line' id='line_1_5' title="bbox 256 467 1712 521; baseline -0.003 -11"><span class='ocrx_word' id='word_1_28' title='bbox 256 477 415 510; x_wconf 73' lang='lat' dir='ltr'><strong>tantum</strong></span> <span class='ocrx_word' id='word_1_29' title='bbox 439 469 627 521; x_wconf 88' lang='lat' dir='ltr'><strong>speciem,</strong></span> <span class='ocrx_word' id='word_1_30' title='bbox 656 480 797 519; x_wconf 85' lang='lat' dir='ltr'><strong>nempe</strong></span> <span class='ocrx_word' id='word_1_31' title='bbox 824 468 1034 518; x_wconf 85' lang='lat' dir='ltr'><strong>liquidam,</strong></span> <span class='ocrx_word' id='word_1_32' title='bbox 1063 481 1180 518; x_wconf 81' lang='lat' dir='ltr'><strong>quam</strong></span> <span class='ocrx_word' id='word_1_33' title='bbox 1207 467 1449 506; x_wconf 79' lang='lat' dir='ltr'><strong>commodius</strong></span> <span class='ocrx_word' id='word_1_34' title='bbox 1465 469 1712 506; x_wconf 74' lang='lat' dir='ltr'><strong>transmitte-</strong></span> 
     </span>
     <span class='ocr_line' id='line_1_6' title="bbox 257 519 1713 578; baseline -0.003 -12"><span class='ocrx_word' id='word_1_35' title='bbox 257 534 350 567; x_wconf 84' lang='lat' dir='ltr'><strong>rent</strong></span> <span class='ocrx_word' id='word_1_36' title='bbox 370 540 440 578; x_wconf 86' lang='lat' dir='ltr'><strong>per</strong></span> <span class='ocrx_word' id='word_1_37' title='bbox 458 527 589 564; x_wconf 81' lang='lat' dir='ltr'>fauces</span> <span class='ocrx_word' id='word_1_38' title='bbox 611 524 797 563; x_wconf 82' lang='lat' dir='ltr'><strong>catarrho</strong></span> <span class='ocrx_word' id='word_1_39' title='bbox 817 525 1002 573; x_wconf 77' lang='lat' dir='ltr'><strong>obsessas,</strong></span> <span class='ocrx_word' id='word_1_40' title='bbox 1030 530 1070 561; x_wconf 88' lang='lat' dir='ltr'><strong>et</strong></span> <span class='ocrx_word' id='word_1_41' title='bbox 1089 524 1178 562; x_wconf 90' lang='lat' dir='ltr'><strong>ideo</strong></span> <span class='ocrx_word' id='word_1_42' title='bbox 1195 519 1453 575; x_wconf 81' lang='grc' dir='ltr'><em>μεταλήψεως</em></span> <span class='ocrx_word' id='word_1_43' title='bbox 1470 525 1601 574; x_wconf 79' lang='lat' dir='ltr'><strong>solius,</strong></span> <span class='ocrx_word' id='word_1_44' title='bbox 1634 524 1713 562; x_wconf 83' lang='lat' dir='ltr'><strong>hoc</strong></span> 
     </span>
     <span class='ocr_line' id='line_1_7' title="bbox 258 580 1715 632; baseline -0.002 -10"><span class='ocrx_word' id='word_1_45' title='bbox 258 590 317 622; x_wconf 89' lang='lat' dir='ltr'><strong>est</strong></span> <span class='ocrx_word' id='word_1_46' title='bbox 343 583 428 622; x_wconf 86' lang='lat' dir='ltr'><strong>vini</strong></span> <span class='ocrx_word' id='word_1_47' title='bbox 460 581 676 621; x_wconf 81' lang='lat' dir='ltr'><strong>consecrati</strong></span> <span class='ocrx_word' id='word_1_48' title='bbox 704 582 960 632; x_wconf 85' lang='lat' dir='ltr'><strong>conversique</strong></span> <span class='ocrx_word' id='word_1_49' title='bbox 981 582 1022 619; x_wconf 93' lang='lat' dir='ltr'><strong>in</strong></span> <span class='ocrx_word' id='word_1_50' title='bbox 1044 580 1189 618; x_wconf 77' lang='lat' dir='ltr'><strong>Christi</strong></span> <span class='ocrx_word' id='word_1_51' title='bbox 1207 580 1452 631; x_wconf 82' lang='lat' dir='ltr'><strong>sanguinem,</strong></span> <span class='ocrx_word' id='word_1_52' title='bbox 1480 581 1623 619; x_wconf 81' lang='lat' dir='ltr'><strong>saetam</strong></span> <span class='ocrx_word' id='word_1_53' title='bbox 1645 580 1715 619; x_wconf 82' lang='lat' dir='ltr'><strong>hic</strong></span> 
     </span>
     <span class='ocr_line' id='line_1_8' title="bbox 255 637 1715 689; baseline -0.003 -10"><span class='ocrx_word' id='word_1_54' title='bbox 255 640 495 680; x_wconf 80' lang='lat' dir='ltr'><strong>mentionem</strong></span> <span class='ocrx_word' id='word_1_55' title='bbox 509 669 521 687; x_wconf 88' lang='lat'><strong>‚</strong></span> <span class='ocrx_word' id='word_1_56' title='bbox 550 637 659 689; x_wconf 89' lang='lat' dir='ltr'><strong>quod</strong></span> <span class='ocrx_word' id='word_1_57' title='bbox 683 638 726 676; x_wconf 91' lang='lat' dir='ltr'><strong>id</strong></span> <span class='ocrx_word' id='word_1_58' title='bbox 755 638 882 676; x_wconf 86' lang='lat' dir='ltr'><strong>solum</strong></span> <span class='ocrx_word' id='word_1_59' title='bbox 902 644 988 676; x_wconf 88' lang='lat' dir='ltr'><strong>tum</strong></span> <span class='ocrx_word' id='word_1_60' title='bbox 1010 638 1205 688; x_wconf 84' lang='lat' dir='ltr'><strong>Augustus</strong></span> <span class='ocrx_word' id='word_1_61' title='bbox 1223 637 1454 688; x_wconf 82' lang='lat' dir='ltr'><strong>perceperit.</strong></span> <span class='ocrx_word' id='word_1_62' title='bbox 1507 650 1599 675; x_wconf 84' lang='lat' dir='ltr'><strong>nam</strong></span> <span class='ocrx_word' id='word_1_63' title='bbox 1618 638 1715 676; x_wconf 81' lang='lat' dir='ltr'><strong>soli-</strong></span> 
     </span>
     <span class='ocr_line' id='line_1_9' title="bbox 257 693 1717 744; baseline -0.002 -9"><span class='ocrx_word' id='word_1_64' title='bbox 257 704 321 736; x_wconf 88' lang='lat' dir='ltr'><strong>tos</strong></span> <span class='ocrx_word' id='word_1_65' title='bbox 353 696 431 734; x_wconf 85' lang='lat' dir='ltr'><strong>iam</strong></span> <span class='ocrx_word' id='word_1_66' title='bbox 457 695 550 734; x_wconf 89' lang='lat' dir='ltr'><strong>olim</strong></span> <span class='ocrx_word' id='word_1_67' title='bbox 578 695 746 732; x_wconf 84' lang='lat' dir='ltr'><strong>Graecos</strong></span> <span class='ocrx_word' id='word_1_68' title='bbox 778 695 894 732; x_wconf 85' lang='lat' dir='ltr'><strong>fuisse</strong></span> <span class='ocrx_word' id='word_1_69' title='bbox 919 694 1083 744; x_wconf 80' lang='lat' dir='ltr'><strong>aegrotis</strong></span> <span class='ocrx_word' id='word_1_70' title='bbox 1103 694 1144 731; x_wconf 92' lang='lat' dir='ltr'><strong>in</strong></span> <span class='ocrx_word' id='word_1_71' title='bbox 1166 706 1255 732; x_wconf 90' lang='lat' dir='ltr'><strong>eum</strong></span> <span class='ocrx_word' id='word_1_72' title='bbox 1277 694 1317 732; x_wconf 89' lang='lat' dir='ltr'><strong>vi</strong></span> <span class='ocrx_word' id='word_1_73' title='bbox 1330 693 1461 732; x_wconf 82' lang='lat' dir='ltr'><strong>morbi</strong></span> <span class='ocrx_word' id='word_1_74' title='bbox 1484 699 1628 732; x_wconf 87' lang='lat' dir='ltr'><strong>statum</strong></span> <span class='ocrx_word' id='word_1_75' title='bbox 1648 707 1717 732; x_wconf 85' lang='lat' dir='ltr'><strong>re-</strong></span> 
     </span>
     <span class='ocr_line' id='line_1_10' title="bbox 262 750 1718 802; baseline -0.002 -11"><span class='ocrx_word' id='word_1_76' title='bbox 262 753 389 792; x_wconf 86' lang='lat' dir='ltr'><strong>dactis</strong></span> <span class='ocrx_word' id='word_1_77' title='bbox 417 758 465 791; x_wconf 85' lang='lat' dir='ltr'><strong>ut</strong></span> <span class='ocrx_word' id='word_1_78' title='bbox 495 764 607 802; x_wconf 80' lang='lat' dir='ltr'><strong>aegre</strong></span> <span class='ocrx_word' id='word_1_79' title='bbox 634 751 744 802; x_wconf 89' lang='lat' dir='ltr'><strong>panis</strong></span> <span class='ocrx_word' id='word_1_80' title='bbox 769 751 914 802; x_wconf 84' lang='lat' dir='ltr'><strong>species</strong></span> <span class='ocrx_word' id='word_1_81' title='bbox 939 751 1151 802; x_wconf 80' lang='lat' dir='ltr'><strong>glutirent,</strong></span> <span class='ocrx_word' id='word_1_82' title='bbox 1180 763 1230 788; x_wconf 88' lang='lat' dir='ltr'><strong>ne</strong></span> <span class='ocrx_word' id='word_1_83' title='bbox 1263 750 1346 788; x_wconf 79' lang='lat' dir='ltr'><strong>sine</strong></span> <span class='ocrx_word' id='word_1_84' title='bbox 1372 750 1517 789; x_wconf 78' lang='lat' dir='ltr'><strong>viatico</strong></span> <span class='ocrx_word' id='word_1_85' title='bbox 1551 751 1718 800; x_wconf 82' lang='lat' dir='ltr'><strong>abirent,</strong></span> 
     </span>
     <span class='ocr_line' id='line_1_11' title="bbox 260 806 1720 863; baseline -0.001 -16"><span class='ocrx_word' id='word_1_86' title='bbox 260 810 430 863; x_wconf 85' lang='lat' dir='ltr'><strong>speeiem</strong></span> <span class='ocrx_word' id='word_1_87' title='bbox 463 809 546 847; x_wconf 75' lang='lat' dir='ltr'><strong>vini</strong></span> <span class='ocrx_word' id='word_1_88' title='bbox 579 807 803 846; x_wconf 84' lang='lat' dir='ltr'><strong>ministrare</strong></span> <span class='ocrx_word' id='word_1_89' title='bbox 837 808 981 855; x_wconf 85' lang='lat' dir='ltr'><strong>solam,</strong></span> <span class='ocrx_word' id='word_1_90' title='bbox 1017 807 1133 845; x_wconf 89' lang='lat' dir='ltr'><strong>docet</strong></span> <span class='ocrx_word' id='word_1_91' title='bbox 1160 807 1302 845; x_wconf 85' lang='lat' dir='ltr'><strong>Petrus</strong></span> <span class='ocrx_word' id='word_1_92' title='bbox 1325 806 1524 845; x_wconf 72' lang='lat' dir='ltr'><strong>Arcadius</strong></span> <span class='ocrx_word' id='word_1_93' title='bbox 1549 806 1578 848; x_wconf 91' lang='lat' dir='ltr'><strong>l.</strong></span> <span class='ocrx_word' id='word_1_94' title='bbox 1609 809 1638 850; x_wconf 82' lang='grc'><strong>3</strong></span> <span class='ocrx_word' id='word_1_95' title='bbox 1669 807 1720 845; x_wconf 78' lang='lat' dir='ltr'><strong>de</strong></span> 
     </span>
     <span class='ocr_line' id='line_1_12' title="bbox 218 863 1597 917; baseline -0.002 -12"><span class='ocrx_word' id='word_1_96' title='bbox 218 914 221 917; x_wconf 20' lang='grc' dir='ltr'>η</span> <span class='ocrx_word' id='word_1_97' title='bbox 263 865 475 905; x_wconf 86' lang='lat' dir='ltr'><strong>concordia</strong></span> <span class='ocrx_word' id='word_1_98' title='bbox 497 864 676 902; x_wconf 84' lang='lat' dir='ltr'><strong>ecclesiae</strong></span> <span class='ocrx_word' id='word_1_99' title='bbox 696 864 886 902; x_wconf 83' lang='lat' dir='ltr'><strong>Oriental.</strong></span> <span class='ocrx_word' id='word_1_100' title='bbox 906 870 946 902; x_wconf 88' lang='lat' dir='ltr'><strong>et</strong></span> <span class='ocrx_word' id='word_1_101' title='bbox 961 863 1202 902; x_wconf 79' lang='lat' dir='ltr'><strong>occidental.</strong></span> <span class='ocrx_word' id='word_1_102' title='bbox 1225 870 1299 902; x_wconf 86' lang='lat' dir='ltr'><strong>etc.</strong></span> <span class='ocrx_word' id='word_1_103' title='bbox 1319 877 1358 915; x_wconf 92' lang='lat' dir='ltr'><strong>p.</strong></span> <span class='ocrx_word' id='word_1_104' title='bbox 1378 864 1473 906; x_wconf 85' lang='lat'><strong>335.</strong></span> <span class='ocrx_word' id='word_1_105' title='bbox 1594 894 1597 897; x_wconf 87' lang='lat'>.</span> 
     </span>
     <span class='ocr_line' id='line_1_13' title="bbox 380 917 1720 974; baseline -0.003 -12"><span class='ocrx_word' id='word_1_106' title='bbox 380 917 631 974; x_wconf 80' lang='grc' dir='ltr'><strong><em>μετόχιον</em></strong></span> <span class='ocrx_word' id='word_1_107' title='bbox 660 935 699 972; x_wconf 83' lang='grc' dir='ltr'><strong>Ρ.</strong></span> <span class='ocrx_word' id='word_1_108' title='bbox 717 923 799 963; x_wconf 82' lang='grc'><strong>270</strong></span> <span class='ocrx_word' id='word_1_109' title='bbox 831 934 868 960; x_wconf 92' lang='lat' dir='ltr'><strong>v.</strong></span> <span class='ocrx_word' id='word_1_110' title='bbox 883 924 950 962; x_wconf 82' lang='lat'><strong>21.</strong></span> <span class='ocrx_word' id='word_1_111' title='bbox 1009 921 1089 971; x_wconf 80' lang='lat' dir='ltr'><strong>agit</strong></span> <span class='ocrx_word' id='word_1_112' title='bbox 1116 920 1165 957; x_wconf 88' lang='lat' dir='ltr'><strong>de</strong></span> <span class='ocrx_word' id='word_1_113' title='bbox 1195 920 1434 958; x_wconf 85' lang='lat' dir='ltr'><strong>domuncula</strong></span> <span class='ocrx_word' id='word_1_114' title='bbox 1462 932 1554 958; x_wconf 84' lang='lat' dir='ltr'><strong>cum</strong></span> <span class='ocrx_word' id='word_1_115' title='bbox 1579 919 1720 958; x_wconf 81' lang='lat' dir='ltr'><strong>sacello</strong></span> 
     </span>
     <span class='ocr_line' id='line_1_14' title="bbox 265 972 1724 1029; baseline -0.001 -12"><span class='ocrx_word' id='word_1_116' title='bbox 265 979 350 1018; x_wconf 88' lang='lat' dir='ltr'><strong>divi</strong></span> <span class='ocrx_word' id='word_1_117' title='bbox 378 978 528 1016; x_wconf 88' lang='lat' dir='ltr'><strong>Nicolai</strong></span> <span class='ocrx_word' id='word_1_118' title='bbox 556 977 608 1015; x_wconf 85' lang='lat' dir='ltr'><strong>ad</strong></span> <span class='ocrx_word' id='word_1_119' title='bbox 635 990 743 1015; x_wconf 82' lang='lat' dir='ltr'><strong>mare</strong></span> <span class='ocrx_word' id='word_1_120' title='bbox 772 977 867 1026; x_wconf 84' lang='lat' dir='ltr'><strong>sita,</strong></span> <span class='ocrx_word' id='word_1_121' title='bbox 897 990 1012 1027; x_wconf 85' lang='lat' dir='ltr'><strong>quam</strong></span> <span class='ocrx_word' id='word_1_122' title='bbox 1042 977 1138 1016; x_wconf 79' lang='lat' dir='ltr'><strong>dicit</strong></span> <span class='ocrx_word' id='word_1_123' title='bbox 1152 976 1270 1015; x_wconf 85' lang='lat' dir='ltr'><strong>fuisse</strong></span> <span class='ocrx_word' id='word_1_124' title='bbox 1292 973 1468 1029; x_wconf 80' lang='grc' dir='ltr'><em>μετὸχιον</em></span> <span class='ocrx_word' id='word_1_125' title='bbox 1484 979 1556 1026; x_wconf 82' lang='grc' dir='ltr'><strong>τῆς</strong></span> <span class='ocrx_word' id='word_1_126' title='bbox 1573 972 1724 1025; x_wconf 81' lang='grc' dir='ltr'><em>Ὀξείας</em></span> 
     </span>
     <span class='ocr_line' id='line_1_15' title="bbox 251 1032 1724 1085; baseline -0.002 -11"><span class='ocrx_word' id='word_1_127' title='bbox 251 1035 507 1074; x_wconf 32' lang='grc' dir='ltr'><strong>’γηείοσήἰαηι</strong></span> <span class='ocrx_word' id='word_1_128' title='bbox 529 1034 661 1072; x_wconf 83' lang='lat' dir='ltr'><strong>Oxeae</strong></span> <span class='ocrx_word' id='word_1_129' title='bbox 686 1034 836 1071; x_wconf 86' lang='lat' dir='ltr'><strong>insulae</strong></span> <span class='ocrx_word' id='word_1_130' title='bbox 860 1033 1130 1085; x_wconf 71' lang='lat' dir='ltr'><strong>Propontidis,</strong></span> <span class='ocrx_word' id='word_1_131' title='bbox 1159 1033 1212 1071; x_wconf 84' lang='lat' dir='ltr'><strong>ad</strong></span> <span class='ocrx_word' id='word_1_132' title='bbox 1232 1047 1350 1083; x_wconf 88' lang='lat' dir='ltr'><strong>quam</strong></span> <span class='ocrx_word' id='word_1_133' title='bbox 1375 1032 1576 1083; x_wconf 82' lang='lat' dir='ltr'><strong>deportari</strong></span> <span class='ocrx_word' id='word_1_134' title='bbox 1595 1033 1724 1071; x_wconf 78' lang='lat' dir='ltr'><strong>iussus</strong></span> 
     </span>
     <span class='ocr_line' id='line_1_16' title="bbox 265 1089 1723 1143; baseline -0.003 -13"><span class='ocrx_word' id='word_1_135' title='bbox 265 1090 543 1143; x_wconf 80' lang='lat' dir='ltr'><strong>expatriarcha</strong></span> <span class='ocrx_word' id='word_1_136' title='bbox 566 1091 763 1129; x_wconf 86' lang='lat' dir='ltr'><strong>Arsenius.</strong></span> <span class='ocrx_word' id='word_1_137' title='bbox 818 1090 863 1128; x_wconf 91' lang='lat' dir='ltr'><strong>in</strong></span> <span class='ocrx_word' id='word_1_138' title='bbox 888 1103 932 1127; x_wconf 86' lang='lat' dir='ltr'><strong>ea</strong></span> <span class='ocrx_word' id='word_1_139' title='bbox 961 1089 1156 1138; x_wconf 82' lang='lat' dir='ltr'><strong>aedicula,</strong></span> <span class='ocrx_word' id='word_1_140' title='bbox 1185 1090 1328 1140; x_wconf 82' lang='lat' dir='ltr'><strong>quippe</strong></span> <span class='ocrx_word' id='word_1_141' title='bbox 1351 1089 1577 1127; x_wconf 85' lang='lat' dir='ltr'><strong>imminente</strong></span> <span class='ocrx_word' id='word_1_142' title='bbox 1595 1089 1636 1127; x_wconf 88' lang='lat' dir='ltr'><strong>in</strong></span> <span class='ocrx_word' id='word_1_143' title='bbox 1654 1101 1723 1127; x_wconf 89' lang='lat' dir='ltr'><strong>re-</strong></span> 
     </span>
     <span class='ocr_line' id='line_1_17' title="bbox 264 1145 1724 1195; baseline -0.002 -9"><span class='ocrx_word' id='word_1_144' title='bbox 264 1148 481 1187; x_wconf 86' lang='lat' dir='ltr'><strong>ctissimum</strong></span> <span class='ocrx_word' id='word_1_145' title='bbox 510 1147 605 1185; x_wconf 90' lang='lat' dir='ltr'><strong>illuc</strong></span> <span class='ocrx_word' id='word_1_146' title='bbox 630 1147 838 1185; x_wconf 75' lang='lat' dir='ltr'><strong>traiectum</strong></span> <span class='ocrx_word' id='word_1_147' title='bbox 853 1175 866 1195; x_wconf 91' lang='lat'><strong><em>‚</em></strong></span> <span class='ocrx_word' id='word_1_148' title='bbox 899 1152 970 1184; x_wconf 89' lang='lat' dir='ltr'><strong>aut</strong></span> <span class='ocrx_word' id='word_1_149' title='bbox 990 1147 1094 1184; x_wconf 81' lang='lat' dir='ltr'><strong>sorte</strong></span> <span class='ocrx_word' id='word_1_150' title='bbox 1114 1146 1231 1184; x_wconf 86' lang='lat' dir='ltr'><strong>etiam</strong></span> <span class='ocrx_word' id='word_1_151' title='bbox 1254 1145 1306 1184; x_wconf 86' lang='lat' dir='ltr'><strong>ad</strong></span> <span class='ocrx_word' id='word_1_152' title='bbox 1324 1145 1549 1183; x_wconf 88' lang='lat' dir='ltr'><strong>monasterii</strong></span> <span class='ocrx_word' id='word_1_153' title='bbox 1564 1146 1724 1183; x_wconf 83' lang='lat' dir='ltr'><strong>Oxeen-</strong></span> 
     </span>
     <span class='ocr_line' id='line_1_18' title="bbox 266 1201 1725 1254; baseline -0.003 -11"><span class='ocrx_word' id='word_1_154' title='bbox 266 1205 337 1254; x_wconf 84' lang='lat' dir='ltr'><strong>sis,</strong></span> <span class='ocrx_word' id='word_1_155' title='bbox 367 1204 431 1242; x_wconf 87' lang='lat' dir='ltr'><strong>cui</strong></span> <span class='ocrx_word' id='word_1_156' title='bbox 449 1202 705 1242; x_wconf 83' lang='lat' dir='ltr'><strong>addicebatur</strong></span> <span class='ocrx_word' id='word_1_157' title='bbox 725 1215 770 1241; x_wconf 92' lang='lat' dir='ltr'><strong>eo</strong></span> <span class='ocrx_word' id='word_1_158' title='bbox 789 1203 983 1253; x_wconf 84' lang='lat' dir='ltr'><strong>relegatus</strong></span> <span class='ocrx_word' id='word_1_159' title='bbox 994 1202 1202 1251; x_wconf 86' lang='lat' dir='ltr'><strong>Arsenius,</strong></span> <span class='ocrx_word' id='word_1_160' title='bbox 1236 1201 1298 1240; x_wconf 89' lang='lat' dir='ltr'><strong>ius</strong></span> <span class='ocrx_word' id='word_1_161' title='bbox 1319 1202 1611 1251; x_wconf 87' lang='lat' dir='ltr'><strong>dominiumque</strong></span> <span class='ocrx_word' id='word_1_162' title='bbox 1630 1214 1725 1254; x_wconf 86' lang='lat' dir='ltr'><strong>per-</strong></span> 
     </span>
     <span class='ocr_line' id='line_1_19' title="bbox 268 1258 1727 1310; baseline -0.003 -11"><span class='ocrx_word' id='word_1_163' title='bbox 268 1262 441 1310; x_wconf 79' lang='lat' dir='ltr'><strong>tinente,</strong></span> <span class='ocrx_word' id='word_1_164' title='bbox 472 1259 600 1297; x_wconf 89' lang='lat' dir='ltr'><strong>obiter</strong></span> <span class='ocrx_word' id='word_1_165' title='bbox 627 1259 661 1297; x_wconf 82' lang='lat' dir='ltr'><strong>is</strong></span> <span class='ocrx_word' id='word_1_166' title='bbox 692 1259 893 1310; x_wconf 86' lang='lat' dir='ltr'><strong>depositus</strong></span> <span class='ocrx_word' id='word_1_167' title='bbox 921 1264 990 1297; x_wconf 87' lang='lat' dir='ltr'><strong>est.</strong></span> <span class='ocrx_word' id='word_1_168' title='bbox 1047 1259 1073 1297; x_wconf 91' lang='lat' dir='ltr'><strong>l.</strong></span> <span class='ocrx_word' id='word_1_169' title='bbox 1092 1258 1118 1301; x_wconf 88' lang='grc'><strong><em>5</em></strong></span> <span class='ocrx_word' id='word_1_170' title='bbox 1148 1272 1181 1297; x_wconf 92' lang='lat' dir='ltr'><strong>c.</strong></span> <span class='ocrx_word' id='word_1_171' title='bbox 1199 1261 1226 1299; x_wconf 83' lang='lat'>2</span> <span class='ocrx_word' id='word_1_172' title='bbox 1254 1271 1398 1296; x_wconf 88' lang='lat' dir='ltr'><strong>nomen</strong></span> <span class='ocrx_word' id='word_1_173' title='bbox 1417 1258 1523 1296; x_wconf 89' lang='lat' dir='ltr'><strong>idem</strong></span> <span class='ocrx_word' id='word_1_174' title='bbox 1541 1258 1727 1296; x_wconf 73' lang='lat' dir='ltr'><strong>iterumn</strong></span> 
     </span>
     <span class='ocr_line' id='line_1_20' title="bbox 132 1311 1728 1366; baseline -0.003 -9"><span class='ocrx_word' id='word_1_175' title='bbox 132 1326 159 1359; x_wconf 83' lang='lat' dir='ltr'><strong>P</strong></span> <span class='ocrx_word' id='word_1_176' title='bbox 183 1324 412 1360; x_wconf 60' lang='lat' dir='ltr'><strong>403&lt;nostro</strong></span> <span class='ocrx_word' id='word_1_177' title='bbox 443 1315 652 1359; x_wconf 81' lang='lat' dir='ltr'><strong>adhibetur</strong></span> <span class='ocrx_word' id='word_1_178' title='bbox 673 1315 715 1353; x_wconf 89' lang='lat' dir='ltr'><strong>in</strong></span> <span class='ocrx_word' id='word_1_179' title='bbox 735 1315 797 1353; x_wconf 90' lang='lat' dir='ltr'><strong>his</strong></span> <span class='ocrx_word' id='word_1_180' title='bbox 818 1315 970 1353; x_wconf 87' lang='lat' dir='ltr'><strong>verbis:</strong></span> <span class='ocrx_word' id='word_1_181' title='bbox 999 1311 1075 1365; x_wconf 76' lang='grc' dir='ltr'><strong>τήν</strong></span> <span class='ocrx_word' id='word_1_182' title='bbox 1104 1311 1147 1354; x_wconf 81' lang='grc' dir='ltr'><strong>δὲ</strong></span> <span class='ocrx_word' id='word_1_183' title='bbox 1173 1312 1303 1366; x_wconf 79' lang='grc' dir='ltr'>μονήν</span> <span class='ocrx_word' id='word_1_184' title='bbox 1333 1314 1490 1366; x_wconf 79' lang='grc' dir='ltr'><strong><em>ἐκείνην</em></strong></span> <span class='ocrx_word' id='word_1_185' title='bbox 1519 1314 1728 1365; x_wconf 87' lang='lat' dir='ltr'><strong>(loquitur</strong></span> 
     </span>
     <span class='ocr_line' id='line_1_21' title="bbox 271 1370 1728 1426; baseline -0.001 -13"><span class='ocrx_word' id='word_1_186' title='bbox 271 1375 320 1414; x_wconf 87' lang='lat' dir='ltr'><strong>de</strong></span> <span class='ocrx_word' id='word_1_187' title='bbox 347 1372 584 1411; x_wconf 86' lang='lat' dir='ltr'><strong>monasterio</strong></span> <span class='ocrx_word' id='word_1_188' title='bbox 613 1371 722 1422; x_wconf 88' lang='lat' dir='ltr'><strong>quod</strong></span> <span class='ocrx_word' id='word_1_189' title='bbox 751 1372 882 1410; x_wconf 79' lang='lat' dir='ltr'><strong>fuerat</strong></span> <span class='ocrx_word' id='word_1_190' title='bbox 911 1370 1178 1422; x_wconf 82' lang='lat' dir='ltr'><strong>Blemmidae)</strong></span> <span class='ocrx_word' id='word_1_191' title='bbox 1207 1373 1256 1426; x_wconf 79' lang='grc' dir='ltr'><strong>τῇ</strong></span> <span class='ocrx_word' id='word_1_192' title='bbox 1287 1373 1360 1411; x_wconf 86' lang='grc' dir='ltr'><strong>τοῦ</strong></span> <span class='ocrx_word' id='word_1_193' title='bbox 1393 1371 1592 1423; x_wconf 79' lang='grc' dir='ltr'><strong><em>Γαλησίου</em></strong></span> <span class='ocrx_word' id='word_1_194' title='bbox 1621 1372 1728 1425; x_wconf 82' lang='grc' dir='ltr'><strong><em>μονῇ</em></strong></span> 
     </span>
     <span class='ocr_line' id='line_1_22' title="bbox 270 1424 1731 1482; baseline -0.003 -12"><span class='ocrx_word' id='word_1_195' title='bbox 270 1430 523 1482; x_wconf 68' lang='grc' dir='ltr'><em>ὑποτεθῆναι</em></span> <span class='ocrx_word' id='word_1_196' title='bbox 541 1429 598 1476; x_wconf 85' lang='grc' dir='ltr'><strong>εἷς</strong></span> <span class='ocrx_word' id='word_1_197' title='bbox 617 1424 809 1480; x_wconf 82' lang='grc' dir='ltr'><strong><em>μετόχιον.</em></strong></span> <span class='ocrx_word' id='word_1_198' title='bbox 860 1428 1010 1466; x_wconf 90' lang='lat' dir='ltr'><strong>indicat</strong></span> <span class='ocrx_word' id='word_1_199' title='bbox 1027 1428 1309 1466; x_wconf 78' lang='lat' dir='ltr'><strong>monasterium</strong></span> <span class='ocrx_word' id='word_1_200' title='bbox 1329 1427 1437 1478; x_wconf 92' lang='lat' dir='ltr'><strong>quod</strong></span> <span class='ocrx_word' id='word_1_201' title='bbox 1454 1427 1582 1465; x_wconf 85' lang='lat' dir='ltr'><strong>fuerat</strong></span> <span class='ocrx_word' id='word_1_202' title='bbox 1597 1428 1731 1465; x_wconf 78' lang='lat' dir='ltr'><strong>Blem-</strong></span> 
     </span>
     <span class='ocr_line' id='line_1_23' title="bbox 271 1484 1732 1534; baseline -0.003 -9"><span class='ocrx_word' id='word_1_203' title='bbox 271 1487 424 1534; x_wconf 83' lang='lat' dir='ltr'><strong>midae,</strong></span> <span class='ocrx_word' id='word_1_204' title='bbox 461 1485 732 1523; x_wconf 87' lang='lat' dir='ltr'><strong>contributum</strong></span> <span class='ocrx_word' id='word_1_205' title='bbox 773 1490 814 1522; x_wconf 92' lang='lat' dir='ltr'><strong>et</strong></span> <span class='ocrx_word' id='word_1_206' title='bbox 850 1485 1069 1522; x_wconf 87' lang='lat' dir='ltr'><strong>subiectum</strong></span> <span class='ocrx_word' id='word_1_207' title='bbox 1099 1484 1338 1523; x_wconf 84' lang='lat' dir='ltr'><strong>monasterio</strong></span> <span class='ocrx_word' id='word_1_208' title='bbox 1368 1484 1522 1522; x_wconf 79' lang='lat' dir='ltr'><strong>Galesii.</strong></span> <span class='ocrx_word' id='word_1_209' title='bbox 1579 1484 1732 1534; x_wconf 75' lang='lat' dir='ltr'><strong>aliquae</strong></span> 
     </span>
     <span class='ocr_line' id='line_1_24' title="bbox 273 1540 1732 1594; baseline -0.003 -11"><span class='ocrx_word' id='word_1_210' title='bbox 273 1543 474 1594; x_wconf 80' lang='lat' dir='ltr'><strong>religiosae</strong></span> <span class='ocrx_word' id='word_1_211' title='bbox 497 1541 664 1579; x_wconf 81' lang='lat' dir='ltr'><strong>familiae</strong></span> <span class='ocrx_word' id='word_1_212' title='bbox 690 1540 838 1578; x_wconf 84' lang='lat' dir='ltr'><strong>habent</strong></span> <span class='ocrx_word' id='word_1_213' title='bbox 861 1541 1193 1579; x_wconf 83' lang='lat' dir='ltr'><strong>extraordinarias</strong></span> <span class='ocrx_word' id='word_1_214' title='bbox 1221 1540 1379 1589; x_wconf 90' lang='lat' dir='ltr'><strong>domos,</strong></span> <span class='ocrx_word' id='word_1_215' title='bbox 1407 1540 1598 1590; x_wconf 82' lang='lat' dir='ltr'><strong>quaedam</strong></span> <span class='ocrx_word' id='word_1_216' title='bbox 1630 1552 1732 1590; x_wconf 88' lang='lat' dir='ltr'><strong>quae</strong></span> 
     </span>
     <span class='ocr_line' id='line_1_25' title="bbox 275 1596 1732 1649; baseline -0.001 -11"><span class='ocrx_word' id='word_1_217' title='bbox 275 1604 423 1638; x_wconf 80' lang='lat' dir='ltr'><strong>vocant</strong></span> <span class='ocrx_word' id='word_1_218' title='bbox 451 1598 652 1649; x_wconf 71' lang='lat' dir='ltr'><strong>hospitia,</strong></span> <span class='ocrx_word' id='word_1_219' title='bbox 690 1597 758 1636; x_wconf 91' lang='lat' dir='ltr'><strong>ubi</strong></span> <span class='ocrx_word' id='word_1_220' title='bbox 788 1597 1037 1637; x_wconf 82' lang='lat' dir='ltr'><strong>diversentur</strong></span> <span class='ocrx_word' id='word_1_221' title='bbox 1067 1597 1223 1635; x_wconf 87' lang='lat' dir='ltr'><strong>illarum</strong></span> <span class='ocrx_word' id='word_1_222' title='bbox 1253 1596 1423 1635; x_wconf 86' lang='lat' dir='ltr'><strong>ministri</strong></span> <span class='ocrx_word' id='word_1_223' title='bbox 1454 1602 1523 1635; x_wconf 83' lang='lat' dir='ltr'><strong>aut</strong></span> <span class='ocrx_word' id='word_1_224' title='bbox 1550 1596 1732 1647; x_wconf 83' lang='lat' dir='ltr'><strong>religiosi,</strong></span> 
     </span>
     <span class='ocr_line' id='line_1_26' title="bbox 279 1653 1733 1706; baseline -0.002 -13"><span class='ocrx_word' id='word_1_225' title='bbox 279 1656 348 1706; x_wconf 88' lang='lat' dir='ltr'><strong>qui</strong></span> <span class='ocrx_word' id='word_1_226' title='bbox 370 1654 513 1706; x_wconf 85' lang='lat' dir='ltr'><strong>negotii</strong></span> <span class='ocrx_word' id='word_1_227' title='bbox 532 1667 647 1692; x_wconf 88' lang='lat' dir='ltr'><strong>causa</strong></span> <span class='ocrx_word' id='word_1_228' title='bbox 663 1653 706 1691; x_wconf 90' lang='lat' dir='ltr'><strong>in</strong></span> <span class='ocrx_word' id='word_1_229' title='bbox 725 1654 821 1692; x_wconf 88' lang='lat' dir='ltr'><strong>locis</strong></span> <span class='ocrx_word' id='word_1_230' title='bbox 836 1654 912 1692; x_wconf 89' lang='lat' dir='ltr'><strong>illis</strong></span> <span class='ocrx_word' id='word_1_231' title='bbox 933 1654 1246 1706; x_wconf 81' lang='lat' dir='ltr'><strong>peregrinantur.</strong></span> <span class='ocrx_word' id='word_1_232' title='bbox 1301 1653 1464 1692; x_wconf 85' lang='lat' dir='ltr'><strong>videtur</strong></span> <span class='ocrx_word' id='word_1_233' title='bbox 1488 1653 1585 1704; x_wconf 90' lang='lat' dir='ltr'><strong>quid</strong></span> <span class='ocrx_word' id='word_1_234' title='bbox 1609 1653 1733 1691; x_wconf 84' lang='lat' dir='ltr'><strong>simile</strong></span> 
     </span>
     <span class='ocr_line' id='line_1_27' title="bbox 279 1708 877 1764; baseline -0.003 -13"><span class='ocrx_word' id='word_1_235' title='bbox 279 1724 378 1751; x_wconf 79' lang='lat' dir='ltr'><strong>voce</strong></span> <span class='ocrx_word' id='word_1_236' title='bbox 396 1708 572 1764; x_wconf 85' lang='grc' dir='ltr'><em>μετόχιον</em></span> <span class='ocrx_word' id='word_1_237' title='bbox 591 1710 658 1748; x_wconf 86' lang='lat' dir='ltr'><strong>hic</strong></span> <span class='ocrx_word' id='word_1_238' title='bbox 673 1710 877 1761; x_wconf 81' lang='lat' dir='ltr'><strong>designari.</strong></span> 
     </span>
     <span class='ocr_line' id='line_1_28' title="bbox 398 1765 1735 1820; baseline -0.003 -13"><span class='ocrx_word' id='word_1_239' title='bbox 398 1770 717 1820; x_wconf 80' lang='grc' dir='ltr'><em>μηνολογεῖν</em></span> <span class='ocrx_word' id='word_1_240' title='bbox 745 1780 784 1818; x_wconf 88' lang='lat' dir='ltr'><strong>p.</strong></span> <span class='ocrx_word' id='word_1_241' title='bbox 810 1769 891 1808; x_wconf 83' lang='lat'><strong>319</strong></span> <span class='ocrx_word' id='word_1_242' title='bbox 917 1779 957 1805; x_wconf 86' lang='lat' dir='ltr'><strong>v.</strong></span> <span class='ocrx_word' id='word_1_243' title='bbox 974 1769 1013 1808; x_wconf 87' lang='lat'><strong>9.</strong></span> <span class='ocrx_word' id='word_1_244' title='bbox 1070 1765 1148 1804; x_wconf 86' lang='lat' dir='ltr'><strong>hoc</strong></span> <span class='ocrx_word' id='word_1_245' title='bbox 1169 1766 1258 1804; x_wconf 89' lang='lat' dir='ltr'><strong>loco</strong></span> <span class='ocrx_word' id='word_1_246' title='bbox 1284 1768 1519 1820; x_wconf 77' lang='grc' dir='ltr'><em>μηνολογεῖν</em></span> <span class='ocrx_word' id='word_1_247' title='bbox 1546 1765 1735 1816; x_wconf 79' lang='lat' dir='ltr'><strong>significat</strong></span> 
     </span>
     <span class='ocr_line' id='line_1_29' title="bbox 282 1821 1735 1874; baseline -0.001 -13"><span class='ocrx_word' id='word_1_248' title='bbox 282 1836 456 1861; x_wconf 86' lang='lat' dir='ltr'><strong>mensem</strong></span> <span class='ocrx_word' id='word_1_249' title='bbox 482 1835 678 1874; x_wconf 84' lang='lat' dir='ltr'><strong>apponere</strong></span> <span class='ocrx_word' id='word_1_250' title='bbox 708 1822 985 1873; x_wconf 83' lang='lat' dir='ltr'><strong>diplomatibus</strong></span> <span class='ocrx_word' id='word_1_251' title='bbox 1014 1828 1083 1860; x_wconf 82' lang='lat' dir='ltr'><strong>aut</strong></span> <span class='ocrx_word' id='word_1_252' title='bbox 1114 1822 1259 1860; x_wconf 79' lang='lat' dir='ltr'><strong>chartis</strong></span> <span class='ocrx_word' id='word_1_253' title='bbox 1286 1822 1419 1872; x_wconf 78' lang='lat' dir='ltr'><strong>regii53</strong></span> <span class='ocrx_word' id='word_1_254' title='bbox 1448 1821 1556 1872; x_wconf 89' lang='lat' dir='ltr'><strong>quod</strong></span> <span class='ocrx_word' id='word_1_255' title='bbox 1573 1823 1644 1860; x_wconf 89' lang='lat' dir='ltr'><strong>sibi</strong></span> <span class='ocrx_word' id='word_1_256' title='bbox 1662 1821 1735 1860; x_wconf 87' lang='lat' dir='ltr'><strong>uni</strong></span> 
     </span>
     <span class='ocr_line' id='line_1_30' title="bbox 283 1877 1735 1929; baseline -0.001 -13"><span class='ocrx_word' id='word_1_257' title='bbox 283 1879 452 1918; x_wconf 73' lang='lat' dir='ltr'><strong>Michael</strong></span> <span class='ocrx_word' id='word_1_258' title='bbox 477 1878 675 1929; x_wconf 86' lang='lat' dir='ltr'><strong>Augustus</strong></span> <span class='ocrx_word' id='word_1_259' title='bbox 702 1885 946 1916; x_wconf 73' lang='lat' dir='ltr'><strong>reservatum</strong></span> <span class='ocrx_word' id='word_1_260' title='bbox 974 1878 1123 1927; x_wconf 87' lang='lat' dir='ltr'><strong>voluit,</strong></span> <span class='ocrx_word' id='word_1_261' title='bbox 1150 1878 1381 1916; x_wconf 85' lang='lat' dir='ltr'><strong>nominatim</strong></span> <span class='ocrx_word' id='word_1_262' title='bbox 1400 1877 1595 1928; x_wconf 83' lang='lat' dir='ltr'><strong>excipiens</strong></span> <span class='ocrx_word' id='word_1_263' title='bbox 1617 1890 1668 1916; x_wconf 89' lang='lat' dir='ltr'><strong>ne</strong></span> <span class='ocrx_word' id='word_1_264' title='bbox 1690 1877 1735 1916; x_wconf 92' lang='lat' dir='ltr'><strong>id</strong></span> 
     </span>
     <span class='ocr_line' id='line_1_31' title="bbox 286 1933 1737 1985; baseline -0.001 -12"><span class='ocrx_word' id='word_1_265' title='bbox 286 1935 540 1974; x_wconf 85' lang='lat' dir='ltr'><strong>Andronicus</strong></span> <span class='ocrx_word' id='word_1_266' title='bbox 555 1934 681 1983; x_wconf 88' lang='lat' dir='ltr'><strong>filius,</strong></span> <span class='ocrx_word' id='word_1_267' title='bbox 711 1947 826 1985; x_wconf 86' lang='lat' dir='ltr'><strong>quem</strong></span> <span class='ocrx_word' id='word_1_268' title='bbox 843 1935 882 1972; x_wconf 92' lang='lat' dir='ltr'><strong>in</strong></span> <span class='ocrx_word' id='word_1_269' title='bbox 903 1934 1055 1984; x_wconf 89' lang='lat' dir='ltr'><strong>imperii</strong></span> <span class='ocrx_word' id='word_1_270' title='bbox 1074 1934 1314 1972; x_wconf 79' lang='lat' dir='ltr'><strong>consortium</strong></span> <span class='ocrx_word' id='word_1_271' title='bbox 1334 1933 1580 1982; x_wconf 79' lang='lat' dir='ltr'><strong>admittebat,</strong></span> <span class='ocrx_word' id='word_1_272' title='bbox 1607 1934 1737 1972; x_wconf 80' lang='lat' dir='ltr'><strong>facere</strong></span> 
     </span>
     <span class='ocr_line' id='line_1_32' title="bbox 288 1988 1735 2043; baseline -0.001 -14"><span class='ocrx_word' id='word_1_273' title='bbox 288 2004 330 2029; x_wconf 91' lang='lat' dir='ltr'><strong>se</strong></span> <span class='ocrx_word' id='word_1_274' title='bbox 348 1991 441 2030; x_wconf 86' lang='lat' dir='ltr'><strong>vivo</strong></span> <span class='ocrx_word' id='word_1_275' title='bbox 459 1997 600 2043; x_wconf 86' lang='lat' dir='ltr'><strong>posset.</strong></span> <span class='ocrx_word' id='word_1_276' title='bbox 635 1990 742 2029; x_wconf 91' lang='lat' dir='ltr'><strong>unde</strong></span> <span class='ocrx_word' id='word_1_277' title='bbox 760 1991 862 2028; x_wconf 85' lang='lat' dir='ltr'><strong>idem</strong></span> <span class='ocrx_word' id='word_1_278' title='bbox 879 1996 1013 2028; x_wconf 83' lang='lat' dir='ltr'><strong>noster</strong></span> <span class='ocrx_word' id='word_1_279' title='bbox 1028 1990 1066 2028; x_wconf 88' lang='lat' dir='ltr'><strong>in</strong></span> <span class='ocrx_word' id='word_1_280' title='bbox 1089 1990 1315 2028; x_wconf 86' lang='lat' dir='ltr'><strong>Andronico</strong></span> <span class='ocrx_word' id='word_1_281' title='bbox 1345 1988 1476 2041; x_wconf 86' lang='lat' dir='ltr'><strong>(quod</strong></span> <span class='ocrx_word' id='word_1_282' title='bbox 1497 1989 1604 2028; x_wconf 89' lang='lat' dir='ltr'><strong>aliud</strong></span> <span class='ocrx_word' id='word_1_283' title='bbox 1624 2003 1735 2042; x_wconf 87' lang='lat' dir='ltr'><strong>opus,</strong></span> 
     </span>
     <span class='ocr_line' id='line_1_33' title="bbox 291 2045 1738 2099; baseline 0 -14"><span class='ocrx_word' id='word_1_284' title='bbox 291 2048 367 2085; x_wconf 84' lang='lat' dir='ltr'><strong>deo</strong></span> <span class='ocrx_word' id='word_1_285' title='bbox 393 2047 531 2096; x_wconf 85' lang='lat' dir='ltr'><strong>dante,</strong></span> <span class='ocrx_word' id='word_1_286' title='bbox 558 2060 653 2085; x_wconf 84' lang='lat' dir='ltr'><strong>mox</strong></span> <span class='ocrx_word' id='word_1_287' title='bbox 675 2045 860 2099; x_wconf 89' lang='lat' dir='ltr'><strong>edemus)</strong></span> <span class='ocrx_word' id='word_1_288' title='bbox 889 2047 917 2087; x_wconf 90' lang='lat' dir='ltr'><strong>l.</strong></span> <span class='ocrx_word' id='word_1_289' title='bbox 938 2050 958 2088; x_wconf 93' lang='lat'>1</span> <span class='ocrx_word' id='word_1_290' title='bbox 993 2059 1025 2084; x_wconf 88' lang='lat' dir='ltr'><strong>c.</strong></span> <span class='ocrx_word' id='word_1_291' title='bbox 1048 2049 1067 2087; x_wconf 89' lang='lat'>1</span> <span class='ocrx_word' id='word_1_292' title='bbox 1102 2052 1239 2085; x_wconf 83' lang='lat' dir='ltr'><strong>narrat</strong></span> <span class='ocrx_word' id='word_1_293' title='bbox 1266 2059 1354 2084; x_wconf 90' lang='lat' dir='ltr'><strong>eum</strong></span> <span class='ocrx_word' id='word_1_294' title='bbox 1386 2052 1477 2097; x_wconf 85' lang='lat' dir='ltr'><strong>post</strong></span> <span class='ocrx_word' id='word_1_295' title='bbox 1508 2046 1631 2098; x_wconf 82' lang='lat' dir='ltr'><strong>patris</strong></span> <span class='ocrx_word' id='word_1_296' title='bbox 1658 2046 1738 2085; x_wconf 82' lang='lat' dir='ltr'><strong>Mi-</strong></span> 
     </span>
     <span class='ocr_line' id='line_1_34' title="bbox 292 2102 1738 2154; baseline -0.001 -13"><span class='ocrx_word' id='word_1_297' title='bbox 292 2103 438 2142; x_wconf 69' lang='lat' dir='ltr'><strong>chaelis</strong></span> <span class='ocrx_word' id='word_1_298' title='bbox 464 2109 628 2141; x_wconf 86' lang='lat' dir='ltr'><strong>mortem</strong></span> <span class='ocrx_word' id='word_1_299' title='bbox 654 2103 822 2154; x_wconf 89' lang='lat' dir='ltr'><strong>primum</strong></span> <span class='ocrx_word' id='word_1_300' title='bbox 840 2103 879 2140; x_wconf 90' lang='lat' dir='ltr'><strong>in</strong></span> <span class='ocrx_word' id='word_1_301' title='bbox 898 2103 1044 2154; x_wconf 88' lang='lat' dir='ltr'><strong>scripto</strong></span> <span class='ocrx_word' id='word_1_302' title='bbox 1064 2102 1171 2141; x_wconf 88' lang='lat' dir='ltr'><strong>iussu</strong></span> <span class='ocrx_word' id='word_1_303' title='bbox 1186 2102 1289 2153; x_wconf 82' lang='lat' dir='ltr'><strong>regio</strong></span> <span class='ocrx_word' id='word_1_304' title='bbox 1309 2115 1477 2140; x_wconf 85' lang='lat' dir='ltr'><strong>mensem</strong></span> <span class='ocrx_word' id='word_1_305' title='bbox 1498 2102 1738 2154; x_wconf 77' lang='lat' dir='ltr'><strong>apposuisse:</strong></span> 
     </span>
     <span class='ocr_line' id='line_1_35' title="bbox 294 2155 1740 2212; baseline -0.002 -13"><span class='ocrx_word' id='word_1_306' title='bbox 294 2158 384 2210; x_wconf 72' lang='grc' dir='ltr'><strong>ἄρτι</strong></span> <span class='ocrx_word' id='word_1_307' title='bbox 403 2155 570 2212; x_wconf 77' lang='grc' dir='ltr'><em>πρώτως</em></span> <span class='ocrx_word' id='word_1_308' title='bbox 585 2155 956 2212; x_wconf 75' lang='grc' dir='ltr'><strong><em>μηνολογησάμενος</em></strong></span> <span class='ocrx_word' id='word_1_309' title='bbox 974 2156 1210 2212; x_wconf 82' lang='grc' dir='ltr'><strong><em>πρόσταγμα.</em></strong></span> <span class='ocrx_word' id='word_1_310' title='bbox 1267 2172 1344 2208; x_wconf 92' lang='lat' dir='ltr'><strong>quo</strong></span> <span class='ocrx_word' id='word_1_311' title='bbox 1366 2158 1502 2196; x_wconf 90' lang='lat' dir='ltr'><strong>eodem</strong></span> <span class='ocrx_word' id='word_1_312' title='bbox 1520 2158 1666 2210; x_wconf 86' lang='lat' dir='ltr'><strong>scripto</strong></span> <span class='ocrx_word' id='word_1_313' title='bbox 1686 2157 1740 2196; x_wconf 87' lang='lat' dir='ltr'><strong>ad</strong></span> 
     </span>
     <span class='ocr_line' id='line_1_36' title="bbox 283 2214 1795 2267; baseline -0.001 -15"><span class='ocrx_word' id='word_1_314' title='bbox 283 2215 561 2267; x_wconf 67' lang='lat' dir='ltr'><strong>&#39;patriarcham</strong></span> <span class='ocrx_word' id='word_1_315' title='bbox 580 2215 731 2267; x_wconf 88' lang='lat' dir='ltr'><strong>perlato</strong></span> <span class='ocrx_word' id='word_1_316' title='bbox 752 2217 807 2254; x_wconf 89' lang='lat' dir='ltr'><strong>ait</strong></span> <span class='ocrx_word' id='word_1_317' title='bbox 824 2215 955 2263; x_wconf 85' lang='lat' dir='ltr'><strong>illum,</strong></span> <span class='ocrx_word' id='word_1_318' title='bbox 984 2229 1073 2253; x_wconf 92' lang='lat' dir='ltr'><strong>cum</strong></span> <span class='ocrx_word' id='word_1_319' title='bbox 1093 2229 1197 2254; x_wconf 89' lang='lat' dir='ltr'><strong>mors</strong></span> <span class='ocrx_word' id='word_1_320' title='bbox 1213 2214 1411 2253; x_wconf 63' lang='lat' dir='ltr'><strong>Michaelis</strong></span> <span class='ocrx_word' id='word_1_321' title='bbox 1428 2215 1632 2263; x_wconf 80' lang='lat' dir='ltr'><strong>celaretur,</strong></span> <span class='ocrx_word' id='word_1_322' title='bbox 1660 2215 1738 2253; x_wconf 85' lang='lat' dir='ltr'><strong>Pa-</strong></span> <span class='ocrx_word' id='word_1_323' title='bbox 1792 2215 1795 2218; x_wconf 55' lang='lat'><em>⁴</em></span> 
     </span>
     <span class='ocr_line' id='line_1_37' title="bbox 296 2271 1738 2323; baseline 0 -15"><span class='ocrx_word' id='word_1_324' title='bbox 296 2271 474 2321; x_wconf 83' lang='lat' dir='ltr'><strong>chymeri</strong></span> <span class='ocrx_word' id='word_1_325' title='bbox 504 2272 575 2309; x_wconf 87' lang='lat' dir='ltr'><strong>sibi</strong></span> <span class='ocrx_word' id='word_1_326' title='bbox 605 2272 679 2323; x_wconf 89' lang='lat' dir='ltr'><strong>ipsi</strong></span> <span class='ocrx_word' id='word_1_327' title='bbox 713 2273 815 2310; x_wconf 88' lang='lat' dir='ltr'><strong>sorte</strong></span> <span class='ocrx_word' id='word_1_328' title='bbox 848 2271 1020 2309; x_wconf 81' lang='lat' dir='ltr'><strong>adstanti</strong></span> <span class='ocrx_word' id='word_1_329' title='bbox 1052 2271 1196 2321; x_wconf 83' lang='lat' dir='ltr'><strong>regiam</strong></span> <span class='ocrx_word' id='word_1_330' title='bbox 1224 2271 1330 2309; x_wconf 78' lang='lat' dir='ltr'><strong>illam</strong></span> <span class='ocrx_word' id='word_1_331' title='bbox 1361 2271 1538 2309; x_wconf 84' lang='lat' dir='ltr'><strong>chartam</strong></span> <span class='ocrx_word' id='word_1_332' title='bbox 1575 2271 1738 2318; x_wconf 81' lang='lat' dir='ltr'><strong>dedisse,</strong></span> 
     </span>
     <span class='ocr_line' id='line_1_38' title="bbox 284 2322 1742 2381; baseline 0 -15"><span class='ocrx_word' id='word_1_333' title='bbox 284 2326 454 2379; x_wconf 67' lang='grc' dir='ltr'><strong>’ἐρωτῶν</strong></span> <span class='ocrx_word' id='word_1_334' title='bbox 485 2328 519 2367; x_wconf 81' lang='grc' dir='ltr'><strong>εἰ</strong></span> <span class='ocrx_word' id='word_1_335' title='bbox 549 2324 665 2375; x_wconf 69' lang='grc' dir='ltr'><strong><em>αὐτὸς</em></strong></span> <span class='ocrx_word' id='word_1_336' title='bbox 690 2327 771 2380; x_wconf 73' lang='grc' dir='ltr'><strong>ἔχοι</strong></span> <span class='ocrx_word' id='word_1_337' title='bbox 800 2331 949 2381; x_wconf 78' lang='grc' dir='ltr'><em>γνῶναι</em></span> <span class='ocrx_word' id='word_1_338' title='bbox 974 2324 1330 2379; x_wconf 78' lang='grc' dir='ltr'><em>διαστοχασάμενος</em></span> <span class='ocrx_word' id='word_1_339' title='bbox 1352 2322 1404 2368; x_wconf 76' lang='grc' dir='ltr'><strong>οὗ</strong></span> <span class='ocrx_word' id='word_1_340' title='bbox 1419 2324 1527 2374; x_wconf 75' lang='grc' dir='ltr'><strong><em>τινός</em></strong></span> <span class='ocrx_word' id='word_1_341' title='bbox 1547 2323 1597 2366; x_wconf 71' lang='grc' dir='ltr'><strong>ἂν</strong></span> <span class='ocrx_word' id='word_1_342' title='bbox 1617 2327 1677 2378; x_wconf 79' lang='grc' dir='ltr'><strong>εἴη</strong></span> <span class='ocrx_word' id='word_1_343' title='bbox 1695 2324 1742 2367; x_wconf 73' lang='grc' dir='ltr'><strong>τὸ</strong></span> 
     </span>
     <span class='ocr_line' id='line_1_39' title="bbox 299 2379 1740 2436; baseline -0.001 -14"><span class='ocrx_word' id='word_1_344' title='bbox 299 2379 577 2436; x_wconf 74' lang='grc' dir='ltr'><em>μηνολόγημᾱ,</em></span> <span class='ocrx_word' id='word_1_345' title='bbox 608 2398 801 2435; x_wconf 74' lang='lat' dir='ltr'><strong>quaerens</strong></span> <span class='ocrx_word' id='word_1_346' title='bbox 821 2398 917 2422; x_wconf 82' lang='lat' dir='ltr'><strong>num</strong></span> <span class='ocrx_word' id='word_1_347' title='bbox 938 2397 1021 2435; x_wconf 78' lang='lat' dir='ltr'><strong>qua</strong></span> <span class='ocrx_word' id='word_1_348' title='bbox 1044 2385 1128 2435; x_wconf 74' lang='lat' dir='ltr'><strong>ipse</strong></span> <span class='ocrx_word' id='word_1_349' title='bbox 1151 2386 1378 2421; x_wconf 74' lang='lat' dir='ltr'><strong>coniectura</strong></span> <span class='ocrx_word' id='word_1_350' title='bbox 1400 2391 1503 2421; x_wconf 79' lang='lat' dir='ltr'><strong>certo</strong></span> <span class='ocrx_word' id='word_1_351' title='bbox 1518 2390 1651 2433; x_wconf 73' lang='lat' dir='ltr'><strong>posset</strong></span> <span class='ocrx_word' id='word_1_352' title='bbox 1673 2381 1740 2420; x_wconf 67' lang='lat' dir='ltr'><strong>do·-</strong></span> 
     </span>
     <span class='ocr_line' id='line_1_40' title="bbox 300 2437 1743 2491; baseline 0 -17"><span class='ocrx_word' id='word_1_353' title='bbox 300 2453 485 2489; x_wconf 62' lang='lat' dir='ltr'><strong>gnoscere</strong></span> <span class='ocrx_word' id='word_1_354' title='bbox 504 2441 622 2477; x_wconf 68' lang='lat' dir='ltr'><strong>cuias</strong></span> <span class='ocrx_word' id='word_1_355' title='bbox 639 2454 763 2478; x_wconf 78' lang='lat' dir='ltr'><strong>manu</strong></span> <span class='ocrx_word' id='word_1_356' title='bbox 781 2454 983 2491; x_wconf 71' lang='lat' dir='ltr'><strong>expressus</strong></span> <span class='ocrx_word' id='word_1_357' title='bbox 1001 2442 1145 2478; x_wconf 69' lang='lat' dir='ltr'><strong>mensis</strong></span> <span class='ocrx_word' id='word_1_358' title='bbox 1173 2448 1281 2478; x_wconf 77' lang='lat' dir='ltr'><strong>esset.</strong></span> <span class='ocrx_word' id='word_1_359' title='bbox 1338 2440 1368 2478; x_wconf 89' lang='lat' dir='ltr'><strong>si</strong></span> <span class='ocrx_word' id='word_1_360' title='bbox 1397 2439 1497 2477; x_wconf 85' lang='lat' dir='ltr'><strong>enim</strong></span> <span class='ocrx_word' id='word_1_361' title='bbox 1527 2437 1743 2477; x_wconf 83' lang='lat' dir='ltr'><strong>Andronici</strong></span> 
     </span>
     <span class='ocr_line' id='line_1_41' title="bbox 288 2495 1743 2547; baseline 0 -16"><span class='ocrx_word' id='word_1_362' title='bbox 288 2507 384 2532; x_wconf 44' lang='lat' dir='ltr'><strong>*esse</strong></span> <span class='ocrx_word' id='word_1_363' title='bbox 412 2501 629 2544; x_wconf 86' lang='lat' dir='ltr'><strong>constaret,</strong></span> <span class='ocrx_word' id='word_1_364' title='bbox 658 2504 807 2534; x_wconf 89' lang='lat' dir='ltr'><strong>certum</strong></span> <span class='ocrx_word' id='word_1_365' title='bbox 830 2498 933 2535; x_wconf 88' lang='lat' dir='ltr'><strong>soret</strong></span> <span class='ocrx_word' id='word_1_366' title='bbox 954 2502 1224 2547; x_wconf 84' lang='lat' dir='ltr'><strong>argumentum</strong></span> <span class='ocrx_word' id='word_1_367' title='bbox 1244 2496 1382 2535; x_wconf 86' lang='lat' dir='ltr'><strong>obiisse</strong></span> <span class='ocrx_word' id='word_1_368' title='bbox 1398 2495 1636 2534; x_wconf 69' lang='lat' dir='ltr'><strong>Michaelem.</strong></span> <span class='ocrx_word' id='word_1_369' title='bbox 1691 2505 1743 2531; x_wconf 84' lang='lat' dir='ltr'><strong>ne</strong></span> 
     </span>
     <span class='ocr_line' id='line_1_42' title="bbox 288 2550 1744 2603; baseline -0.001 -16"><span class='ocrx_word' id='word_1_370' title='bbox 288 2556 432 2588; x_wconf 73' lang='lat' dir='ltr'><strong>=autem</strong></span> <span class='ocrx_word' id='word_1_371' title='bbox 454 2551 496 2588; x_wconf 86' lang='lat' dir='ltr'><strong>id</strong></span> <span class='ocrx_word' id='word_1_372' title='bbox 516 2551 625 2588; x_wconf 85' lang='lat' dir='ltr'><strong>facile</strong></span> <span class='ocrx_word' id='word_1_373' title='bbox 647 2553 932 2591; x_wconf 87' lang='lat' dir='ltr'><strong>discerneretur</strong></span> <span class='ocrx_word' id='word_1_374' title='bbox 951 2553 991 2590; x_wconf 90' lang='lat' dir='ltr'><strong>in</strong></span> <span class='ocrx_word' id='word_1_375' title='bbox 1010 2566 1124 2591; x_wconf 85' lang='lat' dir='ltr'><strong>causa</strong></span> <span class='ocrx_word' id='word_1_376' title='bbox 1141 2559 1226 2591; x_wconf 81' lang='lat' dir='ltr'><strong>erat</strong></span> <span class='ocrx_word' id='word_1_377' title='bbox 1238 2584 1248 2602; x_wconf 89' lang='lat'><strong><em>‚</em></strong></span> <span class='ocrx_word' id='word_1_378' title='bbox 1279 2553 1386 2603; x_wconf 90' lang='lat' dir='ltr'><strong>quod</strong></span> <span class='ocrx_word' id='word_1_379' title='bbox 1403 2565 1541 2590; x_wconf 86' lang='lat' dir='ltr'><strong>manus</strong></span> <span class='ocrx_word' id='word_1_380' title='bbox 1559 2557 1599 2588; x_wconf 86' lang='lat' dir='ltr'><strong>et</strong></span> <span class='ocrx_word' id='word_1_381' title='bbox 1610 2550 1744 2588; x_wconf 49' lang='lat' dir='ltr'><strong>&gt;forma</strong></span> 
     </span>
     <span class='ocr_line' id='line_1_43' title="bbox 290 2605 1745 2660; baseline -0.002 -16"><span class='ocrx_word' id='word_1_382' title='bbox 290 2607 508 2645; x_wconf 62' lang='lat' dir='ltr'><strong>‘literarum</strong></span> <span class='ocrx_word' id='word_1_383' title='bbox 526 2605 740 2646; x_wconf 86' lang='lat' dir='ltr'><strong>Andronici</strong></span> <span class='ocrx_word' id='word_1_384' title='bbox 759 2609 813 2646; x_wconf 89' lang='lat' dir='ltr'><strong>sic</strong></span> <span class='ocrx_word' id='word_1_385' title='bbox 829 2609 1065 2659; x_wconf 85' lang='lat' dir='ltr'><strong>congruebat</strong></span> <span class='ocrx_word' id='word_1_386' title='bbox 1085 2622 1172 2647; x_wconf 85' lang='lat' dir='ltr'><strong>cum</strong></span> <span class='ocrx_word' id='word_1_387' title='bbox 1189 2615 1370 2660; x_wconf 84' lang='lat' dir='ltr'><strong>paterna,</strong></span> <span class='ocrx_word' id='word_1_388' title='bbox 1398 2615 1446 2648; x_wconf 87' lang='lat' dir='ltr'><strong>ut</strong></span> <span class='ocrx_word' id='word_1_389' title='bbox 1463 2605 1616 2646; x_wconf 86' lang='lat' dir='ltr'><strong>nonnisi</strong></span> <span class='ocrx_word' id='word_1_390' title='bbox 1634 2618 1745 2656; x_wconf 80' lang='lat' dir='ltr'><strong>aegre</strong></span> 
     </span>
     <span class='ocr_line' id='line_1_44' title="bbox 309 2661 1746 2717; baseline -0.001 -17"><span class='ocrx_word' id='word_1_391' title='bbox 309 2663 423 2700; x_wconf 86' lang='lat' dir='ltr'><strong>etiam</strong></span> <span class='ocrx_word' id='word_1_392' title='bbox 441 2676 463 2700; x_wconf 87' lang='lat' dir='ltr'><strong>a</strong></span> <span class='ocrx_word' id='word_1_393' title='bbox 480 2663 607 2714; x_wconf 87' lang='lat' dir='ltr'><strong>perito</strong></span> <span class='ocrx_word' id='word_1_394' title='bbox 633 2664 954 2714; x_wconf 83' lang='lat' dir='ltr'><strong>distingueretur:</strong></span> <span class='ocrx_word' id='word_1_395' title='bbox 984 2664 1049 2705; x_wconf 79' lang='grc' dir='ltr'><strong>ἐπὶ</strong></span> <span class='ocrx_word' id='word_1_396' title='bbox 1064 2667 1253 2705; x_wconf 82' lang='grc' dir='ltr'><strong>τοσοῦτον</strong></span> <span class='ocrx_word' id='word_1_397' title='bbox 1270 2662 1344 2717; x_wconf 76' lang='grc' dir='ltr'><strong>γοέρ</strong></span> <span class='ocrx_word' id='word_1_398' title='bbox 1364 2663 1432 2704; x_wconf 84' lang='grc' dir='ltr'><strong>καὶ</strong></span> <span class='ocrx_word' id='word_1_399' title='bbox 1455 2661 1639 2714; x_wconf 77' lang='grc' dir='ltr'><strong><em>παρέϊκτο</em></strong></span> <span class='ocrx_word' id='word_1_400' title='bbox 1661 2665 1746 2708; x_wconf 80' lang='grc' dir='ltr'><strong><em>τοῖς</em></strong></span> 
     </span>
     <span class='ocr_line' id='line_1_45' title="bbox 309 2716 1744 2774; baseline -0.003 -16"><span class='ocrx_word' id='word_1_401' title='bbox 309 2722 382 2758; x_wconf 85' lang='grc' dir='ltr'><strong>τοῦ</strong></span> <span class='ocrx_word' id='word_1_402' title='bbox 400 2717 545 2770; x_wconf 74' lang='grc' dir='ltr'><strong><em>πατρός</em></strong></span> <span class='ocrx_word' id='word_1_403' title='bbox 563 2718 617 2767; x_wconf 72' lang='grc' dir='ltr'><strong>αἷς</strong></span> <span class='ocrx_word' id='word_1_404' title='bbox 637 2718 692 2771; x_wconf 71' lang='grc' dir='ltr'><strong>μή</strong></span> <span class='ocrx_word' id='word_1_405' title='bbox 710 2721 855 2774; x_wconf 76' lang='grc' dir='ltr'><strong><em>ῥᾳδίως</em></strong></span> <span class='ocrx_word' id='word_1_406' title='bbox 875 2722 1088 2772; x_wconf 73' lang='grc' dir='ltr'><em>διαγνῶναι</em></span> <span class='ocrx_word' id='word_1_407' title='bbox 1105 2721 1206 2774; x_wconf 50' lang='grc' dir='ltr'><em>ἔχειν</em></span> <span class='ocrx_word' id='word_1_408' title='bbox 1225 2721 1292 2760; x_wconf 80' lang='grc' dir='ltr'><strong>καὶ</strong></span> <span class='ocrx_word' id='word_1_409' title='bbox 1310 2717 1379 2761; x_wconf 72' lang='grc' dir='ltr'><strong>τόν</strong></span> <span class='ocrx_word' id='word_1_410' title='bbox 1399 2716 1600 2769; x_wconf 81' lang='grc' dir='ltr'><strong><em>εἰδήμονα.</em></strong></span> <span class='ocrx_word' id='word_1_411' title='bbox 1642 2718 1744 2755; x_wconf 86' lang='lat' dir='ltr'><strong>Gre-</strong></span> 
     </span>
     <span class='ocr_line' id='line_1_46' title="bbox 308 2773 1747 2827; baseline -0.001 -15"><span class='ocrx_word' id='word_1_412' title='bbox 308 2789 420 2824; x_wconf 71' lang='lat' dir='ltr'><strong>goras</strong></span> <span class='ocrx_word' id='word_1_413' title='bbox 450 2774 501 2827; x_wconf 88' lang='lat' dir='ltr'><strong>(l.</strong></span> <span class='ocrx_word' id='word_1_414' title='bbox 519 2778 545 2816; x_wconf 83' lang='lat'>4</span> <span class='ocrx_word' id='word_1_415' title='bbox 573 2789 612 2827; x_wconf 89' lang='lat' dir='ltr'><strong>p.</strong></span> <span class='ocrx_word' id='word_1_416' title='bbox 631 2775 686 2818; x_wconf 81' lang='lat'><strong>52</strong></span> <span class='ocrx_word' id='word_1_417' title='bbox 717 2776 776 2813; x_wconf 92' lang='lat' dir='ltr'><strong>ed.</strong></span> <span class='ocrx_word' id='word_1_418' title='bbox 797 2776 908 2812; x_wconf 81' lang='lat' dir='ltr'><strong>Basil.</strong></span> <span class='ocrx_word' id='word_1_419' title='bbox 932 2790 993 2814; x_wconf 79' lang='lat' dir='ltr'><strong>an.</strong></span> <span class='ocrx_word' id='word_1_420' title='bbox 1015 2775 1147 2827; x_wconf 75' lang='lat'>1562)</span> <span class='ocrx_word' id='word_1_421' title='bbox 1177 2778 1349 2815; x_wconf 78' lang='lat' dir='ltr'><strong>reserens</strong></span> <span class='ocrx_word' id='word_1_422' title='bbox 1378 2781 1561 2814; x_wconf 76' lang='lat' dir='ltr'><strong>ornatum</strong></span> <span class='ocrx_word' id='word_1_423' title='bbox 1585 2773 1747 2824; x_wconf 79' lang='lat' dir='ltr'><strong>insigni-</strong></span> 
     </span>
     <span class='ocr_line' id='line_1_47' title="bbox 308 2826 1748 2885; baseline 0 -16"><span class='ocrx_word' id='word_1_424' title='bbox 308 2831 381 2869; x_wconf 89' lang='lat' dir='ltr'><strong>bus</strong></span> <span class='ocrx_word' id='word_1_425' title='bbox 399 2831 551 2883; x_wconf 87' lang='lat' dir='ltr'><strong>imperii</strong></span> <span class='ocrx_word' id='word_1_426' title='bbox 569 2845 591 2869; x_wconf 88' lang='lat' dir='ltr'><strong>a</strong></span> <span class='ocrx_word' id='word_1_427' title='bbox 609 2838 721 2884; x_wconf 84' lang='lat' dir='ltr'><strong>patre</strong></span> <span class='ocrx_word' id='word_1_428' title='bbox 738 2831 1008 2870; x_wconf 85' lang='lat' dir='ltr'><strong>Andronicum</strong></span> <span class='ocrx_word' id='word_1_429' title='bbox 1027 2832 1158 2871; x_wconf 81' lang='lat' dir='ltr'><strong>addit:</strong></span> <span class='ocrx_word' id='word_1_430' title='bbox 1186 2831 1376 2885; x_wconf 81' lang='grc' dir='ltr'><strong><em>ἐπέτρεψε</em></strong></span> <span class='ocrx_word' id='word_1_431' title='bbox 1401 2826 1441 2872; x_wconf 79' lang='grc' dir='ltr'><strong>δ’</strong></span> <span class='ocrx_word' id='word_1_432' title='bbox 1456 2828 1566 2884; x_wconf 74' lang='grc' dir='ltr'><strong>αὐτῷ</strong></span> <span class='ocrx_word' id='word_1_433' title='bbox 1583 2826 1748 2882; x_wconf 72' lang='grc' dir='ltr'><strong><em>ὅπατήρ</em></strong></span> 
     </span>
    </p>
   </div>
  </div>
 </body>
</html>
