1884 3262
286 217 386 267 684
688 215 1001 261 OBSERVAT
1033 215 1344 261 PACHYMER.

284 324 521 381 τροπολίτου
544 323 665 378 ημαΐν
687 328 764 366 τοῦ
785 327 949 375 δεῖνοςὲ
982 330 1194 377 memento,
1235 324 1413 375 domine,
1439 322 1735 393 πανιερωτᾶτου

285 382 559 435 metropolitae
583 383 713 422 nostri
742 383 794 420 N.
843 388 884 421 et
912 382 1057 421 iterum
1081 396 1176 422 mox
1202 385 1277 422 τοῦ
1295 383 1425 430 δεῖνος
1437 379 1734 437 πανιερωτᾶτου

285 439 576 492 μητροπολίτου
598 435 627 491 ἢ
644 435 909 479 ἑπισκόπου”
890 450 994 486 οστις
1010 435 1060 479 ἄν
1089 434 1137 495 ᾗ,
1169 439 1221 478 N.
1237 438 1513 490 panhierotati
1535 447 1734 490 metropo-

281 497 380 532 litae
400 502 473 532 aut
492 496 669 546 episcopi
680 525 692 543 ,
721 496 962 546 quicumque
977 497 1042 536 sit.
1091 481 1244 546 quodsi
1268 494 1511 533 sacerdotem
1527 496 1733 534 facientem

281 552 334 589 ad
351 565 481 600 aram,
511 557 552 589 et
577 551 618 589 in
647 565 758 590 sacro
782 558 927 589 ornatu
956 551 1100 590 Christi
1128 564 1335 603 personam
1363 557 1734 615 repraesentantem,

278 622 361 646 non
380 608 543 646 dedecet
564 603 859 659 πανιερωτᾶτου
878 608 1028 648 deferre
1055 608 1216 646 titulum
1240 607 1398 645 cuilibet
1419 607 1619 658 episcopo,
1647 608 1735 659 quis

278 664 525 717 patriarchae
541 664 716 715 privatas
731 664 865 702 literas
885 664 938 704 ad
955 664 1171 716 Ephesinae
1190 664 1480 714 antiquissimae
1499 670 1539 702 et
1557 662 1734 702 honora·-

278 722 448 759 tissimae
469 720 571 759 sedis
596 720 811 759 antistitem
845 720 954 759 danti
977 727 1090 773 putet
1115 721 1214 760 vitio
1242 720 1479 759 vertendum
1507 719 1539 757 si
1556 719 1626 757 tali
1645 732 1735 758 eum

139 777 167 811 P
190 777 258 813 480
281 778 399 818 ,titulo
419 777 738 829 compellaverit?
770 790 860 828 ergo
881 777 954 815 alia
974 777 1133 828 quidem
1151 776 1386 815 schismatici
1398 776 1584 815 obiiciant
1596 775 1736 826 Vecco,

278 835 309 872 si
328 834 495 873 habent:
526 831 628 886 αὕτη
649 831 723 887 yolo
741 833 771 886 ἦ
787 830 988 887 μήρινθος
1008 830 1127 874 ου’δὲν
1146 833 1301 874 ἔσπασε.

389 926 430 965 p.
447 914 530 954 482
549 925 586 951 v.
609 915 674 955 18.
732 913 929 950 enimvero
953 911 1243 953 scandalorum
1272 918 1345 950 etc.
1403 911 1495 950 satis
1522 910 1733 960 audacter,

275 982 326 1010 ne
347 968 474 1009 dicam
496 968 747 1019 impudenter
773 974 811 1006 et
837 969 973 1020 impie,
1003 967 1272 1006 schismaticus
1300 967 1365 1006 hic
1388 969 1562 1032 scriptor
1578 973 1732 1005 sanctos

276 1026 457 1063 ecclesiae
475 1031 606 1077 patres
629 1024 917 1065 scandalorum
937 1039 1179 1076 magnorum
1200 1038 1334 1063 causas
1361 1024 1510 1063 dedisse
1529 1023 1603 1073 ait,
1638 1023 1734 1062 dum

275 1095 432 1120 sacrum
457 1081 597 1132 dogma
621 1080 669 1118 de
691 1081 936 1135 processione
953 1081 1122 1132 Spiritus
1137 1082 1271 1118 Sancti
1300 1094 1350 1118 ex
1371 1087 1482 1134 patre
1507 1093 1577 1131 per
1594 1079 1736 1129 filium,

276 1138 354 1177 hoc
376 1143 435 1175 est
454 1138 569 1175 simul
594 1138 711 1175 etiam
732 1150 781 1174 ex
802 1137 895 1185 filio,
914 1143 1021 1175 recte
1041 1143 1081 1175 et
1104 1137 1325 1178 orthodoxe
1346 1137 1553 1187 explicant.
1584 1139 1732 1189 quanto

278 1195 490 1246 sapientius
506 1195 671 1242 faceret,
699 1193 730 1230 si
750 1207 838 1231 cum
854 1193 980 1231 Vecco
992 1222 1003 1241 ,
1033 1206 1148 1243 quem
1164 1192 1229 1231 hie
1246 1193 1437 1236 immerito
1455 1193 1605 1243 culpat,
1638 1204 1733 1234 exe-

276 1257 430 1290 rentem
447 1262 487 1287 se
507 1250 727 1297 veritatem,
761 1263 877 1299 quam
899 1249 1009 1300 prius
1024 1249 1286 1303 ignoraverat,
1315 1249 1552 1298 admitteret,
1581 1254 1620 1289 et
1643 1261 1733 1300 cum

275 1307 425 1344 Latinis
443 1305 711 1357 vprofiteretur
741 1318 825 1343 rem
849 1318 871 1342 a
893 1305 972 1342 suis
1003 1305 1096 1357 ipsis
1110 1303 1273 1343 'Graecis
1291 1305 1491 1358 patribus,
1519 1310 1567 1343 ut
1583 1305 1732 1342 fatetur

274 1364 358 1420 ipse
374 1370 555 1417 quoque,
584 1362 786 1405 manifeste
804 1361 1006 1401 traditam.

387 1455 425 1493 p.
444 1440 527 1487 484
545 1454 584 1480 v.
607 1443 671 1483 16.
732 1440 799 1477 illi
828 1454 921 1492 ergo
952 1439 1069 1481 ambo
1099 1440 1178 1477 soli
1203 1440 1382 1492 gloriam
1406 1445 1479 1478 etc.
1537 1438 1645 1490 quod
1665 1438 1732 1477 hic

272 1493 384 1539 vides
403 1497 557 1536 laudari
575 1496 794 1549 pertinaces
810 1497 852 1534 in
871 1495 1077 1534 schismate
1094 1509 1217 1547 usque
1234 1496 1285 1534 ad
1305 1495 1597 1548 perpetiendum
1614 1495 1731 1533 effus..

274 1555 422 1593 sionem
449 1554 674 1603 oculorum,
703 1553 856 1605 imputa
886 1553 987 1591 vitio
1021 1553 1199 1591 historici
1230 1553 1382 1605 palam,
1411 1558 1459 1590 ut
1479 1552 1628 1590 dictum
1658 1557 1730 1600 est,

273 1611 475 1650 schismati
494 1610 652 1648 addicti.
711 1616 751 1648 et
779 1610 978 1662 pertinere
1002 1608 1082 1648 huc
1107 1615 1206 1661 puta
1233 1610 1383 1661 sapiens
1412 1609 1570 1646 effatum
1597 1580 1731 1646 Sancti

272 1667 482 1719 Cypriani,
510 1666 742 1716 haereticos,
771 1666 839 1717 qui
858 1679 931 1718 pro
947 1665 1009 1704 sui
1029 1666 1172 1704 erroris
1193 1665 1414 1704 defensione
1430 1665 1516 1703 dira
1538 1660 1735 1702 mortem-

270 1737 321 1764 ve
352 1729 607 1776 paterentur,
637 1737 719 1762 non
744 1723 908 1776 gloriam
938 1723 1119 1775 martyrii
1147 1723 1311 1768 mereri,
1341 1721 1411 1760 sed
1434 1734 1600 1775 poenam
1619 1721 1730 1762 luere

269 1781 470 1835 perfidiae.
1732 1792 1735 1794 ·

382 1861 420 1899 p.
439 1847 521 1890 495
543 1860 580 1885 v.
598 1849 668 1888 27.
720 1846 1021 1884 Constantinum
1042 1843 1302 1897 Acropolitam
1323 1860 1350 1883 α
1359 1853 1481 1897 patre
1497 1858 1645 1896 magno
1665 1843 1728 1881 lo-

268 1903 436 1955 gotheta
454 1910 672 1953 acceptam.
729 1902 856 1941 videri
876 1902 1023 1953 poterit
1044 1902 1211 1952 cuipiam
1234 1902 1442 1952 Georgium
1460 1900 1728 1951 Acropolitam

272 1973 456 2010 magnum
481 1957 722 2009 logothetam
750 1957 830 1995 hoc
847 1963 1024 2009 tempore
1052 1957 1130 1995 iam
1150 1957 1268 1995 fuisse
1295 1963 1508 1996 mortuum.
1563 1956 1604 1993 id
1622 1956 1726 1993 enim

275 2029 326 2053 ex
348 2015 503 2054 duobus
520 2014 586 2052 hic
604 2014 740 2065 positis
755 2019 886 2065 potest
900 2013 1033 2052 astrui.
1090 2013 1201 2066 prius
1220 2019 1279 2051 est
1296 2013 1596 2052 Constantinum
1616 2011 1726 2050 hunc

276 2084 456 2110 aversum
475 2084 515 2108 se
532 2084 554 2107 a
571 2083 666 2121 pace
685 2070 936 2108 ecclesiarum
965 2069 1091 2121 palam
1116 2070 1272 2116 tulisse;
1301 2070 1409 2120 quod
1438 2082 1518 2107 non
1540 2066 1604 2106 est'
1618 2067 1727 2107 veri*

276 2129 399 2166 simile
427 2129 627 2166 facturum
657 2139 765 2175 eum,
804 2127 836 2164 si
861 2132 975 2179 pater
1002 2126 1108 2175 eius,
1148 2127 1253 2178 pacis
1279 2127 1360 2164 eius
1392 2125 1502 2177 quasi
1525 2129 1662 2162 auctor
1686 2129 1727 2162 et

274 2184 597 2232 studiosissimus,
626 2183 791 2222 viveret.
848 2183 1035 2231 alterum,
1064 2183 1338 2234 imperatorem
1359 2181 1618 2220 Constantino
1633 2193 1726 2218 suc-

275 2246 498 2279 censentem
527 2253 572 2278 eo
603 2241 759 2278 nomine
785 2251 869 2278 rem
889 2240 938 2277 ad
968 2244 1120 2290 patrem
1138 2239 1290 2278 iuvenis
1320 2253 1402 2277 non
1419 2238 1602 2276 detulisse
1622 2242 1662 2274 et
1690 2235 1726 2273 ei

276 2298 402 2335 filium
420 2297 686 2348 castigandum
705 2310 785 2334 non
809 2295 1054 2336 commisisse.
1111 2295 1180 2333 sed
1198 2296 1249 2333 ad
1267 2296 1439 2346 primum
1455 2294 1620 2332 dicimus
1646 2293 1724 2330 mi-

274 2367 365 2392 rum
399 2367 480 2391 non
510 2366 589 2391 esse
617 2353 919 2391 Constantinum
951 2366 973 2389 a
999 2358 1110 2403 patre
1147 2352 1390 2399 dissensisse,
1429 2364 1518 2389 cum
1545 2348 1723 2401 superius

275 2409 532 2460 Pachymeres
561 2410 742 2448 docuerit
769 2409 811 2447 in
838 2409 996 2460 singulis
1024 2409 1146 2447 ferme
1173 2415 1272 2447 tunc
1287 2408 1441 2446 familiis
1464 2406 1573 2458 paria
1594 2406 1731 2444 conti-.

273 2466 381 2516 gisse.
441 2472 546 2504 certe
571 2466 612 2504 in
631 2466 715 2518 ipsa
733 2465 985 2517 imperatoria
1010 2465 1188 2504 videmus
1206 2465 1404 2515 Eulogiam
1420 2462 1618 2502 Michaelis
1637 2462 1722 2499 Au-

273 2521 374 2573 gusti
400 2535 621 2572 germanam
651 2522 886 2561 carissimam
912 2521 1041 2573 palam
1059 2522 1101 2559 in
1119 2522 1247 2576 ipsum
1275 2522 1324 2559 ob
1345 2533 1479 2570 pacem
1496 2520 1638 2558 saetam
1655 2518 1721 2556 in·-

272 2579 509 2626 surrexisse,
540 2584 578 2614 et
598 2579 690 2616 alios
714 2578 1016 2629 consanguineos
1039 2577 1156 2615 etiam
1173 2591 1296 2628 usque
1312 2577 1364 2615 ad
1387 2588 1562 2615 carceres
1581 2585 1721 2612 excae-

271 2634 440 2672 cationes
460 2640 498 2671 et
520 2646 653 2672 necem
667 2635 792 2685 ipsam
809 2634 1028 2686 pertinaces
1042 2634 1084 2672 in
1102 2633 1310 2672 schismate
1325 2633 1452 2671 fuisse.
1508 2631 1560 2669 ad
1579 2642 1720 2667 secun-

274 2691 370 2729 dum
389 2690 608 2741 respondeo
627 2691 730 2728 sorte
749 2691 914 2729 abfuisse
931 2691 1096 2729 tune-ab
1118 2691 1207 2728 aula
1227 2690 1437 2741 Georgium
1452 2699 1634 2738 magnum
1656 2686 1720 2723 Ιο-

272 2746 492 2797 gothetam,
529 2747 723 2798 legatione
750 2747 878 2797 aliqua
908 2747 973 2786 vel
999 2746 1233 2798 provinciali
1262 2746 1508 2797 praefectura
1532 2742 1620 2780 alibi
1650 2756 1719 2780 us-

271 2804 378 2854 piam
397 2803 609 2842 detentum.
666 2803 926 2854 supervixisse
942 2816 1063 2854 porro
1076 2803 1188 2842 illum
1204 2802 1379 2842 Michaeli
1391 2830 1402 2850 ,
1431 2805 1470 2837 et
1487 2799 1536 2837 ab
1559 2798 1718 2836 Andro-

274 2858 361 2897 nico
387 2864 548 2911 propter
582 2859 812 2911 legationem
839 2857 890 2898 ad
918 2872 1059 2911 papam
1089 2866 1130 2898 et
1157 2858 1210 2898 ad
1239 2858 1447 2897 concilium
1462 2855 1718 2907 Lugdunense
