1846 3262
67 757 1621 853 ·IEflRmUr7erAXTMERH

342 897 698 956 MJXAHA
748 895 1402 956 ΠΑΛΑῙΟΛΟΓΟΣ.

135 1056 424 1126 ΚΕΦΑΔΑΙΑ
454 1092 563 1147 ΤΗΣ
585 1091 804 1126 ΠΡΩΤΗΣ
825 1091 1028 1125 ΒΙΒΛΟΤ.
1086 1091 1118 1124 1.
1142 1090 1342 1147 προοίμιον
1363 1089 1432 1124 τοῦ
1457 1089 1613 1135 ξυγγρα-

135 1136 253 1180 φέως,
275 1137 339 1172 καὶ
355 1137 438 1182 περὶ
454 1138 520 1182 τῆς
537 1135 716 1195 ἀληθείας
733 1138 808 1172 τῶν
824 1135 1040 1180 λεγομένων.
1086 1137 1121 1170 2.
1146 1136 1210 1171 διὰ
1228 1138 1265 1171 τί
1278 1135 1325 1172 τοὶ
1340 1137 1414 1171 τῶν
1434 1136 1615 1181 πρότερον

133 1182 431 1241 βασιλευσαντων
456 1183 597 1221 ἐνθάδε
620 1182 666 1219 mi
689 1182 994 1238 μνημονεύεται.
1037 1183 1070 1217 3.
1096 1179 1197 1224 οπως
1218 1183 1254 1219 οὶ
1276 1182 1431 1218 παλαιοὶ
1451 1182 1616 1229 κατωχύ-

134 1242 228 1274 ρουν
245 1228 315 1271 τοὶς
335 1229 462 1277 ἄκρας.
506 1231 561 1287 “4‘
593 1244 697 1272 οπως
717 1232 792 1266 τῶν
810 1231 849 1266 ἐν
870 1234 952 1271 ταῖς
970 1226 1102 1284 ἄκραις
1118 1228 1364 1288 ἐπεμελοῦντο
1386 1228 1535 1274 ἀνδρῶν
1552 1231 1616 1266 καὶ

132 1276 372 1335 πραγμάτων.
442 1279 477 1314 5.
502 1290 605 1318 οπως
632 1275 792 1333 ἁλούσης
813 1275 928 1313 πάλαι
945 1278 1012 1319 τῆς
1028 1274 1170 1317 πόλεως
1185 1275 1280 1322 παρ’
1298 1274 1444 1312 Ἰταλων
1463 1276 1616 1336 ἐξησθέ-

134 1335 223 1370 νησε
241 1322 288 1359 τὰ
306 1337 400 1360 κατα
417 1322 487 1369 τὴν
504 1322 701 1369 ἀνατολήν.
747 1324 810 1360 καὶ
830 1323 914 1368 περὶ
931 1325 1001 1359 τοῦ
1019 1324 1213 1367 Χαδηνοῦ.
1276 1323 1309 1357 6.
1336 1337 1437 1365 οπως
1461 1325 1497 1362 οὶ
1523 1323 1617 1379 Πέρ-

135 1381 198 1406 σαι
221 1370 396 1415 κατέσχον
419 1370 468 1407 τοὶ
491 1368 740 1414 Ῥωμαΐδος”
720 1385 802 1417 ορη.
875 1373 909 1406 7.
954 1383 1058 1410 οπως
1090 1369 1149 1405 ἐπὶ
1177 1369 1354 1426 βασιλέως
1390 1371 1461 1407 τοῦ
1492 1366 1617 1406 Ἰωάν-

132 1429 203 1452 νου
232 1415 295 1453 ἐπὶ
319 1419 366 1474 τῇ
394 1419 447 1459 εἰς
472 1419 634 1464 βασιλεῖς
658 1419 778 1454 πίστει
810 1415 829 1452 ὁ
854 1416 1110 1461 Παλαιολόγος
1138 1416 1286 1461 Μιχαὴλ.
1313 1419 1617 1474 κατησφαλίζετο.

134 1465 168 1499 8.
193 1461 294 1506 ὅπως
313 1461 333 1499 ὁ
355 1464 528 1507 δεύτερος
559 1465 749 1505 Λάσκαρις
766 1462 927 1503 πολλοὺς
947 1465 1022 1498 τῶν
1043 1462 1083 1498 ἐν
1104 1462 1308 1518 αξιωμασιν
1327 1462 1521 1509 ὑπερορῶν
1542 1462 1617 1500 ἑτέ-

134 1523 225 1554 ρους
245 1508 540 1556 ἆντικαθίστησι.
609 1513 644 1547 9.
678 1508 780 1553 ὅπως
799 1508 819 1546 ὁ
843 1508 969 1550 Κότυς
985 1509 1052 1544 τὸν
1070 1507 1328 1565 Παλαιολόγον
1347 1509 1620 1554 παρασκευάζει

134 1555 392 1601 αυτομολῆσαι
419 1558 511 1602 πρὸς
542 1556 698 1602 Πέρσας.
769 1559 826 1592 10.
860 1568 962 1596 οπως
993 1552 1012 1591 ὁ
1043 1554 1297 1611 Παλαιολόγος
1318 1555 1544 1614 ἐπανελθών,
1553 1558 1618 1594 καὶ

135 1604 284 1647 δεχθεὶς
302 1604 484 1639 στέλλεται
505 1604 708 1659 στρατηγὸς
726 1601 766 1637 ἐν
790 1605 870 1643 τοῖς
890 1599 985 1636 κατὰ
1014 1600 1083 1647 τήν
1110 1601 1231 1639 δύσιν.
1303 1604 1359 1637 11.
1394 1616 1495 1644 οπως
1522 1602 1617 1639 ἀπο-

134 1649 317 1686 στέλλεται
332 1649 509 1696 Χαδηνός
526 1647 675 1695 ἀγαγεῖν
694 1647 812 1685 αὐτὸν
831 1647 1086 1695 σιδηρόδετον.
1158 1651 1216 1686 12.
1246 1643 1349 1690 ὅπως
1366 1650 1489 1685 νοσῶν
1504 1647 1524 1686 ὁ
1546 1651 1615 1697 βα-

71 1773 1584 1925 .,6ΕοΒθΙΙΡΑοΗῩΜΕΒΙδ

361 1943 722 2003 MICHAEL
793 1941 1383 2003 PALAEOLOGUS

794 2067 816 2097 S
837 2066 856 2095 1
872 2067 903 2095 V
921 2066 951 2096 E

134 2140 446 2188 HISTORlA
473 2141 711 2188 RERUM
732 2143 778 2188 A
803 2141 1141 2188 MICHAELE
1170 2141 1611 2190 PALAEOLOGO

288 2230 426 2265 ANTE
462 2230 710 2266 IMPERIUM
748 2231 817 2266 ET
855 2231 909 2267 IN
947 2230 1155 2266 IMPERIO
1195 2229 1468 2267 GESTARUM

400 2305 754 2350 INTERPRETE
774 2307 964 2351 PETRO
984 2305 1227 2350 POSSINO
1250 2302 1293 2348 S.
1312 2304 1348 2349 I.

138 2400 349 2473 CAPITA
371 2435 518 2471 LIBRI
547 2437 701 2473 PRIMI.
749 2439 782 2474 1.
803 2438 1027 2483 prooemium.
1073 2436 1117 2470 de
1141 2440 1281 2470 auctore
1308 2436 1411 2472 huius
1433 2436 1613 2480 historiae,

134 2486 169 2516 et
192 2494 262 2526 qua
277 2484 357 2526 fide
380 2484 411 2517 is
434 2485 620 2529 scripserit.
676 2487 710 2520 2.
734 2498 795 2519 cur
819 2486 944 2519 omissa
965 2485 1121 2529 priorum
1143 2484 1339 2527 principum
1363 2488 1456 2518 acta.
1512 2484 1546 2519 3.
1573 2488 1614 2518 ut

133 2539 232 2562 arces
257 2540 280 2562 a
304 2531 477 2565 veteribus
500 2532 655 2566 munitae
670 2532 822 2575 suerint.
868 2532 902 2566 4.
926 2536 966 2565 ut
989 2530 1187 2565 curaverint
1208 2530 1458 2573 praesidiaria&
1480 2530 1613 2564 arcium

135 2579 170 2609 et
191 2586 247 2608 res
268 2576 429 2620 ipsorum.
477 2579 512 2613 5.
536 2583 575 2612 ut
597 2583 738 2622 recepta
760 2579 840 2612 olim
864 2590 906 2612 ez·
931 2579 1030 2611 Italis
1054 2577 1157 2618 urbe,
1182 2577 1387 2611 debilitatae
1410 2588 1466 2610 res
1489 2577 1613 2610 Orien-

132 2621 223 2655 tales
247 2623 413 2665 suerint3
444 2629 479 2659 et
512 2625 555 2658 de
580 2625 753 2659 Chadeno.
812 2626 847 2660 6.
872 2629 912 2658 ut
936 2625 1064 2658 Persae
1095 2624 1296 2667 occuparint
1319 2622 1472 2657 Romani
1492 2623 1613 2658 limitis

133 2673 276 2703 montes.
334 2670 368 2704 7.
399 2675 440 2705 ut
462 2671 656 2715 imperante
677 2673 809 2706 Ioanne
834 2671 1019 2705 Michaelis
1044 2670 1248 2714 Palaeologi
1261 2670 1357 2713 fides
1389 2681 1477 2713 erga
1503 2670 1613 2713 impe-

132 2718 268 2748 ratores
283 2716 434 2759 firmata
448 2719 574 2760 fuerit.
621 2719 655 2753 8.
680 2723 720 2752 ut
742 2718 861 2752 iunior
882 2717 1045 2751 Lascaris
1064 2718 1181 2761 plures
1204 2727 1223 2749 c
1243 2716 1509 2762 magistratibus
1532 2727 1613 2749 con-

133 2762 290 2804 temptim
315 2764 502 2806 amoverit,
527 2764 608 2798 aliis
630 2765 793 2809 suffectis.
839 2764 875 2799 9.
897 2769 937 2798 ut
962 2765 1063 2808 Cotys
1087 2763 1299 2806 Palaeologo
1319 2763 1538 2816 persuaserit
1547 2765 1612 2805 su-

133 2817 220 2851 gam
247 2808 296 2841 ad
322 2808 455 2844 Persas.
512 2813 567 2846 10.
592 2815 631 2846 ut
663 2821 822 2846 reversus
855 2815 889 2844 et
919 2811 1005 2845 bene
1037 2814 1197 2855 exceptus
1232 2809 1466 2854 Palaeologus
1488 2808 1612 2842 missus

129 2853 243 2896 fuerit
265 2854 335 2888 dux
358 2855 395 2889 in
431 2856 660 2892 Occidentem.
711 2859 765 2893 11.
789 2857 942 2892 mittitur
966 2857 1151 2891 Chadenus
1174 2855 1338 2890 ducturus
1361 2856 1613 2900 Palaeologum

135 2900 268 2935 catenis
282 2901 616 2941 vinctum.12.ut
636 2905 827 2950 imperator
845 2909 1037 2951 aeg-rotans
1051 2912 1167 2938 omnes
1187 2903 1427 2947 veneficiorum
1445 2912 1488 2936 ac
1505 2912 1613 2946 prae-
