1884 3262
258 179 292 227 7
294 179 361 228 56
655 184 968 234 OBSERVAT.
1003 191 1316 244 PACHYMER.
1383 267 1385 270 .

271 285 349 347 ’ὂῖῗί
394 287 549 349 ξιξῗηωὲἒξξ
581 288 746 352 ffilc’fiassnz·
793 297 990 350 accipere,
1019 301 1347 360 clandestinisque
1363 315 1482 364 egerit
1496 319 1646 360 artibus
1665 328 1715 362 ut

392 354 553 383 elem.1v.
597 355 736 386 Palaeol.
793 354 989 394 Germano
1011 365 1100 409 post
1122 367 1203 401 tres
1223 377 1372 405 menses
1392 371 1589 415 abdicanti
1606 378 1714 417 lose-

259 393 367 434 1267
472 394 501 435 3
663 397 691 438 8
790 409 893 461 phus
909 413 1204 467 subrogaretur,
1223 421 1411 464 adversus
1431 429 1540 468 cuius
1556 433 1714 475 electio-

714 464 715 469 ’
790 479 879 505 nem
900 468 997 507 nihil
1017 472 1095 510 tale
1115 476 1228 525 quale
1246 478 1441 522 Germano
1461 487 1714 532 obiiciebatur

728 531 730 533 ·
790 524 916 575 excipi
939 540 1050 577 posse
1071 531 1297 574 confideret.
1351 551 1472 589 quare
1493 544 1540 582 ab
1559 546 1628 585 illo
1643 548 1718 587 de-

790 579 909 630 nique
930 585 1173 626 reconciliari
1191 591 1372 632 ecclesiae
1387 598 1567 640 voluerit.
1603 605 1709 654 quod

788 637 947 676 minime
975 640 1188 683 distulisset
1213 660 1235 684 a
1262 650 1459 693 Germano
1490 656 1712 712 impetrare,

786 692 820 730 si
841 693 920 732 iam
945 694 979 733 is
1007 711 1030 734 a
1048 699 1276 742 Pentecoste
1293 711 1506 759 superioris
1525 716 1617 754 anni
1636 730 1712 768 pa-

784 749 960 789 triarcha
973 752 1163 807 inaugura
1170 764 1231 797 tus
1256 765 1533 814 sesquiannum
1547 772 1630 812 sere
1644 773 1711 813 in-

785 812 938 858 tegrum
956 809 999 848 in
1021 824 1066 849 ea
1084 813 1269 866 dignitate
1285 823 1530 871 perstitisset.

838 897 991 946 Quinta
1008 901 1129 953 igitur
1148 904 1210 943 die
1230 907 1332 948 Iunii
1346 940 1357 960 ‚
1387 926 1487 963 quae
1509 915 1587 956 hoc
1606 933 1710 960 anno

785 955 893 996 1267
910 957 1010 1007 cycli
1027 959 1098 997 sol.
1119 963 1182 1011 16,
1201 963 1283 1004 lu'n.
1307 970 1353 1009 11
1375 969 1602 1013 Pentecoste
1623 978 1710 1028 suit,

780 1011 1008 1060 patriarcha
1022 1023 1176 1056 creatus
1189 1027 1246 1058 est
1257 1022 1492 1078 Germanus;
1521 1036 1561 1069 et
1575 1037 1711 1072 trans-

781 1067 877 1108 actis
903 1069 945 1106 in
976 1083 1021 1108 eo
1049 1071 1203 1113 honore
1223 1085 1395 1127 quatuor
1413 1085 1494 1123 fere
1513 1089 1710 1129 mensibus

781 1135 871 1162 cum
892 1124 1067 1178 dimidio,
1086 1128 1150 1169 die
1171 1131 1329 1174 demum
1353 1137 1404 1179 14
1422 1139 1618 1193 Septemb.
1635 1147 1709 1184 ab-

781 1179 948 1232 dicavit,
977 1190 1098 1234 prout
1132 1196 1269 1228 narrat
1298 1199 1433 1234 noster
1455 1197 1483 1238 4
1507 1202 1573 1241 21.
1628 1202 1709 1241 ini-

779 1236 878 1276 tium
915 1240 1209 1290 patriarchatus
1241 1247 1425 1290 Germani
1465 1254 1710 1298 funestatum

780 1292 1073 1342 quodammodo
1112 1306 1172 1339 est
1190 1320 1194 1322 Ἴ
1209 1303 1316 1343 tristi
1344 1310 1519 1359 >augurio
1550 1312 1709 1365 deliquii

780 1349 930 1401 solaris,
951 1353 1060 1402 quod
1075 1353 1266 1397 horribile
1278 1361 1617 1421 Constantinopoli
1635 1385 1709 1424 ap—

780 1407 914 1457 paruit
932 1408 986 1451 25
1007 1410 1120 1463 Maii,
1150 1413 1358 1457 duodecim
1377 1420 1514 1462 diebus
1534 1432 1623 1465 ante
1640 1428 1709 1467 in·-

781 1465 1077 1514 augurationem
1112 1469 1262 1522 ipsius,
1297 1481 1345 1514 ut
1372 1478 1502 1519 videri
1531 1485 1709 1534 potuerit

780 1519 1012 1561 brevitatem
1042 1530 1082 1563 et
1106 1526 1374 1574 infelicitatem
1396 1532 1514 1576 huius
1534 1541 1708 1590 patriar·-

781 1576 920 1617 chatus
943 1580 1292 1633 praesignificatam
1316 1596 1472 1631 ostento
1493 1594 1575 1634 eius
1593 1598 1709 1638 simili

782 1646 860 1684 quo
879 1633 1116 1678 brevitatem
1133 1642 1280 1692 pariter
1295 1651 1335 1684 et
1349 1646 1613 1692 infelicitatem
1630 1655 1708 1694 im-

780 1691 880 1742 perii
899 1691 1097 1733 Theodori
1116 1697 1288 1738 Lascaris
1307 1715 1352 1740 eo
1369 1706 1525 1746 nomine
1544 1712 1708 1751 secundi

780 1748 1065 1800 praesignatam
1085 1753 1206 1794 fuisse
1225 1758 1420 1799 creditum
1441 1770 1510 1803 est.
1552 1780 1709 1807 memo-

780 1809 896 1843 ratur
925 1806 1000 1843 ista
1035 1809 1185 1861 eclipsis
1214 1826 1236 1850 a
1258 1815 1418 1868 Niceph.
1443 1820 1613 1873 Gregora
1631 1825 1660 1864 l.
1677 1824 1706 1867 4

106 1865 135 1899 P
158 1866 226 1902 535
780 1873 818 1911 p.
841 1862 893 1904 51
918 1862 978 1901 ed.
997 1863 1083 1902 Bas.
1122 1868 1214 1906 vide
1232 1883 1351 1922 supra
1369 1887 1400 1913 c.
1419 1878 1447 1917 7
1464 1876 1582 1917 huius
1600 1880 1705 1932 libri,

563 1939 565 1942 .
780 1915 847 1953 ubi
868 1917 1134 1969 epilogismum
1153 1924 1266 1963 istius
1286 1930 1477 1971 novilunii
1498 1935 1664 1987 ecliptici
1682 1952 1706 1976 a

778 1972 824 2008 R.
853 1972 895 2011 P.
922 1973 1064 2014 Iacobo
1094 1979 1299 2021 Grantami
1330 1991 1591 2030 astronomica
1616 2006 1706 2033 me-

778 2027 903 2068 thodo
922 2042 1139 2083 expansum
1160 2035 1310 2080 damus,
1466 2043 1468 2045 ’

835 2119 916 2158 Sub
941 2119 1059 2161 finem
1086 2122 1204 2164 huius
1227 2130 1320 2168 anni
1338 2159 1349 2180 ,
1380 2131 1442 2171 die
1464 2136 1519 2178 28
1539 2135 1705 2178 Decem-

778 2173 880 2225 bris,
909 2177 1096 2229 Iosephus
1116 2182 1255 2223 Galesii
1273 2191 1509 2229 monasterio
1531 2206 1704 2246 praepo-

779 2230 896 2282 situs,
931 2237 1186 2278 confessarius
1211 2242 1477 2296 imperatoris,
1504 2248 1606 2288 iusta
1633 2265 1704 2306 sy-

778 2288 874 2326 nodi
897 2290 1078 2344 suffragia
1097 2295 1148 2334 ad
1166 2299 1476 2350 patriarchatum
1495 2306 1596 2359 tulit.
1623 2308 1703 2347 Pa-

778 2343 908 2397 chym.
935 2345 963 2388 4
991 2352 1060 2392 23.

240 2447 358 2454 ———
377 2451 538 2457 --»
660 2455 717 2460 -
755 2456 1703 2503 Ἣ

249 2519 353 2565 1268
460 2520 488 2564 4
651 2524 676 2564 9
833 2527 920 2566 Kal.
939 2528 1129 2570 Ianuariis
1146 2532 1331 2587 losephus
1350 2546 1492 2589 quarto
1514 2529 1702 2582 kalendas

778 2581 855 2620 rite
886 2584 1052 2637 electus,
1086 2599 1334 2632 consecratus
1368 2598 1597 2648 patriarcha
1629 2607 1700 2643 est.

776 2638 960 2692 Pachym.
988 2642 1016 2685 4
1044 2646 1112 2685 24.

831 2728 900 2767 Die
916 2734 943 2772 2
965 2731 1171 2774 Februarii
1186 2735 1286 2777 sesto
1305 2739 1561 2794 Hypapantes
1578 2743 1701 2784 solvi-

777 2789 844 2822 tur
864 2787 1113 2829 anathemate
1131 2805 1152 2830 a
1170 2807 1276 2834 novo
1292 2799 1518 2853 patriarcha
1534 2800 1701 2840 Michael

738 2877 744 2891 ,
776 2839 1004 2895 imperator.
1059 2846 1112 2888 ib.
1134 2862 1168 2890 c.
1185 2851 1254 2894 25.
