1884 3262
413 201 488 243 DE
522 199 799 243 MICHAELE
833 199 1207 250 PALAEOLOGO
1243 200 1290 243 L.
1320 198 1392 243 VI.
1539 196 1637 244 451

175 312 289 372 (ᾔδει
322 313 400 368 γὰρ
432 314 498 354 καὶ
529 314 816 369 παροργίσων,
856 315 890 355 εἰ
922 308 1046 363 αὖθις
1075 311 1236 369 λέγοι),
1277 312 1326 355 τὸ
1359 311 1464 355 καθ’
1491 310 1639 355 ἑαυτὸν

174 380 260 425 οἷον
291 381 392 436 πρὸς
419 381 490 423 τὸν
522 382 654 436 ἱκέτην
679 379 1005 437 ἀπολογούμενος
1025 379 1080 435 ὥς
1106 381 1154 424 οὗ
1174 378 1560 440 καταρραθυμήσας
1578 386 1637 437 τῷ

172 453 338 504 βαστλεῖ
355 451 572 504 προτείνειν
602 450 654 492 τὰ
687 448 835 492 τούτου
858 452 992 492 δίκαια
1005 483 1017 502 ,
1054 450 1154 492 θεὸν
1176 454 1391 505 παρεισῆγε
1414 454 1488 504 τῆς
1507 466 1637 492 σπου-

175 521 251 572 δῆς
279 515 471 573 μάρτυρα
504 520 570 559 καὶ
618 518 760 568 “3269
793 517 869 577 δρᾷ
902 518 954 560 τὰ
988 520 1077 572 περὶ
1112 511 1168 560 ὧν
1198 516 1450 575 προβάλλῃ”
1491 517 1635 573 ἔλεγεν.

141 584 196 628 ὃὸ
218 585 256 628 δ’
283 587 405 628 ἐκεῖσε
435 586 577 640 παρών
610 585 926 642 συκοφαντήσας
947 586 1018 629 τὸν
1039 583 1160 641 λόγον
1180 584 1429 638 συμπλάττει
1457 586 1502 628 τὸ
1528 591 1633 639 ψεῦ-
1657 599 1686 632 Β

172 657 268 706 δος,
308 653 363 703 ὥς
385 655 485 697 θεὸν
506 658 633 708 δῆθεν
661 655 764 697 κατὰ
788 655 990 709 βασιλέως
1014 653 1309 706 ἓκκαλουμένου
1331 659 1405 696 τοῦ
1424 655 1559 709 ἱερέως
1580 657 1636 705 εἷς

171 723 246 777 τὴν
265 727 345 765 τῶν
366 722 640 776 ἀδικουμένων
669 718 882 778 ἓκδίκησῗν.
955 721 1116 772 τούτοις
1137 720 1309 779 ὡσπερεί
1329 739 1431 764 τισιν
1454 725 1636 779 ἰσχυροῖς

172 793 456 840 κατασείσταις
492 789 705 845 ὖποχαλᾶν
739 792 808 834 τὸν
839 790 992 847 πύργον
1026 796 1099 845 τῆς
1130 792 1281 833 ἐκείνου
1311 795 1449 845 ψυχῆς
1489 791 1634 848 ᾤοντο.

170 855 220 914 ἦν
249 859 292 901 δ’
324 858 344 901 ὅ
375 860 449 908 τὰς
472 857 602 914 ὄρμιὶς
627 861 766 917 σφίσιν
788 858 1036 902 ὖπανάπτων
1057 858 1077 902 ὃ
1100 864 1172 914 τῆς
1185 859 1358 915 Ἐφέσου
1380 858 1542 911 Ἰσαάκ,
1579 862 1634 910 εἷς

118 927 327 983 1οπατὲρα
357 928 595 983 τεταγμένος
623 933 682 986 τῷ
707 933 892 982 βασιλεῖ,
927 929 1120 981 οὐδεμίαν
1157 927 1201 969 δ’
1233 927 1335 981 ἔχων
1366 929 1501 970 αἰτίαν
1532 927 1633 970 οἷπε-
1657 934 1687 968 C

166 998 315 1051 χθειάς
332 1001 388 1053 τῷ
409 995 638 1053 πατριάρχῃ
657 994 840 1052 παρόσον
856 997 903 1039 τὸ
924 997 976 1039 τὰ
998 998 1200 1038 δοκοῦντα
1219 993 1490 1050 ’ξυμπράττειν
1508 997 1635 1048 αἱρεῖ-

171 1070 276 1107 σθαι
308 1069 366 1122 τῷ
394 1068 574 1118 βασιλεῖ,
621 1063 644 1118 ἢ
680 1068 780 1120 γοῦν
809 1069 932 1107 τοῦτο
963 1062 1090 1117 μόνον
1122 1062 1148 1118 ἢ
1181 1065 1247 1109 καὶ
1281 1061 1470 1120 δεύτερον
1503 1064 1550 1107 τὸ
1579 1065 1632 1107 τοὶ

171 1132 265 1175 κατ’
289 1132 493 1186 ἀνατολὴν
522 1133 793 1188 πατριαρχικὰ
821 1131 898 1190 ὕφ’
925 1131 1037 1190 αὗτῷ
1070 1132 1206 1174 θέλειν
1234 1136 1468 1185 ποιεῖσθαι,
1506 1134 1635 1187 μηδὲν

171 1201 294 1252 ἀξιῶν
309 1201 430 1243 πλέον
454 1200 554 1255 ἔχειν
576 1201 648 1243 τὸν
668 1199 924 1258 πατριάρχην
948 1203 1002 1250 εἷς
1022 1201 1181 1256 ἓνορίαν
1200 1198 1225 1255 ἢ
1245 1200 1349 1242 κατὰ
1369 1198 1499 1254 μόνην
1513 1204 1634 1243 Κων-

117 1273 159 1309 15
172 1267 505 1312 σταντινούπολιν
531 1268 857 1326 περιοριζόμενα,
896 1269 948 1311 rr>
977 1268 1020 1311 δ’
1042 1268 1119 1319 ἔξω
1150 1266 1304 1323 ταύτης
1330 1266 1409 1311 ὖπό
1431 1269 1635 1318 toi-33⁷1:-

171 1336 349 1387 σκόπους
366 1339 575 1393 γίνεσθαι,
612 1333 668 1380 ὧν
692 1336 825 1393 δήπου
846 1339 911 1380 καὶ
934 1337 977 1379 αἶ
996 1337 1146 1391 ἓνορίαι
1167 1338 1256 1382 εἶσί.
1318 1337 1441 1379 ταῦτ’
1466 1337 1632 1380 ἔσπευδε

171 1408 237 1448 καὶ
266 1404 488 1462 κατώρθου
523 1406 595 1449 οὐκ
625 1406 738 1465 ἄλλῳ
758 1424 815 1464 τῳ
839 1403 1146 1461 μηχανήματιῆ
1170 1409 1228 1463 τῷ
1250 1406 1407 1446 διιστᾶν
1432 1406 1633 1458 βασιλέως

170 1474 242 1517 τὸν
274 1475 401 1531 ἱερέα·
439 1473 459 1517 ὃ
481 1475 528 1530 δὴ
552 1477 617 1517 καὶ
642 1475 763 1518 ἐποίει
782 1475 879 1525 τοὺς
907 1478 1238 1531 κατηγοροῦντας
1265 1471 1478 1528 δεχόμενος
1503 1475 1573 1516 καί
1587 1491 1630 1530 γε
1653 1485 1686 1519 D

171 1607 321 1650 rogaret.
367 1605 423 1639 ille
453 1609 565 1639 autem
598 1605 808 1650 experientia
836 1604 901 1638 iam
922 1616 1046 1649 gnarus
1069 1603 1242 1649 negationi
1264 1603 1456 1638 dilationem
1481 1604 1632 1647 obtendi,

171 1663 303 1686 necnon
324 1651 542 1695 intelligens,
572 1651 599 1684 si
622 1652 731 1685 denuo
755 1652 798 1685 de
821 1651 885 1684 hoc
909 1651 1124 1696 compellaret
1146 1651 1401 1695 imperatorem,
1426 1650 1459 1683 in
1484 1650 1569 1684 iram
1593 1662 1632 1685 se

169 1698 261 1731 illum
297 1698 560 1738 concitaturum,
594 1700 633 1731 ut
664 1698 783 1732 saltem
817 1696 928 1731 clienti
958 1707 996 1730 se
1030 1703 1194 1742 purgaret
1216 1697 1305 1729 forte
1328 1700 1564 1740 suspectatur-0
1588 1709 1632 1731 ex

171 1747 294 1777 eventu
318 1743 490 1777 remissius
513 1743 624 1787 egisse
647 1746 824 1788 patronum
839 1768 849 1785 ‚
873 1743 969 1776 deum
993 1747 1115 1776 testem
1138 1741 1291 1776 adhibuit
1311 1742 1434 1775 sinceri
1457 1742 1509 1775 sui
1533 1753 1574 1776 ea
1595 1742 1630 1776 in

172 1800 274 1823 causa
298 1789 424 1830 studii,
459 1790 527 1822 alta
552 1800 634 1822 voce
658 1794 851 1823 contestans
875 1788 971 1821 deum
997 1788 1137 1833 utique,
1167 1799 1266 1833 quem
1290 1787 1338 1821 nil
1359 1787 1490 1830 lateat,
1514 1788 1630 1822 videre

170 1846 239 1880 qua
272 1834 339 1868 fide
369 1846 503 1879 quoque
534 1834 660 1868 affectu
692 1847 732 1868 eo
761 1834 949 1880 patrocinio
972 1835 1182 1878 fungeretur.
1229 1845 1272 1867 ex
1295 1833 1359 1866 hac
1381 1833 1436 1866 dei
1460 1833 1630 1868 mentione

171 1880 356 1914 calumniae
388 1892 503 1914 ansam
537 1880 593 1925 qui
627 1891 788 1925 praesens
818 1881 909 1913 forte
938 1883 1018 1913 tunc
1050 1879 1161 1913 adfuit
1183 1879 1314 1912 delator
1337 1890 1488 1922 sumens,
1527 1879 1630 1912 multo

170 1926 290 1959 deinde
314 1926 480 1971 posterius
502 1925 535 1959 in
559 1926 735 1970 malignam
759 1925 857 1959 istam
880 1925 1125 1959 accusationem
1148 1924 1336 1970 processit,
1361 1925 1539 1958 criminans
1563 1924 1630 1958 sci-

170 1971 251 2005 licet
273 1971 497 2016 patriarcham
511 1997 521 2014 ,
554 1972 631 2005 dum
654 1971 818 2017 supplicis
842 1982 975 2005 causam
998 1975 1138 2015 ageret,
1174 1971 1265 2004 diras
1290 1974 1441 2014 Augusto
1464 1971 1629 2015 impreca-

171 2022 241 2051 tum
271 2017 307 2050 in
338 2017 495 2051 ultionem
526 2022 670 2062 negatae
700 2016 842 2063 supplici
867 2017 1009 2061 gratiae.
1056 2017 1108 2050 his
1130 2016 1226 2062 quasi
1247 2016 1445 2061 quibusdam
1469 2016 1628 2049 machinis

170 2069 230 2096 aut
260 2063 473 2097 validissimis
507 2063 667 2097 arietibus
699 2074 921 2097 concussuros
944 2067 979 2096 et
1001 2062 1194 2096 deiecturus
1218 2073 1294 2095 sese
1316 2061 1435 2095 turrim
1458 2061 1549 2094 illam
1572 2061 1628 2095 in-

171 2108 257 2142 victi
290 2108 390 2142 animi
420 2109 678 2143 calumniatores
707 2108 898 2152 nequissimi
930 2109 1108 2153 putabant.
1154 2107 1322 2141 incitabat
1347 2110 1458 2140 autem
1483 2118 1542 2140 eos
1567 2119 1626 2140 ac-

171 2154 316 2187 cendens
340 2155 383 2187 ad
406 2166 476 2188 rem
499 2155 682 2198 urgendam
707 2155 835 2199 Ephesi
859 2154 1001 2188 antistes
1025 2154 1142 2194 Isaac,
1166 2165 1232 2198 quo
1256 2151 1424 2197 spirituali
1446 2157 1547 2196 patre
1571 2155 1625 2186 at-

171 2211 238 2244 que
273 2199 400 2233 arbitro
430 2200 656 2234 conscientiae
686 2204 767 2234 tunc
799 2201 972 2243 Augustus
1000 2200 1179 2241 utebatur,
1219 2210 1284 2232 non
1314 2197 1402 2242 quod
1426 2198 1526 2231 ullam
1549 2196 1625 2242 ipse

171 2243 307 2288 quidem
331 2244 467 2289 proprie
493 2246 634 2279 haberet
656 2246 724 2280 odii
747 2257 882 2279 causam
906 2246 1068 2279 adversus
1092 2243 1340 2289 patriarcham,
1369 2243 1429 2276 sed
1453 2247 1493 2277 ut
1514 2243 1626 2287 grati-

171 2290 333 2323 ficaretur
357 2289 576 2334 imperatori,
599 2295 634 2324 et
655 2291 692 2325 in
715 2303 788 2325 eam
810 2302 910 2336 quam
933 2291 989 2325 ille
1013 2291 1076 2324 hac
1098 2294 1174 2323 arte
1195 2292 1411 2334 procuratum
1434 2288 1507 2322 ibat
1529 2292 1624 2322 retu-

172 2336 298 2369 sionem
321 2335 546 2369 confidentiae
566 2336 693 2378 Vecci,
730 2348 773 2370 ne
805 2337 964 2381 deinceps
986 2340 1055 2369 tam
1078 2335 1185 2369 libere
1208 2346 1311 2379 agere
1333 2345 1445 2368 secum
1469 2334 1624 2375 auderet,

171 2381 345 2415 efficacem
370 2392 430 2425 pro
452 2381 540 2415 virili
563 2383 732 2415 conferret
753 2393 899 2427 operam.
945 2392 1143 2426 quamquam
1174 2392 1239 2414 non
1270 2379 1380 2414 aliena
1411 2380 1516 2414 solum
1541 2391 1622 2413 cau—

170 2438 231 2467 sa,
266 2426 326 2460 sed
358 2426 487 2472 proprii
519 2426 620 2460 etiam
655 2432 811 2472 respectu
848 2433 1008 2471 quaestus
1045 2427 1078 2460 in
1110 2426 1174 2460 hoc
1209 2430 1334 2460 motum
1364 2426 1623 2471 suspicabantur

170 2471 326 2518 quidam,
365 2472 493 2517 opinati
522 2473 690 2506 studuisse
722 2484 784 2517 per
815 2472 878 2506 hoc
907 2473 1017 2517 ipsum
1047 2477 1147 2516 rapta
1169 2477 1357 2516 opportune
1377 2472 1556 2506 occasione
1580 2483 1622 2506 ex

170 2517 320 2563 periculo
352 2517 474 2557 Vecci,
511 2529 571 2551 suo
601 2517 666 2550 iuri
696 2518 897 2557 subiungere
925 2518 999 2550 loca
1031 2517 1252 2551 iurisdictioni
1274 2516 1486 2562 patriarchae
1507 2528 1621 2552 reser-

171 2566 254 2597 vata.
286 2563 320 2595 in
353 2563 482 2597 cunctis
515 2573 577 2607 per
601 2562 773 2605 Orientem
803 2562 1032 2605 dioecesibus,
1069 2563 1117 2597 ita
1140 2568 1177 2597 ut
1200 2575 1242 2597 ea
1264 2566 1391 2598 tantum
1415 2574 1514 2598 sacra
1545 2562 1620 2596 loca.

172 2619 260 2653 quae
291 2608 383 2642 intra
415 2620 513 2642 unam
539 2609 663 2642 'urbem
688 2608 1012 2654 Constantinopolim
1045 2608 1111 2643 sita
1140 2611 1273 2650 essent,
1307 2608 1500 2643 ordinariae
1522 2611 1619 2652 pote-

171 2654 251 2687 stati
274 2654 487 2699 patriarchae
510 2654 663 2688 subiecta
684 2659 917 2695 remanerent;
955 2665 1043 2708 quae
1076 2657 1172 2688 extra
1195 2655 1309 2688 urbem
1334 2660 1468 2696 essent,
1506 2664 1619 2687 eorum

173 2699 367 2734 auctoritati
398 2700 612 2734 subiacerent
639 2699 830 2744 praesulum
860 2699 916 2745 qui
944 2700 1115 2734 dioeceses
1137 2700 1193 2734 ubi
1215 2705 1312 2735 erant
1333 2700 1390 2734 illa
1413 2699 1522 2744 posita
1546 2698 1619 2743 epi-

173 2745 299 2789 scopali
322 2745 526 2781 auctoritate
544 2746 783 2789 gubernarent.
829 2745 865 2779 id
886 2745 944 2779 ille
966 2745 1041 2780 olim
1064 2746 1246 2780 meditatus
1267 2754 1350 2780 tunc
1372 2744 1528 2790 perfecit,
1551 2755 1618 2777 non

172 2789 239 2824 alia
265 2790 449 2825 efficaciori
481 2791 628 2825 adhibita
657 2791 812 2825 machina
841 2802 940 2836 quam
962 2790 1176 2837 imperatoris
1203 2803 1223 2826 a
1244 2791 1438 2836 patriarcha
1460 2790 1515 2824 vel
1540 2801 1619 2834 pro-

173 2836 330 2880 curando,
345 2836 399 2871 vel
420 2837 644 2883 promovendo
668 2836 820 2872 dissidio.
865 2837 956 2883 quod
977 2837 1063 2872 fecit
1083 2837 1182 2872 huius
1205 2841 1420 2872 accusatores
1442 2836 1619 2878 adiuvans,
