1884 3262
474 176 548 217 DE
587 175 864 218 MICHAELE
898 177 1269 222 PALAEOLOGO
1304 181 1353 220 L.
1394 180 1448 222 V.
1598 181 1693 226 373

231 287 447 343 προφέρειν
469 286 564 340 ὗμΐν
586 285 676 330 τότ’
702 287 751 330 civ
771 286 911 345 χώραν
931 288 1007 345 εἶχε
1026 292 1091 332 καὶ
1111 290 1273 340 δικαίως
1293 289 1616 345 ὄνειδιζοῖμεθα,
1655 295 1691 335 εἴ

230 358 470 408 δυσσεβείας
493 355 642 410 ΐμᾶςῆ
677 357 885 409 ἀσεβείας,
925 359 971 400 τὸ
994 360 1222 415 χείριστον,
1265 359 1334 401 διὰ
1369 359 1444 414 τὴν
1463 358 1688 413 πρόσθεσιν

228 426 351 480 ἒγραᾳ
361 423 494 477 όμεθα
507 457 518 476 ,
557 423 611 474 ὥς
629 423 780 477 ὁμοίως
799 429 863 467 καὶ
884 425 1001 480 ἡμῶν
1021 425 1286 479 ἀσεβούντων,
1310 427 1378 469 διὰ
1400 428 1474 482 τὴν
1498 428 1688 485 προσθή-

225 510 299 547 κην
325 493 375 534 τὰ
395 491 529 546 ὅμοια.
600 495 681 535 ἐπεὶ
706 495 750 535 δὲ
771 494 845 547 τὴν
862 495 925 535 ἐπὶ
946 499 1002 552 τῷ
1021 493 1216 552 συμβόλῳ
1241 493 1486 551 προσθήκην
1503 496 1678 553 ἄποτρε-
1703 509 1733 542 C

193 559 417 614 ὅπόμεθα,
456 560 511 610 ὥς
536 561 594 615 μὴ
628 563 752 604 καλὸν
787 562 921 611 ἄλλως
948 562 994 604 ὃν
1023 563 1130 617 μηδ’
1156 562 1337 618 ἀσφαλὲς
1355 563 1402 606 τὸ
1422 563 1595 608 σῦνολον
1612 583 1687 608 κα-

225 630 565 684 τησιγαλισμένοις
595 632 851 685 ἓπεῃειρεΐν,
890 629 966 672 κᾶν
993 630 1106 680 ἐντός
1132 631 1280 686 λέγοιεν
1306 635 1380 674 τοῦ
1412 631 1568 685 ὀρθοῦ,
1607 639 1686 676 ποῦ

224 695 380 740 δι’καιον
411 696 507 752 ἦμῖν
536 700 755 750 προτείνειν
783 698 833 740 τὰ
863 697 1010 753 ὅμοιας
1046 700 1107 748 τίς
1135 699 1214 754 γὰρ
1241 697 1357 753 ἡμῶν
1379 699 1576 755 ἐτόλμησε
1598 700 1686 744 πώ-

223 784 322 808 ποτε
342 766 472 815 οἴτιιις
492 764 547 815 ὥς
571 767 692 821 λέγεις
709 766 812 819 μετὰ
833 765 1077 821 προσθήκης
1103 765 1341 823 ὄμολογεΐν;
1378 768 1502 811 καλὸν
1525 765 1598 812 οὖν
1619 772 1685 812 καὶ

223 835 432 891 συμφέρον
452 835 524 889 τὴν
545 833 705 888 εἶρήνην
726 851 769 876 σε
788 834 1018 878 σπεύδοντα
1053 840 1134 878 τῶν
1159 836 1379 890 ἐκκλησιῶν
1404 835 1512 879 οὕτω
1543 843 1684 893 πειρᾶ-

167 917 210 948 10
222 909 324 945 σθαι
351 908 546 945 συνιστᾶν
577 901 754 956 ταύτην,
790 908 933 959 σοφῶς
961 905 1254 958 οἳκονομοίῗντα
1284 904 1387 959 παρ’
1420 904 1590 955 Ἰταλοῖς
1607 907 1683 961 τὴν

219 976 294 1014 τοῦ
326 969 557 1013 σκανδάλου
589 970 824 1026 ἀφαίρεσιν,
873 970 948 1013 κᾶν
989 970 1102 1026 ἡμεῖς
1134 967 1241 1025 ὦμεν
1278 972 1318 1013 οἱ
1345 971 1574 1027 αἰτιώμενοι
1605 979 1679 1016 τοῦ
1703 975 1734 1009 D

220 1038 478 1090 σκανδάλου,
518 1040 683 1087 δικαίως
715 1037 812 1093 ἡμῖν
841 1038 1135 1093 ἐπιπλήττοντα
1164 1038 1221 1088 ὥς
1252 1038 1428 1093 ἑτοίμοις
1460 1037 1550 1083 οὖσι
1572 1042 1680 1096 δέχε-

219 1112 322 1150 σθαι
343 1107 416 1161 τὴν
438 1108 660 1159 ἐπίπληξιν.
714 1108 747 1148 εἷ
769 1108 813 1161 δὲ
837 1108 941 1162 παρ’
966 1109 1128 1157 ἐκείνοις
1146 1107 1191 1149 τὸ
1218 1106 1449 1151 σκάνδαλον
1468 1109 1678 1163 ἔβλαστεν,

219 1175 369 1231 ἀνάγκη
399 1174 667 1227 πνευματικὸν
700 1174 799 1216 ὄντα
832 1178 897 1219 καὶ
932 1176 1185 1230 πρεσβευτὴν
1216 1181 1291 1229 τῆς
1318 1175 1477 1231 εἲρῆνης
1518 1179 1680 1227 ἐκείνοις

165 1256 206 1291 15
220 1244 345 1286 ὠθεῖν
364 1248 584 1299 πειρᾶσθαι
607 1243 652 1284 τὸ
676 1243 736 1284 ἰπὶ
761 1247 810 1299 τῇ
829 1247 1066 1303 καινοτομίᾳ
1088 1249 1159 1287 τοῦ
1183 1243 1393 1298 συμβόλου
1413 1243 1679 1301 ἆμᾶρτημα.”

218 1311 348 1361 οὕτως
372 1312 505 1366 ἴλιγον
525 1312 561 1352 οἱ
586 1316 657 1364 τῆς
677 1313 911 1366 ἐκκλησίας,
952 1315 1017 1354 καὶ
1049 1311 1097 1354 οἷ’
1103 1329 1181 1361 τως
1210 1310 1315 1366 εἶχον
1336 1310 1391 1362 ὥς
1414 1315 1531 1356 οὐδὲν
1552 1315 1678 1357 ἀκου-

217 1378 379 1434 σόμενοι
406 1380 630 1433 βασιλέως,
681 1381 715 1421 εἰ
742 1378 994 1436 προστάσσοι
1030 1381 1072 1423 ἐν
1103 1379 1287 1433 τούτοις,
1326 1383 1392 1423 καὶ
1418 1382 1511 1438 εἴγε
1530 1382 1581 1425 τὰ
1600 1383 1672 1437 με’·
1699 1387 1729 1421 Ε

215 1465 332 1505 γιστα
356 1448 518 1491 ἀπειλεῖ.

216 1614 251 1647 in
283 1616 384 1659 parte
418 1613 658 1646 excedentibus
689 1612 885 1658 imputanda
919 1615 984 1646 est.
1030 1612 1324 1659 caeterumquod
1349 1611 1523 1659 querimini
1546 1612 1676 1658 culpari

215 1670 276 1693 vos
300 1670 320 1692 a
344 1658 438 1692 nobis
462 1660 505 1692 ob
531 1659 792 1693 additamentum
815 1657 980 1702 symboli,
1014 1662 1095 1692 tunc
1126 1661 1264 1704 querela
1286 1659 1370 1692 haec
1391 1661 1498 1692 locum
1524 1659 1676 1699 haberet,

215 1709 250 1738 et
271 1705 361 1738 iuste
382 1705 417 1738 id
440 1705 535 1738 nobis
558 1706 841 1749 exprobraretur,
874 1704 903 1737 si
935 1703 1068 1739 alienae
1100 1709 1188 1749 aut,
1219 1706 1308 1750 quod
1338 1704 1534 1750 pessimum,
1567 1705 1676 1738 falsae

212 1749 404 1795 impiaeque
444 1751 618 1784 doctrinae
653 1762 714 1784 vos
751 1754 893 1794 propter
926 1749 1024 1783 istam
1058 1751 1259 1784 additionem
1300 1761 1545 1784 accusaremus.
1593 1753 1673 1783 tunc

213 1798 300 1829 enim
331 1796 405 1829 iure
437 1796 656 1829 causaremini
701 1807 762 1829 nos
793 1797 948 1838 dogmate
978 1807 1042 1840 per
1075 1797 1278 1830 additionem
1312 1796 1461 1829 indicato
1492 1795 1672 1829 reiicieudo

211 1841 303 1875 istud
319 1866 331 1883 ‚
353 1841 444 1886 quod
467 1842 563 1875 vobis
580 1843 665 1875 favso
687 1841 946 1886 impingeremus
959 1866 968 1881 ‚
992 1841 1177 1886 impietatis
1200 1846 1323 1876 crimen
1347 1853 1427 1876 vere
1449 1841 1671 1875 consciscere.

211 1898 287 1921 eum
314 1893 427 1921 autem
450 1899 515 1921 non
539 1887 659 1932 dogma
682 1887 718 1920 in
741 1887 913 1920 additione
931 1888 1228 1931 reprehendamus,
1249 1888 1309 1922 sed
1333 1887 1571 1922 contendamus
1593 1892 1672 1920 tan-

211 1938 281 1966 tum
305 1933 483 1967 universim
507 1945 570 1967 nec
592 1932 775 1979 probabilis
799 1944 862 1966 nec
883 1932 995 1966 securi
1017 1933 1162 1978 exempli
1177 1945 1247 1967 rem
1271 1945 1358 1977 esse,
1379 1933 1546 1967 immutari
1569 1944 1671 1978 prae-

209 1978 352 2012 licenter
375 1978 501 2024 aliquid
526 1984 586 2012 aut
610 1978 744 2023 adiungi
767 1978 903 2021 scriptis
926 1978 1020 2023 prius
1044 1980 1144 2014 editis
1166 1984 1201 2013 et
1225 1991 1300 2014 cum
1322 1988 1449 2014 summa
1473 1978 1670 2013 considera-

209 2025 302 2058 tione
323 2029 393 2058 tum
417 2029 558 2059 aeterna
579 2025 743 2058 firmitate
773 2023 953 2066 stabilitis,
983 2030 1287 2070 quantumcumque
1316 2025 1405 2071 quod
1432 2029 1579 2059 mutatur
1610 2028 1669 2058 aut

210 2070 347 2105 additur
368 2070 457 2104 intra
480 2070 566 2104 recti
589 2071 673 2104 fines
697 2071 809 2111 sistat,
831 2081 940 2115 eoque
962 2070 1138 2105 dumtaxat
1159 2071 1291 2106 nomine
1315 2076 1461 2104 vestram
1483 2070 1583 2104 istam
1607 2069 1667 2103 ad-

211 2116 370 2150 ditionem
395 2117 632 2161 reprobemus,
658 2128 724 2161 quo
749 2115 822 2149 iure
844 2116 879 2150 in
907 2116 970 2150 hoc
1002 2117 1135 2162 quidem
1160 2118 1292 2151 causari
1323 2115 1466 2162 potestis
1489 2115 1584 2159 paria
1606 2125 1666 2148 nos

209 2161 245 2194 in
266 2162 330 2196 hoc
351 2173 476 2205 genere
498 2173 664 2207 peccare,
689 2173 763 2195 cum
787 2173 809 2196 a
840 2162 992 2204 nemine,
1016 2163 1105 2207 quod
1128 2163 1274 2205 sciatur,
1306 2166 1456 2195 nostrum
1479 2160 1580 2194 fando
1604 2171 1666 2194 un-

211 2218 310 2252 quam
333 2208 378 2240 sit
409 2207 557 2241 auditum
581 2208 820 2252 professionem
851 2207 931 2241 fidei
964 2219 1036 2241 cum
1075 2209 1143 2242 uila
1170 2208 1232 2241 tau
1263 2207 1450 2242 adiectione
1479 2205 1672 2240 recitatam..

211 2254 331 2286 bonum
347 2252 453 2297 igitur
476 2253 745 2299 conveniensque
768 2253 870 2287 fuerit
892 2259 926 2286 te
941 2253 1119 2288 conciliare
1141 2265 1259 2298 pacem
1282 2252 1500 2287 ecclesiarum
1521 2251 1664 2295 sincero,

210 2298 594 2343 quemadmodumvprae
624 2304 660 2333 te
684 2302 776 2341 fers,
810 2298 920 2332 studio
952 2305 1127 2333 conantem
1159 2311 1230 2332 eam
1257 2298 1461 2344 potissimum
1484 2308 1525 2332 eo
1545 2308 1665 2343 perve-

209 2344 324 2378 niendi
345 2343 434 2378 viam
457 2343 614 2378 insistere
639 2356 726 2389 quae
751 2345 937 2378 rectissima
960 2345 1002 2379 ad
1022 2356 1162 2389 scopum
1181 2344 1280 2378 istum
1305 2347 1377 2387 est,
1401 2355 1520 2389 nempe
1542 2348 1580 2377 ut
1593 2343 1664 2377 Ita-

209 2390 260 2424 los
284 2401 344 2435 pro
366 2394 427 2423 tua
450 2394 486 2422 et
507 2389 672 2434 sapientia
695 2394 732 2424 et
763 2391 967 2423 auctoritate
998 2390 1175 2434 gratiaque
1205 2390 1294 2435 apud
1317 2390 1409 2435 ipsos
1441 2395 1580 2432 satagas
1603 2390 1664 2423 ad-

209 2436 334 2469 ducere
361 2435 403 2470 ad
426 2435 619 2469 scandalum
648 2435 884 2477 amovendum,
913 2435 1058 2480 positum
1081 2435 1198 2480 utique
1232 2436 1275 2469 ab
1299 2435 1404 2482 ipsis,
1425 2439 1606 2488 utcumque
1627 2435 1662 2468 id

210 2483 337 2516 sactum
361 2492 380 2515 a
403 2481 500 2514 nobis
523 2481 608 2514 falso
632 2481 858 2515 criminentur.
903 2492 978 2515 nam
1002 2482 1030 2515 si
1055 2492 1158 2526 penes
1180 2492 1242 2515 nos
1265 2480 1413 2516 scandali
1435 2480 1559 2523 obiecti
1582 2491 1663 2513 vere

208 2528 308 2572 culpa
330 2526 519 2568 resideret,
551 2527 670 2560 merito
693 2538 753 2560 nos
775 2525 974 2570 obiurgares
998 2531 1034 2560 et
1063 2526 1232 2572 patienter
1253 2526 1545 2572 reprehensionem
1569 2525 1663 2559 exci-

207 2584 386 2618 peremus,
411 2572 500 2617 quod
524 2583 638 2606 sumus
660 2572 773 2617 parati
796 2573 911 2605 facere
933 2572 1068 2617 quoties
1090 2573 1211 2607 erimus
1233 2574 1330 2607 nobis
1352 2572 1477 2607 conscii
1501 2571 1662 2605 meruisse

208 2618 421 2664 reprehendi.
469 2618 497 2652 si
520 2629 599 2651 vero
623 2618 815 2652 scandalum
838 2618 881 2651 ab
902 2617 970 2652 illis
991 2622 1100 2653 ortum
1120 2625 1196 2661 est,
1219 2622 1354 2664 oportet
1376 2623 1431 2659 te,
1463 2628 1537 2651 cum
1560 2615 1661 2662 spiri-

207 2665 309 2698 tualis
331 2663 380 2698 sis
403 2668 439 2698 et
462 2666 628 2697 tractator
649 2663 744 2708 pacis
759 2689 769 2706 ‚
791 2674 948 2698 amovere
970 2663 1098 2699 abillis
1129 2665 1241 2699 conari
1264 2664 1387 2699 crimen
1409 2667 1536 2698 temere
1557 2673 1660 2707 prae-

208 2714 362 2755 sumptae
393 2709 554 2744 novitatis
585 2708 620 2742 in
651 2708 880 2743 immutatione
912 2709 1096 2754 symb01i.”
1150 2710 1200 2745 sic
1235 2710 1459 2756 loquebantur
1498 2707 1660 2742 ecclesiae

207 2765 385 2799 proceres3
417 2760 453 2790 et
484 2755 534 2790 sic
572 2755 760 2800 comparati
790 2759 910 2796 eraut,
940 2759 981 2789 ut
1005 2755 1241 2801 imperatorem
1267 2754 1415 2790 audituri
1445 2765 1511 2787 non
1535 2755 1661 2796 essent,

207 2800 371 2847 quidquid
394 2801 486 2836 eirca
508 2801 592 2835 haec
613 2800 766 2843 iuberet,
788 2800 919 2836 etiamsi
941 2800 1138 2847 gravissima
1160 2813 1315 2849 quaeque
1338 2801 1530 2836 minaretur.
