1884 3262
428 234 503 276 DE
535 231 810 275 MICHAELE
844 228 1215 278 PALAEOLOGO
1251 228 1296 272 L.
1332 230 1387 272 V.
1537 225 1631 274 381

178 350 245 393 καὶ
263 345 365 403 ὗπέρ
383 345 551 390 Ἰταλῶν
569 342 736 388 ἐδόκουν
760 342 871 396 εἶναι,
910 340 1147 398 προύτεινον
1168 343 1301 400 ἐκείνῳ
1321 341 1426 385 κατὰ
1445 341 1633 399 φυλακὴν

177 416 413 475 καθημένῳ.
485 413 505 458 ὅ
528 416 572 457 δὲ
589 411 812 468 λαμβάνων
832 413 898 455 καὶ
919 409 1175 468 διερχόμενος
1192 411 1322 467 ἤρε’μα
1347 428 1433 460 πως
1449 414 1504 461 εἷς
1521 409 1631 467 εἶρῆ-
1654 420 1682 454 Ρ
1704 421 1772 455 259

176 504 252 542 νην
273 485 614 540 συγκατεκλίνετο.
685 483 756 524 καί
769 480 812 537 γ’
832 479 988 530 ἁπλοῦς
1011 479 1068 522 ὢν
1098 482 1163 522 καὶ
1186 476 1422 536 φιλαλήθης
1450 482 1504 529 εἷς
1525 478 1634 522 ἅπαν

178 559 237 614 τῷ
254 555 327 609 μὲν
360 551 476 611 ἁπλῷ
506 559 595 601 ταῖς
620 557 798 606 γραφαῖς
824 548 1084 603 καθυπήγετο
1098 581 1111 601 ‚
1149 546 1276 591 ταύτό
1302 566 1344 604 γε
1363 548 1529 604 πάσχων
1548 556 1634 598 τοῖς

145 623 424 678 5ἁποροῦσιν,
465 623 499 663 εἴ
525 621 700 676 μετρίως
724 618 935 673 ἀποροῖεν,
969 616 1288 672 ἀπροσδοκήτως
1313 617 1359 659 τὸ
1391 622 1473 660 πᾶν
1496 618 1635 669 οἷομέ-

176 708 261 741 νοις
284 691 398 746 ἔχειν.
465 693 524 747 τῷ
557 684 610 730 αὖ
636 685 856 744 φιλαλῆθει
885 686 959 728 οὐκ
985 684 1118 741 ἠδόξει
1147 684 1358 741 ὁμολογεῖν
1393 686 1452 741 μὴ
1487 687 1633 729 εἷὸἕναι

174 758 278 816 μήτε
308 759 389 814 μὴν
419 758 607 811 ἐντυχεῖν.
680 757 746 798 καὶ
770 753 795 810 ἦ
825 756 935 797 αἶτία
955 755 1001 797 τὸ
1025 754 1096 809 ἐφ’
1128 752 1375 810 Ἑλληνικαῖς
1397 752 1632 809 σχολάζοντι

175 829 233 883 μὴ
252 829 384 877 θείαις
401 832 578 882 γραφαῖς
600 824 830 880 ἐγγενέσθαι
851 823 890 865 οἲ
910 826 1190 878 ε’μμελετῆσαι.
1255 823 1390 865 θέλειν
1408 823 1546 876 μέντοι
1564 825 1631 865 καὶ

176 899 275 940 ῗδεΐν
301 895 377 945 τὰς
404 896 574 948 βίβλους
603 895 670 935 καὶ
699 892 924 948 ἀναγνῶναι
955 892 1277 947 ἐπιμελέστερον,
1324 891 1396 946 ἐφ’
1433 885 1466 950 ᾧ
1487 896 1545 949 τῷ
1569 896 1626 949 νῷ
1650 905 1679 938 Β

124 978 167 1010 10
179 970 260 1008 τῶν
277 968 445 1021 γραφῶν
465 962 694 1018 προσέξειν,
732 962 798 1002 καὶ
821 959 952 1010 οὕτως
973 960 999 1015 ἢ
1020 961 1238 1002 πεισθέντα
1260 957 1419 1015 ἀνάγειν
1439 959 1540 1014 ἔχειν
1558 960 1624 1001 ἔπ’

177 1035 343 1081 ἐκείναις
363 1031 408 1074 τὸ
428 1029 590 1086 θάρρος
610 1031 675 1071 καὶ
695 1030 847 1084 παγίως
864 1030 1066 1071 ἵστασθαι
1089 1029 1130 1077 ἒς
1151 1027 1174 1070 ὅ
1195 1045 1232 1070 τι
1254 1030 1320 1070 καὶ
1342 1030 1466 1070 κλίνοι
1476 1062 1489 1080 ,
1526 1027 1552 1083 ἢ
1571 1028 1629 1082 μὴ

176 1101 397 1144 πεισθέντα
430 1098 504 1148 τὰς
537 1100 669 1147 αι’τιάς
699 1098 891 1153 ἐμφανεῖς
918 1101 1121 1152 παριστᾶν
1147 1096 1206 1138 δι’
1242 1095 1292 1145 ἃς
1329 1096 1388 1150 μὴ
1427 1098 1626 1140 πείθοιτο.

175 1168 296 1213 ταῦτ’
321 1168 449 1223 ἔλεγε,
486 1168 552 1208 καὶ
581 1164 601 1208 ὃ
622 1165 814 1220 βασιλεὺς
833 1166 1062 1217 κατένευεν,
1100 1162 1306 1220 ἐξαγαγών
1333 1182 1376 1207 τε
1397 1170 1472 1220 τῆς
1495 1171 1629 1222 φυλα-

175 1242 249 1294 κῆς
265 1237 340 1286 τὰς
358 1238 527 1289 βίβλους
547 1236 603 1284 εἷς
621 1231 847 1290 ἀνάγνωσιν
869 1241 1053 1290 παρεῖχεν
1074 1235 1136 1275 ἐπὶ
1155 1238 1318 1288 σχολῆς.

123 1313 164 1350 15
314 1309 386 1363 Τῷ
414 1304 551 1359 μέντοι
582 1320 625 1359 γε
656 1301 886 1359 πατριάρχῃ
914 1304 1036 1356 με’λον
1064 1297 1115 1355 ἦν
1135 1302 1206 1358 ἐφ’
1232 1300 1388 1359 ἑκάστῳ
1424 1305 1506 1344 τῶν
1527 1301 1629 1358 πρὸς

173 1373 346 1430 βασιλέα
370 1373 618 1429 ἀποκρίσεων
627 1404 640 1423 ,
677 1370 868 1426 μειζόνως
890 1371 970 1427 ἤδη
993 1371 1271 1424 ἐπιτιθέμενον
1301 1371 1374 1413 καί
1389 1369 1432 1426 γ’
1464 1370 1624 1428 ἠρεμεῖν
1648 1377 1678 1410 C

176 1495 208 1530 ei
231 1492 384 1529 custodia
406 1492 543 1527 detento
573 1491 832 1526 considerandas
855 1491 1051 1525 obtulerunt
1080 1492 1258 1535 excerptas
1286 1490 1329 1524 ab
1351 1489 1434 1535 ipsis
1458 1501 1630 1525 sacrorum

175 1541 338 1575 librorum
374 1539 559 1573 sententias
593 1549 681 1583 quae
712 1538 909 1571 Latinorum
935 1548 1059 1571 causae
1088 1538 1255 1570 faverent,
1303 1547 1362 1570 eas
1380 1536 1435 1569 ille
1457 1536 1490 1570 in
1515 1549 1631 1571 manus

175 1590 325 1631 sumptas
355 1587 486 1619 attente
515 1584 691 1628 perlegens
721 1583 843 1618 sensim
876 1583 918 1617 ad
951 1594 1069 1628 pacem
1091 1582 1337 1623 inclinabatur,
1366 1581 1497 1616 duabus
1529 1584 1570 1618 ad
1594 1584 1630 1617 id

175 1632 207 1667 ei
230 1630 496 1675 suffragantibus
520 1630 674 1672 dotibus,
708 1631 855 1664 candore
885 1629 1029 1674 quodam
1061 1628 1162 1662 animi
1192 1628 1260 1662 suci
1283 1628 1432 1672 expertis
1457 1634 1492 1662 et
1515 1629 1630 1664 innato

175 1689 290 1712 amore
312 1675 480 1711 veritatis.
526 1687 667 1720 quarum
703 1687 724 1709 a
756 1674 864 1719 priori
895 1674 1143 1720 assequebatur
1179 1679 1239 1715 ut,
1273 1685 1349 1708 culn
1372 1674 1567 1720 simpliciter
1588 1688 1630 1710 ac

174 1724 262 1758 citra
285 1721 521 1768 praeiudicium
543 1721 810 1766 suspicionemve
842 1721 971 1755 fraudis
1003 1721 1046 1754 ad
1082 1721 1312 1764 cognoscenda
1344 1731 1431 1764 quae
1463 1732 1630 1766 propone-

175 1770 298 1804 bantur
319 1767 517 1808 accederet,
550 1767 653 1802 facile
682 1767 899 1801 induceretur
921 1766 1138 1800 similitudine
1161 1766 1254 1807 veri,
1287 1777 1408 1811 passus
1430 1767 1516 1801 idem
1540 1768 1630 1813 quod

175 1814 391 1849 mediocriter
410 1814 602 1847 dubitantes
625 1813 752 1855 solent,
776 1813 834 1857 qui
859 1812 925 1846 levi
947 1820 1113 1847 momento
1134 1813 1168 1846 in
1191 1816 1322 1857 partem
1346 1812 1546 1847 inclinantur
1578 1815 1631 1848 al-

174 1866 301 1902 teram,
334 1864 370 1894 et
399 1859 458 1893 ubi
490 1860 544 1893 vel
575 1859 743 1904 paululum
777 1858 967 1892 imminutas
990 1859 1229 1903 conspicantur
1253 1858 1444 1903 ambigendi
1467 1859 1628 1902 rationes,

174 1907 296 1952 quibus
319 1910 421 1940 antea
441 1905 476 1938 in
497 1916 659 1950 suspenso
694 1906 916 1947 tenebantur,
947 1905 1102 1938 continuo
1135 1916 1254 1938 causas
1285 1916 1323 1938 se
1346 1911 1464 1938 nactos
1488 1904 1629 1940 idoneas

171 1952 239 1986 rati
262 1950 477 1985 dubitationis
499 1951 736 1996 deponendae,
759 1956 877 1985 tenere
899 1962 937 1984 se
959 1962 1030 1985 rein
1053 1951 1160 1996 ipsam
1184 1955 1220 1984 et
1241 1951 1370 1996 liquere
1392 1950 1456 1984 iam
1478 1950 1542 1985 sibi
1566 1964 1628 1985 ne-

172 1998 298 2043 gotium
321 1997 414 2042 prius
436 1998 616 2031 obscurum
638 1996 839 2031 existimant.
887 2001 926 2031 at
948 1997 1056 2031 altero
1089 1997 1146 2031 illo
1169 1997 1302 2031 sincero
1324 1996 1436 2030 studio
1460 1997 1625 2042 profiten-

122 2054 125 2057 ’
172 2044 239 2078 dae
270 2043 426 2077 veritatis
456 2043 643 2088 prohibitus
673 2043 843 2076 affirmare
875 2043 965 2087 quod
994 2054 1060 2076 non
1089 2046 1182 2085 erat,
1214 2054 1286 2076 cum
1319 2042 1462 2076 nondum
1494 2054 1624 2077 omnem

173 2089 238 2124 sibi
261 2089 450 2123 abstersam
472 2088 646 2133 caliginem
669 2088 833 2130 sentiret,
856 2089 945 2122 haud
970 2100 1051 2122 sane
1074 2089 1232 2122 simulare
1253 2088 1414 2122 sustinuit
1435 2088 1502 2121 sibi
1523 2089 1623 2133 plane

173 2146 249 2168 esse
270 2139 482 2179 perspectum
503 2135 538 2168 id
561 2135 650 2179 quod
674 2145 839 2179 apparere
870 2135 934 2179 ipsi
957 2135 1132 2168 dumtaxat
1155 2139 1190 2168 et
1212 2135 1319 2180 prima
1342 2132 1487 2167 blandiri
1511 2134 1626 2178 specie

174 2185 354 2225 coeperat:
376 2191 491 2214 verum
513 2180 602 2214 nullo
625 2182 780 2214 tardatus
799 2181 884 2214 malo
900 2181 1028 2226 pudore
1048 2181 1192 2224 ingenue
1214 2181 1387 2214 fatebatur
1412 2190 1450 2212 se
1472 2190 1539 2212 non
1562 2180 1625 2214 ad-

172 2226 239 2259 huc
261 2224 442 2259 clarissime
465 2225 584 2258 videre
604 2226 685 2270 quid
711 2229 845 2271 penitus
864 2226 898 2260 in
919 2237 958 2260 re
973 2229 1075 2269 esset,
1099 2227 1310 2271 negabatque
1332 2224 1415 2258 satis
1437 2225 1624 2260 convictam

173 2270 240 2305 sibi
263 2276 405 2304 mentem
427 2270 470 2304 ad
492 2271 641 2305 ultimum
665 2272 908 2316 expediendum
939 2272 983 2306 de
1004 2271 1232 2306 controversia
1254 2276 1351 2305 tanta
1372 2270 1538 2304 iudicium.
1587 2275 1623 2306 et

173 2327 309 2350 causam
339 2315 412 2349 eius
445 2316 666 2350 cunctationis
698 2329 740 2351 ex
773 2330 813 2352 eo
846 2318 1043 2362 repetebat,
1075 2317 1164 2362 quod
1197 2317 1358 2351 hactenus
1393 2316 1623 2351 saecularibus

173 2362 349 2407 plurimum
371 2360 521 2395 intentus
542 2362 650 2396 literis
672 2363 777 2397 minus
803 2363 864 2397 otii
886 2363 1056 2408 studiique
1087 2362 1257 2396 tribuisset
1279 2373 1399 2397 sacrae
1421 2362 1624 2407 scriptorum

171 2407 283 2441 divina
313 2408 531 2440 tractantium
565 2407 746 2442 eruditioni
777 2409 999 2443 meditandae.
1057 2419 1162 2453 quare
1194 2420 1319 2454 cupere
1349 2419 1426 2442 sese
1461 2409 1625 2443 attentius

171 2453 238 2487 ista
261 2463 481 2496 cognoscere,
503 2452 675 2497 librosque
697 2454 789 2498 ipsos
813 2457 988 2500 perlegere
1011 2453 1225 2498 diligentius,
1250 2466 1316 2500 quo
1339 2454 1413 2499 ipsa
1434 2454 1502 2488 iam
1525 2455 1624 2500 peni-

170 2503 227 2532 tus
250 2498 458 2543 introspecta
479 2498 645 2532 sententia
667 2501 873 2534 oraculorum
898 2506 958 2534 aut
979 2503 1072 2533 certo
1106 2501 1326 2534 constitueret
1347 2500 1428 2534 nihil
1450 2502 1623 2545 exceptio-

171 2544 224 2577 nis
247 2545 387 2578 idoneae
410 2555 606 2588 superesse,
631 2556 696 2589 quo
721 2546 828 2579 minus
852 2545 950 2590 plane
973 2546 1159 2580 confideret
1180 2546 1394 2580 irrevocabili
1416 2547 1621 2591 amplecten-

171 2590 248 2623 dum
273 2600 410 2623 assensu
435 2589 469 2622 id
493 2589 603 2633 ipsum
626 2590 658 2623 in
682 2591 772 2635 quod
794 2591 945 2624 inclinari
968 2591 1033 2625 iam
1057 2595 1234 2636 coeperat,
1257 2596 1316 2627 aut
1339 2593 1369 2626 si
1393 2603 1457 2625 non
1480 2604 1623 2637 persua-

171 2635 327 2678 deretur,
352 2646 471 2670 causas
495 2635 682 2680 explicaret
705 2637 747 2669 ob
777 2647 862 2681 quas
892 2638 1059 2671 haereret.
1105 2649 1179 2671 eam
1201 2637 1266 2671 viri
1288 2637 1473 2672 orationem
1496 2638 1621 2682 proba-

168 2679 220 2759 git
234 2681 456 2760 ‘iimperatolrn
482 2685 519 2715 et
541 2681 572 2715 ei
595 2681 752 2716 continuo
775 2694 795 2716 e
827 2683 980 2717 custodia
1013 2683 1135 2717 educto
1158 2683 1263 2718 libros
1284 2695 1346 2729 per
1367 2683 1470 2717 otium
1494 2695 1620 2728 expen-

192 2737 235 2759 en
258 2737 295 2759 os
342 2737 398 2761 rae
425 2731 484 2762 uit.

258 2738 460 2806 Patliiarcha
481 2772 611 2806 interim
634 2772 667 2806 in
690 2772 762 2806 acri
794 2777 870 2808 erat
892 2772 1109 2808 meditatione
1131 2774 1262 2808 defixus
1276 2801 1286 2817 ‚
1319 2773 1508 2819 disquirens
1530 2774 1620 2819 apud

171 2826 248 2849 sese
269 2817 350 2862 quid
373 2818 555 2862 probabilis
578 2818 733 2863 responsi
755 2824 939 2864 opponeret
962 2820 1169 2864 argumentis
1186 2820 1413 2866 imperatoris,
1437 2831 1535 2864 quem
1556 2831 1620 2865 pro

170 2867 329 2907 suscepta
364 2863 474 2909 palam
497 2875 600 2899 causa
633 2876 721 2898 nunc
746 2864 812 2899 iam
839 2866 1054 2900 vehementer
1075 2866 1253 2901 instantem
1276 2866 1393 2912 utique
1414 2877 1478 2900 nec
1499 2866 1534 2899 in
1557 2877 1619 2911 po-
