1846 3262
200 240 264 286 84
625 234 862 279 GEORGII
900 198 1255 279 PACHYMERIS

199 353 357 410 μανοῦς
390 356 476 401 τοῖς
511 351 562 392 ἓν
581 353 634 407 τῇ
661 346 775 393 πόλει
796 349 967 399 Ἰταλοῖς
983 346 1210 404 μάχεσθαι.
1280 347 1351 390 καί
1375 364 1418 404 γε
1441 345 1671 403 ὅΠρΙγκιψ

200 422 305 466 καθ’
334 419 482 463 ἑαυτὸν
511 414 562 475 ἦν
591 418 645 462 τὰ
678 419 773 476 περί
797 436 841 462 τε
866 418 940 474 τὴν
953 418 1120 472 Ἀχαΐαν
1149 421 1287 474 πᾶσαν
1315 418 1381 459 καὶ
1400 416 1473 459 τὸν
1492 416 1670 472 Μορέαν

200 488 625 548 προσκεκληρωμένος.
696 488 781 531 ἐπεὶ
814 483 888 531 οὖν
917 489 959 537 ἒς
985 486 1138 529 ταύτὸν
1171 486 1215 528 αἱ
1254 483 1445 539 δυνάμεις
1484 489 1669 539 συνῆσαν

199 561 266 602 καὶ
289 558 369 614 ἤδη
402 557 505 614 πρὸς
527 554 707 612 πόλεμον
734 554 1004 613 ἡτοιμάζοντο
1024 555 1140 614 (οὐδὲ
1169 554 1247 611 γὰρ
1269 553 1361 597 οὐδ’
1390 554 1428 597 οἳ
1446 554 1669 611 στρατηγοὶ

198 628 361 684 ἠρεμεῖν
382 625 489 682 εἶχον
498 659 512 679 ,
550 624 674 670 τόσον
699 630 1010 682 συνηθροῖσθαι
1038 624 1085 667 τὸ
1116 623 1313 666 Ἰταλικὸν
1346 620 1703 677 πυνθανόμενοι,5

199 696 305 739 ἀλλὰ
335 697 403 739 καὶ
429 694 548 738 αὐτοὶ
584 693 786 752 ἑτέρωθεν
821 692 1148 751 εὐτρεπίζοντο),
1199 690 1255 742 ὥς
1283 696 1383 748 γοῦν
1416 690 1515 734 ὅσον
1552 690 1670 734 οῧπω

198 763 530 820 ὅμαιχμὴσαντες
551 764 591 807 οἳ
609 767 683 808 τοῦ
706 761 909 808 δεσπότου
931 763 1099 818 ἔμελλον
1123 765 1395 818 προσβαλεῖν,
1435 758 1462 816 ἦ
1480 764 1670 815 μυθευο-

146 843 176 876 Β
201 835 301 891 με’νη
311 833 424 890 Ἔρις
444 834 570 889 ἐκείνη
591 831 616 889 ἦ
637 833 790 887 μεταξὺ
811 837 895 876 τῶν
924 836 1049 888 τριῶν
1075 835 1255 874 θεαινῶν
1281 829 1327 873 τὸ
1349 834 1482 885 μῆλον
1507 829 1671 887 ῥίψασα

200 904 305 961 πρὸς
325 903 571 961 φιλονεικίαν
591 902 666 958 τὴν
682 903 772 958 περὶ
791 900 990 954 κάλλους,
1028 902 1156 956 ἐκείνη
1189 901 1255 942 καὶ
1285 898 1447 948 τούτοις
1471 899 1670 953 ἐμπίπτει.

154 983 183 1017 C
207 974 275 1016 καὶ
296 970 323 1028 ἧ
344 972 456 1015 αἲτία
477 971 590 1028 παρὰ
613 971 758 1028 μικρὸν
776 970 967 1029 ἐμφερὴς.
1040 971 1144 1026 (31)
1172 968 1328 1025 λέγεται
1348 967 1427 1025 γὰρ
1459 967 1557 1017 τούς
1581 968 1670 1022 περὶ
1686 971 1729 1004 Ἠ)

199 1041 273 1086 τὸν
306 1042 515 1097 Πρίγκιπα
546 1044 815 1097 μεγιστᾶνας,
873 1038 944 1090 οὓς
973 1041 1114 1082 ε’κεΐνοι
1152 1038 1460 1094 καβαλλαριόυς
1497 1037 1671 1092 λέγουσι,

201 1108 361 1157 τούτων
382 1109 497 1160 τινὰς
522 1110 843 1166 ἕποφθαλμίζειν
864 1107 958 1151 κατ’
981 1107 1138 1164 ἕρωτας
1155 1112 1207 1165 τῇ
1232 1111 1308 1150 τοῦ
1331 1104 1460 1149 δούκα
1478 1103 1671 1149 Ἰωάννου

201 1177 361 1237 συζύγῳ
375 1211 388 1231 ,
423 1177 474 1233 ἣν
492 1179 558 1220 καὶ
578 1183 653 1221 τοῦ
679 1182 859 1234 Ταρωνᾶ
883 1177 1096 1234 θυγατέρα
1118 1175 1138 1219 ὃ
1169 1174 1288 1232 λόγος
1310 1176 1478 1221 ἐδείκνυ.
1548 1179 1673 1217 τοῦτο

202 1248 250 1291 δ’
272 1243 321 1303 ἦν
342 1247 425 1304 ἄρα
448 1251 506 1306 τῷ
527 1246 676 1302 ἐκείνης
696 1247 813 1301 ἀνδρὶ
832 1249 888 1297 εἷς
906 1251 1099 1304 προφανῆ
1121 1245 1210 1288 τινὰ
1231 1243 1352 1302 ὕβριν
1373 1245 1440 1287 καὶ
1458 1241 1673 1300 καταφρό-

202 1334 342 1372 νησιν,
379 1317 447 1358 καὶ
475 1315 526 1371 δὴ
557 1314 832 1373 ὖβριοπαθῶν
857 1316 1005 1365 ἐκεῖνος
1038 1316 1080 1358 ἓν
1111 1311 1273 1364 τούτοις
1305 1313 1415 1357 δεινὰ
1448 1314 1570 1356 ε’ποιέι
1606 1313 1672 1355 καὶ
1686 1316 1729 1352 15

201 1392 288 1435 τοῖς
305 1383 525 1440 ὑβρίσασιν
545 1383 858 1440 ἀπαμύνεσθαι
876 1386 1116 1440 κατηπείλει.
1171 1385 1237 1426 καὶ
1256 1382 1337 1440 ἔρις
1359 1377 1409 1436 ἦν
1428 1380 1674 1439 ἀμφοτέρω-

150 1466 182 1502 1)
207 1458 283 1497 θεν
314 1452 462 1510 ἰσχυρὰ
493 1455 558 1496 καὶ
590 1455 646 1504 εἷς
679 1452 857 1508 πόλεμον
888 1450 1157 1511 ἓκορῦσσετο,
1200 1453 1268 1495 καὶ
1298 1452 1337 1494 οἱ
1366 1450 1422 1501 εἷς
1451 1448 1674 1506 ὁμαιχμίαν

203 1522 422 1579 κληθέντες
453 1521 548 1565 κατ’
583 1521 771 1579 ἀλλήλων
808 1524 1065 1566 συνίσταντο.
1135 1518 1228 1564 τότε
1267 1520 1422 1577 λέγεται
1452 1521 1519 1562 καὶ
1549 1519 1676 1562 αὐτὸν

204 1591 277 1636 τὸν
301 1592 512 1649 Πρίγκιπα
529 1589 693 1650 ὁρῶντα
717 1592 792 1649 τὴν
809 1590 947 1649 μάχην
968 1591 1209 1649 ἀγανακτεῖν
1216 1623 1230 1644 ,
1267 1591 1335 1633 καὶ
1362 1595 1448 1640 τοῖς
1476 1589 1552 1644 μὲν
1572 1605 1674 1646 σφε-

298 1725 352 1761 17.
375 1721 595 1769 ἐκηρῦσσετο
618 1725 659 1760 P.

205 1827 303 1863 bellis
327 1827 422 1873 prius
445 1826 576 1861 Italicis
599 1826 822 1870 exercitatos,
863 1827 946 1863 nihil
981 1840 1065 1863 sane
1089 1827 1315 1862 turbabantur
1337 1826 1383 1861 ad
1408 1824 1677 1872 propositionem

207 1873 470 1919 oppugnationis
500 1874 617 1916 urbis,
649 1873 776 1928 quippe
807 1877 851 1920 ab
882 1875 978 1910 Italis
1007 1875 1192 1915 defensae,
1230 1873 1283 1908 cui
1318 1873 1442 1907 dudum
1474 1872 1593 1917 generi
1614 1872 1677 1905 ho-

208 1920 312 1955 stium
335 1919 573 1954 assuevissent.
620 1931 683 1954 nec
716 1921 843 1955 invitus
874 1921 990 1956 eodem
1019 1921 1245 1956 concurrebat
1277 1919 1461 1964 Princeps,
1495 1917 1591 1952 cuius
1624 1916 1677 1951 di-

210 1965 295 2000 tioni
328 1966 503 2000 subiectae
531 1965 706 2011 regiones,
745 1967 873 2002 Achaia
902 1967 1059 2002 nimirum
1095 1966 1256 2001 universa
1287 1970 1324 2000 et
1349 1965 1490 2008 Merca,
1520 1963 1678 1999 viciniam

209 2012 374 2046 Italorum
396 2012 433 2046 in
453 2012 538 2046 urbe
561 2012 798 2048 dominantium
822 2013 1063 2048 formidabant.
1108 2013 1167 2047 ubi
1198 2023 1281 2056 ergo
1302 2023 1403 2046 unum
1426 2011 1461 2045 in
1487 2011 1597 2045 locum
1625 2011 1677 2044 tot

209 2058 309 2092 simul
340 2057 460 2104 copiae
489 2065 739 2102 convenerunt,
770 2060 904 2105 iamque
934 2071 1010 2094 sese
1045 2059 1089 2094 ad
1127 2059 1291 2104 praelium
1325 2058 1494 2103 parabant·
1525 2058 1619 2101 (nam
1641 2058 1678 2090 et

208 2103 276 2149 ipsi
300 2115 362 2148 pro
386 2116 426 2138 se
448 2104 552 2138 duces
574 2105 734 2147 adversi,
770 2106 885 2140 audito
907 2106 1102 2141 Italicarum
1125 2110 1177 2139 tot
1199 2105 1373 2150 copiarum
1395 2107 1564 2138 conventu
1587 2101 1678 2136 haud

207 2149 410 2184 cessandum
444 2150 538 2194 rati,
574 2151 617 2185 ad
655 2162 799 2196 pugnam
830 2152 898 2198 ipsi
938 2164 1075 2199 quoque
1107 2151 1274 2197 procincti
1305 2163 1325 2185 e
1346 2149 1487 2195 regione
1509 2149 1679 2191 stabant),

211 2195 293 2236 tali,
317 2196 474 2241 inquam,
497 2197 639 2231 articulo
663 2209 773 2232 rerum
798 2210 839 2233 ac
861 2198 1043 2245 temporis,
1077 2209 1152 2232 cum
1173 2201 1306 2232 tantum
1328 2208 1395 2230 non
1421 2196 1495 2235 acie
1517 2193 1679 2230 instructi

211 2241 375 2285 despotae
399 2242 523 2277 milites
546 2243 678 2289 signum
703 2244 878 2279 conflictus
901 2248 1145 2290 expectarent,
1179 2242 1326 2278 medium
1355 2241 1539 2277 intervenit
1569 2239 1679 2276 simile

212 2287 370 2341 quiddam
394 2287 442 2322 illi
465 2292 568 2323 notae
590 2301 632 2323 ex
655 2290 778 2326 fabulis
801 2291 1002 2331 discordiae,
1024 2302 1112 2337 quae
1134 2290 1226 2324 inter
1249 2289 1331 2323 deas
1351 2292 1424 2323 tres
1439 2289 1560 2323 malum
1577 2298 1680 2332 prae-

210 2339 338 2377 stantis
377 2333 508 2369 formae
541 2335 724 2380 praemium
757 2336 885 2372 iaciens
907 2336 1043 2382 tragica
1075 2347 1134 2371 eas
1157 2335 1382 2371 aemulatione
1406 2333 1582 2369 commisit.
1628 2332 1680 2367 sic

210 2379 300 2413 enim
323 2383 359 2413 et
373 2391 471 2433 ‘nunc
495 2381 665 2416 foederati
688 2382 861 2428 principes
885 2383 959 2418 rixa
973 2409 984 2425 ,
1009 2383 1064 2418 hic
1087 2393 1223 2428 quoque
1245 2394 1312 2416 non
1335 2380 1486 2416 dissimili
1509 2391 1552 2414 ex
1575 2389 1680 2414 causa

211 2429 314 2469 nata,
350 2425 506 2460 distracti
530 2428 573 2461 ab
603 2428 747 2463 invicem
770 2433 850 2463 suut
881 2428 1022 2464 discidio
1045 2430 1190 2465 funesto.
1239 2429 1321 2473 (31)
1345 2428 1441 2463 aiunt
1465 2426 1553 2461 enim
1576 2435 1679 2470 quos—

211 2471 289 2506 dam
313 2482 333 2504 e
357 2472 518 2506 comitatu
540 2473 709 2520 Principis
732 2486 912 2521 proceres,
935 2487 1020 2521 quos
1043 2474 1242 2510 caballarios
1265 2474 1316 2509 illi
1337 2475 1481 2515 vocant,
1504 2471 1679 2517 cupidita-

211 2516 258 2570 tis
282 2516 448 2571 adiecisse
470 2519 587 2554 oculos
609 2520 645 2553 in
678 2520 774 2555 ducis
804 2521 939 2556 Ioannis
965 2521 1159 2566 coniugem,
1190 2532 1291 2565 quam
1325 2521 1487 2555 Taronae
1508 2518 1616 2552 fuisse
1637 2516 1681 2551 fi-

211 2562 293 2596 ham
326 2563 467 2598 duumus
480 2590 489 2604 ,
517 2564 554 2599 in
586 2565 799 2601 manifestam
830 2566 898 2601 viri
929 2566 1002 2601 eius
1043 2567 1278 2602 contumeliam
1311 2569 1348 2601 et
1376 2563 1568 2611 praesentis
1597 2574 1681 2598 con-

213 2611 397 2662 temptum3
439 2610 534 2645 cuius
563 2611 621 2646 ille
651 2612 743 2646 haud
777 2612 990 2647 dissimulans
1021 2613 1170 2649 dolorem
1202 2612 1403 2658 gravissime
1434 2613 1578 2656 questus
1614 2611 1680 2651 est,

212 2659 360 2691 minatus
382 2654 483 2691 etiam
504 2668 642 2702 gravem
666 2658 824 2693 ultionem
848 2659 1044 2694 auctoribus
1066 2659 1232 2702 iniuriae,
1257 2658 1379 2705 quibus
1403 2657 1447 2692 ad
1472 2667 1514 2691 ea
1535 2655 1682 2701 superbe

211 2702 487 2747 responsantibus
517 2707 688 2738 certamen
723 2715 900 2740 accensum
931 2709 984 2739 est
1006 2705 1164 2751 utrinque
1186 2705 1382 2743 vehemens,
1412 2702 1552 2748 iraeque
1585 2702 1682 2745 igne-

216 2750 352 2781 scentes
374 2747 409 2782 in
429 2747 555 2783 bellum
577 2749 822 2785 interneciuum
845 2751 1154 2793 inflammabantur,
1176 2751 1264 2786 mira
1286 2749 1401 2785 brevis
1424 2747 1683 2786 commutatione

212 2793 395 2835 momenti,
429 2797 469 2828 ut
491 2795 551 2840 qui
573 2796 674 2842 paulo
697 2800 777 2831 ante
807 2797 891 2832 socii
910 2809 1116 2832 communem
1140 2797 1248 2831 aciem
1272 2799 1393 2831 contra
1412 2795 1530 2830 hostes
1553 2805 1595 2828 ex
1620 2792 1683 2827 ad-

213 2850 317 2873 verso
341 2838 525 2876 instructos
549 2841 762 2886 conflabant,
799 2853 837 2878 se
859 2843 1001 2878 invicem
1031 2843 1147 2878 infesti
1171 2844 1338 2889 peterent.
1384 2844 1466 2876 tunc
1489 2839 1683 2886 Principem

211 2884 298 2920 haec
321 2889 513 2922 cernentem
535 2888 650 2923 ferunt
670 2887 882 2934 indignatum
903 2889 1056 2934 graviter
1077 2900 1156 2925 suos
1178 2888 1313 2936 quidem
1331 2887 1512 2932 obiurgare
1534 2888 1684 2921 nonsu-
