1884 3262
439 227 516 270 DE
541 225 819 269 MICHAELE
851 221 1225 268 PALAEOLOGO
1259 222 1305 267 L.
1341 220 1417 267 VI.
1551 217 1650 266 479

195 340 337 385 λυτέον
371 338 470 384 εἶναι
498 338 698 389 καθάπαξ
726 337 1018 396 προσέτασσεν.
1087 334 1136 378 οὗ
1173 335 1256 390 μὴν
1290 335 1336 377 δὲ
1365 334 1433 376 καὶ
1459 333 1592 383 αἰτίας
1623 331 1644 376 ὅ
1668 337 1719 389 Β,

193 414 458 466 πατριαρχῶν
486 408 709 451 ἆπολὲλυτο
726 440 738 459 ,
786 411 953 462 πρᾶγμα
972 404 1202 459 σκιρρωθέν
1235 402 1316 458 ἤδη
1341 400 1505 459 χρόνοις
1533 402 1644 445 πλεί-

193 495 306 528 στοις
335 479 575 528 ἐξαπιναίως
598 474 817 531 μαλάττειν
850 474 1025 524 ἐθέλων,
1062 474 1277 514 καὶταῦτα
1298 472 1509 528 τιμωρίαις
1530 471 1644 526 μεγί-

192 563 309 596 σταις
331 551 404 589 τοῦ
429 545 630 600 βασιλέως
652 544 752 593 τοὺς
781 542 1115 590 ἀποστατοῦντας
1144 537 1405 589 εὐθύνοντος.
1475 543 1644 595 σῶφρον

157 611 267 658 ὄοῦν
295 610 367 669 ἦν,
409 616 444 656 εἲ
474 617 596 668 σιγῶν
624 613 787 655 διετέλει
819 613 885 653 καὶ
918 609 991 663 τὴν
1022 609 1267 662 κατηγορίαν
1293 608 1449 662 διέφερε
1476 605 1639 662 πράως·

188 679 314 739 ’ἧττον
344 682 422 738 γὰρ
453 677 505 735 ἦν
536 682 585 723 τὸ
616 679 758 724 δεινόν.
826 677 966 727 &effode
1002 677 1044 719 δ’
1083 678 1166 718 αἲέν
1194 673 1486 729 ὑπεκκαύματα
1503 673 1640 730 μάχης

189 751 264 795 οὐκ
294 751 496 806 ἀσφαλέσι
525 747 697 802 πάμπαν
728 747 971 802 ἀντιλογίαις
995 746 1158 793 ἐκείνοις
1193 745 1268 798 μέν
1300 750 1462 798 παρεῖχε
1491 743 1639 796 λαβάς,

188 819 321 877 ἐαυτῷ
353 820 398 861 δὲ
434 820 501 860 καὶ
537 825 622 867 τοῖς
655 820 892 859 κοινωνοῦσι
924 813 998 867 τὴν
1025 814 1196 862 ἐσαῦθις
1224 810 1387 866 βλάβην
1420 811 1639 866 προυξένει.

186 886 277 931 τότε
300 888 344 930 δὲ
367 887 440 941 τὴν
454 886 607 941 Ἰωσὴφ
629 883 865 938 πυθόμενος
884 882 1042 938 ἄφιξιν,
1079 881 1136 924 ἔτι
1162 882 1207 923 δὲ
1225 882 1290 923 καὶ
1314 880 1388 935 τὴν
1415 884 1489 922 τοῦ
1514 879 1633 937 Ἐφὲ-
1657 890 1688 924 c

133 965 176 998 10
187 973 261 999 σου
292 960 350 1012 τῷ
373 958 538 1008 βασιλεῖ
556 954 822 1009 προσεδρειάν
849 951 891 994 ἐν
923 951 972 994 οὔ
1004 953 1146 999 καλαῖς
1165 947 1362 1003 ὑποψίαις
1382 946 1636 1002 ποιούμενος,

185 1023 402 1066 ἐπιστέλλει
430 1027 488 1080 τῷ
512 1021 710 1076 Ἐφέσου,
759 1021 996 1074 προστιθεὶς
1027 1018 1074 1061 τὸ
1107 1021 1188 1059 πᾶν
1218 1021 1276 1075 τῷ
1304 1014 1511 1074 ἷερωτάτῳ
1532 1016 1637 1059 κατὰ

183 1093 391 1142 θωπείαν,
427 1094 486 1148 τῷ
507 1087 677 1145 »γράφειν
699 1086 1015 1143 πανιερώτατσν.
1054 1089 1217 1140 βασιλεῖ
1236 1083 1487 1140 ἐντυγχάνειν
1503 1084 1633 1140 ἠξίου,

182 1159 256 1215 τὴν
273 1161 328 1209 εἷς
345 1160 493 1201 ἐκεῖνον
514 1162 587 1200 τοῦ
609 1154 864 1214 πατριάρχου
887 1155 1022 1212 ἅᾳιξιν
1042 1155 1219 1207 εὐμενῶς
1246 1151 1497 1206 κατανεύειν,
1535 1155 1570 1195 εἰ
1592 1154 1637 1195 δὲ

180 1230 247 1270 καὶ
281 1227 415 1284 ῥητῶς
441 1224 719 1282 προστάσσοι,
755 1225 859 1279 πρὸς
885 1228 1009 1266 τοῦτο
1041 1223 1227 1266 εἴσεσθαι
1251 1220 1371 1278 χάριν
1398 1221 1446 1264 οὗ
1465 1223 1634 1277 μετρίαν

128 1303 170 1339 15
182 1300 239 1354 τῷ
261 1293 564 1351 συνεργήσαντι.
635 1294 781 1342 ἐκεῖνος
799 1293 871 1346 μὲν
889 1288 960 1335 οὖν
978 1290 1028 1334 τὰ
1046 1295 1121 1333 τοῦ
1141 1290 1394 1346 πατριάρχου
1417 1288 1634 1344 δεξάμενος

177 1362 424 1420 γράμματα,
462 1363 598 1405 θέλων
617 1360 910 1416 ὑποκρίνεσθαι
929 1361 999 1402 τὸν
1016 1363 1214 1416 φιλοῦντα
1243 1355 1311 1417 (ἦν
1331 1356 1407 1414 γάρ
1430 1359 1550 1400 οἱκαὶ
1573 1358 1630 1401 ἔτι
1653 1370 1683 1405 Ι)

178 1437 259 1475 τῶν
273 1431 399 1486 χθιζιὶ
420 1430 667 1486 κινηθέντων
683 1428 801 1486 χάριν
825 1426 1210 1486 παρασπαίρουσαῆ
1233 1425 1472 1483 ἀπέχθεια),
1508 1431 1632 1481 βασι-

174 1572 306 1616 vetari,
328 1577 367 1607 ιιι
388 1573 478 1607 ultro
502 1573 601 1607 etiam
625 1572 923 1607 commendaretur.
969 1574 1005 1606 at
1027 1574 1228 1617 pervertere
1257 1570 1456 1617 Scripturas
1487 1573 1546 1605 aut
1569 1570 1631 1605 de·

177 1621 304 1654 clinare
327 1632 348 1654 a
371 1631 452 1652 vero
486 1631 600 1652 eorum
623 1630 723 1653 sensu
754 1618 906 1663 permitti
937 1619 1028 1652 nulla
1059 1618 1190 1651 ratione
1219 1628 1332 1661 posse.
1379 1617 1495 1662 itaque
1524 1628 1562 1650 se
1595 1616 1629 1650 id
1674 1640 1677 1642 -

175 1666 308 1711 quidem
332 1665 464 1699 omnino
487 1665 678 1710 prohibere.
725 1665 776 1698 sic
798 1664 865 1698 ille.
912 1675 975 1697 nec
999 1675 1059 1708 per
1091 1663 1154 1696 hoc
1178 1668 1289 1696 tamen
1312 1664 1412 1708 plane
1434 1663 1534 1707 culpa
1560 1663 1630 1695 sol-

173 1713 320 1746 vebatur
341 1711 533 1756 patriarcha
549 1736 559 1752 ‚
592 1711 648 1753 qui
679 1721 748 1744 rem
772 1709 962 1743 induratam
990 1711 1182 1743 inveterata
1211 1709 1423 1753 possessione
1447 1708 1629 1752 longissimi

171 1756 335 1802 temporis
365 1760 504 1800 repente
532 1756 660 1790 mollire
687 1756 950 1800 aggrederetur;
981 1755 1281 1799 aggravabantque
1308 1754 1467 1788 invidiam
1499 1765 1629 1799 poenae

172 1806 305 1837 atroces
329 1803 372 1836 ab
395 1802 599 1846 imperatore
625 1802 890 1848 repugnantibus
922 1801 1085 1836 inflictae.
1131 1800 1317 1844 sapientius
1348 1801 1452 1844 igitur
1474 1801 1627 1833 facturus

172 1852 267 1891 erat,
292 1848 322 1882 si
343 1853 475 1882 taceret
497 1848 716 1893 accusarique
739 1859 815 1882 sese
837 1847 1012 1882 moderate
1035 1859 1075 1881 ac
1099 1853 1270 1880 mansuete
1292 1847 1493 1880 sustineret:
1519 1846 1626 1879 miuus

171 1894 258 1928 enim
280 1894 316 1927 id
338 1894 459 1927 malum
482 1900 567 1930 erat.
612 1905 701 1928 nunc
723 1895 765 1927 ad
789 1905 902 1928 omnes
925 1892 1210 1928 contradictiones
1233 1892 1479 1933 exardescens,
1512 1897 1549 1925 et
1570 1893 1626 1925 fo-

171 1945 283 1974 menta
305 1950 437 1984 semper
460 1951 548 1974 nova
578 1939 738 1984 flagranti
763 1940 838 1984 plus
867 1940 949 1974 satis
982 1950 1044 1985 per
1079 1948 1116 1972 se
1137 1938 1232 1971 rixae
1255 1938 1454 1981 subiiciens,
1487 1941 1627 1971 conten-

104 1987 110 1994 '
169 1985 280 2019 tiones
303 1985 458 2019 accendit
490 1985 523 2019 in
555 1986 681 2031 aliquid
711 1986 779 2030 ipsi
809 1986 851 2019 ad
875 1991 1059 2019 extremum
1082 1984 1302 2029 perniciosum
1326 1988 1525 2029 erupturam
1559 1995 1624 2017 non

170 2031 256 2065 enim
279 2036 347 2064 tam
380 2036 479 2064 caute
502 2031 607 2065 multa
639 2031 812 2076 disputare
845 2038 1000 2076 poterat,
1034 2031 1113 2075 quin
1143 2031 1243 2063 daret
1273 2041 1374 2063 ansas
1405 2029 1623 2070 adversariis,

168 2088 254 2121 quas
274 2077 322 2110 illi
344 2077 544 2122 quandoque
567 2077 767 2122 arripientes
798 2077 864 2121 ipsi
898 2083 933 2111 et
956 2077 1027 2110 eius
1050 2076 1250 2120 sequacibus
1274 2076 1362 2108 haud
1385 2075 1477 2108 levia
1499 2074 1622 2108 deinde

167 2122 352 2156 intulerunt
381 2122 514 2157 damna.
562 2128 643 2156 tunc
671 2135 771 2168 porro
805 2122 921 2157 audito
953 2122 1087 2166 Iosephi
1128 2122 1170 2155 ad
1201 2121 1438 2165 imperatorem
1470 2131 1621 2159 accessu,

167 2173 238 2201 tum
264 2172 443 2212 praeterea
464 2168 599 2212 cognito
623 2169 828 2213 Ephesinum
852 2180 926 2202 cum
948 2169 1064 2202 eodem
1087 2167 1289 2211 imperatore
1320 2166 1455 2200 assidue
1478 2165 1622 2207 versari,

166 2212 392 2257 suspicionem
413 2213 583 2256 ingressus
605 2226 670 2248 non
692 2214 842 2256 inanem,
879 2214 979 2248 facile
1010 2213 1084 2247 fieri
1119 2224 1217 2257 posse
1241 2217 1278 2245 ut
1301 2211 1334 2244 hi
1364 2211 1535 2256 quidpiam
1558 2211 1620 2244 ad-

167 2269 302 2292 versum
326 2269 363 2291 se
384 2264 566 2299 moverent,
589 2260 661 2293 eius
691 2260 830 2305 periculi
855 2258 1092 2305 praevertendi
1114 2259 1202 2292 hanc
1223 2257 1385 2290 rationem
1407 2257 1493 2291 iniit.
1530 2257 1618 2290 scri-

165 2304 217 2338 bit
239 2303 283 2337 ad
309 2303 536 2347 Ephesinum3
561 2317 701 2349 eumque
725 2310 762 2339 ut
785 2306 858 2350 ipsa
880 2305 1098 2350 inscriptione
1122 2304 1352 2337 demereretur
1368 2327 1379 2344 ,
1402 2314 1468 2336 non
1490 2301 1618 2349 simpli-

166 2349 253 2383 citer
281 2348 480 2391 ἱερώτατον
510 2350 754 2385 sanctissimum
773 2376 785 2393 ,
822 2351 878 2396 qui
916 2351 1003 2385 solet
1036 2349 1153 2383 titulus
1187 2348 1356 2393 episcopis
1389 2348 1510 2390 tribui,
1555 2348 1617 2382 sed

164 2393 439 2439 πανιεραίτατον
462 2395 560 2440 plane
583 2396 821 2430 sanctissimum
859 2396 894 2429 in
917 2398 1028 2430 fronte
1062 2395 1235 2428 literarum
1258 2400 1439 2440 nuncupat.
1485 2395 1519 2428 in
1542 2394 1618 2440 ipsa

164 2441 285 2475 deinde
316 2441 458 2486 epistola
488 2440 587 2474 etiam
620 2446 722 2486 atque
753 2442 853 2475 etiam
884 2447 962 2476 orat
993 2453 1035 2475 ne
1069 2445 1230 2484 gravetur
1260 2440 1444 2484 impetrare
1473 2440 1535 2474 sibi
1572 2441 1616 2474 ab

164 2489 315 2530 Angusto
350 2486 541 2520 facultatem
575 2486 647 2519 eius
678 2487 919 2529 conveniendi,
955 2487 1182 2520 cumulaturus
1212 2486 1427 2528 beneficium,
1458 2486 1486 2520 si
1517 2487 1617 2520 daret

164 2543 301 2586 operam
325 2538 363 2566 ut
387 2532 430 2565 ad
451 2532 514 2565 hoc
536 2531 625 2565 ultro
649 2533 691 2565 ab
713 2533 787 2576 ipso
808 2532 960 2577 principe
983 2533 1193 2566 invitaretur.
1240 2537 1334 2567 certe
1356 2538 1474 2576 ageret
1496 2532 1616 2566 effica-

164 2583 251 2611 citer
275 2583 310 2612 ut
332 2589 369 2612 se
395 2578 436 2611 ad
460 2578 569 2621 ipsum
593 2577 763 2622 proficisci
784 2578 901 2611 saltem
932 2578 1064 2624 placide
1086 2582 1260 2613 annueret.
1304 2577 1450 2621 ingentis
1474 2590 1511 2612 se
1533 2589 1616 2622 gra-

163 2623 233 2657 tiae
254 2623 289 2657 in
310 2628 408 2658 ‘omne
430 2628 562 2667 tempus
591 2623 624 2656 ei
653 2622 839 2657 debitorem
862 2624 957 2665 sore,
988 2623 1018 2658 si
1048 2624 1112 2657 hoc
1142 2623 1207 2657 sibi
1227 2627 1342 2657 votum
1374 2635 1416 2657 ex
1446 2622 1615 2657 sententia

163 2668 330 2703 conficiat.
376 2669 428 2703 his
451 2668 638 2712 Ephesinus
660 2669 768 2702 literis
791 2669 941 2714 acceptis
970 2669 1124 2714 gnaviter
1154 2669 1397 2714 persistendum
1426 2668 1548 2702 statuit
1579 2668 1613 2702 in

162 2713 370 2749 simulatione
392 2714 572 2748 amicitiae.
619 2714 683 2748 etsi
706 2725 789 2758 ergo
811 2715 970 2757 multum,
999 2727 1062 2749 nec
1085 2726 1223 2760 prorsus
1250 2715 1466 2749 familiaribus
1491 2715 1614 2748 obscu-

162 2769 257 2803 rum,
285 2760 320 2794 in
354 2760 426 2794 eius
456 2760 592 2805 penitus
614 2760 722 2794 animo
745 2760 913 2805 flagrabat
943 2773 1089 2795 arcanae
1118 2760 1153 2794 in
1175 2761 1324 2795 Veccum
1348 2759 1546 2794 offensionis
1569 2760 1614 2794 ob

161 2815 270 2849 nuper
291 2810 410 2850 gesta,
432 2806 670 2851 imperatorem
692 2811 803 2840 tamen
825 2806 931 2849 adiit,
965 2812 1001 2842 et
1023 2806 1175 2852 exposito
1198 2806 1412 2851 patriarchae
1434 2805 1613 2848 desiderio,

162 2854 201 2884 ut
224 2849 257 2885 ei
284 2852 377 2897 quod
407 2852 566 2896 cupiebat
594 2851 785 2897 indulgeret
815 2852 994 2899 persuasit.
1039 2852 1228 2888 aversionis
1257 2863 1360 2898 porro
1391 2850 1558 2898 Ephesini
1590 2863 1612 2886 a
