1846 3262
409 243 485 286 DE
518 242 798 286 MICHAELE
830 242 1210 286 PALAEOLOGO
1247 244 1293 286 L.
1323 242 1378 288 ΙΙ.
1527 241 1623 289 147

144 358 211 401 καὶ
242 355 382 407 αὐτοῖς
404 356 578 413 ε’ᾳιὲναι’
615 354 731 412 ἱκανὴ
752 356 830 413 γὰρ
851 352 877 411 ἦ
900 357 944 398 ἐκ
966 357 1154 406 Σικελίας
1171 361 1274 406 ναῦς
1299 356 1451 407 αὐτοὺς
1469 355 1619 401 ὗποδέ-

140 430 308 482 χεσθαι.
382 426 492 469 οὕτω
522 431 596 481 τῆς
628 431 783 481 βουλῆς
815 425 1015 482 ρηθείσης
1033 418 1100 467 καὶ
1122 425 1286 481 ἀγαθῆς
1308 424 1512 482 δοξάσης,
1551 429 1617 470 καὶ
1640 434 1672 469 D

145 499 305 550 μᾶλλον
330 495 508 550 ἇντέχειν
529 496 588 550 μὴ
611 495 748 550 ἔχουσι
771 494 840 537 διὰ
865 493 939 549 τὴν
962 499 1046 536 τῶν
1065 493 1228 550 ἀνδρῶν
1256 493 1515 550 ὀλιγότητα,,
1536 500 1618 550 πῧρ

145 562 384 622 ὑφάπτουσι
414 565 647 622 παραυτίκα
675 562 778 607 ὅπου
804 567 965 617 μᾶλλον
985 561 1086 605 οἶκοι
1112 564 1178 604 καὶ
1198 561 1435 619 πράγματα.
1508 563 1530 608 ὃ
1566 565 1618 620 δὴ

112 635 212 677 ὁκαὶ
243 631 463 688 νεμόμενον
496 633 594 682 τούς
621 632 758 682 οἴκους
786 630 960 675 ἐσπόδει.
1032 632 1196 682 ἐξέθεον
1215 631 1260 674 δ’
1283 632 1322 674 οἱ
1345 633 1386 674 ἓν
1405 633 1530 683 οἷ’κοις
1551 651 1619 677 τε-

144 703 427 757 θορυβημένοι
457 706 661 756 μελισσῶν
692 699 848 756 τρόπον
878 700 1201 754 καπνιζομὲνων,
1237 702 1305 742 καὶ
1335 701 1431 751 τοῦς
1460 699 1620 759 λόφους

143 775 221 826 τῆς
251 769 407 821 πόλεως
428 768 815 824 καταλαμβάνοντες
832 771 976 826 γυμνοὶ
998 767 1053 819 ὥς
1072 767 1178 824 εἶχον
1190 802 1204 822 ,
1243 768 1331 822 ἅμα
1352 771 1397 812 δὲ
1416 772 1482 812 καὶ
1503 789 1618 826 περι-

144 842 246 890 δεεῖς
274 842 364 896 περὶ
395 844 470 894 τῆς
502 844 619 896 σφῶν
649 840 880 895 σωτηρίας,
919 836 1112 895 δακρύοις
1142 837 1400 893 παρεκάλουν
1422 839 1520 889 τούς
1539 841 1618 892 ἔξω

143 909 380 964 θεωμένους
407 909 458 951 τοὶ
492 906 693 964 δρώμενα.
767 906 858 951 τότε
889 907 938 963 δὴ
969 909 1035 949 καὶ
1057 909 1099 950 ἓν
1117 907 1326 966 ἀμηχανίᾳ
1351 912 1424 950 τοῦ
1448 910 1551 965 δρᾶν
1572 927 1611 952 τι
1636 923 1667 957 Ε

90 987 135 1022 10
145 976 348 1034 γενόμενοι
386 978 488 1035 (εἴτε
517 977 596 1034 γὰρ
630 975 814 1030 civium,
854 975 902 1020 οὗ
924 981 1059 1026 καλῶς
1081 976 1183 1031 ἔχειν
1206 976 1359 1025 αὐτοὶ-ς
1377 978 1619 1033 γυμνωθέν-

145 1063 242 1099 τας,
279 1048 346 1089 καὶ
382 1045 470 1102 ἅμα
499 1044 689 1089 κινδύνου
722 1053 808 1096 τοῖς
839 1046 1052 1102 σφετέροις
1078 1045 1350 1100 ἐπικειμένου·
1386 1046 1463 1089 εἴτε
1483 1048 1618 1090 δὲκαὶ

142 1115 200 1171 μὴ
231 1121 395 1174 νικῷεν,
443 1115 588 1165 τελέως
625 1115 770 1164 αὗταΐς
797 1116 952 1171 γυναιξὶ
981 1116 1048 1156 καὶ
1080 1113 1233 1164 τέκνοις
1265 1114 1464 1172 ὀλέσθαι)
1514 1116 1619 1172 πρὸς

143 1185 297 1227 ἱκεσίαν
327 1183 544 1239 τρέπονται
557 1217 570 1237 ,
608 1185 674 1226 καὶ
703 1184 801 1234 τοὺς
823 1184 994 1233 οἰκείους
1019 1179 1134 1238 μάλα
1156 1187 1326 1239 θερμῶς
1349 1185 1618 1239 ἐξαιτοῦνται,

144 1255 179 1295 εἰ
210 1254 285 1308 μὲν
323 1251 570 1308 βούλονται,
617 1251 782 1307 συνάμα
818 1254 884 1295 καὶ
925 1258 1012 1302 τοῖς
1055 1256 1241 1307 περιοῦσι
1272 1249 1533 1308 πράγμασιν,
1583 1257 1619 1297 εἰ

90 1329 132 1365 15
144 1322 184 1364 δ’
210 1318 306 1375 οὖν,
345 1321 440 1364 ἀλλ’
463 1321 664 1378 αὔταρκες
683 1320 782 1365 εἶναι
805 1319 968 1371 τούτοις
983 1320 1030 1363 τὸ
1053 1325 1137 1370 σῶς
1157 1321 1381 1375 ἀπολαβεῖν
1402 1322 1500 1372 τούς
1518 1339 1617 1379 γνη-

142 1392 270 1441 σίους.
342 1388 434 1433 τότε
458 1392 596 1433 τοίνυν
621 1389 732 1434 δεινά
755 1408 797 1433 τε
812 1392 879 1432 καὶ
898 1389 1062 1445 σχέτλια
1092 1390 1303 1432 ἐτελοῦντο
1313 1422 1326 1442 ,
1364 1390 1536 1447 μέγιστα
1561 1386 1618 1434 ὧν

143 1459 238 1515 ὄψει
261 1461 329 1502 καὶ
351 1459 455 1517 ἀκοῇ
476 1457 713 1518 παρειλήφει
733 1470 815 1509 τις·
851 1465 1035 1515 γυναῖκες
1055 1457 1133 1515 γὰρ
1153 1455 1394 1515 ἀνιὲβριστοι
1415 1461 1482 1502 καὶ
1505 1477 1613 1519 παρ·
1639 1472 1669 1507 Ρ
1692 1475 1736 1510 95

142 1615 221 1660 gia,
254 1615 459 1661 praesertim
490 1615 669 1650 maximum
702 1627 804 1650 unum
836 1627 856 1650 e
887 1615 1027 1660 Sicilia,
1061 1616 1168 1650 solum
1204 1615 1289 1650 satis
1319 1615 1464 1661 amplum
1488 1617 1618 1653 cunctis

142 1664 218 1696 fere
241 1662 299 1706 qui
322 1667 438 1696 terrae
462 1662 615 1707 pericula
637 1663 723 1696 mari
746 1664 867 1706 sugere
897 1663 1023 1696 vellent
1044 1662 1261 1708 recipiendis.
1309 1674 1352 1696 ea
1373 1662 1518 1697 Ioannes
1543 1676 1618 1699 cum

143 1708 380 1752 exposuisset,
413 1708 559 1742 suadere
583 1708 682 1742 utilia
705 1713 762 1742 est
784 1708 899 1751 visus,
938 1720 981 1742 ea
1003 1708 1148 1742 maxime
1181 1707 1316 1742 ratione
1339 1710 1478 1743 cunctos
1500 1709 1537 1743 in
1560 1721 1618 1744 as-

142 1765 278 1789 sensum
302 1753 489 1788 necessarii
514 1754 645 1788 consilii
675 1755 857 1796 trahente,
889 1754 978 1800 quod
1011 1754 1099 1788 satis
1126 1759 1261 1800 pateret
1284 1766 1328 1788 ne
1350 1755 1517 1800 expositis
1540 1756 1618 1801 qui-

141 1800 218 1834 dem
251 1800 286 1833 in
317 1803 443 1834 terram
477 1800 653 1835 navalibus
686 1801 794 1846 copiis
825 1811 900 1835 eum
923 1812 963 1835 se
984 1812 1158 1835 numerum
1188 1800 1362 1835 habituros
1385 1801 1525 1836 militum
1549 1814 1617 1847 quo

142 1848 244 1892 plane
279 1858 366 1892 opus
405 1851 495 1880 esset
527 1846 570 1881 ad
604 1848 722 1881 urbem
757 1847 791 1880 in
826 1847 888 1881 tali
911 1847 1104 1881 discrimine
1125 1847 1286 1881 tuendam
1309 1850 1344 1881 et
1367 1847 1515 1882 victores
1538 1848 1618 1884 inde

140 1892 326 1938 pellendoS.
357 1892 464 1934 igitur
487 1904 555 1939 qua
577 1893 873 1939 frequentissimae
897 1892 1235 1938 consertissimaeque
1257 1893 1360 1927 aedes
1382 1898 1480 1928 erant
1502 1893 1616 1939 ignem

140 1939 258 1973 statim
291 1938 466 1980 inliciunt,
499 1939 560 1984 qui
589 1946 757 1974 momento
780 1939 814 1974 iu
837 1939 1014 1974 materiam
1045 1944 1242 1985 grassatus,
1277 1944 1315 1974 et
1335 1939 1437 1974 obvia
1458 1951 1616 1986 quaeque

142 1985 244 2020 avide
275 1990 435 2031 correpta
466 1992 633 2020 momento
666 1986 825 2029 redigens
847 1986 881 2019 in
906 1985 1074 2027 cinerem,
1108 1996 1208 2032 quem
1232 1996 1298 2030 par
1320 1990 1374 2020 est
1395 1986 1536 2021 credere
1559 1992 1616 2021 tu-

141 2032 283 2065 multum
325 2042 366 2066 ac
401 2031 665 2076 trepidationem
706 2033 937 2066 habitantibus
975 2032 1109 2066 obiecit.
1156 2031 1341 2077 prodibant
1373 2043 1473 2078 apum
1503 2032 1614 2067 instar

141 2078 233 2112 fumo
263 2089 306 2112 ex
340 2077 445 2111 alveis
474 2078 663 2123 pulsarum,
696 2078 733 2112 in
764 2079 910 2112 editiora
933 2078 1029 2112 urbis
1052 2083 1293 2112 concurrentes
1314 2079 1410 2121 loca,
1447 2078 1530 2112 nudi
1553 2082 1615 2113 aut

142 2135 184 2158 eo
216 2123 333 2157 habitu
365 2124 400 2158 in
433 2135 501 2169 quo
525 2136 586 2159 eos
608 2124 763 2159 flammae
794 2128 909 2158 terror
937 2127 1177 2170 oppresserat,
1214 2129 1418 2167 trementes,
1455 2125 1548 2159 anxii
1571 2125 1614 2159 de

142 2170 280 2214 propria
311 2170 443 2211 salute,
481 2182 568 2216 quos
598 2172 716 2216 procul
750 2175 849 2205 extra
871 2170 1036 2205 videbant
1056 2170 1206 2205 vicissim
1226 2170 1378 2205 intentos
1400 2170 1436 2204 in
1458 2182 1501 2204 ea
1523 2182 1614 2216 quae

140 2215 287 2257 fierent,
322 2227 396 2249 cum
431 2216 577 2250 lacrimis
607 2223 746 2251 orantes
769 2223 808 2251 ut
831 2222 1073 2251 succurrerent
1095 2216 1131 2250 in
1155 2222 1308 2251 extremo
1331 2216 1524 2250 discrimine
1549 2217 1613 2251 mi-

141 2260 285 2295 serrima
315 2261 524 2306 patientibus
559 2266 595 2296 et
625 2264 854 2297 metuentibus
884 2263 1015 2309 peiora.
1064 2263 1125 2297 tali
1158 2262 1354 2308 spectaculo
1386 2262 1568 2296 reducibus
1591 2274 1615 2297 e

140 2306 340 2352 Daphnusia
362 2307 496 2342 Latinis
527 2309 682 2353 obiecto,
717 2313 888 2344 steterunt
910 2309 944 2343 hi
967 2309 1211 2354 aliquantulum
1233 2308 1357 2343 incerti
1380 2314 1416 2342 et
1441 2308 1612 2343 delibera-

140 2353 247 2387 bundi
274 2353 354 2398 quid
382 2358 538 2397 agerent.
585 2366 652 2398 an,
682 2361 784 2400 prout
807 2357 1050 2396 decreverant,
1074 2354 1339 2397 exscenderent,
1361 2359 1398 2388 et
1419 2355 1535 2389 hostes
1556 2354 1613 2389 in-

140 2400 335 2434 vaderent?
358 2405 396 2434 at
418 2400 643 2435 inconsultum
666 2402 849 2436 videbatur
874 2402 966 2447 ipsos
988 2401 1114 2444 nudos,
1141 2404 1181 2435 ut
1203 2404 1324 2444 erant,
1350 2406 1518 2446 apparatu
1540 2404 1615 2435 ter-

138 2445 260 2480 restris
284 2445 383 2488 belli,
417 2458 480 2492 pro
505 2446 591 2481 soci·
614 2453 650 2482 et
671 2459 711 2482 re
733 2447 1062 2493 familiari„quibus
1086 2459 1125 2481 se
1146 2446 1217 2481 iam
1238 2446 1404 2492 spoliatos
1426 2447 1612 2493 populante

140 2495 264 2526 cuncta
293 2491 447 2526 incendio
481 2492 667 2535 videbant,
712 2506 816 2528 caeco
846 2494 976 2538 impetu
1008 2495 1219 2528 decertatum
1251 2504 1371 2536 ruere,
1411 2504 1485 2527 cum
1516 2498 1614 2527 certa

138 2537 292 2583 pernicie
324 2549 390 2572 non
425 2539 479 2572 sui
509 2539 615 2573 solum
647 2539 816 2585 ipsorum,
855 2540 915 2574 sed
950 2540 1126 2584 coniugum
1149 2542 1332 2584 praeterea
1355 2543 1390 2573 et
1413 2539 1619 2581 liberorum,

139 2583 205 2617 nisi
228 2583 406 2618 vincerent
434 2585 551 2630 (quod
576 2586 710 2630 sperari
736 2586 795 2620 vix
818 2586 1000 2631 poterat),
1037 2598 1112 2620 cum
1134 2585 1219 2631 ipsis
1242 2585 1332 2620 haud
1355 2585 1457 2620 dubie
1481 2584 1613 2630 peritu-

138 2640 264 2664 rorum.
311 2630 398 2664 haec
419 2635 619 2676 reputantes
641 2631 750 2666 satius
773 2635 938 2677 putarunt
959 2632 1167 2666 descendere
1190 2631 1234 2666 ad
1258 2642 1400 2678 preces,
1422 2630 1613 2676 supplices-

139 2686 207 2720 que
239 2675 409 2710 instanter
439 2678 614 2723 petierunt
641 2682 684 2712 'ut
714 2677 780 2712 sibi
815 2678 999 2712 necessarii
1029 2677 1273 2723 domesticique
1299 2677 1545 2717 redderentur,
1579 2676 1611 2711 si

138 2720 278 2766 quidem
300 2723 441 2764 vellent,
466 2735 542 2757 cum
564 2736 606 2758 ea
629 2735 718 2770 quae
741 2729 938 2769 superesset
960 2724 1122 2759 familiari
1143 2723 1386 2777 suppellectili,
1411 2723 1464 2758 sin
1488 2723 1609 2763 minus,

137 2766 192 2800 vel
224 2770 298 2802 sola
328 2769 543 2804 restitutione
569 2782 725 2805 carorum
756 2769 903 2816 capitum
934 2774 1111 2806 contentos
1142 2770 1298 2805 ablturos
1329 2781 1405 2803 cum
1435 2769 1480 2802 iis
1511 2767 1610 2802 nudis

137 2811 239 2855 licet,
268 2818 306 2848 at
334 2814 559 2851 incolumibus
590 2822 626 2850 et
661 2815 779 2851 salvis.
824 2822 907 2851 tunc
931 2829 1012 2852 vero
1034 2817 1195 2862 graviora
1226 2816 1474 2860 acerbioraque
1497 2813 1610 2848 conti-

138 2869 222 2903 gere
243 2870 344 2905 quam
368 2861 546 2907 quisquam
569 2875 716 2909 unquam
738 2862 814 2897 visu
837 2863 1025 2908 audituque
1046 2861 1252 2909 perceperit.
1298 2862 1461 2895 honestae
1489 2859 1611 2894 mulie-

138 2914 196 2939 res
219 2916 261 2940 ιο
282 2906 436 2952 virgines
456 2909 600 2945 indusiis
632 2909 731 2944 modo
755 2913 816 2944 aut
838 2909 1000 2944 tuniculis
1028 2909 1117 2944 male
1148 2911 1264 2943 tectae
1296 2906 1461 2952 singulis,
1499 2906 1610 2951 iisque
