1884 3262
257 203 355 251 316
676 200 913 246 GEORGII
945 201 1297 246 PACHYMERIS

115 325 143 358 P
167 325 235 360 213
255 323 406 376 χρῆται
425 319 483 375 τῷ
502 319 683 370 βασιλεῖ’,
716 317 783 358 καὶ
814 315 950 371 ἐπειδὴ
971 315 1018 359 τό
1039 317 1196 359 πείθειν
1214 316 1288 359 οὗκ
1313 311 1365 373 ἦν
1387 318 1484 376 (ποῦ
1501 315 1580 374 γάρ
1592 317 1626 375 5)
1649 317 1723 362 δίν-

257 391 360 442 δρας
389 385 644 438 ἀμειλίκτους
671 384 746 439 τὴν
777 384 985 438 ἔνστασιν,
1021 382 1201 437 κολάζειν
1223 382 1412 442 ᾑροῦντο.
1481 386 1724 431 ἀνατίθεται

255 457 394 498 τοίνυν
414 453 467 496 τὰ
490 454 579 509 περὶ
599 451 757 496 τούτων
774 459 830 512 τῷ
843 454 1108 511 Ἀκροπολίτῃ
1128 457 1167 496 Γ
1164 455 1317 512 εωργίῳ
1333 456 1398 496 καὶ
1421 455 1476 504 εἷς
1495 457 1723 511 λογοθέτας

254 521 417 580 μεγάλῳ
448 523 515 564 καὶ
546 526 665 580 σοφῷ
699 522 752 565 τὰ
780 522 985 577 μάλιστα,
1033 522 1139 578 πλὴν
1177 523 1515 577 κατημελημένως
1553 529 1634 567 τῶν
1666 527 1723 575 εἷς

254 593 485 646 συνείδησιν
501 590 646 645 ἔχοντι.
715 594 781 633 καὶ
803 593 854 646 δὴ
877 593 940 634 ἐπὶ
964 593 1093 642 οῗκίας
1115 591 1328 647 ἐπαγαγών
1344 595 1532 646 χαλεπῶς
1549 592 1717 649 ᾐκίζετο,
1733 602 1755 638 5

254 662 409 716 δαίρων
430 658 691 716 κρεμαννύων
710 662 918 713 μαστίζων
931 694 943 714 ,
982 661 1080 710 τούς
1110 661 1158 702 δέ
1182 677 1223 715 γε
1242 662 1449 715 κρείττους
1475 662 1633 704 ἐκείνων
1655 664 1723 704 καὶ

258 729 415 783 ἀτιμῶν
433 733 492 786 τῷ
514 728 572 770 δι’
596 728 750 785 ἀγορᾶς
778 728 1046 785 θριαμβεύειν
1077 728 1233 782 ἀτίμως
1253 728 1327 779 ἐπ’,
1347 730 1496 779 αἰτίαις
1514 732 1724 780 κακίσταις
1782 782 1784 784 q

207 810 237 845 Β
261 799 328 840 καὶ
355 796 674 851 πεπλασμέναις,
725 797 880 853 ἄνδρας
911 799 1016 842 πολὺ
1045 798 1092 842 τὸ
1123 797 1362 853 ἀξιοπρεπές
1389 797 1556 852 ἔχοντας
1585 800 1723 841 ἔκτοῦ

255 870 351 918 βίου
386 867 453 915 καὶ
486 870 560 921 τῆς
590 870 708 922 σφῶν
736 866 1047 920 καταστάσεως,
1094 866 1166 916 οὓς
1198 869 1264 909 καὶ
1291 865 1395 920 μετὰ
1413 866 1460 909 τὸ
1492 871 1646 922 πικρῶς
1668 865 1724 917 ὥς

257 934 344 978 οἷόν
371 952 414 977 τε
440 939 652 988 μετελθεῖν
680 935 854 990 ἓξορίαις
882 938 1045 988 ἐδίδου,
1095 935 1192 990 τοὺς
1223 933 1421 985 καθάπαξ
1450 940 1525 989 τῆς
1548 940 1628 991 γῆς,
1654 937 1721 977 καὶ
1735 944 1779 978 10

255 1008 340 1047 τῶν
369 1006 516 1059 γηΐνων
545 1004 849 1056 ἐξωρισμένους.
918 1006 985 1047 καὶ
1013 1002 1106 1048 τότε
1136 1002 1310 1059 πρώτως
1337 1008 1504 1053 πολλοῖς
1531 1004 1728 1047 ἐπέκλασε

254 1073 331 1122 τὰς
346 1070 592 1125 συνειδήσεις
611 1070 632 1114 ὅ
652 1070 827 1128 Ἰωσήφ,
866 1075 932 1115 καὶ
954 1077 1006 1130 τῇ
1029 1070 1187 1115 τούτων
1204 1074 1432 1128 παραθέσει
1455 1070 1476 1114 ὃ
1500 1069 1724 1128 προλαβών

254 1143 303 1183 τὸ
336 1148 518 1196 κρεῖττον
549 1141 713 1196 ἐφέρετο
747 1139 802 1190 ὥς
826 1142 955 1196 μηδὲν
983 1143 1124 1196 μηδενὶ
1155 1139 1376 1196 ἐνοχλήσας
1397 1139 1547 1183 καθότι
1569 1143 1635 1182 καὶ
1657 1143 1723 1183 λέ-

202 1221 233 1254 C
258 1227 375 1266 γοιεν.
446 1203 479 1266 ᾧ
504 1208 552 1262 δὴ
576 1211 643 1251 καὶ
673 1207 693 1251 ὅ
714 1215 877 1264 κρατῶν
899 1211 965 1252 καὶ
997 1206 1122 1259 αὖθις
1150 1211 1322 1264 ἐχρῆτο,
1359 1211 1426 1251 καὶ
1443 1209 1599 1263 πατέρα
1618 1206 1724 1251 ὠνό-

255 1280 379 1333 μαζε,
417 1278 483 1318 καὶ
516 1278 572 1325 εἷς
598 1276 754 1332 βουλὴν
786 1276 886 1332 εἶχε,
936 1280 1002 1320 καὶ
1032 1280 1088 1328 εἰς
1118 1278 1248 1320 πολλὰ
1277 1280 1424 1332 ἐχρῆτο
1453 1276 1719 1333 συλλήπτορι,
1735 1283 1777 1317 15

257 1348 325 1389 καὶ
359 1344 488 1400 ἡδέως
517 1343 638 1399 ἤκουε
670 1345 964 1399 μεσιτεύοντος.
1034 1342 1086 1401 ἦν
1123 1346 1201 1401 γὰρ
1235 1345 1256 1388 ὅ
1295 1346 1519 1402 ἄνθρωπος
1556 1348 1622 1387 καὶ
1664 1352 1722 1403 τῷ

256 1413 397 1472 κόσμῳ
418 1411 673 1468 σύντροφος,
711 1415 778 1456 καὶ
797 1415 926 1464 δεινὸς
953 1413 1146 1457 ’ὑπελθεῖν
1177 1414 1377 1471 ἄρχουσι,
1413 1416 1479 1456 καὶ
1502 1421 1634 1455 πεῖσαι
1656 1414 1721 1456 ὅτε

255 1481 420 1541 καιρός,
458 1483 525 1524 καὶ
554 1482 694 1537 θυμὸν
713 1481 896 1536 μαλάξαι
919 1485 986 1527 καὶ
1008 1483 1208 1541 ἀγριᾶναι.
1280 1482 1356 1538 εἶχε
1381 1483 1425 1525 δὲ
1451 1482 1526 1529 σὺν
1548 1487 1597 1540 τῇ
1616 1481 1723 1538 γνώ-

252 1637 530 1673 irrevocabiliter
552 1641 691 1673 ruentes
714 1638 838 1673 blande
861 1651 902 1674 ac
926 1640 1108 1686 tranquille
1138 1638 1332 1674 dedocendo
1366 1638 1522 1684 placaret
1553 1649 1595 1671 ac
1619 1636 1722 1671 siste-

252 1690 308 1719 ret
319 1687 360 1729 2)
385 1685 537 1730 potentia
560 1685 799 1730 imperatoris,
824 1697 885 1730 pro
909 1688 1021 1731 gratia
1044 1699 1111 1732 qua
1135 1686 1224 1732 apud
1251 1686 1343 1719 illum
1368 1684 1552 1730 praecipua
1575 1683 1722 1725 valebat,

253 1731 297 1764 ad
322 1733 465 1765 alterum
497 1730 713 1764 efficiendum
747 1732 785 1765 vi
817 1743 920 1767 saeva
951 1733 1118 1767 incubuit.
1164 1732 1381 1766 demandavit
1413 1735 1526 1765 autem
1549 1729 1722 1774 negotium

254 1777 407 1821 Georgio
433 1777 651 1820 Acropolitae
675 1777 766 1812 inter
789 1778 979 1822 logothetae
1003 1791 1136 1823 magno,
1160 1782 1197 1812 et
1219 1778 1254 1812 in
1277 1777 1396 1823 primis
1421 1775 1556 1811 erudito
1580 1775 1721 1809 callido-

252 1835 341 1867 que,
363 1822 424 1856 sed
448 1822 675 1862 conscientiae
697 1835 814 1868 parum
838 1828 998 1867 tenerae,
1021 1825 1258 1870 minimumque
1281 1823 1376 1868 pensi
1400 1823 1527 1857 habere
1553 1821 1587 1855 in
1618 1821 1721 1854 rebus

251 1869 411 1913 gerendis
435 1868 565 1902 credito
586 1868 667 1914 quid
699 1870 751 1903 fas
784 1874 820 1903 et
853 1871 1002 1904 officium
1033 1876 1197 1906 moneret.
1241 1869 1300 1903 ille
1329 1869 1434 1913 igitur
1456 1868 1571 1901 domos
1604 1867 1720 1900 obiens

251 1915 469 1960 patriarchae
491 1915 743 1949 obtrectatores
765 1916 949 1960 prehensos
972 1917 1185 1960 abducebat,
1209 1926 1352 1956 vexans,
1377 1914 1541 1955 caedens,
1568 1912 1721 1958 proscin-

252 1962 358 2003 dens,
390 1961 618 2005 suspendens,
650 1960 846 2006 flagellans,
879 1962 940 2008 qui
970 1974 1052 1996 vero
1086 1963 1177 1996 inter
1214 1962 1290 1996 illos
1323 1961 1510 1995 eminerent
1541 1958 1719 2003 dignitate,

251 2005 389 2052 probris
412 2007 638 2040 dehonestans
661 2019 702 2041 ac
735 2019 796 2052 per
819 2010 895 2042 fora
916 2009 1135 2053 ignominiose
1157 2008 1358 2047 traducens,
1393 2005 1580 2051 praetentis
1604 2015 1724 2046 verae,

255 2064 355 2097 quam
380 2053 515 2086 celabat
531 2077 541 2093 ,
566 2064 689 2087 causae
712 2054 933 2088 odiosissimis
955 2055 1067 2100 iisque
1091 2054 1244 2089 confictis
1268 2053 1483 2095 criminibus,
1516 2050 1723 2085 intolerabili

255 2099 374 2144 utique
397 2098 579 2142 tyrannide
600 2100 683 2133 viris
706 2107 787 2133 ante
810 2100 1002 2146 conspicuis
1026 2105 1061 2134 et
1092 2101 1259 2134 inoffenso
1294 2110 1396 2133 cursu
1421 2097 1556 2132 honoris
1580 2102 1722 2131 eatenus

255 2144 290 2178 in
324 2145 398 2178 vita
428 2145 510 2178 usis.
558 2156 643 2189 quos
677 2146 776 2180 etiam
808 2151 985 2191 postquam
1017 2146 1078 2180 tali
1110 2146 1298 2180 acerbitate
1332 2146 1575 2185 deformasset,
1619 2142 1721 2176 exilio

259 2191 443 2234 multabat,
474 2190 556 2224 nihil
590 2195 742 2225 sanctam
773 2193 940 2227 reveritus
972 2193 1216 2238 professionem
1243 2191 1497 2235 religiosorum,
1531 2189 1589 2234 qui
1619 2187 1723 2222 semel

258 2237 415 2270 abdicato
438 2237 559 2271 mundo
583 2238 699 2271 exules
714 2249 752 2272 se
774 2241 888 2273 terrae
909 2239 954 2272 ad
977 2239 1157 2272 coelestem
1181 2240 1269 2271 ultro
1293 2236 1584 2271 conversationem
1607 2239 1723 2269 trans-
1768 2244 1782 2259 ⁰

257 2284 425 2316 tulissent.
472 2284 618 2316 fructum
643 2284 775 2318 consilii
798 2285 878 2318 talis
900 2285 987 2319 hunc
1010 2285 1172 2330 Iosephus
1195 2284 1294 2325 tulit,
1326 2288 1367 2316 ut
1395 2284 1573 2316 multorum
1605 2281 1664 2326 q'ui
1683 2279 1732 2361 ἓ
1779 2318 1782 2319 ⁷

257 2329 420 2362 hactenus
443 2329 642 2363 studuerant
665 2331 728 2364 hac
746 2331 910 2365 violentia
924 2331 1148 2366 conscientias
1172 2330 1362 2364 offenderet
1385 2330 1446 2363 abs
1464 2339 1571 2373 seque
1593 2327 1691 2361 alien

257 2378 312 2408 ret
333 2375 537 2408 voluntates.
584 2376 812 2422 apparuitque
844 2377 924 2412 inde
957 2382 1083 2423 quanto
1114 2376 1243 2411 saniori
1273 2375 1416 2410 consilio
1453 2375 1613 2408 decessor
1646 2373 1722 2407 eius

260 2422 450 2454 Germanus
476 2420 508 2453 in
533 2420 736 2456 incommodo
760 2423 860 2458 simili
888 2423 1012 2458 fuisset
1042 2434 1141 2466 usus,
1177 2421 1408 2457 contumeliam
1431 2420 1664 2460 dissimulans,
1685 2421 1723 2452 et

256 2466 379 2501 nemini
413 2467 600 2501 molestiam
635 2479 675 2501 eo
708 2470 840 2503 nomine
874 2471 1048 2504 facessens
1080 2469 1168 2515 quod
1203 2469 1239 2503 in
1274 2479 1312 2502 se
1335 2467 1474 2513 quidvis
1497 2465 1597 2501 aliter
1619 2475 1722 2510 quam

256 2512 359 2545 vellet
382 2512 603 2557 comperisset
626 2514 764 2548 dictum.
813 2527 895 2561 ergo
931 2516 986 2550 hic
1013 2516 1112 2550 etiam
1144 2520 1224 2560 post
1253 2525 1390 2555 casum,
1429 2516 1465 2546 et
1496 2511 1656 2546 redactus
1686 2509 1722 2544 in

258 2558 430 2598 ordinem,
459 2558 706 2594 existimatione
738 2562 919 2606 gratiaque
951 2561 1087 2606 floruit,
1121 2568 1240 2606 gratus
1273 2560 1339 2606 ipsi
1368 2557 1535 2605 principi,
1557 2561 1655 2602 pater
1677 2557 1722 2589 ab

260 2616 300 2638 eo
324 2609 485 2646 vocatus,
520 2604 556 2638 in
589 2606 759 2640 consilium
791 2607 984 2651 adbibitus,
1020 2607 1260 2654 procuratione
1283 2605 1486 2640 demandata
1511 2603 1721 2647 negotiorum

259 2651 462 2690 honoratus,
487 2653 523 2683 et
544 2650 689 2686 libenter
711 2664 751 2686 ac
775 2653 901 2687 effectu
923 2654 1171 2700 impetrationis
1201 2656 1363 2698 sequente
1393 2650 1529 2686 auditus
1561 2660 1635 2682 cum
1659 2659 1722 2693 pro

257 2696 374 2730 amicis
397 2696 638 2731 intercederet.
684 2703 759 2732 erat
783 2699 870 2733 enim
895 2700 991 2734 homo
1026 2701 1209 2735 innutritus
1240 2698 1383 2740 mundo,
1417 2696 1519 2731 multo
1542 2707 1606 2730 usu
1629 2693 1723 2728 vitae

257 2741 386 2784 civilis,
410 2741 595 2778 insinuare
623 2755 661 2778 se
691 2744 902 2790 principibus
924 2747 1056 2790 sciens,
1090 2745 1366 2792 persuadereque
1388 2754 1476 2788 quae
1499 2752 1584 2786 opus
1608 2746 1722 2783 esset3

256 2790 327 2821 tum
361 2789 498 2823 eosdem
532 2790 669 2835 placare
705 2790 945 2837 concitateque
988 2796 1091 2836 prout
1124 2803 1179 2826 res
1210 2793 1399 2837 poscerent.
1454 2789 1639 2822 accedebat
1670 2786 1723 2820 his

256 2834 359 2868 animi
382 2835 480 2870 bonis
503 2839 540 2870 et
563 2835 718 2882 corporis
747 2837 854 2871 robur
876 2837 1049 2883 palatinae
1071 2837 1214 2872 militiae
1237 2836 1410 2872 laboribus
1433 2846 1517 2881 par:
1549 2845 1613 2870 nec
1635 2833 1723 2868 euim
