1884 3262
522 226 627 271 LIB.
632 239 635 241 “
661 225 738 270 111.
791 223 1283 272 CHRONOLOGICUS.
1540 226 1638 274 761

190 332 271 396 31:¹¹¹
307 333 474 396 ῐῐιξζιωιξξζι·
497 332 663 395 &gl-,3352
707 347 781 388 pos
798 334 1053 375 Ferentinum
1067 341 1106 374 et
1124 335 1407 375 Tam-inensem
1424 348 1516 376 cum
1537 336 1642 377 duo-

320 400 652 430 10.xxl.1²a1aeol.
706 393 782 432 bus
808 393 1001 432 fratribus
1028 393 1114 432 ord.
1134 393 1482 444 praedicatorum,
1509 394 1639 446 profi-

176 440 284 481 1276
552 440 606 482 17
707 449 799 488 cisci
819 450 1200 502 Constantinopolim
1224 450 1359 500 iussit,
1386 450 1519 502 ibique
1539 465 1640 491 con-

705 507 970 546 firmationem
991 512 1031 546 et
1049 507 1365 548 observationem
1383 519 1522 547 eorum
1538 521 1640 560 quae

703 563 820 616 legati
840 563 1040 603 Michaelis
1069 564 1208 617 imper.
1227 564 1271 603 in
1289 564 1453 603 concilio
1473 564 1639 617 Lugdu-

703 621 816 660 nensi
830 621 1097 674 promiserant
1116 622 1282 674 exigere.
1333 621 1571 675 spondanus
1585 635 1638 663 ex

702 678 853 728 antiqu.
874 693 914 719 n.
939 681 966 721 8
996 677 1117 717 huius
1142 678 1253 722 anni.
1442 731 1446 733 μ

759 735 1043 775 Constantinus
1072 747 1147 774 rex
1172 735 1401 787 Bulgariae‚
1426 735 1638 788 instigante

700 805 852 842 uxore,
881 792 1028 831 bellum
1044 792 1097 831 vin
1125 792 1326 831 Romanos
1360 799 1508 834 movet.
1538 796 1564 836 6
1596 797 1637 836 1.

755 849 919 900 Eulogia
946 862 1059 888 soror
1091 848 1342 900 imperatoris
1366 849 1638 888 schismatico-

698 918 790 944 rum
808 906 990 959 princeps
1009 911 1051 944 et
1067 906 1193 945 malae
1212 918 1350 945 causae
1369 906 1637 947 vehementis·-

699 963 796 1001 sima
815 969 996 1014 patrona.
1023 963 1079 1006 ib.

754 1019 880 1058 Maria
901 1020 1108 1071 Bulgariae
1133 1019 1287 1071 regina,
1326 1020 1512 1072 Eulogiae
1537 1020 1633 1071 filia,

697 1076 836 1114 matris
880 1076 1061 1127 exemplo
1103 1081 1144 1114 et
1186 1076 1355 1116 hortatu
1388 1077 1637 1131 patriarchas

699 1131 879 1173 Orientis
899 1138 939 1170 et
963 1133 1167 1171 Sultanem
1184 1133 1352 1186 Aegypti
1372 1134 1573 1172 concitare
1590 1135 1634 1173 in

697 1189 976 1241 imperatorem
998 1195 1170 1228 conatur
1185 1219 1197 1240 ,
1230 1190 1339 1241 quod
1358 1190 1392 1229 is
1407 1203 1545 1243 pacem
1566 1204 1633 1230 ec-

698 1247 905 1286 clesiarum
925 1253 1177 1299 procurasset
1196 1252 1236 1285 et
1263 1253 1457 1287 tueretur.
1486 1248 1540 1288 ib.

754 1371 918 1410 Ioannes
935 1371 1034 1409 XXI
1061 1378 1174 1423 pont.
1202 1385 1308 1412 max.
1326 1373 1491 1412 Viterbii
1507 1373 1633 1413 mori-

696 1434 767 1467 tur
784 1442 835 1467 ex
855 1428 1086 1468 vulneribus
1107 1431 1276 1481 acceptis
1305 1430 1424 1469 ruina
1442 1443 1631 1481 camerae,

696 1498 799 1536 quae
811 1485 924 1524 illum
938 1490 1061 1524 noctu
1082 1485 1344 1526 dormientem
1371 1494 1631 1540 oppresserat,

697 1542 760 1581 die
782 1542 847 1592 15,
873 1548 942 1581 aut
958 1548 1006 1581 ut
1029 1542 1092 1582 alii
1111 1543 1299 1594 tradunt,
1326 1547 1383 1587 20
1400 1545 1506 1585 Maii.

750 1599 845 1638 Post
866 1612 938 1638 sex
972 1611 1125 1639 menses
1149 1601 1252 1640 sedis
1279 1603 1456 1641 vacantis
1481 1602 1630 1641 electus

694 1662 754 1694 est
773 1656 815 1694 in
829 1655 1058 1709 pontificem
1083 1658 1306 1697 Romanum
1330 1659 1498 1698 Ioannes
1517 1659 1630 1698 Caie-

692 1719 812 1752 tanus
827 1713 959 1766 patria
977 1715 1201 1764 Romanus,
1230 1722 1344 1767 gente
1363 1717 1541 1766 Ursinus,
1564 1716 1628 1755 die

693 1770 747 1812 25
765 1770 1021 1821 Novembris,
1051 1778 1220 1811 vocatus
1239 1773 1280 1811 in
1300 1773 1535 1825 pontificatu
1554 1773 1627 1812 Ni-

691 1827 826 1866 colans
862 1828 944 1867 eius
985 1829 1155 1867 nominis
1194 1830 1362 1873 Tertius.
1409 1830 1557 1882 Spond.
1587 1836 1628 1869 et

691 1884 814 1923 Odor.
844 1897 895 1924 ex
929 1884 1064 1936 Antiq.
1094 1885 1219 1924 Maria
1250 1886 1455 1938 Bulgariae
1490 1887 1625 1939 regina

689 1939 1056 1993 Sphentisthlabum
1065 1943 1211 1994 Mysiae
1220 1943 1436 1996 principem
1444 1944 1626 1996 adoptio-

689 1999 752 2036 nis
786 1999 1037 2038 simulatione
1069 1999 1279 2053 deceptum
1309 2001 1528 2053 proditorie
1557 2001 1625 2039 in-

687 2054 845 2094 terficit.
875 2058 900 2097 6
931 2060 970 2099 2.
1164 2103 1166 2105 ,

728 2106 946 2150 ¹Laelianas
975 2112 1163 2152 subulcus
1197 2119 1349 2153 armata
1378 2113 1621 2153 rusticorum

688 2181 809 2207 manu
827 2168 1030 2208 Tocharos
1046 2170 1269 2221 Bulgariam
1286 2171 1534 2210 incursantes
1554 2185 1621 2210 re-

686 2225 823 2278 primit
845 2254 856 2275 ‚
898 2226 1203 2266 Constantinum
1238 2227 1443 2280 Bulgariae
1489 2241 1620 2280 regem

687 2283 768 2323 acie
788 2282 913 2321 vineit
931 2288 970 2321 et
991 2283 1148 2323 occidit.
1178 2287 1204 2326 6
1234 2288 1273 2327 3.

611 2385 613 2389 Α
740 2339 873 2378 Mense
891 2340 1017 2392 Aprili
1032 2340 1151 2379 huius
1166 2341 1258 2380 anni
1281 2341 1450 2380 Michael
1477 2341 1617 2394 imper.

686 2401 726 2434 et
744 2396 994 2436 Andronicus
1011 2397 1096 2437 eius
1114 2397 1218 2437 filius
1242 2404 1283 2437 et
1296 2399 1451 2451 imperii
1471 2399 1616 2451 collega

686 2452 850 2492 solemni
860 2454 1029 2493 formula
1046 2454 1164 2494 fidem
1177 2461 1216 2494 et
1228 2455 1490 2495 obedientiam
1502 2457 1614 2496 Rom.

683 2510 862 2562 pontifici
881 2510 1028 2554 iurant.
1065 2512 1217 2564 Regest.
1234 2513 1384 2552 Nicolai
1402 2516 1442 2556 3.

165 1369 272 1409 1277
542 1372 595 1413 18

735 2618 902 2657 Michael
930 2619 1147 2671 imperator
1170 2620 1340 2660 Asanem
1364 2622 1406 2660 in
1426 2634 1612 2673 generum

680 2675 873 2713 adscitum
887 2689 1017 2728 regem
1035 2676 1238 2730 Bulgariae
1255 2679 1342 2717 fieri
1362 2685 1488 2721 curat.
1517 2681 1542 2719 6
1568 2677 1607 2718 4.

735 2732 917 2771 michaeli
947 2734 1171 2774 Occidentis
1201 2736 1387 2789 despotae
1412 2735 1528 2773 aliam
1558 2734 1610 2772 fi-

676 2789 770 2827 liam
789 2790 966 2831 collocat.
991 2805 1024 2834 o.
1046 2790 1086 2834 5.

733 2846 857 2885 Maria
876 2848 1122 2887 Constantini
1140 2838 1345 2902 Bulgariae
1368 2849 1469 2900 regis
1487 2847 1610 2888 vidua

675 2901 880 2943 Lachanae
899 2905 993 2945 olim
1010 2906 1174 2946 subulco
1193 2906 1321 2948 nubit.
1352 2919 1384 2944 c.
1404 2908 1442 2947 7

202 2968 378 3016 Georgius
408 2971 631 3017 Pachymeres
661 2974 692 3009 I.
1279 2972 1334 3014 49
