1884 3262
503 190 608 235 LIB.
626 190 705 236 111.
755 189 1251 236 CHRONOLOGICUS.
1492 240 1495 243 ,
1507 190 1604 238 745

147 303 374 355 chymeres,
402 301 435 341 si
465 315 559 343 vere
584 307 727 342 natum
746 315 836 341 eum
855 301 1017 355 putavit
1039 315 1120 355 quo
1140 315 1245 342 anno
1267 301 1397 356 coepit
1414 301 1610 354 imperare

175 366 260 398 ater
282 359 377 398 eius.

145 375 173 414 P
260 416 326 457 IV.
383 415 576 455 Existimo
597 420 731 454 tamen
754 427 851 455 vera
876 414 958 453 illic
976 413 1256 467 Pachymerem
1275 420 1317 453 et
1335 427 1386 454 ex
1404 419 1512 453 certa
1532 427 1613 467 pu-

148 473 328 523 blicaque
354 472 497 511 notitia
525 472 742 524 scripsisse,
772 484 921 510 errasse
938 484 1034 510 vero
1054 472 1373 511 Cantacuzenum
1394 471 1436 510 in
1458 471 1614 510 subdu-

151 529 287 571 cendis
307 529 420 567 annis
439 528 656 567 Andronici
674 527 869 578 Senioris,
898 527 967 579 qui
985 528 1123 567 aetatis
1139 542 1221 567 non
1239 532 1316 577 72,
1345 533 1393 567 ut
1411 527 1478 566 ille
1500 527 1615 566 affir-

150 592 255 635 mat,
297 585 366 624 sed
394 586 450 628 74
477 586 583 624 vitae
611 585 732 623 finem
757 585 966 624 invenerit.
1021 584 1141 624 huius
1172 585 1393 623 assertionis
1423 583 1616 622 habemus

152 648 354 681 auctorem
377 641 502 680 eidem
522 641 750 680 Andronico
769 641 1112 681 familiarissimum
1128 641 1316 681 extremis
1334 641 1438 680 vitae
1456 647 1616 693 tempo-

129 732 133 737 ,
152 700 263 739 ribus
281 697 548 751 Nicephorum
567 699 803 750 Gregoram‚
834 697 941 751 apud
959 711 1074 750 quem
1095 712 1186 738 cum
1207 698 1378 750 legamus
1394 711 1428 736 c.
1442 698 1516 736 ult.
1538 697 1567 736 l.
1588 699 1617 739 9

151 770 191 809 p.
211 758 294 799 209
323 755 384 794 ed.
401 755 491 796 Bas.
524 755 768 795 confabulan’
797 768 838 793 se
858 754 1035 806 quotidie
1056 755 1145 794 cum
1161 754 1389 794 Andronico
1409 759 1506 793 tunc
1525 767 1618 792 mo-

153 811 281 852 nacho
304 812 534 850 otiosissime
554 812 733 864 solitum,
763 817 882 863 atque
901 811 998 850 adeo
1022 812 1105 866 ipsa
1119 818 1237 851 nocte
1258 824 1336 863 qua
1356 817 1416 849 est
1434 815 1618 849 mortuus

153 869 296 909 multas
321 868 440 907 horas
464 868 683 908 suavissimi
704 868 888 919 colloquii
913 882 1003 907 cum
1034 882 1081 907 eo
1108 869 1297 918 duxisse,
1316 867 1430 906 facile
1457 866 1618 906 credere

153 938 363 990 possumus
393 925 595 965 rescivisse
621 938 671 964 ex
699 938 745 964 eo
770 925 901 977 ipsum
923 938 1024 974 quae
1044 926 1094 963 de
1111 925 1216 964 illius
1239 938 1433 963 annorum
1449 935 1617 962 numero

154 981 313 1021 notavit
331 981 373 1020 in
395 981 580 1020 monodia
601 982 650 1020 de
666 981 885 1020 Andronici
899 982 1011 1020 obitu
1029 982 1141 1021 initio
1161 982 1187 1020 l.
1202 985 1253 1023 10
1270 996 1308 1033 Ρ
1320 981 1403 1023 214
1419 980 1481 1018 his
1498 980 1616 1048 plane

155 1038 314 1079 verbis.
347 1037 530 1107 τέταρτον
550 1036 623 1104 μὲν
642 1036 724 1091 ἤδη
737 1037 806 1079 καὶ
824 1035 1116 1091 ἑβδομηκοστόν
1134 1034 1262 1086 ἔπτυς’
1235 1035 1314 1079 απὸ
1330 1035 1520 1090 γενέσεως
1538 1031 1616 1076 αὖ·

155 1111 211 1151 τῳ
239 1097 469 1135 τελευτωνη
496 1090 645 1146 ἠνύετο
678 1102 855 1146 quartus·
875 1101 912 1132 et
929 1095 1251 1147 septuagesimus
1280 1107 1413 1132 annus
1443 1107 1471 1130 a
1502 1093 1617 1130 nati-

155 1136 286 1190 vitate
310 1152 393 1202 ipsi
414 1152 601 1188 morienti
625 1150 766 1189 absolt
767 1151 919 1190 ebatur.
977 1163 1077 1201 quae
1104 1150 1228 1190 verba
1255 1163 1337 1188 non
1364 1155 1523 1187 tantum
1549 1148 1618 1187 vi-

156 1207 260 1247 xisse
286 1206 400 1245 illum
423 1206 534 1245 annis
560 1206 638 1256 74,
665 1207 735 1245 sed
755 1207 875 1245 etiam
896 1206 985 1244 illos
1001 1207 1218 1259 explevisse
1236 1205 1468 1257 significant.
1525 1218 1618 1243 cum

158 1269 292 1303 autem
319 1263 372 1301 sit
397 1269 580 1302 mortuus
603 1263 666 1301 die
696 1266 748 1305 12
765 1262 990 1313 Februarii,
1019 1269 1068 1301 ut
1093 1263 1200 1301 idem
1225 1262 1418 1313 Gregoras
1444 1260 1618 1299 affirmat

158 1320 233 1359 sub
249 1319 369 1358 finem
387 1319 414 1358 l.
430 1322 478 1371 9,
508 1319 575 1358 vel
592 1318 663 1366 14,
692 1325 740 1357 ut
758 1332 978 1371 anonymus
1001 1319 1208 1358 annotavit
1236 1318 1288 1358 ad
1311 1318 1523 1369 marginem
1539 1316 1618 1356 loci

94 1410 99 1414 ,
160 1376 445 1427 Cantacuzeni,
470 1388 587 1427 quem
613 1376 733 1427 paulo
760 1382 851 1414 ante
872 1376 1102 1423 retulimus,
1131 1376 1306 1427 cogimur
1331 1375 1460 1413 dicere
1479 1379 1619 1412 natum

160 1434 280 1472 fuisse
298 1432 571 1471 Andronicum
589 1433 663 1471 sub
682 1432 840 1471 initium
860 1433 952 1471 anni
969 1432 1117 1471 Christi
1140 1433 1261 1476 1258.
1318 1445 1364 1470 ac
1377 1445 1427 1470 ne
1445 1430 1532 1482 quis
1549 1443 1621 1470 su·-

163 1490 337 1542 spicetur
373 1489 574 1540 irrepsisse
602 1501 779 1528 errorem
803 1489 846 1527 in
870 1494 987 1528 notas
1012 1483 1233 1528 numerales
1265 1488 1371 1541 apud
1397 1489 1620 1538 Gregoram,

163 1546 232 1598 qui
253 1552 386 1584 tamen
404 1552 564 1584 extense
581 1558 629 1583 ac
648 1546 729 1583 sine
746 1552 935 1584 notarum
954 1546 1194 1597 compendiis
1213 1559 1360 1584 annum
1381 1543 1624 1597 septuagesi-

163 1616 274 1642 mum
301 1608 487 1653 quartum
514 1602 652 1640 aetatis
674 1602 887 1641 Andronici
913 1603 1119 1654 exprimit,
1148 1602 1266 1641 etiam
1284 1601 1442 1640 aliunde
1456 1600 1625 1639 manife-

165 1666 270 1698 stum
290 1665 350 1697 est
368 1671 418 1696 ex
439 1659 556 1698 animi
575 1659 635 1697 sui
653 1667 761 1698 certa
781 1660 970 1698 sententia
986 1659 1028 1697 id
1046 1660 1256 1698 affirmasse
1273 1659 1385 1698 illum
1408 1663 1624 1696 auctorem.

168 1716 223 1754 ait
254 1716 287 1754 is
313 1715 499 1754 nimirum
530 1716 644 1754 initio
675 1730 709 1756 c.
730 1716 803 1755 ult.
829 1716 857 1758 l.
877 1719 926 1766 9,
954 1715 1060 1754 inter
1077 1717 1151 1754 alia
1169 1716 1275 1767 signa
1292 1728 1390 1766 quae
1409 1713 1625 1767 portende-

167 1778 266 1812 runt
285 1772 437 1810 obitum
453 1771 669 1812 Andronici
685 1773 868 1822 Senioris,
892 1772 1018 1812 visam
1032 1772 1123 1811 solis
1141 1772 1313 1824 eclipsin,
1342 1784 1442 1822 quae
1457 1769 1626 1808 totidem

168 1829 307 1868 diebus
327 1835 426 1879 quot
442 1829 524 1880 ipse
542 1829 654 1867 annis
670 1829 828 1868 vixerat
847 1829 928 1867 eius
944 1835 1113 1867 mortem
1133 1828 1398 1882 praecesserit.
1440 1825 1625 1865 commis-

168 1899 256 1924 sum
282 1891 579 1936 spectatumque
598 1890 656 1923 est
669 1885 712 1924 id
725 1886 972 1925 novilunium
997 1885 1220 1938 eclipticum
1237 1885 1377 1924 ultimo
1394 1882 1626 1922 Novembris

170 1942 264 1980 anni
291 1940 436 1980 Christi
466 1945 589 1984 1331.
643 1954 695 1981 ex
716 1956 794 1993 quo
814 1942 846 1980 si
867 1955 1048 1981 numeres
1068 1955 1192 1982 unum
1216 1948 1257 1981 et
1281 1941 1442 1992 triginta
1462 1939 1627 1977 Decem-

168 1999 274 2046 bris,
300 1999 467 2036 totidem
484 1998 675 2047 Ianuarii,
706 1998 915 2037 duodecim
932 1999 1138 2038 Februarii
1157 1999 1239 2036 dies
1253 2027 1264 2047 ‚
1294 2003 1429 2035 exacte
1446 1995 1627 2034 conficies

171 2068 365 2093 summam
393 2055 548 2094 dierum
571 2056 815 2107 septuaginta
842 2060 1037 2106 quatuor,
1072 2068 1207 2106 parem
1236 2066 1400 2092 numero
1430 2063 1627 2090 annorum

172 2111 276 2149 vitae
298 2111 440 2162 ipsius,
469 2118 518 2150 ut
549 2113 705 2163 scripsit
732 2112 945 2162 Gregoras,
973 2111 1092 2149 tacite
1108 2111 1174 2150 hic
1192 2123 1382 2149 revocans
1401 2108 1510 2160 quod
1532 2107 1626 2145 alias

174 2166 352 2213 dixerat,
379 2166 670 2218 Andronicum,
700 2168 858 2219 quando
888 2180 978 2205 cum
1009 2174 1124 2219 patre
1150 2167 1320 2219 primum
1346 2166 1538 2216 ingressus
1567 2168 1628 2200 est

174 2222 579 2274 Constantinopolim,
608 2224 826 2263 secundum
853 2223 990 2262 aetatis
1015 2237 1163 2263 annum
1191 2222 1328 2274 egisse3
1356 2235 1445 2260 cum
1472 2234 1522 2258 ex
1549 2219 1628 2258 hoc

176 2279 286 2330 quod
303 2292 410 2318 nunc
423 2292 475 2318 ex
490 2280 647 2318 certiori
666 2281 889 2319 testimonio
906 2280 1090 2330 affirmat,
1116 2281 1365 2319 manifestum
1379 2278 1430 2316 sit
1445 2277 1519 2329 ipsi
1531 2282 1631 2315 tunc

177 2341 364 2386 quartum
385 2336 524 2374 aetatis
547 2336 595 2375 ab
615 2337 767 2387 aliquot
784 2337 863 2375 iam
881 2337 1077 2376 mensibus
1095 2349 1254 2376 currere
1272 2335 1459 2388 coepisse,
1489 2334 1632 2384 quippe

152 2402 159 2407 ”
178 2392 220 2430 in
238 2392 367 2430 lucem
383 2393 491 2431 edito
513 2393 617 2431 circa
639 2393 795 2432 initium
814 2393 908 2431 anni
932 2392 1077 2432 Christi
1094 2392 1216 2436 1258.
1274 2392 1318 2431 id
1339 2390 1445 2442 quod
1461 2403 1543 2428 non
1559 2402 1633 2441 pa-

178 2461 269 2487 rum
288 2454 490 2499 praeterea
514 2449 771 2488 confirmatur
787 2462 837 2488 ex
854 2455 1029 2501 tempore
1049 2450 1279 2502 nuptiarum
1298 2447 1529 2487 Theodorae
1546 2459 1635 2484 ma-

179 2504 254 2542 tris
278 2505 496 2544 Andronici
522 2510 612 2544 cum
642 2506 724 2544 eius
757 2512 870 2558 patre
897 2506 1106 2556 Michaffle,
1135 2506 1184 2544 ab
1219 2505 1446 2558 Acropolita
1476 2507 1631 2541 notato.

181 2561 248 2599 liic
269 2561 372 2600 enim
393 2561 579 2600 historiae
600 2576 692 2602 suae
711 2576 743 2600 c.
760 2566 811 2606 51
834 2563 956 2602 refert
975 2563 1160 2602 Ioannem
1178 2563 1325 2602 Ducam
1353 2562 1632 2612 imperatorem
1653 2562 1682 2597 P
1705 2560 1772 2596 528

183 2617 391 2656 collocasse
426 2618 608 2657 Micha'eli
636 2620 886 2670 Palaeologo,
928 2619 970 2658 in
1009 2620 1175 2671 gratiam
1211 2624 1370 2670 recepto
1402 2617 1633 2654 interventu

183 2674 374 2713 Manuelis
396 2675 667 2726 patriarchae,
698 2676 946 2715 Theodoram
965 2677 1096 2714 fratris
1113 2675 1173 2714 sui
1191 2677 1282 2714 olim
1304 2672 1478 2712 defuncti
1496 2670 1631 2709 Isaacii

185 2731 316 2768 Ducae
342 2732 660 2771 sebastocratoris
683 2733 814 2771 filiam.
871 2745 1025 2771 necesse
1052 2738 1111 2770 est
1135 2732 1263 2771 dicere
1287 2733 1435 2769 factum
1454 2727 1498 2765 id
1517 2727 1635 2764 fuisse

188 2787 260 2824 sub
278 2788 396 2826 finem
415 2789 507 2826 anni
525 2789 670 2827 Christi
689 2788 796 2830 1254
813 2789 875 2827 vel
893 2789 1087 2840 sequentis
1105 2789 1280 2839 initium,
1310 2799 1387 2837 quo
1410 2789 1502 2836 post
1527 2781 1634 2820 mul-

187 2849 322 2883 torum
338 2845 528 2884 mensium
551 2846 775 2898 languorem
800 2846 962 2884 Ioannes
982 2845 1181 2897 Augustus
1201 2842 1364 2885 Octobri
1379 2852 1511 2879 mense
1532 2838 1635 2877 diem
