1884 3262
213 158 314 205 760
605 155 922 214 ¹OBSERVAT.
954 157 1268 206 PACHYMER.

228 265 310 296 Anni
355 264 506 293 Romano·
538 261 614 298 Imp.
649 262 701 291 or.

231 300 304 330 chr.
345 298 513 326 ruml’ont.
539 294 701 324 Michaelis

746 265 1040 318 stantinopolim
1066 268 1326 320 perveniunt,
1354 268 1424 310 ubi
1447 282 1530 323 pax
1549 270 1676 310 eccle-

352 333 436 367 Greg
465 331 501 359 x.
543 329 686 359 Palaeol.
746 323 894 362 siarum
922 325 1194 376 concluditur,
1232 326 1419 376 Gregorio
1438 328 1544 366 inter
1564 340 1676 365 sacra

212 372 320 418 1274
429 371 457 411 3
593 369 646 411 15

202 807 506 816 ..-.---

207 854 316 898 1275
424 850 451 894 4
556 836 693 893 ⁴16,

206 1731 319 1741 .—.——

209 1750 317 1825 1275
343 1779 444 1807 Innoc.
469 1777 506 1806 V.
528 1805 536 1808 ,
590 1781 642 1820 17

744 379 988 431 proclamato
1018 395 1171 419 summo
1211 383 1400 434 pontifice
1430 382 1675 435 Apostolicae

745 435 847 473 sedis
868 441 909 474 et
926 438 1176 476 oecumenico
1196 452 1310 490 papa.
1338 438 1365 480 5
1394 441 1461 480 22.

802 493 1020 531 Germanus
1050 494 1144 532 olim
1168 494 1396 546 patriarcha
1425 508 1515 533 cum
1538 494 1675 534 Theo-

743 546 874 600 phane
904 549 1076 588 Nicaeno
1107 556 1148 588 et
1174 551 1341 602 Georgio
1370 551 1598 603 Acropolita
1614 552 1674 590 le-

743 605 820 655 gati
836 605 1084 657 imperatoris
1110 607 1163 645 acl
1184 608 1390 646 concilium
1418 608 1676 658 Lugdunense

744 661 849 700 missi
877 675 922 700 eo
955 664 1199 714 perveniunt
1235 664 1298 703 die
1336 663 1528 706 241unii.
1574 665 1675 703 Acta

745 718 882 757 concil.
901 719 1080 771 Lugdun.

800 853 921 891 Acres
957 853 1061 891 inter
1088 852 1257 892 Graecos
1286 854 1541 893 dissensiones
1572 855 1677 893 eirca

743 923 878 961 pacem
904 923 994 948 cum
1015 910 1174 950 Latinis.
1203 912 1228 953 5
1257 914 1326 952 23.
1669 938 1674 942 -

800 967 966 1005 loannes
999 966 1148 1005 Veccus
1184 966 1412 1019 patriarcha
1449 966 1605 1018 eligitur
1631 965 1675 1005 in

743 1023 875 1062 locum
892 1022 1058 1074 losephi.
1091 1036 1125 1061 c.
1145 1025 1213 1069 24.
1533 1038 1538 1044 ·

801 1080 1021 1131 Imperator
1048 1079 1207 1118 acribus
1237 1079 1435 1131 suppliciis
1475 1079 1599 1118 saevit
1630 1079 1680 1131 in>

745 1136 962 1175 obstinatos
983 1135 1260 1174 schismaticos.
1292 1149 1325 1175 c.
1346 1139 1396 1177 19
1418 1141 1458 1173 et
1477 1139 1544 1178 20.

798 1192 946 1230 Icarius
969 1192 1021 1230 ad
1045 1191 1321 1242 imperatorem
1347 1191 1609 1242 transfugiens
1633 1197 1675 1230 et

745 1249 793 1286 ab
807 1262 852 1286 eo
863 1248 972 1286 classi
984 1249 1225 1300 praepositus
1234 1248 1333 1285 bene
1343 1261 1425 1286 rem
1437 1249 1550 1298 gerit.
1559 1261 1592 1286 c.
1606 1251 1674 1290 27.

740 1344 743 1347 ,
800 1305 965 1343 Ioannes
999 1304 1145 1343 Veccus
1175 1305 1345 1353 scribere
1374 1309 1514 1342 contra
1545 1303 1674 1341 schis-

744 1361 909 1399 maticos
930 1361 1083 1412 cogitur
1101 1373 1133 1399 e.
1155 1364 1221 1402 28.

799 1416 987 1469 Iosephus
1016 1415 1293 1468 expatriarcha
1324 1414 1484 1469 Chelam
1510 1415 1552 1454 in
1584 1415 1673 1454 exi-

743 1475 840 1513 lium
864 1474 1108 1526 deportatur.
1139 1487 1172 1515 c.
1193 1477 1260 1515 29.

800 1532 1024 1569 Genuenses
1065 1530 1193 1569 invito
1229 1529 1468 1580 imperatore
1505 1526 1673 1565 transire

743 1588 1042 1639 Hellespontum
1063 1587 1146 1625 ausi
1164 1586 1373 1639 capiuntur
1390 1591 1429 1623 et
1449 1585 1550 1623 male
1565 1583 1673 1622 mul-

742 1651 893 1684 tantur.
923 1657 956 1682 c.
975 1647 1045 1686 30.

807 1779 1017 1830 Gregorius
1046 1779 1087 1816 X
1112 1779 1218 1830 Papa
1239 1777 1408 1816 moritur
1439 1775 1586 1823 Arretii
1610 1775 1674 1814 die

746 1841 798 1879 10
818 1836 999 1874 Ianuarii.
1023 1835 1172 1887 Spond.
1188 1848 1239 1873 ex
1264 1833 1430 1885 antiquis
1447 1845 1623 1871 monum.

801 1904 965 1954 Eligitur
981 1903 1022 1940 in
1043 1902 1125 1940 eius
1145 1898 1277 1940 locum
1290 1902 1431 1940 Petrus
1455 1901 1503 1939 de
1521 1901 1673 1939 Taran-

743 1960 839 1998 tasia
859 1959 946 1998 ord.
974 1958 1303 2010 praedicatorum.
1359 1958 1506 1996 Romae
1531 1969 1672 1995 conse-

745 2022 879 2055 cratur
900 2015 1081 2067 pontifex
1111 2014 1173 2052 die
1198 2018 1252 2056 22
1279 2014 1396 2052 Febr.
1425 2013 1583 2051 nomine
1603 2025 1670 2051 as-

684 2104 687 2107 .
744 2079 902 2124 sumpto
923 2071 1139 2111 Innocentii
1159 2070 1240 2109 eius
1258 2070 1529 2122 appellationis
1547 2069 1594 2108 V.

71 2267 100 2302 P
122 2265 190 2301 539

375 2404 482 2432 loann-

800 2129 970 2168 Moritur
990 2134 1130 2179 quarto
1147 2133 1237 2180 post
1254 2139 1385 2166 mense
1403 2126 1465 2164 die
1480 2129 1537 2168 22
1555 2124 1672 2168 Iunii.

799 2187 892 2224 Post
916 2188 966 2227 19
988 2185 1070 2223 dies
1089 2191 1244 2223 creatur
1263 2185 1305 2222 in
1322 2184 1404 2222 eius
1420 2183 1551 2220 locum
1565 2195 1672 2234 pon-

744 2243 843 2281 tifex
873 2241 1115 2284 Othobonus
1143 2241 1312 2290 Fliscus,
1347 2241 1474 2279 dictus
1498 2238 1672 2277 Hadria-

745 2314 820 2338 nus
840 2299 886 2338 V.
912 2334 914 2337 ,
943 2298 1012 2337 sed
1033 2294 1067 2337 is
1096 2299 1240 2337 electus
1272 2302 1324 2340 12
1345 2296 1453 2346 ΙιιΙίἰ,
1489 2295 1586 2334 obiit
1608 2295 1685 2334 die.

749 2359 800 2400 18
819 2356 994 2406 Augusti.

802 2413 999 2454 Suffectus
1044 2410 1139 2450 huic
1186 2409 1350 2448 Viterbii
1397 2415 1457 2448 est
1504 2408 1566 2447 <lie
1606 2409 1669 2450 -13

747 2469 940 2521 Septemb.
976 2469 1137 2506 Ioannes
1165 2467 1303 2506 Petrus
1332 2466 1550 2517 Lusitanus,
1572 2465 1670 2502 Car-
1699 2478 1711 2485 ·

747 2527 887 2565 dinalis
908 2531 1023 2564 antea
1043 2525 1286 2563 Tusculanus
1305 2523 1442 2561 dictus.
1478 2524 1510 2560 is
1527 2533 1670 2560 nomen

747 2583 954 2634 assumpsit
984 2581 1159 2630 loannis,
1195 2594 1309 2633 quem
1328 2578 1557 2631 Onuphrius
1578 2578 1670 2627 XX,

747 2641 895 2678 Platina
912 2639 1038 2687 XXII,
1059 2638 1208 2691 Spond.
1227 2644 1266 2676 et
1285 2637 1350 2675 alii
1361 2649 1458 2688 quos
1473 2634 1670 2686 sequimur

745 2697 842 2735 XXI
863 2701 1090 2735 numerant.
1135 2724 1138 2729 -
1582 2710 1586 2717 ·

801 2752 877 2790 Hic
901 2752 1047 2803 legatos
1069 2751 1120 2790 ad
1149 2749 1374 2789 michaelem
1402 2746 1671 2797 Palaeologum

748 2808 796 2847 ab
829 2809 1057 2848 Innocentio
1081 2807 1220 2861 quinto
1250 2806 1487 2856 destinatos,
1523 2803 1672 2856 episco-
