1846 3262
425 173 501 216 DE
536 172 815 217 MICHAELE
843 173 1225 218 PALAEOLOGO
1261 174 1309 218 L.
1344 172 1421 218 111.
1563 174 1659 221 183

186 292 246 348 τῷ
275 292 358 332 τῶν
386 284 641 343 Βουλγᾶρων
668 286 834 342 ἄρχοντι
861 288 1166 347 Κωνσταντίνῳ
1194 284 1463 343 συνοικούσης
1480 284 1661 344 Εῗρῆνης

184 358 243 413 μὴ
265 357 428 414 ἠρεμεῖν
448 354 579 412 ἐώσης
594 356 666 400 τὸν
685 355 857 412 σύζυγον
874 359 926 412 τῇ
942 355 1044 412 πρὸς
1060 356 1133 414 τὸν
1149 354 1422 411 βασιλεύοντα
1444 356 1659 418 ἀπεχθείᾳ.

184 425 319 485 κύκλῳ
349 431 448 483 γοῦν
478 430 561 469 τῶν
594 428 760 481 ἐχθρῶν
783 424 1147 480 παρακινουμένων
1180 429 1332 482 χρῆναι
1362 424 1654 483 φυλάσσεσθαι
1677 429 1706 463 Ρ
1733 431 1801 466 122

184 496 260 545 τὰς
290 496 492 545 ἐπιθέσεις
518 497 574 545 εἷς
606 494 704 538 ὅσον
731 490 933 546 δυνατόν,
968 495 1085 543 ι’δίως
1117 495 1162 536 δὲ
1183 495 1354 537 δεδιέναι
1375 497 1441 538 καὶ
1466 495 1564 546 τούς
1582 500 1658 550 τῆς

150 567 397 619 5βασιλίδος
413 564 560 620 ’Άννης
590 566 763 614 οῗκείους
791 561 847 613 ὥς
877 561 1051 616 ἑτοίμως
1071 561 1140 604 διὰ
1166 560 1323 618 ταύτην
1342 562 1551 613 κάκείνους
1570 571 1658 615 τοῖς

181 633 322 685 ἄλλοις
356 632 748 689 συνεξορμήσοντας.
818 633 853 675 εἰ
883 631 931 674 δέ
965 649 1004 674 τι
1034 633 1440 688 προμηθευσαίμεθα
1474 640 1656 689 κρεῖττον

180 703 323 758 καιρὸν
345 703 526 758 ἔχοντες,
563 702 620 757 μὴ
654 699 782 756 μόνον
812 699 992 757 ἐχθροὺς
1022 700 1197 751 ἐκείνους
1217 699 1324 743 ἀλλὰ
1343 694 1572 758 καῖᾳίλους
1590 719 1657 758 γε-

177 772 326 815 νέσθαι
341 805 355 825 ,
394 771 664 825 αἰδουμένους
695 770 743 813 τὸ
773 771 922 826 κῆδος,
959 770 1026 812 καὶ
1053 768 1151 812 κατ’
1175 768 1407 824 ἀγχιστείαν
1414 802 1430 823 ,
1465 771 1500 812 εἷ
1516 787 1656 813 συνοι-

177 844 343 895 κίσομεν
361 839 522 891 ἑαυτοῖς
541 840 618 895 τὴν
638 840 821 892 ἐκείνων,
860 839 1015 888 οἰκείως
1036 838 1140 896 πρὸς
1159 836 1270 894 ἡμᾶς
1293 837 1474 893 ἔχοντας.
1521 843 1654 882 ταῦτα

124 921 166 954 10
180 915 252 953 τοῦ
269 909 474 965 βασιλέως
500 908 801 963 βουλευομένου
825 909 892 951 καὶ
919 911 1166 964 σοφιστικῶς
1185 907 1373 963 λέγοντος
1393 907 1550 966 (ἔπειθε
1572 908 1652 967 γὰρ
1675 921 1704 956 Β

175 977 196 1022 ὅ
230 980 402 1022 ἐκκαίων
433 978 560 1033 ἔρως,
607 979 674 1020 καὶ
700 980 860 1031 μᾶλλον
887 976 1001 1034 παρὰ
1030 981 1106 1032 τῆς
1138 978 1356 1031 δεσποίνης
1370 975 1518 1030 ’Ἀννης
1539 995 1652 1033 περι-

173 1045 470 1105 φρονούμενος)
490 1045 515 1102 ἡ
536 1048 700 1100 βασιλὶς
731 1043 930 1101 Θεοδῶρα
960 1046 1180 1101 πυθομένη
1202 1049 1392 1101 χαλεπῶς
1420 1044 1522 1100 εἶχεν
1542 1046 1652 1102 ἐνέγ-

172 1135 265 1169 και,
304 1116 340 1158 εἰ
361 1115 553 1159 δέσποινα
570 1115 793 1170 ἐστεμμένη
817 1110 921 1158 οὖσα
943 1116 1010 1157 καὶ
1029 1117 1176 1171 γνησία
1197 1112 1323 1171 γυνή,
1361 1112 1435 1157 ὑπ’
1467 1115 1592 1171 ἀνδρί
1607 1133 1650 1158 τε

171 1190 230 1244 τῷ
255 1189 419 1239 βασιλεῖ
445 1189 622 1228 τεκοῧσα
649 1186 824 1236 παῖδας,
861 1185 928 1227 καὶ
955 1188 1119 1240 πρῶτον
1139 1184 1214 1238 μὲν
1233 1180 1504 1238 ἀποιχόμενον
1525 1183 1650 1227 ἄλλον

118 1264 159 1300 15
173 1255 245 1298 τὸν
279 1252 516 1309 Μανουήλ,
560 1252 647 1297 εἶτα
675 1255 720 1296 δὲ
740 1254 807 1296 καὶ
831 1252 904 1296 τὸν
931 1250 1125 1307 περιόντα
1138 1249 1417 1310 Ἀνδρόνικον,
1455 1251 1502 1296 ὃν
1525 1258 1651 1307 βασι-

169 1328 292 1373 λικῶς
311 1321 333 1366 ὅ
351 1323 489 1378 πατὴρ
510 1324 673 1380 τρέφοι,
711 1323 778 1365 καὶ
802 1324 940 1378 τρίτον
957 1321 1030 1365 τὸν
1049 1322 1113 1365 ἐπὶ
1135 1325 1209 1377 τῆς
1229 1319 1385 1372 πόλεως
1400 1323 1650 1378 γεννηθέντα

167 1392 241 1436 τὸν
259 1393 644 1448 πορφυρογέννητον
666 1394 997 1443 Κωνσταντῖνον,
1034 1395 1207 1433 τοιαῦτα
1224 1389 1357 1434 πάθοι
1375 1390 1642 1448 ἀπολειφθεΐ-
1669 1406 1699 1440 c

167 1478 248 1517 σα,
292 1465 542 1517 στερηθεΐσα
571 1461 647 1516 μέν
686 1464 761 1503 τοῦ
790 1459 941 1517 ἀνδρὸς
971 1464 1222 1516 στερηθεῖσα
1249 1460 1295 1503 δὲ
1323 1461 1391 1502 καὶ
1420 1464 1495 1516 τῆς
1523 1464 1644 1515 βασι-

166 1581 266 1627 garia
303 1585 415 1616 motus
429 1606 441 1624 ,
477 1579 567 1614 unde
600 1579 861 1614 Constantinum
893 1578 1083 1626 principem
1115 1578 1253 1614 assidue
1283 1578 1318 1613 in
1352 1591 1415 1614 nos
1437 1580 1648 1616 stimulatum

166 1627 413 1663 ardentissimis
439 1625 717 1671 instigationibus
748 1627 869 1661 Irenes
890 1626 1047 1668 coniugis
1074 1625 1174 1660 nobis
1193 1625 1409 1671 perinfensae
1432 1628 1555 1661 minari
1579 1639 1644 1662 au-

166 1674 276 1709 dimus
298 1673 520 1719 irruptionem
543 1673 580 1706 in
611 1677 725 1707 terras
747 1677 885 1707 nostras
907 1683 970 1717 per
994 1671 1191 1706 Thraciam.
1237 1671 1271 1706 in
1302 1676 1401 1706 tanta
1432 1673 1645 1708 multitudine

164 1727 201 1755 et
223 1720 319 1754 rabie
340 1718 561 1754 coorientium
584 1718 620 1752 in
643 1730 705 1753 nos
729 1729 771 1752 ex
787 1718 877 1753 omni
901 1718 1026 1752 circum
1050 1721 1151 1764 parte
1174 1716 1458 1752 ferocissimorum
1482 1719 1643 1763 hostium,

162 1766 242 1811 quis
265 1777 332 1800 non
354 1765 452 1800 videt
475 1764 705 1799 consulturum
729 1764 850 1810 utique
877 1764 1132 1798 circumventae
1153 1763 1302 1809 undique
1325 1764 1559 1810 reipublicae,
1582 1766 1642 1820 qui

162 1812 300 1847 dederit
320 1822 459 1857 operam
482 1822 621 1845 numero
645 1822 763 1845 eorum
784 1810 962 1845 minuendo
984 1810 1188 1856 quibusdam
1207 1814 1269 1845 aut
1290 1810 1334 1845 ad
1358 1816 1507 1846 nostram
1530 1822 1643 1846 socie-

161 1863 269 1893 tatem
292 1856 505 1892 attrabendis
528 1860 590 1891 aut
612 1869 633 1892 a
657 1857 822 1891 communi
846 1862 941 1891 certe
965 1857 1106 1891 aliorum
1131 1856 1383 1902 conspiratione
1407 1857 1642 1892 abducendis?

160 1905 228 1939 iam
257 1904 341 1938 inud
373 1903 460 1938 satis
498 1908 654 1947 constat,
686 1903 723 1937 in
756 1903 876 1949 primis
906 1903 1106 1938 Latinorum
1136 1903 1266 1937 ditione
1300 1913 1340 1936 ac
1371 1902 1407 1936 vi
1430 1903 1640 1946 bellicayim-

161 1950 343 1997 peratricis
368 1951 486 1984 Annae
510 1954 674 1994 cognatos
696 1949 879 1984 numerari.
929 1961 1031 1995 porro
1066 1949 1153 1983 istos
1174 1948 1406 1984 communione
1429 1950 1573 1984 nominis
1597 1963 1639 1984 ac

161 1997 297 2042 generis
319 1996 406 2031 satis
429 2007 492 2042 per
515 2007 554 2030 se
578 2007 703 2041 pronos
739 1997 773 2030 in
796 1999 915 2041 partes
947 1995 1093 2030 hostium
1118 2000 1311 2030 nostrorum
1334 1995 1495 2041 propriae
1518 1997 1552 2030 in
1576 2008 1639 2031 nos

160 2043 296 2078 saevius
329 2042 586 2077 commovebunt
615 2053 762 2083 causae,
790 2042 999 2087 repetendae
1021 2041 1303 2087 reducendaeque
1336 2043 1469 2076 domum
1493 2054 1638 2077 consan-

161 2089 306 2135 guineae
338 2093 513 2123 matronae
542 2089 640 2134 quasi
671 2088 831 2123 detentae
865 2100 887 2123 a
922 2087 1027 2123 nobis.
1049 2087 1187 2132 indigna
1210 2088 1365 2122 custodia
1382 2112 1391 2126 ‚
1415 2088 1480 2122 nisi
1504 2094 1638 2123 mature

159 2146 404 2180 praecavemus
426 2140 464 2169 et
494 2146 536 2168 ex
569 2135 646 2179 ipsa
678 2134 757 2169 mali
787 2146 892 2169 eausa
923 2133 1108 2169 remedium
1141 2134 1356 2179 quaerimus,
1379 2135 1583 2180 tempestiva
1605 2134 1636 2169 si

159 2193 306 2226 unquam
341 2181 511 2215 affinitate
543 2181 795 2223 contrahenda,
825 2192 895 2226 qua
932 2180 1198 2227 propinquorum
1230 2179 1386 2214 dominae
1420 2181 1536 2215 Annae
1567 2191 1635 2215 non

159 2227 267 2261 solum
298 2233 515 2261 exat-meatur
543 2226 617 2262 irae
651 2226 795 2262 sublatis
840 2227 1023 2262 incentivis
1061 2226 1238 2270 odiorum,
1270 2226 1332 2260 sed
1366 2225 1469 2261 etiam
1502 2237 1635 2261 amores

159 2273 356 2318 auxiliaque
378 2273 617 2315 concilientur,
655 2278 819 2319 tanquam
848 2274 966 2318 utique
988 2272 1188 2318 propinquis
1219 2276 1255 2305 et
1277 2272 1528 2307 necessitudine
1551 2284 1634 2307 con-

158 2318 253 2353 nubii
279 2330 355 2353 cum
378 2330 497 2353 sorore
529 2319 701 2354 Manfredi
737 2319 875 2364 filiaque
908 2318 1080 2353 Friderici
1112 2319 1178 2352 iam
1201 2319 1301 2363 quasi
1322 2318 1516 2354 domesticis
1537 2319 1632 2364 ipso-

157 2377 244 2400 rum.
291 2364 375 2399 talia
405 2375 545 2399 versare
578 2365 689 2400 animo
719 2377 762 2399 ac
791 2365 989 2411 sophisticis
1014 2365 1195 2399 honestare
1218 2363 1335 2398 conari
1357 2365 1545 2400 rationibus
1566 2365 1631 2399 im-

156 2415 352 2458 peratorem
376 2411 495 2456 (prout
526 2411 689 2455 adigebat
721 2412 814 2445 inum
848 2423 994 2445 exurens
1014 2411 1133 2445 intime
1162 2421 1331 2445 vaesanus
1352 2421 1467 2453 amor,
1494 2410 1630 2446 irrideri

155 2469 233 2492 sese
257 2468 278 2491 a
302 2457 435 2491 domina
456 2459 554 2490 Anna
576 2461 612 2491 et
635 2469 725 2492 vana
747 2458 883 2492 obiecta
904 2457 1051 2500 imagine
1073 2467 1244 2503 nunquam
1267 2456 1458 2492 successuri
1481 2456 1629 2502 coniugii

155 2503 271 2537 deludi
294 2515 362 2538 non
385 2504 606 2546 sentientem)
629 2504 769 2538 audiens
791 2506 949 2548 Augusta
970 2501 1158 2537 Theodora
1179 2502 1357 2546 graviter,
1381 2508 1419 2538 ut
1442 2508 1518 2538 erat
1544 2515 1628 2538 con-

154 2555 371 2591 sentaneum,
394 2549 485 2584 tulit.
531 2560 634 2595 quam
656 2549 743 2584 enim
764 2549 1013 2584 intolerandum
1036 2548 1260 2583 contumeliae
1286 2560 1394 2594 genus
1417 2550 1493 2585 sore
1515 2561 1553 2584 se
1579 2550 1629 2583 le-

153 2596 308 2639 gitimam
332 2596 525 2641 coniugem,
555 2607 644 2641 quae
667 2596 741 2630 viro
763 2595 962 2641 imperatori
992 2598 1066 2630 tres
1098 2605 1210 2629 mares
1243 2595 1453 2640 peperisset,
1485 2596 1627 2641 primum
1666 2616 1680 2621 -ν

153 2642 345 2676 Manuelem
384 2643 456 2676 fato
486 2644 727 2688 praereptum,
768 2643 911 2676 alterum
943 2641 1172 2676 Andronicum
1202 2640 1421 2686 superstitem
1438 2667 1448 2683 ‚
1479 2641 1574 2686 regie
1605 2652 1628 2676 a

152 2693 253 2732 patre
276 2688 482 2732 educatum,
507 2687 646 2722 tertium
663 2713 675 2730 ‚
697 2698 741 2721 ex
764 2698 831 2733 quo
856 2687 1184 2734 Constantinopolim
1213 2687 1465 2732 migraverant,
1488 2689 1537 2722 ibi
1563 2698 1627 2722 na-

152 2741 224 2768 tum
258 2734 296 2768 in
330 2746 484 2780 purpura
498 2759 509 2777 ‚
549 2734 810 2768 Constantinum
823 2759 833 2776 ‚
868 2733 946 2768 inde
979 2733 1312 2780 Porphyrogenitum
1340 2733 1625 2778 cognominatum,

152 2782 232 2832 post
258 2784 357 2815 tanta
378 2782 502 2815 merita
527 2781 648 2815 nullius
670 2783 875 2826 compertam
907 2781 1029 2826 culpae
1063 2792 1101 2814 re
1126 2779 1262 2824 udiari,
1290 2779 1530 2820 exauctorari,
1552 2779 1627 2818 viro

151 2825 294 2871 imperio
319 2827 448 2862 honore
473 2827 563 2863 omni
586 2827 756 2874 privatam
793 2826 915 2870 abiici‚
947 2832 986 2862 et
1007 2838 1106 2862 aemu
1203 2826 1240 2860 in
1266 2825 1376 2861 locum
1399 2831 1499 2860 suum
1518 2825 1627 2860 intru-
