1884 3262
701 200 889 247 111111-
929 188 1134 250 Noms,
1549 201 1651 248 681⁷

188 312 230 350 in
249 317 428 350 extremo
449 310 672 350 discrimine
690 324 753 351 res
773 310 912 350 Asanis
930 317 971 350 et
985 311 1246 364 Bulgarorum
1262 315 1404 362 essent,
1420 323 1519 363 quos
1536 323 1588 351 ne
1606 311 1650 351 in

187 368 321 407 Isaacii
332 368 497 420 Augusti
514 374 746 420 potestatem
761 382 856 407 mox
872 369 1057 407 venirent
1072 369 1181 406 nulla
1199 381 1263 406 res
1278 368 1488 420 prohibere
1503 368 1651 408 huma-

186 424 296 463 nitus
320 431 499 476 poterat,
526 426 649 464 exisse
669 426 719 463 ab
737 425 836 464 urbe
852 425 1006 463 obsessa
1027 425 1225 476 quendam
1249 425 1376 477 specie
1393 426 1648 477 transfugam,

186 481 257 532 qui
290 481 443 534 trepide
469 482 700 533 imperatori
726 481 929 520 nuntiaret
951 495 1048 520 mox
1076 482 1304 533 irrupturos
1326 482 1370 520 in
1399 482 1482 520 eius
1519 488 1652 521 castra.

185 538 360 576 maximo
378 551 543 577 numero
563 538 750 589 Scythas;
783 551 861 588 quo
881 538 946 576 ille
965 537 1111 576 indicio
1130 538 1334 589 perculsus
1350 544 1468 576 nocte
1486 544 1652 590 repente

186 594 428 634 obsidionem
446 595 601 633 solvens
618 596 716 646 fugit
735 594 784 633 ab
805 594 950 646 oppido
971 594 1160 646 postridie
1181 594 1387 643 dedendo,
1416 601 1457 633 et
1474 595 1651 635 eiusdem

184 651 404 703 proditoris
429 651 547 689 etiam
573 651 619 691 in
648 652 760 702 fugae
785 651 852 689 via
874 651 1082 690 consilium
1106 650 1404 690 fraudulentum
1423 664 1588 702 sequens
1608 664 1651 690 se

186 720 355 758 suosque
382 708 550 746 coniecit
577 710 619 747 in
650 707 867 760 angustias,
895 707 966 747 ubi
989 721 1084 746 mox
1111 707 1273 759 plurimi
1301 720 1325 744 a
1351 709 1486 758 paucis
1511 708 1651 747 misere

187 764 363 816 oppressi
385 771 481 803 sunt
497 764 692 816 Bulgaris,
722 764 790 815 qui
811 777 861 802 ex
882 764 1100 816 composito
1117 764 1159 803 in
1179 764 1469 803 circumventos
1487 765 1651 803 irruen-

185 826 246 858 tes
263 822 460 859 Romanos
479 821 686 872 plerosque
703 821 888 870 caedunt,
913 821 1151 873 imperatore
1173 834 1263 859 cum
1283 835 1364 859 non
1383 821 1516 859 multis
1536 834 1649 872 aegre

186 889 227 915 se
242 877 284 915 in
304 883 439 916 tutum
455 878 686 930 recipiente,
718 878 825 916 omni
844 883 1038 929 apparatu
1068 883 1108 915 et
1131 877 1385 929 imperatoria
1415 878 1648 929 supellectili

184 933 366 973 hostibus
384 934 535 973 relicta.
593 935 636 975 οἱ
651 933 715 985 δέ,
743 934 798 972 ait
815 934 1061 1003 Acropolita,
1091 933 1357 982 διασωθέντες
1372 932 1467 986 μετοὶ
1484 937 1559 974 τοῦ
1576 936 1648 987 βα-

185 989 324 1039 σιλέως
347 991 494 1059 γυμνοί
522 1005 564 1032 τε
592 986 698 1043 ἦσαν
724 990 795 1031 καὶ
821 986 948 1044 ὀλίγοι
973 986 1096 1030 πάνυ.
1153 990 1346 1030 ἐντεῦθεν
1366 987 1578 1042 ἐφυσιῶθη
1599 1007 1643 1032 το

183 1049 266 1087 ταῖν
293 1044 536 1116 Βουλγᾶρων
565 1050 701 1098 φῦλον
721 1045 833 1087 λείαν
858 1045 1012 1099 πολλην
1039 1046 1082 1087 ἐκ
1105 1048 1186 1086 τῶν
1210 1045 1410 1112 Ῥωμαίων
1429 1048 1645 1112 κερδῆσαν,

183 1099 285 1143 duo?
311 1101 363 1155 δὴ
385 1102 454 1143 καὶ
475 1102 520 1144 ἐκ
539 1106 623 1144 ταῖν
648 1105 867 1171 βασιλικῶν
890 1098 1141 1155 παρασήμων
1168 1118 1218 1143 τα
1240 1098 1478 1170 τιμιώτερα·
1507 1099 1580 1150 τοὶς
1601 1117 1644 1145 τε

182 1157 258 1212 yolo
277 1162 354 1200 τοῦ
371 1158 565 1212 βασιλέως
582 1161 811 1214 πυραμίδας
827 1155 1068 1227 α’νελάβοντο
1085 1158 1155 1199 καὶ
1171 1155 1321 1210 φιάλας
1336 1162 1419 1200 τῶν
1434 1155 1644 1226 ἐπισήμων

181 1215 252 1256 καὶ
279 1219 410 1270 χρῆμα
439 1216 497 1264 εἰς
521 1219 684 1268 πλῆθος
712 1216 780 1256 καὶ
813 1211 938 1256 αὐτόν
969 1213 1020 1268 δή
1043 1213 1114 1256 τόν
1143 1213 1354 1280 βασιλικὸν.
1370 1211 1545 1269 σταυρόν
1565 1222 1643 1256 etc.

180 1271 279 1310 haec
297 1278 391 1312 sunt
409 1286 509 1323 quae
524 1279 659 1311 noster
676 1272 742 1313 hic
758 1278 878 1311 vocat
896 1274 991 1323 ips-a
1007 1273 1191 1323 insignia
1210 1273 1382 1323 imperii.
1436 1272 1479 1310 in
1499 1271 1643 1322 quibus

182 1329 292 1380 quod
320 1326 391 1377 τοὶς
417 1331 494 1369 τοῦ
522 1329 713 1383 βασιλέως
742 1329 968 1381 πυραμίδας
989 1330 1245 1379 imperatoris
1258 1327 1496 1380 pyramides·
1512 1329 1643 1367 Acro-

180 1385 304 1438 polita
322 1391 527 1436 numerat,
558 1387 686 1425 lucem
706 1386 847 1437 accipit
867 1398 918 1423 ex
932 1385 1007 1423 alio
1025 1386 1107 1423 eius
1124 1384 1234 1434 loco,
1262 1385 1366 1423 Hist.
1386 1398 1421 1426 0.
1439 1383 1495 1427 40
1512 1399 1551 1437 p.
1569 1387 1640 1434 36,

180 1442 248 1480 ubi
267 1442 315 1479 de
333 1441 543 1481 Theodoro
564 1442 739 1494 Angelo
730 1442 882 1494 imperii
900 1441 1063 1493 insignia
1085 1441 1306 1509 deponente
1330 1441 1386 1479 sic
1408 1440 1562 1480 scribit:
1590 1457 1640 1481 τα

182 1496 256 1551 μὲν
280 1496 357 1552 γᾶρ
386 1496 540 1568 ἐρυθρὰ
565 1499 705 1540 πέδιλα
733 1471 997 1566 ιπῖπεβιᾱὶλλετᾹο
1003 1514 1072 1538 και
1099 1496 1173 1550 τήν
1197 1499 1493 1567 περιμὰργαρον
1511 1513 1642 1551 πυρα·-

181 1555 297 1607 μίδα,
335 1554 393 1603 εἰς
427 1553 481 1606 ἣν
513 1555 581 1596 καὶ
608 1558 726 1603 λίθος
754 1551 1033 1606 ὖπερκᾶθηται
1064 1551 1270 1603 κόκκινος,
1301 1551 1485 1607 βασιλικα
1516 1557 1643 1595 ταῦτα

181 1608 373 1663 συμβολα.
428 1611 505 1650 1100
524 1618 584 1650 est
599 1626 649 1650 ex
666 1625 738 1651 ver
740 1613 847 1650 sione
867 1611 1079 1649 doctissimi
1095 1611 1340 1662 interpretis:
1368 1625 1544 1663 namque
1568 1625 1644 1649 ru·-

179 1667 244 1706 bri
259 1669 386 1706 calcei
402 1667 576 1717 dimissi,
599 1676 636 1707 et
656 1668 877 1707 unionibus
893 1670 1148 1705 interstincta
1159 1668 1360 1719 pyramis,
1380 1681 1502 1719 super
1519 1680 1643 1720 quam

181 1724 291 1775 Iapis
309 1725 458 1764 rubeus
480 1726 679 1764 emicabat
690 1756 703 1776 ,
733 1739 838 1780 quae
853 1726 1143 1777 imperatorum
1163 1725 1349 1776 insignia
1363 1731 1473 1764 sunt.

297 1821 331 1849 c.
358 1811 412 1851 10
438 1814 478 1847 et
510 1810 576 1850 11.
634 1809 747 1857 Quae
773 1807 840 1847 1110
862 1814 1080 1848 narrantur
1107 1808 1155 1847 de
1181 1809 1308 1848 Vecco
1335 1808 1458 1847 libere
1483 1820 1642 1847 causam

179 1876 399 1916 pauperum
421 1865 567 1903 iniuste
598 1879 876 1918 oppressorum
908 1871 1045 1917 agente
1072 1879 1163 1904 cum
1188 1865 1389 1916 Augusto,
1430 1878 1454 1903 a
1486 1878 1566 1914 quo
1595 1876 1642 1902 ea

181 1921 383 1960 occasione
413 1921 576 1975 pessime
610 1922 880 1971 tractabatur,
915 1922 1046 1975 palam
1077 1922 1295 1960 ostendunt
1332 1934 1452 1972 quam
1482 1921 1549 1959 ille
1576 1920 1641 1959 vir

180 1977 330 2016 alienus
362 1978 411 2015 ab
442 1979 548 2017 omni
576 1979 801 2019 adulatione
825 1979 965 2028 fuerit,
994 1984 1035 2017 et
1054 1992 1172 2029 quam
1193 1985 1346 2018 certum
1363 1978 1436 2027 sit,
1466 1990 1511 2015 ea
1538 1988 1641 2028 quae

179 2047 254 2087 pro
282 2035 442 2074 ecclesia
467 2041 607 2074 contra
632 2037 802 2075 Graecos
825 2034 1092 2074 schismaticos
1110 2035 1186 2086 egit
1206 2034 1312 2072 dixit
1330 2034 1507 2085 scripsit,
1534 2045 1640 2084 pur-

181 2095 269 2139 gata
294 2090 422 2130 videri
446 2091 589 2131 debere
620 2106 642 2130 a
670 2091 887 2145 suspicione
913 2091 994 2130 fuci
1017 2105 1063 2128 ac
1087 2090 1248 2130 fraudis.
1306 2089 1354 2128 de
1382 2088 1639 2142 stauropegiis

182 2146 267 2186 fuse
287 2147 435 2198 agimus
450 2148 495 2186 in
514 2148 730 2198 Glossariu,
761 2148 831 2186 ubi
849 2153 890 2187 et
905 2147 996 2187 vide
1018 2147 1066 2185 de
1086 2148 1151 2185 Col
1155 2146 1241 2199 ybis
1262 2145 1399 2198 capitis
1419 2149 1482 2188 12.

292 2243 333 2283 p.
348 2230 431 2274 458
450 2243 490 2270 v.
504 2235 570 2274 13.
626 2246 688 2269 me
712 2234 953 2284 neuttquam
977 2245 1196 2283 passurum
1222 2229 1326 2268 addc·
1357 2229 1536 2282 symbolo
1560 2235 1635 2269 etc.
1657 2233 1686 2268 Ρ
1709 2233 1775 2270 478

181 2299 385 2337 nunquam
405 2294 620 2339 exegerunt
641 2289 767 2327 Latini
786 2303 809 2327 a
828 2290 883 2326 G1
886 2289 985 2326 aecis
1003 2294 1051 2326 ut.
1070 2287 1305 2340 particulam
1330 2293 1370 2325 et
1383 2300 1458 2339 ipsi
1446 2286 1636 2341 filioque

183 2343 360 2393 s3n1bolo
380 2344 550 2383 Nicaeno
569 2344 780 2394 adderent,
809 2345 928 2384 modo
951 2344 1099 2382 fidem
1089 2358 1210 2396 ipsam
1228 2343 1485 2396 processionis
1498 2342 1637 2382 Sancti

181 2399 351 2449 Spiritus
370 2412 420 2438 ex
438 2406 552 2453 patre
570 2407 610 2439 et
624 2401 706 2440 filio
728 2407 922 2449 teneient,
949 2406 990 2438 et
1008 2395 1225 2439 Romanam
1243 2400 1443 2438 ecclesiam
1462 2401 1637 2438 fateren-

181 2461 251 2492 tur
270 2469 350 2494 non
367 2469 545 2508 peccasse
565 2471 656 2498 cum
683 2457 735 2496 ad
753 2457 1032 2497 declarandum
1059 2457 1277 2509 expressius
1306 2456 1444 2508 dogma
1464 2456 1636 2495 verbum

180 2511 282 2549 illud
299 2513 475 2566 filioque
500 2514 676 2566 symbolo
715 2515 883 2554 addidit.
946 2512 1045 2552 11300
1073 2514 1153 2552 (1110
1182 2513 1215 2552 si
1244 2519 1445 2566 praestent
1463 2542 1475 2562 ‚
1515 2512 1584 2563 qui
1613 2525 1636 2548 e

181 2567 389 2607 schismate
417 2570 658 2610 Graecorum
684 2571 876 2619 redeunt,
915 2569 1016 2608 nihil
1051 2570 1158 2609 aliud
1195 2570 1244 2609 ab
1267 2570 1316 2608 iis
1351 2568 1635 2621 requirendum

180 2626 312 2663 sanxit
341 2626 456 2664 etiam
479 2627 655 2667 Clemens
669 2627 771 2676 VIII,
800 2627 911 2666 cuius
937 2639 983 2664 ea
1008 2626 1057 2665 de
1082 2639 1127 2666 re
1152 2627 1357 2667 decretum
1386 2625 1546 2664 memini
1570 2635 1634 2661 me

180 2680 307 2732 legere
324 2683 432 2734 apud
449 2683 704 2723 Possevinum
720 2685 764 2723 in
782 2683 999 2735 Apparatu.
1043 2683 1135 2722 vide
1151 2697 1251 2734 quae
1267 2683 1446 2734 superius
1462 2686 1634 2718 annota-

181 2737 312 2776 vimus
331 2738 383 2777 ad
397 2753 430 2778 c.
451 2743 501 2781 11
521 2740 548 2778 l.
570 2740 608 2783 5.
663 2740 763 2779 nihil
781 2753 872 2792 ergo
897 2740 1041 2779 mirum
1059 2741 1092 2779 si
1114 2740 1283 2779 Michsel
1297 2740 1514 2789 imperator
1532 2749 1633 2788 gna-

182 2805 252 2830 rus
277 2795 374 2850 quid.
392 2808 486 2836 vere
507 2796 636 2836 Latini
661 2802 864 2849 peterent,
894 2802 934 2835 et
953 2796 1093 2836 videns
1120 2797 1249 2849 spargi
1275 2809 1299 2832 a
1319 2792 1600 2833 schismaticis
1588 2805 1633 2830 m

182 2846 375 2901 Populum
398 2866 524 2894 vanos
547 2860 697 2906 metus,
743 2853 854 2906 quasi
878 2853 1055 2896 iussurus
1088 2853 1222 2894 statim
1255 2865 1358 2905 papa
1383 2851 1488 2890 soret
1512 2855 1561 2888 ut
1586 2849 1630 2887 in
