1884 3262
275 210 308 258 7
311 206 376 258 34
644 202 1349 256 2‘OBSERVRT2‘·1¹A⁷GHYMER.·
1380 212 1385 242 ἶ

276 320 441 360 alteram
465 318 781 359 conscenderunt
798 318 1014 360 Panaretus
1033 326 1072 359 et
1089 320 1336 363 Berrhoeota
1354 323 1444 361 cum
1466 323 1582 362 donis
1601 323 1732 375 impe-

246 413 248 415 ,
273 376 417 417 ratoris
435 376 484 413 ad
504 375 755 428 pontificem,
783 376 843 415 in·
841 377 971 416 altera
988 378 1069 417 duo
1089 376 1268 430 episcopi
1285 378 1377 417 cum
1396 379 1622 432 Acropolita
1642 382 1732 418 fue-

273 440 383 473 lunt.
442 432 564 470 altum
584 432 808 499 petierunt,
837 433 893 472 ait
917 435 1009 473 loco
1033 435 1195 473 laudato
1223 441 1360 473 noster
1387 448 1421 474 c.
1445 437 1544 478 211.
1559 439 1592 480 5
1621 440 1733 490 Κρο-

273 490 365 530 νίου
387 483 608 541 α’ρχομένου
626 485 761 542 μηνός
818 496 876 529 est
893 490 1002 533 haud
1030 491 1149 530 dubie
1173 490 1406 543 Pachymeri
1436 487 1607 543 Κρόνιος
1623 493 1734 532 Mar-

273 546 379 595 tius,
414 552 535 596 prout
563 552 624 584 est
650 545 769 585 huius
794 545 821 585 l.
850 560 885 587 c.
909 551 933 590 1
954 548 1282 588 demonstratum.
1340 548 1467 598 pergit
1482 548 1612 587 dicere
1632 563 1734 588 con-

274 603 448 641 flictatos
474 616 544 641 eos
567 616 707 654 parum
724 617 915 656 prospera
936 610 1170 655 tempestate
1191 604 1417 657 pervenisse
1444 605 1486 642 in
1507 605 1637 644 sinum
1660 607 1735 644 La-

277 659 482 708 conicum,
511 659 587 697 ubi
598 666 657 698 est
675 661 990 712 promontorium
1010 662 1170 712 Maleae,
1198 658 1390 715 λήγοντος
1403 663 1478 701 τοῦ
1492 658 1630 714 μηνός,
1656 660 1744 701 hoc*

278 723 337 754 est
355 715 490 754 eodem
514 730 645 755 mense
664 716 886 767 desinente,
915 718 1054 756 ultima
1075 718 1159 757 eius
1184 718 1351 757 decade:
1391 723 1530 756 notum
1556 725 1614 757 est
1631 718 1737 758 enim

279 773 451 811 Graecos
481 773 621 825 partili
650 787 802 813 menses
829 774 872 812 in
905 780 986 812 tres
1017 775 1197 814 decadas.
1255 775 1422 827 primam
1443 781 1590 813 vocant
1612 770 1744 829 doxa--

277 829 401 883 με’νου
436 829 520 868 sive
548 828 798 897 ἱσταμένου,
818 831 1031 870 secundam
1064 832 1302 884 μεσοῦντος,
1340 831 1496 869 tertiam
1514 831 1744 883 φθίνοντος’

277 901 311 925 ε’.
315 900 385 937 ve,
414 892 461 924 ut
476 886 543 924 hic
562 893 716 936 noster,
746 882 940 940 λήγοντος
965 885 1099 940 μηνός.
1158 888 1270 926 addit
1291 888 1345 926 ibi
1367 887 1590 926 vehementi
1607 887 1736 926 iacta-

276 950 337 982 tas
351 957 398 995 pi
400 943 521 981 ocella
540 944 720 982 triremes
738 943 870 982 ambas
893 945 1065 996 primum
1082 943 1308 983 dissociatas
1328 944 1370 984 vi
1386 945 1494 984 venti
1515 945 1647 995 fuisse,
1669 944 1737 983 de-

277 999 372 1039 inde
387 1001 548 1038 alteram
567 1000 738 1046 illarum,
768 1015 844 1051 qua
863 999 1077 1040 Panaretus
1100 1008 1138 1040 et
1158 1003 1255 1040 Ber-1
1257 1001 1400 1040 noeota
1419 1000 1629 1047 vehebant,
1659 1001 1745 1039 mi·

281 1070 368 1109 sere
391 1057 558 1095 fractam
577 1062 616 1095 et
641 1057 904 1108 submersam,
934 1058 1050 1096 aliam
1074 1059 1224 1096 salvam
1245 1059 1445 1111 appulisse
1461 1058 1511 1097 ad
1530 1057 1739 1097 Methonae

280 1106 463 1165 portum,
503 1110 625 1164 idque
655 1113 864 1165 contigisse
896 1113 1051 1171 πέμπτῃ
1083 1109 1256 1170 μεγαλῃ,
1297 1112 1376 1152 hoc
1395 1121 1454 1153 est
1480 1115 1578 1153 feria
1598 1114 1738 1166 quinta

280 1169 551 1209 hebdomadae
578 1169 759 1219 maioris,
796 1184 874 1221 qua
909 1184 1031 1209 coena
1058 1171 1210 1209 domini
1241 1171 1463 1210 celebratur
1489 1171 1537 1208 ab
1561 1171 1738 1212 ecclesia.

283 1240 333 1265 ex
354 1225 418 1264 his
437 1226 616 1276 oportuit
631 1224 701 1264 illo
733 1239 836 1264 anno
862 1225 1000 1264 feriam
1026 1228 1203 1278 quintam
1223 1227 1264 1264 in
1286 1242 1406 1265 coena
1425 1227 1575 1266 domini
1605 1241 1738 1267 mense

281 1281 425 1337 Martio
443 1282 586 1331 fuisse,
616 1288 654 1320 et
675 1282 835 1334 quidem
854 1281 988 1334 aliquo
1006 1283 1069 1321 die
1087 1283 1244 1322 decadis
1263 1283 1426 1322 ultimae
1453 1284 1596 1322 mensis
1611 1283 1740 1323 istius.

281 1353 365 1378 non
390 1338 522 1391 potuit
547 1336 615 1376 ille
639 1352 766 1377 annus
793 1352 875 1378 esse
901 1338 998 1378 alius
1029 1340 1077 1377 ab
1107 1354 1209 1378 anno
1231 1339 1375 1378 eluisti
1402 1340 1517 1378 iuxta
1537 1341 1740 1390 vulgarem

282 1409 411 1453 aelam
436 1396 553 1437 1273
611 1395 862 1434 manifestum
881 1395 960 1434 hoc
983 1403 1040 1434 est
1056 1410 1104 1435 ex
1123 1397 1221 1435 serie
1243 1402 1491 1435 narratarum
1508 1396 1584 1435 hac
1603 1395 1741 1436 histo-

280 1448 340 1492 ria
366 1465 511 1491 rerum.
569 1465 662 1490 nam
688 1452 888 1504 superi01i
914 1451 1061 1491 Christi
1082 1457 1191 1496 1272
1220 1453 1353 1506 coepit
1367 1454 1502 1492 sedere
1525 1453 1740 1504 Gregorius

281 1506 334 1559 X,
357 1508 426 1560 qui
448 1509 598 1562 primus
623 1509 863 1548 mentionem
883 1509 1121 1548 concordiae
1136 1510 1346 1559 intulerat,
1374 1516 1585 1563 postquam
1604 1510 1647 1548 in
1666 1511 1743 1562 Sy..

281 1565 343 1617 ria
365 1566 536 1603 electum
556 1578 596 1604 se
618 1567 816 1604 absentem
831 1580 853 1603 a
875 1563 1150 1605 cardinalibus
1169 1567 1366 1618 cognovit.
1422 1566 1589 1606 deinde
1577 1580 1655 1605 iam
1675 1581 1742 1605 co-

281 1629 448 1662 lonatus
477 1620 626 1673 legatos
649 1623 1034 1676 Constantinopolim
1051 1623 1107 1662 ad
1134 1624 1177 1662 id
1200 1623 1398 1675 negotium
1420 1624 1642 1675 urgendum
1664 1623 1742 1662 mi-

283 1677 399 1717 serat.
455 1677 497 1716 hi
517 1685 677 1718 strenue
702 1694 786 1719 rem
816 1686 1001 1731 egerunt,
1030 1694 1106 1732 pro
1139 1680 1247 1720 virili
1270 1681 1446 1731 Augusto
1477 1685 1740 1733 cooperante3

286 1748 388 1791 quae
418 1736 649 1774 reseruntur
679 1734 758 1774 hoc
785 1736 889 1776 libro
918 1751 938 1775 a
967 1751 1001 1777 c.
1032 1741 1080 1780 11
1111 1737 1163 1776 ad
1193 1739 1257 1779 17.
1323 1735 1421 1776 haec
1455 1751 1603 1776 annum
1626 1737 1744 1775 facile

286 1791 468 1843 Gregorii
494 1795 529 1842 1,
554 1792 699 1831 Christi
724 1796 844 1843 1272,
858 1795 1132 1846 expleverunt.
1170 1793 1374 1846 dispositis
1387 1799 1602 1846 utcumque
1618 1794 1744 1832 omni-

284 1847 360 1887 bus
388 1861 439 1887 ex
464 1855 577 1899 parte
611 1850 851 1888 Graecorum
870 1847 991 1889 »missi
1019 1857 1114 1889 sunt
1139 1851 1277 1902 legati,
1315 1849 1366 1889 de
1400 1850 1544 1902 quibus
1577 1850 1742 1901 agimus,

286 1906 393 1943 circa
420 1904 579 1943 initium
601 1906 716 1954 anni,
748 1905 942 1957 Gregmii
957 1906 1214 1945 Pontificatus
1234 1906 1418 1957 secundi,
1449 1906 1596 1946 Christi
1600 1879 1743 1949 t,1273-

285 1974 361 2000 nec
393 1961 545 1999 tardius
579 1966 817 2013 potuerunt:
857 1959 908 2000 ali
896 1963 1001 2014 ioqui
1041 1963 1272 2014 Gregorium
1298 1977 1380 2001 non
1409 1963 1650 2016 reperissent
1664 1963 1744 2001 Ro.

291 2031 403 2067 mae,
434 2017 502 2068 qui
519 2014 598 2055 hoc
626 2032 730 2056 anno
750 2018 843 2056 inde
873 2018 1053 2058 discessit
1074 2031 1210 2058 versus
1235 2019 1432 2070 Galliam,
1459 2025 1506 2058 ut
1533 2019 1590 2058 ibi
1606 2019 1746 2058 conci-

290 2070 388 2112 lium
419 2074 714 2112 oecumenicum
748 2074 928 2125 Lugduni
963 2075 1190 2115 celeb1a1et
1246 2076 1425 2115 habitum
1451 2075 1495 2114 id
1527 2076 1744 2114 concilium

151 2134 182 2171 P
206 2134 272 2170 519
297 2137 355 2170 est
373 2144 477 2168 anno
500 2131 679 2182 sequenti
694 2130 842 2170 Christi
865 2132 987 2183 1274,
1017 2138 1219 2184 praesente
1234 2132 1319 2171 illic
1335 2132 1548 2185 pontifice,
1579 2139 1618 2171 et
1633 2132 1745 2183 lega-

290 2186 341 2226 tis
370 2187 615 2226 Graecorum
644 2188 722 2226 iam
749 2202 841 2226 cum
874 2189 1041 2227 ecclesia
1070 2190 1245 2228 Remana
1274 2189 1577 2228 conciliatorum
1596 2188 1744 2228 ibidem

293 2244 624 2296 comparentibus.
681 2257 781 2295 quae
803 2245 1030 2284 conciliatio
1059 2260 1149 2285 cum
1173 2260 1244 2299 per
1274 2246 1379 2284 hanc
1407 2245 1638 2297 legationem
1656 2259 1745 2297 per-

291 2307 444 2353 petrata
463 2300 608 2347 suerit,
638 2301 800 2340 evidens
818 2308 878 2340 est
892 2316 980 2341 eam
996 2303 1108 2355 prius
1129 2303 1278 2341 obitam
1298 2305 1336 2341 et'
1349 2302 1615 2341 renuntiatam
1637 2303 1745 2340 Con-

290 2357 552 2409 stantinopoli
584 2357 707 2396 fuisse
749 2371 866 2409 quam
902 2373 1012 2397 sacra
1047 2360 1225 2412 synodus
1257 2359 1440 2409 Lugduni
1473 2359 1754 2400 inchoaretur&

292 2413 459 2464 quadrat
481 2419 611 2452 autem
632 2414 750 2453 unice
769 2415 819 2453 ad.
843 2414 920 2453 hoc
941 2415 1071 2468 ipsum
1099 2416 1302 2455 character
1323 2415 1402 2454 hoc
1428 2416 1517 2454 loco
1545 2416 1744 2454 indicatus

291 2469 415 2508 seriae
443 2470 602 2520 quintae
630 2471 787 2509 maioris
812 2471 1080 2511 hebdomadae
1104 2473 1318 2511 incidentis
1347 2472 1391 2510 in
1422 2471 1744 2524 postremos‘dies

292 2526 455 2573 Martii,
495 2526 692 2578 siquidem
721 2527 788 2566 hic
826 2542 950 2567 annus
985 2528 1130 2568 Christi
1169 2532 1276 2572 1273
1313 2529 1390 2567 fuit
1419 2527 1576 2580 periodi
1618 2527 1745 2567 Iulia*

293 2596 366 2621 nae
395 2581 530 2630 5986,
570 2584 728 2634 cyclum
760 2585 855 2623 solis
885 2585 1033 2624 habens
1070 2589 1148 2634 22,
1186 2585 1344 2636 cyclum
1384 2599 1480 2624 vero
1514 2585 1632 2623 lunae
1658 2584 1743 2623 sive

293 2652 455 2677 aureum
484 2651 689 2677 numerum
714 2644 761 2691 2,
792 2641 948 2680 literam
981 2642 1253 2681 dominicalem
1289 2642 1343 2689 A3
1383 2654 1483 2693 quae
1512 2647 1629 2680 notae
1665 2640 1744 2678 Pa-

292 2694 385 2733 scha
402 2695 508 2733 illius
538 2695 631 2733 anni
660 2696 838 2747 deligunt
868 2698 912 2736 in
935 2702 989 2742 26
1018 2699 1160 2738 Martii.
1213 2697 1292 2737 fuit
1312 2711 1402 2749 ergo
1423 2697 1520 2737 feria
1542 2697 1680 2748 quinta
1697 2696 1743 2734 in

293 2765 415 2790 coena
440 2751 590 2790 domini
623 2751 686 2790 die
713 2757 765 2795 23
794 2754 928 2793 Martii
965 2755 1155 2795 eiusdem.
1217 2767 1335 2806 quare
1371 2767 1495 2793 verax
1529 2759 1568 2792 et
1603 2758 1746 2792 exacta

295 2807 604 2860 deprehenditur
631 2807 816 2849 historici
850 2812 1025 2851 narratio
1057 2818 1098 2852 et
1131 2811 1386 2862 chronologia
1417 2815 1553 2850 nostra
1593 2808 1744 2848 confir-

293 2871 440 2905 matur.
1281 2889 1283 2891 .
