<?xml version="1.0" encoding="UTF-8"?>
<!DOCTYPE html PUBLIC "-//W3C//DTD XHTML 1.0 Transitional//EN"
    "http://www.w3.org/TR/xhtml1/DTD/xhtml1-transitional.dtd">
<html xmlns="http://www.w3.org/1999/xhtml" xml:lang="en" lang="en">
 <head>
  <title>
</title>
<meta http-equiv="Content-Type" content="text/html;charset=utf-8" />
  <meta name='ocr-system' content='tesseract 3.04.00' />
  <meta name='ocr-capabilities' content='ocr_page ocr_carea ocr_par ocr_line ocrx_word'/>
</head>
<body>
  <div class='ocr_page' id='page_1' title='image "./corpusscriptorum17niebuoft_0167.png"; bbox 0 0 1846 3262; ppageno 0'>
   <div class='ocr_carea' id='block_1_1' title="bbox 430 182 1642 232">
    <p class='ocr_par' dir='ltr' id='par_1_1' title="bbox 430 182 1642 232">
     <span class='ocr_line' id='line_1_1' title="bbox 430 182 1642 232; baseline 0 -1"><span class='ocrx_word' id='word_1_1' title='bbox 430 188 507 232; x_wconf 94' lang='lat' dir='ltr'><strong>DE</strong></span> <span class='ocrx_word' id='word_1_2' title='bbox 536 187 814 230; x_wconf 86' lang='lat' dir='ltr'><strong>MICHAELE</strong></span> <span class='ocrx_word' id='word_1_3' title='bbox 844 184 1222 231; x_wconf 88' lang='lat' dir='ltr'><strong>PALAEOLOGO</strong></span> <span class='ocrx_word' id='word_1_4' title='bbox 1253 186 1298 230; x_wconf 91' lang='lat' dir='ltr'><strong>L.</strong></span> <span class='ocrx_word' id='word_1_5' title='bbox 1326 185 1381 228; x_wconf 90' lang='grc' dir='ltr'><strong>Π.</strong></span> <span class='ocrx_word' id='word_1_6' title='bbox 1548 182 1642 231; x_wconf 87' lang='grc'><strong>149</strong></span> 
     </span>
    </p>
   </div>
   <div class='ocr_carea' id='block_1_2' title="bbox 100 299 1757 1740">
    <p class='ocr_par' dir='ltr' id='par_1_2' title="bbox 100 299 1757 1740">
     <span class='ocr_line' id='line_1_2' title="bbox 165 299 1692 361; baseline -0.003 -13"><span class='ocrx_word' id='word_1_7' title='bbox 165 310 252 354; x_wconf 76' lang='grc' dir='ltr'><strong><em>τοῖς</em></strong></span> <span class='ocrx_word' id='word_1_8' title='bbox 270 320 313 360; x_wconf 81' lang='grc' dir='ltr'><strong>γε</strong></span> <span class='ocrx_word' id='word_1_9' title='bbox 332 301 391 359; x_wconf 84' lang='grc' dir='ltr'><strong>μὴ</strong></span> <span class='ocrx_word' id='word_1_10' title='bbox 410 300 474 346; x_wconf 58' lang='lat' dir='ltr'><strong>{nl</strong></span> <span class='ocrx_word' id='word_1_11' title='bbox 490 299 626 361; x_wconf 78' lang='grc' dir='ltr'><strong><em>τούτῳ</em></strong></span> <span class='ocrx_word' id='word_1_12' title='bbox 645 301 720 358; x_wconf 86' lang='grc' dir='ltr'><strong>τὴν</strong></span> <span class='ocrx_word' id='word_1_13' title='bbox 740 300 869 356; x_wconf 80' lang='grc' dir='ltr'><strong><em>ἀρχὴν</em></strong></span> <span class='ocrx_word' id='word_1_14' title='bbox 890 299 1149 358; x_wconf 73' lang='grc' dir='ltr'><strong><em>ἀφιγμένοις,</em></strong></span> <span class='ocrx_word' id='word_1_15' title='bbox 1186 300 1292 350; x_wconf 75' lang='grc' dir='ltr'><strong><em>τινὲς</em></strong></span> <span class='ocrx_word' id='word_1_16' title='bbox 1321 303 1405 343; x_wconf 84' lang='grc' dir='ltr'><strong>τῶν</strong></span> <span class='ocrx_word' id='word_1_17' title='bbox 1428 300 1634 356; x_wconf 79' lang='grc' dir='ltr'><strong><em>ταχυδρο-</em></strong></span> <span class='ocrx_word' id='word_1_18' title='bbox 1658 309 1692 344; x_wconf 89' lang='lat' dir='ltr'>D</span> 
     </span>
     <span class='ocr_line' id='line_1_3' title="bbox 162 366 1641 428; baseline -0.003 -12"><span class='ocrx_word' id='word_1_19' title='bbox 162 371 351 428; x_wconf 78' lang='grc' dir='ltr'><strong><em>μούντων</em></strong></span> <span class='ocrx_word' id='word_1_20' title='bbox 368 373 433 415; x_wconf 79' lang='grc' dir='ltr'><strong><em>ἐπὶ</em></strong></span> <span class='ocrx_word' id='word_1_21' title='bbox 450 373 692 428; x_wconf 79' lang='grc' dir='ltr'><strong><em>συγχαρειάς</em></strong></span> <span class='ocrx_word' id='word_1_22' title='bbox 711 370 832 413; x_wconf 69' lang='grc' dir='ltr'><strong><em>ἔθεον</em></strong></span> <span class='ocrx_word' id='word_1_23' title='bbox 850 373 1064 424; x_wconf 79' lang='grc' dir='ltr'><strong><em>πανταχοῦ</em></strong></span> <span class='ocrx_word' id='word_1_24' title='bbox 1083 374 1179 426; x_wconf 80' lang='grc' dir='ltr'><strong><em>γῆς,</em></strong></span> <span class='ocrx_word' id='word_1_25' title='bbox 1212 366 1269 419; x_wconf 83' lang='grc' dir='ltr'><strong>ὥς</strong></span> <span class='ocrx_word' id='word_1_26' title='bbox 1289 366 1404 428; x_wconf 72' lang='grc' dir='ltr'><strong><em>ἁλῴη</em></strong></span> <span class='ocrx_word' id='word_1_27' title='bbox 1423 368 1641 425; x_wconf 77' lang='grc' dir='ltr'><strong><em>ἀγγελοῦν-</em></strong></span> 
     </span>
     <span class='ocr_line' id='line_1_4' title="bbox 164 435 1640 497; baseline -0.003 -12"><span class='ocrx_word' id='word_1_28' title='bbox 164 459 230 492; x_wconf 85' lang='grc' dir='ltr'><strong>τες</strong></span> <span class='ocrx_word' id='word_1_29' title='bbox 252 441 300 485; x_wconf 86' lang='grc' dir='ltr'><strong><em>τό</em></strong></span> <span class='ocrx_word' id='word_1_30' title='bbox 320 440 423 497; x_wconf 76' lang='grc' dir='ltr'><strong><em>μέγα</em></strong></span> <span class='ocrx_word' id='word_1_31' title='bbox 443 439 564 493; x_wconf 73' lang='grc' dir='ltr'><strong><em>ἄστυ,</em></strong></span> <span class='ocrx_word' id='word_1_32' title='bbox 601 438 757 497; x_wconf 78' lang='grc' dir='ltr'><strong><em>ἡμέρας</em></strong></span> <span class='ocrx_word' id='word_1_33' title='bbox 786 435 1002 495; x_wconf 75' lang='grc' dir='ltr'><strong><em>ἐπισήμου,</em></strong></span> <span class='ocrx_word' id='word_1_34' title='bbox 1041 438 1113 495; x_wconf 71' lang='grc' dir='ltr'><strong>ἐφ’</strong></span> <span class='ocrx_word' id='word_1_35' title='bbox 1138 436 1261 495; x_wconf 74' lang='grc' dir='ltr'><strong><em>ἑορτῇ</em></strong></span> <span class='ocrx_word' id='word_1_36' title='bbox 1281 442 1356 493; x_wconf 86' lang='grc' dir='ltr'><strong>τῆς</strong></span> <span class='ocrx_word' id='word_1_37' title='bbox 1381 435 1640 494; x_wconf 77' lang='grc' dir='ltr'><strong><em>θεομήτορος</em></strong></span> 
     </span>
     <span class='ocr_line' id='line_1_5' title="bbox 155 505 1639 566; baseline -0.003 -12"><span class='ocrx_word' id='word_1_38' title='bbox 155 510 327 566; x_wconf 82' lang='grc' dir='ltr'><strong><em>Ἄννης,</em></strong></span> <span class='ocrx_word' id='word_1_39' title='bbox 362 510 493 566; x_wconf 81' lang='grc' dir='ltr'><strong><em>μηνὸς</em></strong></span> <span class='ocrx_word' id='word_1_40' title='bbox 518 509 887 564; x_wconf 73' lang='grc' dir='ltr'><strong><em>Ἀνθεστηριῶνος,</em></strong></span> <span class='ocrx_word' id='word_1_41' title='bbox 926 506 1082 550; x_wconf 78' lang='grc' dir='ltr'><strong><em>ἀκονιτὶ</em></strong></span> <span class='ocrx_word' id='word_1_42' title='bbox 1117 507 1264 562; x_wconf 76' lang='grc' dir='ltr'><strong><em>σχεδὸν</em></strong></span> <span class='ocrx_word' id='word_1_43' title='bbox 1293 508 1360 550; x_wconf 77' lang='grc' dir='ltr'><strong><em>καὶ</em></strong></span> <span class='ocrx_word' id='word_1_44' title='bbox 1388 505 1445 556; x_wconf 81' lang='grc' dir='ltr'><strong>ὥς</strong></span> <span class='ocrx_word' id='word_1_45' title='bbox 1468 506 1543 550; x_wconf 80' lang='grc' dir='ltr'><strong><em>οὒκ</em></strong></span> <span class='ocrx_word' id='word_1_46' title='bbox 1564 506 1639 562; x_wconf 76' lang='grc' dir='ltr'><strong>ἤλ-</strong></span> 
     </span>
     <span class='ocr_line' id='line_1_6' title="bbox 131 568 1637 631; baseline -0.003 -8"><span class='ocrx_word' id='word_1_47' title='bbox 131 590 152 625; x_wconf 87' lang='grc'><strong>5</strong></span> <span class='ocrx_word' id='word_1_48' title='bbox 165 577 289 622; x_wconf 81' lang='grc' dir='ltr'><strong><em>πισάν</em></strong></span> <span class='ocrx_word' id='word_1_49' title='bbox 308 596 407 622; x_wconf 89' lang='grc' dir='ltr'><strong><em>ποτε</em></strong></span> <span class='ocrx_word' id='word_1_50' title='bbox 426 579 466 622; x_wconf 81' lang='grc' dir='ltr'><strong><em>οἶ</em></strong></span> <span class='ocrx_word' id='word_1_51' title='bbox 485 576 666 629; x_wconf 76' lang='grc' dir='ltr'><strong><em>ἁλόντες.</em></strong></span> <span class='ocrx_word' id='word_1_52' title='bbox 716 583 883 631; x_wconf 84' lang='grc' dir='ltr'><strong><em>σημεῖον</em></strong></span> <span class='ocrx_word' id='word_1_53' title='bbox 901 575 947 618; x_wconf 73' lang='grc' dir='ltr'><strong>δ’</strong></span> <span class='ocrx_word' id='word_1_54' title='bbox 970 575 1171 631; x_wconf 72' lang='grc' dir='ltr'><strong><em>ἀληθείας</em></strong></span> <span class='ocrx_word' id='word_1_55' title='bbox 1189 568 1273 618; x_wconf 83' lang='grc' dir='ltr'><strong>τῶν</strong></span> <span class='ocrx_word' id='word_1_56' title='bbox 1290 576 1516 631; x_wconf 83' lang='grc' dir='ltr'><strong><em>λεγομένων</em></strong></span> <span class='ocrx_word' id='word_1_57' title='bbox 1536 577 1637 619; x_wconf 74' lang='grc' dir='ltr'><strong><em>ἐκεί-</em></strong></span> 
     </span>
     <span class='ocr_line' id='line_1_7' title="bbox 164 643 1757 704; baseline -0.001 -13"><span class='ocrx_word' id='word_1_58' title='bbox 164 666 248 699; x_wconf 82' lang='grc' dir='ltr'><strong><em>νοις</em></strong></span> <span class='ocrx_word' id='word_1_59' title='bbox 271 644 322 704; x_wconf 79' lang='grc' dir='ltr'><strong><em>ἦν</em></strong></span> <span class='ocrx_word' id='word_1_60' title='bbox 342 647 606 704; x_wconf 80' lang='grc' dir='ltr'><strong><em>κοκκοβαφὴς</em></strong></span> <span class='ocrx_word' id='word_1_61' title='bbox 628 644 807 703; x_wconf 81' lang='grc' dir='ltr'><strong><em>σάρισσα</em></strong></span> <span class='ocrx_word' id='word_1_62' title='bbox 837 645 1088 700; x_wconf 82' lang='grc' dir='ltr'><strong><em>δεικνυμένη.</em></strong></span> <span class='ocrx_word' id='word_1_63' title='bbox 1160 643 1284 703; x_wconf 78' lang='lat'>(28)</span> <span class='ocrx_word' id='word_1_64' title='bbox 1322 645 1405 687; x_wconf 68' lang='grc' dir='ltr'><strong><em>ἐπεὶ</em></strong></span> <span class='ocrx_word' id='word_1_65' title='bbox 1425 646 1469 688; x_wconf 78' lang='grc' dir='ltr'><strong>δὲ</strong></span> <span class='ocrx_word' id='word_1_66' title='bbox 1491 647 1558 687; x_wconf 77' lang='grc' dir='ltr'><strong>καὶ</strong></span> <span class='ocrx_word' id='word_1_67' title='bbox 1578 647 1635 696; x_wconf 78' lang='grc' dir='ltr'><strong>εἷς</strong></span> <span class='ocrx_word' id='word_1_68' title='bbox 1659 653 1688 689; x_wconf 88' lang='lat' dir='ltr'>P</span> <span class='ocrx_word' id='word_1_69' title='bbox 1709 655 1757 690; x_wconf 89' lang='lat'><strong>96</strong></span> 
     </span>
     <span class='ocr_line' id='line_1_8' title="bbox 102 711 1638 774; baseline -0.004 -13"><span class='ocrx_word' id='word_1_70' title='bbox 102 761 107 766; x_wconf 78' lang='grc'><strong><em>,</em></strong></span> <span class='ocrx_word' id='word_1_71' title='bbox 162 715 442 773; x_wconf 78' lang='grc' dir='ltr'><strong><em>Νικομήδειαν</em></strong></span> <span class='ocrx_word' id='word_1_72' title='bbox 472 717 667 774; x_wconf 69' lang='grc' dir='ltr'><strong><em>ἔφθασαν</em></strong></span> <span class='ocrx_word' id='word_1_73' title='bbox 680 748 694 768; x_wconf 94' lang='grc'><strong><em>,</em></strong></span> <span class='ocrx_word' id='word_1_74' title='bbox 730 712 958 769; x_wconf 77' lang='grc' dir='ltr'><strong><em>ἐνεστώσης</em></strong></span> <span class='ocrx_word' id='word_1_75' title='bbox 985 718 1061 769; x_wconf 83' lang='grc' dir='ltr'><strong>τῆς</strong></span> <span class='ocrx_word' id='word_1_76' title='bbox 1084 711 1347 770; x_wconf 75' lang='grc' dir='ltr'><strong><em>πανηγύρεως</em></strong></span> <span class='ocrx_word' id='word_1_77' title='bbox 1367 718 1442 756; x_wconf 85' lang='grc' dir='ltr'><strong>τοῦ</strong></span> <span class='ocrx_word' id='word_1_78' title='bbox 1465 714 1506 756; x_wconf 78' lang='grc' dir='ltr'><strong><em>ἓν</em></strong></span> <span class='ocrx_word' id='word_1_79' title='bbox 1525 711 1638 770; x_wconf 83' lang='grc' dir='ltr'><strong><em>μάρ-</em></strong></span> 
     </span>
     <span class='ocr_line' id='line_1_9' title="bbox 162 780 1637 842; baseline -0.001 -13"><span class='ocrx_word' id='word_1_80' title='bbox 162 802 256 830; x_wconf 87' lang='grc' dir='ltr'><strong><em>τυσι</em></strong></span> <span class='ocrx_word' id='word_1_81' title='bbox 283 787 476 842; x_wconf 80' lang='grc' dir='ltr'><strong><em>μεγίστου</em></strong></span> <span class='ocrx_word' id='word_1_82' title='bbox 501 782 866 841; x_wconf 80' lang='grc' dir='ltr'><strong><em>Παντελεήμονος,</em></strong></span> <span class='ocrx_word' id='word_1_83' title='bbox 902 782 1017 838; x_wconf 71' lang='grc' dir='ltr'><strong><em>ἔτυχε</em></strong></span> <span class='ocrx_word' id='word_1_84' title='bbox 1045 782 1089 826; x_wconf 80' lang='grc' dir='ltr'><strong>δ’</strong></span> <span class='ocrx_word' id='word_1_85' title='bbox 1112 783 1236 826; x_wconf 75' lang='grc' dir='ltr'><strong><em>ἐκεῖσε</em></strong></span> <span class='ocrx_word' id='word_1_86' title='bbox 1254 784 1321 825; x_wconf 80' lang='grc' dir='ltr'><strong>καὶ</strong></span> <span class='ocrx_word' id='word_1_87' title='bbox 1347 780 1368 826; x_wconf 83' lang='grc' dir='ltr'>ὅ</span> <span class='ocrx_word' id='word_1_88' title='bbox 1393 783 1537 833; x_wconf 83' lang='grc' dir='ltr'><strong><em>Κακός</em></strong></span> <span class='ocrx_word' id='word_1_89' title='bbox 1557 788 1637 827; x_wconf 84' lang='grc' dir='ltr'><strong>Σε-</strong></span> 
     </span>
     <span class='ocr_line' id='line_1_10' title="bbox 161 849 1637 913; baseline -0.003 -14"><span class='ocrx_word' id='word_1_90' title='bbox 161 858 360 913; x_wconf 77' lang='grc' dir='ltr'><strong><em>ναχηρεὶμ</em></strong></span> <span class='ocrx_word' id='word_1_91' title='bbox 380 857 422 898; x_wconf 80' lang='grc' dir='ltr'><strong><em>ἐν</em></strong></span> <span class='ocrx_word' id='word_1_92' title='bbox 445 858 788 909; x_wconf 84' lang='grc' dir='ltr'><strong><em>πρωτασηκρῆτις</em></strong></span> <span class='ocrx_word' id='word_1_93' title='bbox 816 853 996 911; x_wconf 82' lang='grc' dir='ltr'><strong><em>ὂφφικίῳ</em></strong></span> <span class='ocrx_word' id='word_1_94' title='bbox 1011 849 1338 909; x_wconf 81' lang='grc' dir='ltr'><strong><em>μεγαλυνόμενον</em></strong></span> <span class='ocrx_word' id='word_1_95' title='bbox 1356 853 1421 894; x_wconf 82' lang='grc' dir='ltr'><strong>καὶ</strong></span> <span class='ocrx_word' id='word_1_96' title='bbox 1439 851 1485 894; x_wconf 85' lang='grc' dir='ltr'><strong>τὸ</strong></span> <span class='ocrx_word' id='word_1_97' title='bbox 1506 869 1637 909; x_wconf 87' lang='grc' dir='ltr'><strong><em>φημι-</em></strong></span> 
     </span>
     <span class='ocr_line' id='line_1_11' title="bbox 108 919 1635 979; baseline -0.004 -10"><span class='ocrx_word' id='word_1_98' title='bbox 108 938 152 971; x_wconf 89' lang='grc'><strong>10</strong></span> <span class='ocrx_word' id='word_1_99' title='bbox 164 923 329 979; x_wconf 82' lang='grc' dir='ltr'><strong><em>ζόμενον</em></strong></span> <span class='ocrx_word' id='word_1_100' title='bbox 357 923 505 979; x_wconf 77' lang='grc' dir='ltr'><strong><em>ἤκουσε</em></strong></span> <span class='ocrx_word' id='word_1_101' title='bbox 515 955 529 976; x_wconf 90' lang='grc'><strong><em>,</em></strong></span> <span class='ocrx_word' id='word_1_102' title='bbox 562 928 726 976; x_wconf 82' lang='grc' dir='ltr'><strong><em>πρῶτον</em></strong></span> <span class='ocrx_word' id='word_1_103' title='bbox 754 923 828 977; x_wconf 74' lang='grc' dir='ltr'><strong><em>μὲν</em></strong></span> <span class='ocrx_word' id='word_1_104' title='bbox 850 923 1050 977; x_wconf 76' lang='grc' dir='ltr'><strong><em>διηπίστει</em></strong></span> <span class='ocrx_word' id='word_1_105' title='bbox 1071 923 1139 964; x_wconf 82' lang='grc' dir='ltr'><strong>καὶ</strong></span> <span class='ocrx_word' id='word_1_106' title='bbox 1161 919 1218 971; x_wconf 80' lang='grc' dir='ltr'><strong>ὥς</strong></span> <span class='ocrx_word' id='word_1_107' title='bbox 1235 919 1406 975; x_wconf 79' lang='grc' dir='ltr'><strong><em>πλάσμα</em></strong></span> <span class='ocrx_word' id='word_1_108' title='bbox 1424 921 1496 963; x_wconf 77' lang='grc' dir='ltr'><strong>τὸν</strong></span> <span class='ocrx_word' id='word_1_109' title='bbox 1515 919 1635 977; x_wconf 81' lang='grc' dir='ltr'><strong><em>λόγον</em></strong></span> 
     </span>
     <span class='ocr_line' id='line_1_12' title="bbox 160 989 1634 1048; baseline -0.003 -12"><span class='ocrx_word' id='word_1_110' title='bbox 160 994 392 1048; x_wconf 79' lang='grc' dir='ltr'><strong><em>ἀπέπεμπεν</em></strong></span> <span class='ocrx_word' id='word_1_111' title='bbox 403 1025 416 1045; x_wconf 94' lang='grc'><strong><em>,</em></strong></span> <span class='ocrx_word' id='word_1_112' title='bbox 455 990 510 1042; x_wconf 82' lang='grc' dir='ltr'><strong>ὥς</strong></span> <span class='ocrx_word' id='word_1_113' title='bbox 531 990 576 1034; x_wconf 78' lang='grc' dir='ltr'><strong>δ’</strong></span> <span class='ocrx_word' id='word_1_114' title='bbox 599 991 779 1043; x_wconf 75' lang='grc' dir='ltr'><strong><em>ἐξελθὼν</em></strong></span> <span class='ocrx_word' id='word_1_115' title='bbox 798 990 948 1046; x_wconf 78' lang='grc' dir='ltr'><strong><em>ἤκουσε</em></strong></span> <span class='ocrx_word' id='word_1_116' title='bbox 967 992 1035 1033; x_wconf 81' lang='grc' dir='ltr'><strong>καὶ</strong></span> <span class='ocrx_word' id='word_1_117' title='bbox 1054 991 1283 1043; x_wconf 74' lang='grc' dir='ltr'><strong><em>ἐπίστευεν,</em></strong></span> <span class='ocrx_word' id='word_1_118' title='bbox 1320 989 1518 1033; x_wconf 73' lang='grc' dir='ltr'><strong><em>εἰσελθὼν</em></strong></span> <span class='ocrx_word' id='word_1_119' title='bbox 1546 989 1634 1044; x_wconf 82' lang='grc' dir='ltr'><strong>ἅμα</strong></span> 
     </span>
     <span class='ocr_line' id='line_1_13' title="bbox 160 1056 1678 1118; baseline -0.003 -13"><span class='ocrx_word' id='word_1_120' title='bbox 160 1064 226 1105; x_wconf 80' lang='grc' dir='ltr'><strong>καὶ</strong></span> <span class='ocrx_word' id='word_1_121' title='bbox 245 1066 328 1105; x_wconf 84' lang='grc' dir='ltr'><strong>τῶν</strong></span> <span class='ocrx_word' id='word_1_122' title='bbox 346 1061 554 1118; x_wconf 74' lang='grc' dir='ltr'><strong><em>σφετέρων</em></strong></span> <span class='ocrx_word' id='word_1_123' title='bbox 573 1062 732 1117; x_wconf 78' lang='grc' dir='ltr'><strong><em>γενείων</em></strong></span> <span class='ocrx_word' id='word_1_124' title='bbox 752 1060 876 1116; x_wconf 76' lang='grc' dir='ltr'><strong><em>ἀπρὶξ</em></strong></span> <span class='ocrx_word' id='word_1_125' title='bbox 894 1066 985 1110; x_wconf 81' lang='grc' dir='ltr'><strong><em>ταῖς</em></strong></span> <span class='ocrx_word' id='word_1_126' title='bbox 1004 1061 1118 1117; x_wconf 81' lang='grc' dir='ltr'><strong><em>χερσὶ</em></strong></span> <span class='ocrx_word' id='word_1_127' title='bbox 1136 1057 1390 1117; x_wconf 75' lang='grc' dir='ltr'><strong><em>δραξάμενος</em></strong></span> <span class='ocrx_word' id='word_1_128' title='bbox 1410 1058 1482 1102; x_wconf 67' lang='lat' dir='ltr'><strong>“nii</strong></span> <span class='ocrx_word' id='word_1_129' title='bbox 1503 1056 1626 1102; x_wconf 78' lang='grc' dir='ltr'><strong><em>οἶον”</em></strong></span> <span class='ocrx_word' id='word_1_130' title='bbox 1649 1073 1678 1106; x_wconf 85' lang='grc' dir='ltr'><strong>Β</strong></span> 
     </span>
     <span class='ocr_line' id='line_1_14' title="bbox 159 1126 1634 1185; baseline -0.002 -11"><span class='ocrx_word' id='word_1_131' title='bbox 159 1129 265 1174; x_wconf 74' lang='grc' dir='ltr'><strong><em>εἶπεν</em></strong></span> <span class='ocrx_word' id='word_1_132' title='bbox 290 1135 320 1155; x_wconf 84' lang='grc'><strong><em>“</em></strong></span> <span class='ocrx_word' id='word_1_133' title='bbox 332 1128 484 1174; x_wconf 72' lang='grc' dir='ltr'><strong><em>ἀκούω.</em></strong></span> <span class='ocrx_word' id='word_1_134' title='bbox 521 1135 646 1173; x_wconf 82' lang='grc' dir='ltr'><strong><em>τοῦτο</em></strong></span> <span class='ocrx_word' id='word_1_135' title='bbox 663 1137 755 1180; x_wconf 89' lang='grc' dir='ltr'><strong><em>ταῖς</em></strong></span> <span class='ocrx_word' id='word_1_136' title='bbox 774 1128 990 1185; x_wconf 70' lang='grc' dir='ltr'><strong><em>ἡμετέραις</em></strong></span> <span class='ocrx_word' id='word_1_137' title='bbox 1011 1127 1261 1184; x_wconf 75' lang='grc' dir='ltr'><strong><em>ε’ταμιεύετο,</em></strong></span> <span class='ocrx_word' id='word_1_138' title='bbox 1292 1129 1336 1171; x_wconf 79' lang='grc' dir='ltr'><strong>τί</strong></span> <span class='ocrx_word' id='word_1_139' title='bbox 1354 1146 1397 1184; x_wconf 77' lang='grc' dir='ltr'><strong>γε</strong></span> <span class='ocrx_word' id='word_1_140' title='bbox 1416 1126 1634 1184; x_wconf 84' lang='grc' dir='ltr'><strong><em>ἆμαρτοῦ-</em></strong></span> 
     </span>
     <span class='ocr_line' id='line_1_15' title="bbox 159 1195 1632 1255; baseline -0.003 -12"><span class='ocrx_word' id='word_1_141' title='bbox 159 1218 223 1243; x_wconf 92' lang='grc' dir='ltr'><strong>σιν</strong></span> <span class='ocrx_word' id='word_1_142' title='bbox 252 1197 309 1250; x_wconf 76' lang='grc' dir='ltr'><strong>ὥς</strong></span> <span class='ocrx_word' id='word_1_143' title='bbox 342 1201 481 1255; x_wconf 77' lang='grc' dir='ltr'><strong><em>ἔηιζῆν</em></strong></span> <span class='ocrx_word' id='word_1_144' title='bbox 510 1201 578 1242; x_wconf 80' lang='grc' dir='ltr'><strong>καὶ</strong></span> <span class='ocrx_word' id='word_1_145' title='bbox 604 1199 766 1253; x_wconf 78' lang='grc' dir='ltr'><strong><em>βλέπειν</em></strong></span> <span class='ocrx_word' id='word_1_146' title='bbox 800 1203 984 1241; x_wconf 83' lang='grc' dir='ltr'><strong><em>τοσαῦτα</em></strong></span> <span class='ocrx_word' id='word_1_147' title='bbox 1015 1195 1151 1253; x_wconf 66' lang='lat' dir='ltr'><strong>(lenti,-</strong></span> <span class='ocrx_word' id='word_1_148' title='bbox 1207 1201 1281 1241; x_wconf 84' lang='grc' dir='ltr'><strong>τοῦ</strong></span> <span class='ocrx_word' id='word_1_149' title='bbox 1319 1201 1463 1240; x_wconf 87' lang='grc' dir='ltr'><strong><em>λοιποῦ</em></strong></span> <span class='ocrx_word' id='word_1_150' title='bbox 1504 1195 1632 1239; x_wconf 86' lang='grc' dir='ltr'><strong><em>καλόν</em></strong></span> 
     </span>
     <span class='ocr_line' id='line_1_16' title="bbox 106 1262 1630 1323; baseline -0.003 -11"><span class='ocrx_word' id='word_1_151' title='bbox 106 1281 147 1316; x_wconf 87' lang='lat'><strong>15</strong></span> <span class='ocrx_word' id='word_1_152' title='bbox 160 1287 220 1319; x_wconf 86' lang='grc' dir='ltr'><strong>τις</strong></span> <span class='ocrx_word' id='word_1_153' title='bbox 244 1270 303 1323; x_wconf 85' lang='grc' dir='ltr'><strong>μὴ</strong></span> <span class='ocrx_word' id='word_1_154' title='bbox 334 1269 548 1321; x_wconf 70' lang='grc' dir='ltr'><strong><em>ἐλπιζέτω,</em></strong></span> <span class='ocrx_word' id='word_1_155' title='bbox 588 1270 670 1311; x_wconf 69' lang='grc' dir='ltr'><strong><em>ἐπεὶ</em></strong></span> <span class='ocrx_word' id='word_1_156' title='bbox 698 1266 890 1321; x_wconf 81' lang='grc' dir='ltr'><strong><em>Ῥωμαῖοι</em></strong></span> <span class='ocrx_word' id='word_1_157' title='bbox 919 1269 985 1310; x_wconf 78' lang='grc' dir='ltr'><strong>καὶ</strong></span> <span class='ocrx_word' id='word_1_158' title='bbox 1015 1262 1143 1317; x_wconf 73' lang='grc' dir='ltr'><strong><em>αὖθις</em></strong></span> <span class='ocrx_word' id='word_1_159' title='bbox 1171 1270 1348 1310; x_wconf 76' lang='grc' dir='ltr'><strong><em>πατοῦσι</em></strong></span> <span class='ocrx_word' id='word_1_160' title='bbox 1368 1266 1442 1321; x_wconf 84' lang='grc' dir='ltr'><strong>τὴν</strong></span> <span class='ocrx_word' id='word_1_161' title='bbox 1465 1263 1593 1308; x_wconf 90' lang='grc' dir='ltr'><strong><em>πόλιν.</em></strong></span> <span class='ocrx_word' id='word_1_162' title='bbox 1605 1266 1630 1285; x_wconf 91' lang='grc'><strong><em>”</em></strong></span> 
     </span>
     <span class='ocr_line' id='line_1_17' title="bbox 157 1331 1632 1394; baseline -0.003 -13"><span class='ocrx_word' id='word_1_163' title='bbox 157 1337 280 1381; x_wconf 79' lang='grc' dir='ltr'><strong><em>ταῦτ’</em></strong></span> <span class='ocrx_word' id='word_1_164' title='bbox 305 1337 436 1394; x_wconf 68' lang='grc' dir='ltr'><strong><em>ἔλεγεν</em></strong></span> <span class='ocrx_word' id='word_1_165' title='bbox 453 1339 622 1389; x_wconf 75' lang='grc' dir='ltr'><strong><em>ἐκεῖνος,</em></strong></span> <span class='ocrx_word' id='word_1_166' title='bbox 656 1339 723 1379; x_wconf 83' lang='grc' dir='ltr'><strong>καὶ</strong></span> <span class='ocrx_word' id='word_1_167' title='bbox 748 1339 874 1391; x_wconf 84' lang='grc' dir='ltr'><strong><em>δῆλος</em></strong></span> <span class='ocrx_word' id='word_1_168' title='bbox 892 1331 942 1391; x_wconf 79' lang='grc' dir='ltr'><strong><em>ἦν</em></strong></span> <span class='ocrx_word' id='word_1_169' title='bbox 961 1337 1237 1391; x_wconf 76' lang='grc' dir='ltr'><strong><em>δυσχεραίνων</em></strong></span> <span class='ocrx_word' id='word_1_170' title='bbox 1254 1335 1307 1378; x_wconf 82' lang='grc' dir='ltr'><strong>τὰ</strong></span> <span class='ocrx_word' id='word_1_171' title='bbox 1326 1335 1440 1392; x_wconf 77' lang='grc' dir='ltr'><strong><em>παρὰ</em></strong></span> <span class='ocrx_word' id='word_1_172' title='bbox 1462 1339 1632 1385; x_wconf 81' lang='grc' dir='ltr'><strong><em>πολλοῖς</em></strong></span> 
     </span>
     <span class='ocr_line' id='line_1_18' title="bbox 154 1401 1629 1461; baseline -0.002 -12"><span class='ocrx_word' id='word_1_173' title='bbox 154 1404 466 1461; x_wconf 69' lang='grc' dir='ltr'><strong><em>θαυμαζόμενα.</em></strong></span> <span class='ocrx_word' id='word_1_174' title='bbox 538 1405 642 1449; x_wconf 78' lang='grc' dir='ltr'><strong><em>ὅπου</em></strong></span> <span class='ocrx_word' id='word_1_175' title='bbox 672 1407 717 1448; x_wconf 78' lang='grc' dir='ltr'><strong>δὲ</strong></span> <span class='ocrx_word' id='word_1_176' title='bbox 743 1403 1003 1461; x_wconf 77' lang='grc' dir='ltr'><strong><em>κατήντησαν</em></strong></span> <span class='ocrx_word' id='word_1_177' title='bbox 1032 1409 1192 1458; x_wconf 80' lang='grc' dir='ltr'><strong><em>ταῦτα,</em></strong></span> <span class='ocrx_word' id='word_1_178' title='bbox 1231 1402 1253 1448; x_wconf 81' lang='grc' dir='ltr'>ὅ</span> <span class='ocrx_word' id='word_1_179' title='bbox 1283 1401 1403 1460; x_wconf 78' lang='grc' dir='ltr'><strong><em>λόγος</em></strong></span> <span class='ocrx_word' id='word_1_180' title='bbox 1428 1404 1534 1446; x_wconf 79' lang='grc' dir='ltr'><strong><em>κατὰ</em></strong></span> <span class='ocrx_word' id='word_1_181' title='bbox 1556 1401 1629 1447; x_wconf 85' lang='grc' dir='ltr'><strong>τό-</strong></span> 
     </span>
     <span class='ocr_line' id='line_1_19' title="bbox 154 1477 350 1531; baseline 0 -12"><span class='ocrx_word' id='word_1_182' title='bbox 154 1494 232 1519; x_wconf 89' lang='grc' dir='ltr'><strong>πον</strong></span> <span class='ocrx_word' id='word_1_183' title='bbox 257 1477 350 1531; x_wconf 71' lang='grc' dir='ltr'><strong><em>ἐρεῖ.</em></strong></span> 
     </span>
     <span class='ocr_line' id='line_1_20' title="bbox 293 1539 1747 1599; baseline -0.001 -10"><span class='ocrx_word' id='word_1_184' title='bbox 293 1544 372 1589; x_wconf 76' lang='grc'><strong>29.</strong></span> <span class='ocrx_word' id='word_1_185' title='bbox 445 1540 552 1586; x_wconf 82' lang='grc' dir='ltr'><strong><em>Τότε</em></strong></span> <span class='ocrx_word' id='word_1_186' title='bbox 583 1544 727 1586; x_wconf 78' lang='grc' dir='ltr'><strong><em>πολλοὶ</em></strong></span> <span class='ocrx_word' id='word_1_187' title='bbox 762 1544 830 1585; x_wconf 82' lang='grc' dir='ltr'><strong><em>καὶ</em></strong></span> <span class='ocrx_word' id='word_1_188' title='bbox 864 1542 969 1599; x_wconf 78' lang='grc' dir='ltr'><strong><em>πρὸς</em></strong></span> <span class='ocrx_word' id='word_1_189' title='bbox 996 1542 1170 1597; x_wconf 81' lang='grc' dir='ltr'><strong><em>βασιλέα</em></strong></span> <span class='ocrx_word' id='word_1_190' title='bbox 1201 1540 1413 1598; x_wconf 75' lang='grc' dir='ltr'><strong><em>ἠπείγοντο</em></strong></span> <span class='ocrx_word' id='word_1_191' title='bbox 1443 1539 1550 1583; x_wconf 78' lang='grc' dir='ltr'><strong><em>κατὰ</em></strong></span> <span class='ocrx_word' id='word_1_192' title='bbox 1578 1540 1624 1584; x_wconf 86' lang='grc' dir='ltr'><strong><em>τό</em></strong></span> <span class='ocrx_word' id='word_1_193' title='bbox 1648 1550 1677 1585; x_wconf 91' lang='grc' dir='ltr'><strong>Ρ</strong></span> <span class='ocrx_word' id='word_1_194' title='bbox 1700 1552 1747 1587; x_wconf 89' lang='grc'><strong>97</strong></span> 
     </span>
     <span class='ocr_line' id='line_1_21' title="bbox 100 1608 1626 1670; baseline -0.002 -14"><span class='ocrx_word' id='word_1_195' title='bbox 100 1611 380 1670; x_wconf 57' lang='grc' dir='ltr'><strong><em>ΞοΝὖμφαιον</em></strong></span> <span class='ocrx_word' id='word_1_196' title='bbox 409 1614 699 1668; x_wconf 80' lang='grc' dir='ltr'><strong><em>διατρίβοντα,</em></strong></span> <span class='ocrx_word' id='word_1_197' title='bbox 736 1613 803 1654; x_wconf 84' lang='grc' dir='ltr'><strong>καὶ</strong></span> <span class='ocrx_word' id='word_1_198' title='bbox 820 1611 1170 1669; x_wconf 80' lang='grc' dir='ltr'><strong><em>ἀντεφιλονείκουν</em></strong></span> <span class='ocrx_word' id='word_1_199' title='bbox 1188 1609 1380 1667; x_wconf 79' lang='grc' dir='ltr'><strong><em>ἀλλήλοις</em></strong></span> <span class='ocrx_word' id='word_1_200' title='bbox 1390 1643 1404 1662; x_wconf 88' lang='grc'><strong><em>,</em></strong></span> <span class='ocrx_word' id='word_1_201' title='bbox 1444 1608 1556 1659; x_wconf 84' lang='grc' dir='ltr'><strong><em>ὅστις</em></strong></span> <span class='ocrx_word' id='word_1_202' title='bbox 1574 1608 1626 1653; x_wconf 75' lang='grc' dir='ltr'><strong><em>ἂν</em></strong></span> 
     </span>
     <span class='ocr_line' id='line_1_22' title="bbox 153 1678 1625 1740; baseline -0.003 -15"><span class='ocrx_word' id='word_1_203' title='bbox 153 1680 410 1740; x_wconf 78' lang='grc' dir='ltr'><strong><em>προφθάσας</em></strong></span> <span class='ocrx_word' id='word_1_204' title='bbox 429 1680 597 1737; x_wconf 80' lang='grc' dir='ltr'><strong><em>κηρύξοι</em></strong></span> <span class='ocrx_word' id='word_1_205' title='bbox 615 1681 668 1724; x_wconf 77' lang='grc' dir='ltr'><strong>τὰ</strong></span> <span class='ocrx_word' id='word_1_206' title='bbox 687 1680 910 1737; x_wconf 74' lang='grc' dir='ltr'><strong><em>εἰαγγέλια.</em></strong></span> <span class='ocrx_word' id='word_1_207' title='bbox 965 1678 1207 1738; x_wconf 53' lang='grc' dir='ltr'><strong><em>προφθάνει,</em></strong></span> <span class='ocrx_word' id='word_1_208' title='bbox 1223 1679 1272 1723; x_wconf 82' lang='grc' dir='ltr'><strong>δέ</strong></span> <span class='ocrx_word' id='word_1_209' title='bbox 1286 1695 1349 1729; x_wconf 88' lang='grc' dir='ltr'><strong>τις</strong></span> <span class='ocrx_word' id='word_1_210' title='bbox 1368 1679 1472 1722; x_wconf 83' lang='grc' dir='ltr'><strong><em>κατὰ</em></strong></span> <span class='ocrx_word' id='word_1_211' title='bbox 1494 1695 1625 1722; x_wconf 87' lang='grc' dir='ltr'><strong><em>σπου-</em></strong></span> 
     </span>
    </p>
   </div>
   <div class='ocr_carea' id='block_1_3' title="bbox 242 1812 649 1859">
    <p class='ocr_par' dir='ltr' id='par_1_3' title="bbox 242 1812 649 1859">
     <span class='ocr_line' id='line_1_23' title="bbox 242 1812 649 1859; baseline -0.01 -9"><span class='ocrx_word' id='word_1_212' title='bbox 242 1814 279 1850; x_wconf 86' lang='grc'><strong>5.</strong></span> <span class='ocrx_word' id='word_1_213' title='bbox 303 1812 446 1856; x_wconf 77' lang='grc' dir='ltr'><strong><em>ἑλόντες</em></strong></span> <span class='ocrx_word' id='word_1_214' title='bbox 466 1812 649 1859; x_wconf 74' lang='lat' dir='ltr'><strong>interpres.</strong></span> 
     </span>
    </p>
   </div>
   <div class='ocr_carea' id='block_1_4' title="bbox 143 1925 1622 2860">
    <p class='ocr_par' dir='ltr' id='par_1_4' title="bbox 143 1925 1622 2749">
     <span class='ocr_line' id='line_1_24' title="bbox 152 1925 1622 1974; baseline -0.003 -10"><span class='ocrx_word' id='word_1_215' title='bbox 152 1930 293 1971; x_wconf 88' lang='lat' dir='ltr'><strong>urbem,</strong></span> <span class='ocrx_word' id='word_1_216' title='bbox 323 1928 461 1974; x_wconf 83' lang='lat' dir='ltr'><strong>quidam</strong></span> <span class='ocrx_word' id='word_1_217' title='bbox 490 1927 697 1962; x_wconf 73' lang='lat' dir='ltr'>velocissimi</span> <span class='ocrx_word' id='word_1_218' title='bbox 731 1938 888 1962; x_wconf 83' lang='lat' dir='ltr'><strong>cursores</strong></span> <span class='ocrx_word' id='word_1_219' title='bbox 920 1930 1039 1961; x_wconf 83' lang='lat' dir='ltr'><strong>tantae</strong></span> <span class='ocrx_word' id='word_1_220' title='bbox 1061 1926 1300 1972; x_wconf 71' lang='lat' dir='ltr'><strong>gratulationis</strong></span> <span class='ocrx_word' id='word_1_221' title='bbox 1322 1925 1429 1962; x_wconf 84' lang='lat' dir='ltr'><strong>nuntii</strong></span> <span class='ocrx_word' id='word_1_222' title='bbox 1450 1925 1622 1960; x_wconf 82' lang='lat' dir='ltr'><strong>discurre-</strong></span> 
     </span>
     <span class='ocr_line' id='line_1_25' title="bbox 150 1973 1622 2029; baseline -0.002 -19"><span class='ocrx_word' id='word_1_223' title='bbox 150 1981 232 2011; x_wconf 81' lang='lat' dir='ltr'><strong>runt</strong></span> <span class='ocrx_word' id='word_1_224' title='bbox 254 1986 324 2029; x_wconf 88' lang='lat' dir='ltr'><strong>per</strong></span> <span class='ocrx_word' id='word_1_225' title='bbox 339 1986 470 2009; x_wconf 88' lang='lat' dir='ltr'><strong>omnem</strong></span> <span class='ocrx_word' id='word_1_226' title='bbox 493 1974 563 2008; x_wconf 89' lang='lat' dir='ltr'><strong>late</strong></span> <span class='ocrx_word' id='word_1_227' title='bbox 584 1979 736 2017; x_wconf 81' lang='lat' dir='ltr'><strong>terram,</strong></span> <span class='ocrx_word' id='word_1_228' title='bbox 757 1974 883 2019; x_wconf 86' lang='lat' dir='ltr'><strong>ubique</strong></span> <span class='ocrx_word' id='word_1_229' title='bbox 904 1974 1159 2028; x_wconf 68' lang='lat' dir='ltr'><strong>promulgantes</strong></span> <span class='ocrx_word' id='word_1_230' title='bbox 1179 1979 1328 2027; x_wconf 88' lang='lat' dir='ltr'><strong>captam</strong></span> <span class='ocrx_word' id='word_1_231' title='bbox 1339 1973 1444 2008; x_wconf 81' lang='lat' dir='ltr'><strong>fuisse</strong></span> <span class='ocrx_word' id='word_1_232' title='bbox 1466 1984 1622 2017; x_wconf 82' lang='lat' dir='ltr'><strong>magnam</strong></span> 
     </span>
     <span class='ocr_line' id='line_1_26' title="bbox 149 2019 1621 2074; baseline -0.002 -18"><span class='ocrx_word' id='word_1_233' title='bbox 149 2023 269 2057; x_wconf 85' lang='lat' dir='ltr'><strong>urbem</strong></span> <span class='ocrx_word' id='word_1_234' title='bbox 292 2021 347 2056; x_wconf 87' lang='lat' dir='ltr'><strong>die</strong></span> <span class='ocrx_word' id='word_1_235' title='bbox 368 2021 512 2066; x_wconf 82' lang='lat' dir='ltr'><strong>insigni,</strong></span> <span class='ocrx_word' id='word_1_236' title='bbox 542 2032 643 2055; x_wconf 84' lang='lat' dir='ltr'><strong>sacra</strong></span> <span class='ocrx_word' id='word_1_237' title='bbox 672 2022 710 2055; x_wconf 89' lang='lat' dir='ltr'><strong>S.</strong></span> <span class='ocrx_word' id='word_1_238' title='bbox 734 2022 855 2055; x_wconf 79' lang='lat' dir='ltr'><strong>Annae</strong></span> <span class='ocrx_word' id='word_1_239' title='bbox 875 2020 1051 2074; x_wconf 74' lang='lat' dir='ltr'><strong>deiparae</strong></span> <span class='ocrx_word' id='word_1_240' title='bbox 1060 2019 1205 2065; x_wconf 82' lang='lat' dir='ltr'><strong>virginis</strong></span> <span class='ocrx_word' id='word_1_241' title='bbox 1228 2019 1351 2062; x_wconf 83' lang='lat' dir='ltr'><strong>matri,</strong></span> <span class='ocrx_word' id='word_1_242' title='bbox 1386 2030 1500 2054; x_wconf 88' lang='lat' dir='ltr'><strong>mense</strong></span> <span class='ocrx_word' id='word_1_243' title='bbox 1523 2019 1621 2061; x_wconf 89' lang='lat' dir='ltr'><strong>Iulio,</strong></span> 
     </span>
     <span class='ocr_line' id='line_1_27' title="bbox 149 2066 1619 2120; baseline -0.003 -17"><span class='ocrx_word' id='word_1_244' title='bbox 149 2069 251 2103; x_wconf 85' lang='lat' dir='ltr'><strong>facile</strong></span> <span class='ocrx_word' id='word_1_245' title='bbox 274 2079 316 2103; x_wconf 90' lang='lat' dir='ltr'><strong>ac</strong></span> <span class='ocrx_word' id='word_1_246' title='bbox 338 2068 412 2102; x_wconf 87' lang='lat' dir='ltr'><strong>fere</strong></span> <span class='ocrx_word' id='word_1_247' title='bbox 434 2068 509 2101; x_wconf 84' lang='lat' dir='ltr'><strong>sine</strong></span> <span class='ocrx_word' id='word_1_248' title='bbox 531 2067 736 2112; x_wconf 79' lang='lat' dir='ltr'>certamine,</span> <span class='ocrx_word' id='word_1_249' title='bbox 760 2078 829 2113; x_wconf 90' lang='lat' dir='ltr'><strong>quo</strong></span> <span class='ocrx_word' id='word_1_250' title='bbox 852 2067 952 2101; x_wconf 92' lang='lat' dir='ltr'><strong>modo</strong></span> <span class='ocrx_word' id='word_1_251' title='bbox 975 2078 1019 2101; x_wconf 90' lang='lat' dir='ltr'><strong>ne</strong></span> <span class='ocrx_word' id='word_1_252' title='bbox 1040 2066 1124 2113; x_wconf 74' lang='lat' dir='ltr'><strong>ipsi,</strong></span> <span class='ocrx_word' id='word_1_253' title='bbox 1130 2066 1264 2112; x_wconf 82' lang='lat' dir='ltr'><strong>quidem</strong></span> <span class='ocrx_word' id='word_1_254' title='bbox 1287 2066 1347 2112; x_wconf 85' lang='lat' dir='ltr'><strong>qui</strong></span> <span class='ocrx_word' id='word_1_255' title='bbox 1369 2070 1533 2120; x_wconf 79' lang='lat' dir='ltr'>ceperant</span> <span class='ocrx_word' id='word_1_256' title='bbox 1553 2075 1619 2099; x_wconf 86' lang='lat' dir='ltr'><strong>nn-</strong></span> 
     </span>
     <span class='ocr_line' id='line_1_28' title="bbox 150 2111 1618 2160; baseline -0.003 -11"><span class='ocrx_word' id='word_1_257' title='bbox 150 2126 251 2160; x_wconf 82' lang='lat' dir='ltr'><strong>quam</strong></span> <span class='ocrx_word' id='word_1_258' title='bbox 274 2120 472 2159; x_wconf 72' lang='lat' dir='ltr'>sperassent</span> <span class='ocrx_word' id='word_1_259' title='bbox 494 2114 571 2159; x_wconf 85' lang='lat' dir='ltr'><strong>capi</strong></span> <span class='ocrx_word' id='word_1_260' title='bbox 595 2124 708 2159; x_wconf 85' lang='lat' dir='ltr'><strong>posse.</strong></span> <span class='ocrx_word' id='word_1_261' title='bbox 753 2114 973 2148; x_wconf 75' lang='lat' dir='ltr'><strong>ostentabant</strong></span> <span class='ocrx_word' id='word_1_262' title='bbox 993 2118 1107 2147; x_wconf 82' lang='lat' dir='ltr'><strong>autem</strong></span> <span class='ocrx_word' id='word_1_263' title='bbox 1128 2113 1163 2147; x_wconf 88' lang='lat' dir='ltr'><strong>in</strong></span> <span class='ocrx_word' id='word_1_264' title='bbox 1190 2113 1321 2156; x_wconf 81' lang='lat' dir='ltr'><strong>signum</strong></span> <span class='ocrx_word' id='word_1_265' title='bbox 1348 2111 1508 2146; x_wconf 81' lang='lat' dir='ltr'><strong>veritatis</strong></span> <span class='ocrx_word' id='word_1_266' title='bbox 1531 2122 1618 2145; x_wconf 86' lang='lat' dir='ltr'><strong>nun-</strong></span> 
     </span>
     <span class='ocr_line' id='line_1_29' title="bbox 150 2158 1618 2204; baseline -0.003 -9"><span class='ocrx_word' id='word_1_267' title='bbox 150 2161 259 2195; x_wconf 83' lang='lat' dir='ltr'><strong>tiatae</strong></span> <span class='ocrx_word' id='word_1_268' title='bbox 282 2161 333 2194; x_wconf 85' lang='lat' dir='ltr'><strong>rei</strong></span> <span class='ocrx_word' id='word_1_269' title='bbox 355 2160 515 2194; x_wconf 84' lang='lat' dir='ltr'><strong>sarissam</strong></span> <span class='ocrx_word' id='word_1_270' title='bbox 538 2171 640 2194; x_wconf 89' lang='lat' dir='ltr'><strong>cocco</strong></span> <span class='ocrx_word' id='word_1_271' title='bbox 663 2160 814 2194; x_wconf 85' lang='lat' dir='ltr'><strong>tinctam.</strong></span> <span class='ocrx_word' id='word_1_272' title='bbox 862 2160 962 2204; x_wconf 74' lang='lat'>(28)</span> <span class='ocrx_word' id='word_1_273' title='bbox 998 2160 1117 2194; x_wconf 87' lang='lat' dir='ltr'><strong>horum</strong></span> <span class='ocrx_word' id='word_1_274' title='bbox 1146 2159 1250 2204; x_wconf 78' lang='lat' dir='ltr'><strong>aliqui</strong></span> <span class='ocrx_word' id='word_1_275' title='bbox 1280 2158 1511 2193; x_wconf 83' lang='lat' dir='ltr'><strong>Nicomediam</strong></span> <span class='ocrx_word' id='word_1_276' title='bbox 1541 2169 1618 2191; x_wconf 89' lang='lat' dir='ltr'><strong>cum</strong></span> 
     </span>
     <span class='ocr_line' id='line_1_30' title="bbox 152 2204 1618 2251; baseline -0.003 -11"><span class='ocrx_word' id='word_1_277' title='bbox 152 2207 326 2241; x_wconf 79' lang='lat' dir='ltr'><strong>venissent</strong></span> <span class='ocrx_word' id='word_1_278' title='bbox 348 2218 414 2251; x_wconf 89' lang='lat' dir='ltr'><strong>quo</strong></span> <span class='ocrx_word' id='word_1_279' title='bbox 438 2206 493 2240; x_wconf 80' lang='lat' dir='ltr'><strong>die</strong></span> <span class='ocrx_word' id='word_1_280' title='bbox 515 2206 565 2240; x_wconf 88' lang='lat' dir='ltr'><strong>ibi</strong></span> <span class='ocrx_word' id='word_1_281' title='bbox 588 2207 826 2240; x_wconf 78' lang='lat' dir='ltr'><strong>celebrabatur</strong></span> <span class='ocrx_word' id='word_1_282' title='bbox 858 2206 1044 2251; x_wconf 71' lang='lat' dir='ltr'><strong>Panegyris</strong></span> <span class='ocrx_word' id='word_1_283' title='bbox 1075 2206 1114 2240; x_wconf 88' lang='lat' dir='ltr'><strong>S.</strong></span> <span class='ocrx_word' id='word_1_284' title='bbox 1140 2204 1406 2240; x_wconf 85' lang='lat' dir='ltr'><strong>Panteleemonis</strong></span> <span class='ocrx_word' id='word_1_285' title='bbox 1428 2204 1462 2237; x_wconf 88' lang='lat' dir='ltr'><strong>in</strong></span> <span class='ocrx_word' id='word_1_286' title='bbox 1486 2208 1618 2247; x_wconf 82' lang='lat' dir='ltr'><strong>marty-</strong></span> 
     </span>
     <span class='ocr_line' id='line_1_31' title="bbox 152 2249 1616 2296; baseline -0.003 -10"><span class='ocrx_word' id='word_1_287' title='bbox 152 2253 247 2286; x_wconf 88' lang='lat' dir='ltr'><strong>ribus</strong></span> <span class='ocrx_word' id='word_1_288' title='bbox 283 2252 439 2294; x_wconf 86' lang='lat' dir='ltr'><strong>maximi,</strong></span> <span class='ocrx_word' id='word_1_289' title='bbox 474 2252 542 2286; x_wconf 81' lang='lat' dir='ltr'><strong>fuit</strong></span> <span class='ocrx_word' id='word_1_290' title='bbox 572 2252 619 2286; x_wconf 85' lang='lat' dir='ltr'><strong>ibi</strong></span> <span class='ocrx_word' id='word_1_291' title='bbox 648 2254 739 2287; x_wconf 84' lang='lat' dir='ltr'><strong>forte</strong></span> <span class='ocrx_word' id='word_1_292' title='bbox 762 2253 874 2286; x_wconf 83' lang='lat' dir='ltr'><strong>Malus</strong></span> <span class='ocrx_word' id='word_1_293' title='bbox 906 2252 962 2286; x_wconf 85' lang='lat' dir='ltr'><strong>ille</strong></span> <span class='ocrx_word' id='word_1_294' title='bbox 989 2252 1221 2286; x_wconf 83' lang='lat' dir='ltr'><strong>Sennacherib</strong></span> <span class='ocrx_word' id='word_1_295' title='bbox 1243 2251 1279 2285; x_wconf 92' lang='lat' dir='ltr'><strong>in</strong></span> <span class='ocrx_word' id='word_1_296' title='bbox 1301 2250 1403 2296; x_wconf 85' lang='lat' dir='ltr'><strong>primi</strong></span> <span class='ocrx_word' id='word_1_297' title='bbox 1426 2262 1447 2284; x_wconf 89' lang='lat' dir='ltr'><strong>a</strong></span> <span class='ocrx_word' id='word_1_298' title='bbox 1471 2249 1616 2283; x_wconf 82' lang='lat' dir='ltr'><strong>secretis</strong></span> 
     </span>
     <span class='ocr_line' id='line_1_32' title="bbox 150 2295 1616 2352; baseline -0.003 -20"><span class='ocrx_word' id='word_1_299' title='bbox 150 2299 264 2333; x_wconf 79' lang='lat' dir='ltr'><strong>officio</strong></span> <span class='ocrx_word' id='word_1_300' title='bbox 295 2298 475 2342; x_wconf 81' lang='lat' dir='ltr'><strong>magnifice</strong></span> <span class='ocrx_word' id='word_1_301' title='bbox 506 2310 544 2333; x_wconf 90' lang='lat' dir='ltr'><strong>se</strong></span> <span class='ocrx_word' id='word_1_302' title='bbox 574 2299 719 2333; x_wconf 84' lang='lat' dir='ltr'><strong>iactans</strong></span> <span class='ocrx_word' id='word_1_303' title='bbox 765 2299 797 2333; x_wconf 84' lang='lat' dir='ltr'><strong>is</strong></span> <span class='ocrx_word' id='word_1_304' title='bbox 826 2298 943 2333; x_wconf 88' lang='lat' dir='ltr'><strong>audito</strong></span> <span class='ocrx_word' id='word_1_305' title='bbox 973 2299 1117 2342; x_wconf 87' lang='lat' dir='ltr'><strong>nuntio,</strong></span> <span class='ocrx_word' id='word_1_306' title='bbox 1152 2298 1298 2352; x_wconf 89' lang='lat' dir='ltr'><strong>primum</strong></span> <span class='ocrx_word' id='word_1_307' title='bbox 1317 2308 1384 2331; x_wconf 93' lang='lat' dir='ltr'><strong>non</strong></span> <span class='ocrx_word' id='word_1_308' title='bbox 1407 2295 1556 2331; x_wconf 81' lang='lat' dir='ltr'><strong>credidit</strong></span> <span class='ocrx_word' id='word_1_309' title='bbox 1578 2301 1616 2329; x_wconf 84' lang='lat' dir='ltr'><strong>et</strong></span> 
     </span>
     <span class='ocr_line' id='line_1_33' title="bbox 147 2343 1618 2400; baseline -0.003 -21"><span class='ocrx_word' id='word_1_310' title='bbox 147 2350 311 2400; x_wconf 79' lang='lat' dir='ltr'><strong>tanquam</strong></span> <span class='ocrx_word' id='word_1_311' title='bbox 342 2345 539 2389; x_wconf 80' lang='lat' dir='ltr'><strong>figmentum</strong></span> <span class='ocrx_word' id='word_1_312' title='bbox 572 2345 706 2379; x_wconf 85' lang='lat' dir='ltr'><strong>reiecit.</strong></span> <span class='ocrx_word' id='word_1_313' title='bbox 753 2351 792 2378; x_wconf 88' lang='lat' dir='ltr'><strong>ut</strong></span> <span class='ocrx_word' id='word_1_314' title='bbox 825 2350 939 2379; x_wconf 83' lang='lat' dir='ltr'><strong>autem</strong></span> <span class='ocrx_word' id='word_1_315' title='bbox 962 2345 1028 2379; x_wconf 86' lang='lat' dir='ltr'><strong>alio</strong></span> <span class='ocrx_word' id='word_1_316' title='bbox 1052 2343 1191 2379; x_wconf 85' lang='lat' dir='ltr'><strong>abeunti</strong></span> <span class='ocrx_word' id='word_1_317' title='bbox 1221 2343 1368 2389; x_wconf 83' lang='lat' dir='ltr'><strong>undique</strong></span> <span class='ocrx_word' id='word_1_318' title='bbox 1393 2344 1618 2387; x_wconf 62' lang='lat' dir='ltr'><strong>occurrerunt&gt;</strong></span> 
     </span>
     <span class='ocr_line' id='line_1_34' title="bbox 147 2388 1614 2436; baseline -0.002 -11"><span class='ocrx_word' id='word_1_319' title='bbox 147 2396 202 2426; x_wconf 86' lang='lat' dir='ltr'><strong>tot</strong></span> <span class='ocrx_word' id='word_1_320' title='bbox 223 2391 298 2426; x_wconf 80' lang='lat' dir='ltr'><strong>veri</strong></span> <span class='ocrx_word' id='word_1_321' title='bbox 321 2394 520 2435; x_wconf 77' lang='lat' dir='ltr'><strong>argumenta</strong></span> <span class='ocrx_word' id='word_1_322' title='bbox 543 2402 631 2436; x_wconf 87' lang='lat' dir='ltr'><strong>quae</strong></span> <span class='ocrx_word' id='word_1_323' title='bbox 657 2391 757 2436; x_wconf 85' lang='lat' dir='ltr'><strong>plane</strong></span> <span class='ocrx_word' id='word_1_324' title='bbox 781 2403 849 2425; x_wconf 87' lang='lat' dir='ltr'><strong>rem</strong></span> <span class='ocrx_word' id='word_1_325' title='bbox 874 2391 1139 2436; x_wconf 81' lang='lat' dir='ltr'><strong>persuaderent,</strong></span> <span class='ocrx_word' id='word_1_326' title='bbox 1169 2390 1301 2424; x_wconf 86' lang='lat' dir='ltr'><strong>domum</strong></span> <span class='ocrx_word' id='word_1_327' title='bbox 1323 2395 1475 2423; x_wconf 86' lang='lat' dir='ltr'><strong>moestus</strong></span> <span class='ocrx_word' id='word_1_328' title='bbox 1498 2388 1614 2432; x_wconf 86' lang='lat' dir='ltr'><strong>ingrc-</strong></span> 
     </span>
     <span class='ocr_line' id='line_1_35' title="bbox 149 2434 1613 2483; baseline -0.002 -12"><span class='ocrx_word' id='word_1_329' title='bbox 149 2437 243 2472; x_wconf 85' lang='lat' dir='ltr'><strong>ditur</strong></span> <span class='ocrx_word' id='word_1_330' title='bbox 263 2437 354 2483; x_wconf 83' lang='lat' dir='ltr'><strong>pilos</strong></span> <span class='ocrx_word' id='word_1_331' title='bbox 377 2448 538 2482; x_wconf 82' lang='lat' dir='ltr'><strong>genarum</strong></span> <span class='ocrx_word' id='word_1_332' title='bbox 562 2443 708 2483; x_wconf 86' lang='lat' dir='ltr'><strong>utraque</strong></span> <span class='ocrx_word' id='word_1_333' title='bbox 731 2448 830 2472; x_wconf 87' lang='lat' dir='ltr'><strong>manu</strong></span> <span class='ocrx_word' id='word_1_334' title='bbox 851 2437 1050 2480; x_wconf 85' lang='lat' dir='ltr'><strong>vellens,‘</strong></span> <span class='ocrx_word' id='word_1_335' title='bbox 1052 2440 1110 2471; x_wconf 82' lang='lat' dir='ltr'><strong>‘et</strong></span> <span class='ocrx_word' id='word_1_336' title='bbox 1132 2435 1244 2483; x_wconf 88' lang='lat' dir='ltr'><strong>quid&#39;&#39;</strong></span> <span class='ocrx_word' id='word_1_337' title='bbox 1274 2435 1462 2481; x_wconf 86' lang='lat' dir='ltr'><strong>inquiens‘</strong></span> <span class='ocrx_word' id='word_1_338' title='bbox 1465 2434 1613 2468; x_wconf 71' lang='lat' dir='ltr'><strong>‘audio‘e</strong></span> 
     </span>
     <span class='ocr_line' id='line_1_36' title="bbox 147 2482 1612 2528; baseline -0.003 -10"><span class='ocrx_word' id='word_1_339' title='bbox 147 2484 212 2518; x_wconf 85' lang='lat' dir='ltr'><strong>hoc</strong></span> <span class='ocrx_word' id='word_1_340' title='bbox 234 2484 361 2518; x_wconf 80' lang='lat' dir='ltr'><strong>nostris</strong></span> <span class='ocrx_word' id='word_1_341' title='bbox 384 2483 505 2517; x_wconf 88' lang='lat' dir='ltr'><strong>diebus</strong></span> <span class='ocrx_word' id='word_1_342' title='bbox 527 2485 754 2518; x_wconf 83' lang='lat' dir='ltr'><strong>servabatur!</strong></span> <span class='ocrx_word' id='word_1_343' title='bbox 785 2483 867 2528; x_wconf 87' lang='lat' dir='ltr'><strong>quid</strong></span> <span class='ocrx_word' id='word_1_344' title='bbox 899 2483 1111 2528; x_wconf 78' lang='lat' dir='ltr'><strong>peccavimus</strong></span> <span class='ocrx_word' id='word_1_345' title='bbox 1142 2488 1182 2518; x_wconf 87' lang='grc' dir='ltr'><strong>ιιι</strong></span> <span class='ocrx_word' id='word_1_346' title='bbox 1211 2482 1315 2516; x_wconf 82' lang='lat' dir='ltr'><strong>vitam</strong></span> <span class='ocrx_word' id='word_1_347' title='bbox 1351 2482 1612 2527; x_wconf 84' lang='lat' dir='ltr'><strong>produceremus</strong></span> 
     </span>
     <span class='ocr_line' id='line_1_37' title="bbox 146 2528 1611 2569; baseline -0.003 -6"><span class='ocrx_word' id='word_1_348' title='bbox 146 2530 184 2563; x_wconf 90' lang='lat' dir='ltr'><strong>in</strong></span> <span class='ocrx_word' id='word_1_349' title='bbox 206 2530 294 2564; x_wconf 83' lang='lat' dir='ltr'><strong>hanc</strong></span> <span class='ocrx_word' id='word_1_350' title='bbox 316 2530 433 2563; x_wconf 87' lang='lat' dir='ltr'><strong>boram</strong></span> <span class='ocrx_word' id='word_1_351' title='bbox 457 2535 494 2563; x_wconf 86' lang='lat' dir='ltr'><strong>et</strong></span> <span class='ocrx_word' id='word_1_352' title='bbox 516 2534 586 2563; x_wconf 85' lang='lat' dir='ltr'><strong>tam</strong></span> <span class='ocrx_word' id='word_1_353' title='bbox 609 2530 734 2564; x_wconf 84' lang='lat' dir='ltr'><strong>acerba</strong></span> <span class='ocrx_word' id='word_1_354' title='bbox 755 2529 973 2563; x_wconf 67' lang='lat' dir='ltr'><strong>videremus?</strong></span> <span class='ocrx_word' id='word_1_355' title='bbox 1003 2530 1046 2563; x_wconf 85' lang='lat' dir='ltr'><strong>de</strong></span> <span class='ocrx_word' id='word_1_356' title='bbox 1078 2535 1216 2564; x_wconf 84' lang='lat' dir='ltr'><strong>caetero</strong></span> <span class='ocrx_word' id='word_1_357' title='bbox 1238 2528 1320 2563; x_wconf 81' lang='lat' dir='ltr'><strong>nibil</strong></span> <span class='ocrx_word' id='word_1_358' title='bbox 1339 2528 1421 2562; x_wconf 91' lang='lat' dir='ltr'><strong>boni</strong></span> <span class='ocrx_word' id='word_1_359' title='bbox 1442 2532 1611 2569; x_wconf 79' lang='lat' dir='ltr'><strong>speretur,</strong></span> 
     </span>
     <span class='ocr_line' id='line_1_38' title="bbox 146 2573 1612 2616; baseline -0.003 -6"><span class='ocrx_word' id='word_1_360' title='bbox 146 2576 308 2610; x_wconf 85' lang='lat' dir='ltr'><strong>Romanis</strong></span> <span class='ocrx_word' id='word_1_361' title='bbox 340 2576 466 2610; x_wconf 86' lang='lat' dir='ltr'><strong>iterum</strong></span> <span class='ocrx_word' id='word_1_362' title='bbox 497 2577 613 2610; x_wconf 86' lang='lat' dir='ltr'><strong>urbem</strong></span> <span class='ocrx_word' id='word_1_363' title='bbox 648 2575 899 2610; x_wconf 55' lang='lat' dir='ltr'><strong>calcantibusst</strong></span> <span class='ocrx_word' id='word_1_364' title='bbox 945 2575 998 2610; x_wconf 88' lang='lat' dir='ltr'><strong>sic</strong></span> <span class='ocrx_word' id='word_1_365' title='bbox 1020 2580 1076 2610; x_wconf 83' lang='lat' dir='ltr'><strong>est</strong></span> <span class='ocrx_word' id='word_1_366' title='bbox 1097 2576 1228 2610; x_wconf 84' lang='lat' dir='ltr'><strong>loeutus</strong></span> <span class='ocrx_word' id='word_1_367' title='bbox 1251 2575 1329 2616; x_wconf 85' lang='lat' dir='ltr'><strong>ille,</strong></span> <span class='ocrx_word' id='word_1_368' title='bbox 1364 2586 1432 2608; x_wconf 92' lang='lat' dir='ltr'><strong>non</strong></span> <span class='ocrx_word' id='word_1_369' title='bbox 1454 2573 1612 2607; x_wconf 83' lang='lat' dir='ltr'><strong>dissimu-</strong></span> 
     </span>
     <span class='ocr_line' id='line_1_39' title="bbox 144 2621 1610 2676; baseline -0.003 -20"><span class='ocrx_word' id='word_1_370' title='bbox 144 2623 219 2656; x_wconf 82' lang='lat' dir='ltr'><strong>lans</strong></span> <span class='ocrx_word' id='word_1_371' title='bbox 241 2634 279 2656; x_wconf 85' lang='lat' dir='ltr'><strong>se</strong></span> <span class='ocrx_word' id='word_1_372' title='bbox 302 2621 536 2656; x_wconf 81' lang='lat' dir='ltr'><strong>molestissime</strong></span> <span class='ocrx_word' id='word_1_373' title='bbox 559 2623 652 2656; x_wconf 83' lang='lat' dir='ltr'><strong>ferre</strong></span> <span class='ocrx_word' id='word_1_374' title='bbox 673 2622 839 2675; x_wconf 80' lang='lat' dir='ltr'><strong>idipsum</strong></span> <span class='ocrx_word' id='word_1_375' title='bbox 863 2622 955 2666; x_wconf 89' lang='lat' dir='ltr'><strong>quod</strong></span> <span class='ocrx_word' id='word_1_376' title='bbox 983 2622 1110 2668; x_wconf 85' lang='lat' dir='ltr'><strong>passim</strong></span> <span class='ocrx_word' id='word_1_377' title='bbox 1133 2622 1275 2676; x_wconf 80' lang='lat' dir='ltr'><strong>populus</strong></span> <span class='ocrx_word' id='word_1_378' title='bbox 1297 2621 1467 2655; x_wconf 89' lang='lat' dir='ltr'><strong>admirans</strong></span> <span class='ocrx_word' id='word_1_379' title='bbox 1490 2623 1610 2663; x_wconf 85' lang='lat' dir='ltr'><strong>gratu-</strong></span> 
     </span>
     <span class='ocr_line' id='line_1_40' title="bbox 144 2664 1610 2714; baseline -0.002 -13"><span class='ocrx_word' id='word_1_380' title='bbox 144 2669 286 2714; x_wconf 83' lang='lat' dir='ltr'><strong>lansque</strong></span> <span class='ocrx_word' id='word_1_381' title='bbox 318 2669 551 2714; x_wconf 85' lang='lat' dir='ltr'><strong>praedicabat.</strong></span> <span class='ocrx_word' id='word_1_382' title='bbox 597 2668 679 2714; x_wconf 85' lang='lat' dir='ltr'><strong>quid</strong></span> <span class='ocrx_word' id='word_1_383' title='bbox 703 2679 746 2703; x_wconf 82' lang='lat' dir='ltr'><strong>ex</strong></span> <span class='ocrx_word' id='word_1_384' title='bbox 767 2667 822 2702; x_wconf 87' lang='lat' dir='ltr'><strong>his</strong></span> <span class='ocrx_word' id='word_1_385' title='bbox 840 2667 965 2703; x_wconf 81' lang='lat' dir='ltr'><strong>deinde</strong></span> <span class='ocrx_word' id='word_1_386' title='bbox 986 2674 1141 2704; x_wconf 87' lang='lat' dir='ltr'><strong>secutum</strong></span> <span class='ocrx_word' id='word_1_387' title='bbox 1164 2668 1232 2711; x_wconf 88' lang='lat' dir='ltr'><strong>sit,</strong></span> <span class='ocrx_word' id='word_1_388' title='bbox 1263 2666 1405 2702; x_wconf 85' lang='lat' dir='ltr'><strong>historia</strong></span> <span class='ocrx_word' id='word_1_389' title='bbox 1431 2671 1549 2700; x_wconf 78' lang='lat' dir='ltr'><strong>nostra</strong></span> <span class='ocrx_word' id='word_1_390' title='bbox 1573 2664 1610 2698; x_wconf 87' lang='lat' dir='ltr'><strong>iu</strong></span> 
     </span>
     <span class='ocr_line' id='line_1_41' title="bbox 143 2714 454 2749; baseline 0 -1"><span class='ocrx_word' id='word_1_391' title='bbox 143 2714 218 2749; x_wconf 90' lang='lat' dir='ltr'><strong>loco</strong></span> <span class='ocrx_word' id='word_1_392' title='bbox 241 2715 454 2749; x_wconf 82' lang='lat' dir='ltr'><strong>memorabit.</strong></span> 
     </span>
    </p>

    <p class='ocr_par' dir='ltr' id='par_1_5' title="bbox 144 2753 1608 2852">
     <span class='ocr_line' id='line_1_42' title="bbox 233 2753 1608 2815; baseline -0.006 -20"><span class='ocrx_word' id='word_1_393' title='bbox 233 2762 289 2795; x_wconf 77' lang='lat'><strong>29.</strong></span> <span class='ocrx_word' id='word_1_394' title='bbox 336 2761 439 2795; x_wconf 88' lang='lat' dir='ltr'><strong>Multi</strong></span> <span class='ocrx_word' id='word_1_395' title='bbox 460 2766 543 2795; x_wconf 83' lang='lat' dir='ltr'><strong>tunc</strong></span> <span class='ocrx_word' id='word_1_396' title='bbox 566 2760 708 2795; x_wconf 85' lang='lat' dir='ltr'><strong>incitato</strong></span> <span class='ocrx_word' id='word_1_397' title='bbox 733 2770 835 2794; x_wconf 85' lang='lat' dir='ltr'><strong>cursu</strong></span> <span class='ocrx_word' id='word_1_398' title='bbox 858 2759 902 2794; x_wconf 80' lang='lat' dir='ltr'><strong>ad</strong></span> <span class='ocrx_word' id='word_1_399' title='bbox 926 2760 1163 2815; x_wconf 82' lang='lat' dir='ltr'><strong>imperatorem</strong></span> <span class='ocrx_word' id='word_1_400' title='bbox 1195 2759 1394 2794; x_wconf 84' lang='lat' dir='ltr'><strong>ferebantur</strong></span> <span class='ocrx_word' id='word_1_401' title='bbox 1415 2753 1608 2800; x_wconf 84' lang='lat' dir='ltr'><strong>Nymphaei</strong></span> 
     </span>
     <span class='ocr_line' id='line_1_43' title="bbox 144 2807 1606 2860; baseline -0.003 -21"><span class='ocrx_word' id='word_1_402' title='bbox 144 2811 225 2840; x_wconf 79' lang='lat' dir='ltr'><strong>tunc</strong></span> <span class='ocrx_word' id='word_1_403' title='bbox 247 2814 526 2849; x_wconf 80' lang='lat' dir='ltr'><strong>commorantem,</strong></span> <span class='ocrx_word' id='word_1_404' title='bbox 559 2807 880 2860; x_wconf 80' lang='lat' dir='ltr'><strong>contendebantque</strong></span> <span class='ocrx_word' id='word_1_405' title='bbox 903 2807 993 2842; x_wconf 84' lang='lat' dir='ltr'><strong>omni</strong></span> <span class='ocrx_word' id='word_1_406' title='bbox 1014 2811 1139 2842; x_wconf 79' lang='lat' dir='ltr'><strong>conatu</strong></span> <span class='ocrx_word' id='word_1_407' title='bbox 1163 2818 1202 2841; x_wconf 88' lang='lat' dir='ltr'><strong>se</strong></span> <span class='ocrx_word' id='word_1_408' title='bbox 1225 2811 1341 2841; x_wconf 85' lang='lat' dir='ltr'><strong>mutuo</strong></span> <span class='ocrx_word' id='word_1_409' title='bbox 1372 2807 1606 2848; x_wconf 79' lang='lat' dir='ltr'><strong>praevertere,</strong></span> 
     </span>
    </p>
   </div>
   <div class='ocr_carea' id='block_1_5' title="bbox 142 2851 1607 2900">
    <p class='ocr_par' dir='ltr' id='par_1_6' title="bbox 142 2851 1607 2900">
     <span class='ocr_line' id='line_1_44' title="bbox 142 2851 1607 2900; baseline -0.005 -12"><span class='ocrx_word' id='word_1_410' title='bbox 142 2851 288 2897; x_wconf 80' lang='lat' dir='ltr'><strong>gratiam</strong></span> <span class='ocrx_word' id='word_1_411' title='bbox 310 2854 454 2899; x_wconf 87' lang='lat' dir='ltr'><strong>primum</strong></span> <span class='ocrx_word' id='word_1_412' title='bbox 474 2853 569 2889; x_wconf 86' lang='lat' dir='ltr'><strong>allati</strong></span> <span class='ocrx_word' id='word_1_413' title='bbox 591 2860 662 2889; x_wconf 85' lang='lat' dir='ltr'><strong>tam</strong></span> <span class='ocrx_word' id='word_1_414' title='bbox 685 2852 795 2900; x_wconf 76' lang='lat' dir='ltr'><strong>optati</strong></span> <span class='ocrx_word' id='word_1_415' title='bbox 816 2853 926 2889; x_wconf 78' lang='lat' dir='ltr'><strong>nuntii</strong></span> <span class='ocrx_word' id='word_1_416' title='bbox 948 2864 1014 2900; x_wconf 82' lang='lat' dir='ltr'><strong>pro</strong></span> <span class='ocrx_word' id='word_1_417' title='bbox 1035 2865 1076 2889; x_wconf 85' lang='lat' dir='ltr'><strong>se</strong></span> <span class='ocrx_word' id='word_1_418' title='bbox 1098 2853 1244 2899; x_wconf 86' lang='lat' dir='ltr'><strong>quisque</strong></span> <span class='ocrx_word' id='word_1_419' title='bbox 1262 2851 1478 2887; x_wconf 77' lang='lat' dir='ltr'><strong>affectantes.</strong></span> <span class='ocrx_word' id='word_1_420' title='bbox 1505 2858 1607 2893; x_wconf 88' lang='lat' dir='ltr'><strong>prae-</strong></span> 
     </span>
    </p>
   </div>
  </div>
 </body>
</html>
