1884 3262
232 193 330 240 268
654 190 889 235 GEORGII
922 190 1274 236 PACHYMERIS

234 306 307 365 ἐφ’
326 304 499 362 ἧσυχίαν
520 300 757 359 καθήμενος
777 298 843 359 ἦν.
886 299 1014 348 ,τόσον
1036 304 1062 346 δ
1068 301 1081 319 ’
1103 303 1266 354 ἐκείνοις
1287 303 1400 359 ἔμελε
1422 301 1574 348 τούτου
1598 302 1702 347 ὥστε

234 375 330 418 οὐδὲ
362 366 408 417 τὸ
436 377 600 430 πρῶτον
637 372 956 415 συνεκαλέσαντο
985 376 1140 428 μαθεΐν
1171 374 1215 423 ἒξ
1245 373 1395 416 ἐκείνου
1424 373 1477 415 τὰ
1506 375 1597 431 περὶ
1627 378 1703 416 τοῦ

181 458 213 492 Ε
238 439 428 486 σουλτάν.
499 441 601 490 τέως
633 441 676 484 δ’
703 440 814 497 ὅμως
836 440 911 484 οὐκ
931 436 982 496 ἦν
1005 440 1132 484 αὐτὸν
1160 440 1354 496 δέχεσθαι
1376 441 1475 492 τοίς
1494 441 1552 484 δι”
1577 442 1704 485 αὐτὸν

233 507 518 566 ἐπενεγκόντας
547 509 622 565 τὴν
649 514 724 565 τῆς
753 512 868 565 δίκης
895 514 1042 566 ψῆφον
1070 513 1128 568 τῷ
1159 507 1406 567 πατριάρχῃ.
1480 508 1503 554 ὃ
1541 511 1593 566 δὴ
1636 512 1703 552 καὶ

231 579 407 633 συνέβη,
446 578 732 634 ἕξορισθέντος
772 577 859 634 ἅμα
897 583 956 637 τῷ
989 582 1320 634 καθαιρεθῆναι,
1368 577 1395 634 ἢ
1435 582 1594 633 μᾶλλον
1635 580 1736 621 καὶὸ

232 645 388 703 ἐρήμην
415 645 569 690 ἁλῶναι
579 680 593 700 ,
629 647 828 691 κάκείνου.
900 645 957 697 ὥς
988 648 1033 690 δὲ
1061 651 1224 690 πολλῶν
1243 645 1336 691 τότε
1358 639 1722 700 κατατεινομένων’

232 714 363 772 λόγων
392 716 508 765 τέλος
537 717 603 765 καὶ
637 710 751 759 οὗτοι
781 719 992 772 συνῆλθον
1030 722 1117 765 τοῖς
1149 715 1290 766 ἄλλοις
1325 714 1484 765 ἑκόντες
1520 714 1701 767 ἄκοντες,
1728 743 1731 745 -

233 789 430 842 κυροῦται
450 783 476 839 ἦ
499 789 644 841 ψῆφος
667 787 733 827 καὶ
756 783 778 844 ὃ
800 783 1057 842 πατριάρχης
1086 785 1150 827 ἐπὶ
1180 785 1419 842 καθαιρέσει
1440 781 1705 836 καταδικάζε-

232 871 314 897 ται.
386 851 517 896 λύσαν
545 853 589 896 δ’
621 854 809 910 αι’ψηράν
837 852 1010 910 ἀγορήν,
1049 858 1268 909 ποιητικῶς
1294 851 1446 911 φάναι,
1478 856 1562 895 τῶν
1580 857 1706 907 βασι-

232 923 335 966 λέων
368 922 694 979 εὖφημηθέντων
713 922 818 966 κατὰ
841 923 887 966 τὸ
910 920 1104 977 σύνηθες.
1175 923 1369 977 πλὴνκαὶ
1390 919 1465 964 δύο
1485 919 1704 964 τάττονται
1719 924 1763 958 10

90 995 120 1029 P
146 996 210 1031 181
236 991 352 1048 παρὰ
379 996 463 1035 τῶν
493 992 693 1048 ἶεραρχῶν
724 989 910 1047 ἱεράρχαι
937 989 1188 1041 ἀπελθόντες
1218 991 1272 1035 τὰ
1302 990 1416 1048 παρὰ
1432 994 1507 1045 τῆς
1527 986 1706 1033 συνόδου

233 1060 476 1118 πραχθέντα
497 1065 678 1115 σημῆναι
696 1065 755 1118 τῷ
774 1061 996 1118 καταδίκῳ.

185 1144 215 1179 Β
376 1129 422 1175 7.
486 1128 639 1183 Ὀψίας
657 1133 756 1185 γοῦν
775 1130 910 1184 δείλης
928 1128 1032 1184 πρὸς
1050 1129 1198 1170 ἐκεῖνον
1217 1123 1493 1182 ἀπηντηκότες
1501 1159 1514 1178 ,
1549 1122 1708 1182 παρόν-

234 1214 308 1248 τος
340 1199 408 1240 καὶ
439 1201 514 1240 τοῦ
550 1195 704 1254 κλήρου
737 1195 915 1250 παντός,
953 1194 1125 1251 ἐδήλουν
1156 1213 1200 1238 τε
1227 1195 1302 1250 τὴν
1331 1193 1541 1252 ἀπόφασιν
1562 1196 1629 1237 καὶ
1650 1192 1706 1243 ὥς

234 1268 414 1317 ἐξελθεῖν
437 1264 704 1321 ἓτοιμασθειή
727 1264 1010 1310 διεκελεύοντο.
1081 1263 1103 1307 ὅ
1125 1265 1169 1307 δὲ
1188 1268 1352 1320 πρῶτον
1369 1265 1444 1318 μὲν
1463 1260 1706 1320 εὐχαριστή-
1719 1268 1761 1303 15

235 1352 313 1385 σας
341 1339 430 1394 θεῷ
468 1334 630 1388 ἕτοιμον
661 1332 809 1377 ἑαυτὸν
842 1340 1031 1388 παρεῖχεν
1062 1332 1342 1389 ἀπέρχεσθαι,
1389 1331 1470 1390 ὅπῃ
1505 1334 1572 1374 καὶ
1604 1329 1708 1386 βού-

234 1409 385 1446 λοιντο.
457 1401 596 1445 ἔπειτα
639 1403 685 1445 δὲ
737 1402 947 1459 καὶπρὸς
988 1401 1061 1445 τὸν
1098 1406 1248 1458 κλῆρον
1281 1402 1477 1457 στραφεὶς
1512 1400 1604 1442 “τὰ
1634 1400 1708 1453 μὲν

234 1472 334 1515 κατ’
371 1471 441 1526 ἐμὲ
480 1469 592 1521 ὅπως
633 1471 785 1527 συνέβη
822 1474 1170 1529 παραχωροῦντος
1199 1474 1326 1522 θεοῦ,
1366 1469 1529 1521 οἴδατε,
1564 1468 1707 1511 τέκνα·

234 1543 299 1583 δεῖ
318 1543 341 1583 δ
350 1540 361 1556 ’
384 1539 496 1595 ὅμως
527 1539 743 1586 εὖπειθεῖιὲ
756 1543 816 1600 τῷ
845 1541 949 1598 θείῳ
975 1536 1183 1596 θελήματι
1191 1571 1205 1593 ,
1244 1537 1320 1582 κᾶν
1343 1536 1453 1588 ὅπως
1474 1537 1708 1592 οἶκονομοίη

186 1622 216 1656 C
241 1609 308 1661 τὰ,
324 1609 428 1652 καθ’
461 1607 583 1664 ἡμᾶς.
654 1607 769 1664 ἡμεῖς
793 1610 868 1664 μὲν
894 1605 967 1652 οὖν
988 1608 1172 1663 ποιμένες
1193 1608 1414 1662 ταχθέντες
1437 1607 1628 1663 κρίμασιν
1649 1603 1766 1655 οῗςΞΟ

240 1677 325 1721 οἶδε
353 1678 402 1720 τὸ
433 1682 591 1732 ῆνεῦμα
621 1677 668 1721 τὸ
700 1677 813 1733 ἅγιον
846 1677 893 1720 τὸ
926 1678 1126 1731 καλέσαν,
1167 1678 1292 1719 εἶκαὶ
1325 1676 1540 1729 ἀναξίους,
1582 1673 1707 1730 ἡμᾶς,

239 1787 394 1823 sedebat.
441 1786 560 1821 nocuit
593 1786 642 1820 ilii
674 1785 794 1821 nimius
828 1788 928 1821 favor
955 1789 1103 1832 patrum.
1151 1797 1228 1820 nam
1250 1788 1292 1820 ut
1314 1785 1346 1819 ei
1368 1786 1570 1830 parcerent,
1603 1781 1712 1817 absti-

236 1835 382 1868 nuerant
413 1833 458 1867 ab
490 1844 531 1867 eo
563 1832 707 1866 iuridice
746 1833 987 1877 interrogando
1020 1836 1092 1866 tum
1126 1843 1202 1865 cum
1236 1832 1465 1866 discuteretur
1496 1829 1711 1875 patriarchae

239 1880 331 1913 circa
363 1878 539 1913 Sultanem
570 1879 720 1920 factum,
750 1879 845 1913 cuius
874 1879 950 1924 ipse
982 1889 1063 1923 pars
1092 1879 1217 1912 fuerat.
1264 1889 1353 1911 nunc
1375 1887 1487 1911 serum
1521 1878 1597 1909 erat
1616 1875 1709 1908 iilum

239 1936 390 1967 vocare,
424 1925 605 1958 manifesto
635 1924 751 1970 utique
775 1924 986 1969 praeiudicio
1011 1925 1215 1958 damnatum.
1262 1935 1326 1957 nec
1347 1925 1485 1969 poterat
1505 1921 1614 1955 locum
1637 1931 1711 1954 am·

241 1971 330 2018 plius
353 1971 481 2004 habere
503 1970 747 2015 qualiscunque
768 1971 876 2015 ipsius
899 1970 1071 2012 defensio,
1102 1970 1171 2004 iam
1194 1969 1338 2015 prolatis
1367 1969 1550 2002 multorum
1572 1970 1710 2000 senten-

223 2017 299 2052 ·tiis
322 2017 359 2050 in
382 2027 441 2050 eos
468 2017 526 2061 qui
560 2027 636 2050 cum
668 2017 819 2062 profanis
847 2016 1148 2050 communicassent
1165 2041 1173 2055 ,
1205 2027 1294 2060 quae
1324 2014 1491 2058 suffragia
1512 2012 1617 2047 nihilo
1641 2011 1709 2046 mi·-

241 2074 305 2097 nus
336 2062 560 2097 Pisidiensem
593 2074 694 2107 quam
729 2063 838 2107 ipsum
875 2062 1107 2107 patriarcham
1141 2060 1354 2106 affligebant.
1400 2060 1520 2104 itaque
1549 2059 1709 2092 damnato

241 2108 459 2155 patriarcha,
490 2113 550 2142 aut
572 2109 684 2154 potius
706 2108 832 2143 indicta
855 2119 960 2142 causa
981 2112 1123 2153 propter
1145 2108 1335 2152 negiectum
1357 2105 1580 2141 vadimonium
1603 2103 1712 2149 depo·—

241 2156 326 2196 sito,
348 2154 549 2189 Pisidiensis
572 2166 707 2200 quoque
729 2154 766 2188 in
787 2154 924 2188 exilium
946 2154 1065 2199 pulsus
1085 2157 1149 2187 est.
1196 2156 1276 2198 post
1296 2153 1401 2186 multa
1421 2152 1456 2185 in
1479 2152 1550 2185 ista
1571 2161 1714 2184 concer-

242 2200 378 2235 tatione
407 2200 496 2234 ultro
529 2200 685 2246 citroque
713 2201 883 2245 allegata,
913 2201 1050 2234 tandem
1073 2203 1109 2234 et
1129 2199 1165 2233 hi
1188 2199 1341 2234 volentes
1363 2197 1516 2232 nolentes
1540 2208 1616 2230 cum
1637 2195 1714 2230 aliis

243 2249 496 2289 convenerunt,
531 2250 567 2280 et
590 2247 750 2281 concordi
771 2247 837 2280 iam
860 2246 981 2291 synodi
1002 2246 1125 2280 iudicio
1148 2245 1316 2290 depositio
1342 2244 1559 2290 patriarchae
1581 2241 1712 2277 sancita

243 2295 308 2326 est.
354 2293 528 2326 solverunt
551 2297 681 2334 autem,
704 2297 744 2327 ut
764 2292 897 2338 poetice
919 2293 1049 2337 dicam,
1073 2291 1219 2326 subitum
1243 2295 1461 2332 conventum,
1485 2292 1522 2323 et
1545 2288 1714 2323 acclama-

242 2338 392 2372 tionibus
419 2338 454 2372 in
485 2338 646 2372 honorem
675 2339 911 2384 imperantium
941 2338 1116 2372 editis'de
1146 2349 1263 2379 more,
1304 2340 1551 2382 praetereaque
1581 2334 1713 2374 duobus

243 2384 459 2429 praesulibus
487 2384 605 2419 electis
629 2385 687 2428 qui
711 2385 844 2419 nomine
866 2384 987 2428 synodi
1010 2383 1317 2418 exauctorationem
1340 2382 1560 2429 patriarchae
1581 2381 1711 2415 denun-

245 2430 372 2465 tiarent
394 2441 510 2472 suam,
534 2430 614 2464 finis
636 2431 813 2475 impositus
836 2432 972 2475 negotio
994 2435 1056 2465 est.
1139 2432 1143 2436 '

335 2476 370 2511 7.
416 2475 501 2509 Inde
524 2478 587 2510 sub
610 2487 788 2521 vesperam
812 2477 1014 2511 conveniunt
1036 2476 1264 2522 patriarcham
1286 2474 1311 2508 ii
1334 2484 1421 2520 quos
1445 2472 1586 2507 diximus
1608 2470 1652 2504 ad
1674 2469 1710 2503 id

245 2533 269 2556 a
292 2521 420 2565 synodo
445 2522 591 2564 electos,
628 2526 663 2556 et
686 2523 776 2557 clero
799 2528 981 2568 praesente
1003 2522 1181 2564 universo,
1214 2525 1394 2567 postquam
1416 2530 1509 2554 suam
1531 2517 1581 2551 illi
1605 2517 1712 2561 depo-

245 2567 401 2602 sitionem
422 2566 565 2601 iuridice
588 2568 822 2610 declararunt,
856 2569 975 2602 eadem
996 2568 1104 2613 ipsum
1128 2568 1335 2602 auctoritate
1355 2567 1529 2600 iusserunt
1550 2561 1714 2607 expedire

248 2623 326 2647 sese
360 2624 402 2647 ac
436 2624 633 2658 comparare
664 2614 708 2648 ad
740 2614 928 2659 proximum
957 2614 1152 2648 discessum.
1200 2614 1317 2648 atille
1339 2611 1460 2656 gratiis
1481 2609 1624 2655 primum
1647 2608 1712 2641 deo

249 2659 352 2701 actis,
375 2663 565 2705 promptum
587 2664 812 2705 paratumque
834 2671 872 2694 se
895 2660 1050 2694 exhibuit
1074 2661 1117 2695 ad
1141 2660 1286 2694 eundum
1307 2670 1375 2705 quo
1396 2657 1533 2691 vellent.
1581 2660 1652 2687 tum
1668 2653 1713 2687 ad

250 2705 377 2739 clerum
408 2715 592 2740 conversus
624 2706 745 2740 “res'’
778 2706 889 2751 inquit
915 2707 998 2740 “uti
1029 2718 1067 2740 se
1099 2717 1196 2741 meae
1225 2706 1375 2740 habeant
1396 2702 1462 2736 deo
1484 2700 1714 2746 permittente,

252 2750 378 2792 nostis,
410 2751 495 2784 filii=
528 2754 664 2796 oportet
685 2755 798 2786 tamen
822 2750 1039 2796 acquiescere
1062 2753 1197 2787 divinae
1220 2748 1408 2790 voluntati,
1431 2751 1468 2781 et
1491 2747 1570 2781 boni
1592 2756 1713 2779 consu-

253 2797 325 2830 lere
348 2795 514 2842 quidquid
539 2799 582 2831 de
605 2797 700 2831 nobis
723 2797 936 2843 providentia
959 2797 1122 2832 decrevit.
1169 2808 1230 2832 nos
1253 2807 1328 2831 cum
1348 2794 1528 2829 fuissemus
1558 2797 1715 2838 pastores

253 2843 420 2887 praefecti
440 2842 573 2878 iudiciis
595 2844 684 2878 notis
706 2843 851 2890 Spiritui
875 2844 1025 2888 Sancto,
1051 2844 1111 2889 qui
1134 2843 1267 2879 vocavit
1290 2852 1352 2877 nos
1374 2839 1526 2887 quamvis
1547 2838 1716 2883 indignos,
