1846 3262
426 209 504 252 DE
527 207 808 253 MIGHAELE
834 206 1211 252 PALAEOLOGO
1243 209 1291 252 L.
1315 206 1350 251 Ι.
1562 206 1630 254 57

156 343 228 378 τος
253 330 331 370 τοῦ
363 324 454 369 νὲου
485 326 552 368 καὶ
582 325 729 381 μείζων
753 323 875 383 ᾔρετο
903 322 929 380 ἦ
954 324 1073 380 φωνὴ
1094 326 1162 367 καὶ
1180 320 1453 381 ἀτακτότερον
1471 318 1629 379 ἐθορύ-

155 403 285 452 βουν,
321 398 423 451 χειρὶ
455 393 689 439 κατανεύειν
717 396 756 438 οἱ
788 393 899 451 ἀμφ’
925 395 1074 436 ἐκεῖνον
1100 392 1354 438 διδάσκουσι.
1425 393 1474 436 τὸ
1502 392 1546 435 δ’
1579 388 1628 448 ἦν

155 466 244 521 ἅμα
263 470 414 522 κροῦον
436 467 503 508 καὶ
523 465 627 521 πρὸς
645 462 886 522 ἀμφότερα,
923 462 986 506 ὅτι
1005 480 1048 506 τε
1067 462 1312 507 ἀναστέλλοι·
1335 462 1409 506 τὸν
1435 459 1626 518 θόρυβον
1648 471 1680 507 C

156 538 224 578 καὶ
253 534 316 579 ὅτι
345 536 543 591 ε’κχωροιή
570 531 723 584 διδούς.
791 534 858 575 καὶ
889 538 976 581 τοῖς
1005 533 1080 586 μὲν
1112 534 1216 589 περὶΔ
1235 533 1308 575 τὸν
1334 531 1425 575 νέον
1448 531 1630 588 ἄρχοντα

120 611 144 647 5
158 605 297 648 ἱκανὸν
318 606 375 655 εἷς
395 604 618 660 ἀπολογίαν
635 604 676 653 ἐς
690 601 864 658 ὕστερον
887 602 992 656 πρὸς
1009 601 1109 651 τούς
1131 599 1380 656 ἅρχονταςῆ
1402 605 1475 655 τῆς
1493 601 1631 657 χειρός

155 672 397 724 κατάνευσις
423 671 688 716 ὖπολέλειπτο
702 704 716 729 ,
751 669 808 721 ὥς
827 673 957 727 δῆθεν
979 672 1154 726 ἐπισχεῖν
1173 673 1434 723 οἷκονομοῦσι
1453 670 1526 713 τὸν
1545 669 1629 714 θό-

156 749 310 799 ρυβον,
345 750 434 793 τοῖς
450 743 495 785 δὲ
515 743 582 785 καὶ
602 743 693 784 λιάν
714 740 869 795 ἀρκοῦν
889 741 1091 794 ἐνομίζετο
1119 740 1224 795 πρὸς
1251 737 1487 795 ἐκχώρησιν.
1560 739 1628 783 εὔ·-

154 813 240 864 θῦς
262 808 335 856 οὖν
354 812 435 866 βοὴ
455 811 570 868 ἤρθη
593 809 649 861 ὥς
665 812 942 866 ε’κχωροῦντος
959 814 1034 853 τοῦ
1051 809 1268 864 βασιλέως,
1292 810 1361 852 καὶ
1385 807 1473 862 ἅμα
1490 809 1628 863 ἐχέον-

154 900 203 925 το
227 882 486 936 παμπληθεῖ,
521 882 589 923 καὶ
608 878 664 930 ὥς
680 879 862 937 τιμωρὸς
880 884 954 934 τῆς
970 883 1188 935 βασιλικῆς
1205 878 1414 934 σωτηρίας
1435 878 1628 922 συνέθεεν

99 959 144 994 10
157 952 351 1004 ἕκαστος,
388 948 444 1001 ὥς
462 952 529 992 καὶ
546 947 907 1006 προσκινδυνεύσοι
930 950 965 991 εἴ
982 949 1079 992 δέοι.
1149 950 1216 991 καὶ
1236 946 1442 1003 ἀλλήλους
1463 951 1523 1006 τῷ
1543 952 1625 991 θο-
1647 959 1681 993 D

155 1018 270 1078 ρῦβῳ
297 1024 659 1075 παρακροτοῦντες
677 1019 743 1062 ἐπὶ
765 1023 839 1074 τῆς
862 1023 992 1073 μονῆς
1011 1017 1221 1075 ἠπείγοντο
1241 1022 1324 1060 τῶν
1345 1014 1625 1071 Σωσάνδρων,

151 1089 207 1133 τὰ
237 1089 392 1145 ἔσχατα
419 1088 526 1131 κακοὶ
555 1086 674 1142 τούς,
715 1086 771 1138 ὥς
797 1087 914 1131 αὐτοὶ
940 1088 1101 1144 ἔλεγον,
1138 1085 1315 1137 δύσνους
1342 1091 1402 1145 τῷ
1428 1088 1626 1146 βασιλείῳ

152 1155 292 1215 κράτει
311 1159 581 1214 πραξείοντες.
637 1159 712 1201 εἶσὶ
735 1157 778 1200 δ’
808 1157 854 1200 οἳ
868 1159 935 1200 καὶ
957 1157 1099 1212 ἔμενον
1116 1157 1174 1213 μὴ
1194 1154 1458 1206 συναπιόντες
1468 1188 1482 1208 ,
1518 1172 1627 1212 προ-

151 1228 411 1284 μηθέστερον
439 1232 651 1278 ποιοῦντες
679 1226 706 1282 ἢ
735 1223 1060 1282 τολμηρότερον,
1097 1228 1164 1269 καὶ
1188 1225 1276 1279 ἅμα
1299 1228 1334 1268 εἶ
1354 1225 1539 1268 ἐκποδῶν
1560 1242 1628 1281 γε·-

98 1304 142 1341 15
155 1297 348 1352 νομένους
378 1296 476 1347 τοὺς
502 1297 611 1340 καθ’
644 1291 702 1340 ὧν
730 1296 927 1339 συνέθεον
950 1294 1154 1351 μάθοιεν,
1192 1295 1502 1351 αὐθαδέστερον
1521 1296 1628 1351 δρα-

151 1367 328 1417 σείοντες
356 1366 420 1409 ἐπὶ
448 1373 539 1417 ταῖς
566 1373 736 1422 σκηναῖς
753 1365 857 1422 πρὸς
879 1365 928 1408 τὸ
950 1367 1135 1422 ἐκφορεῖν
1153 1365 1206 1408 τὰ
1226 1363 1435 1419 κειμήλια·
1468 1364 1528 1419 μὴ
1545 1364 1625 1420 γὰρ

152 1433 254 1479 εἶναι
281 1435 354 1479 τὸν
385 1433 626 1478 κωλύσοντα
657 1434 767 1479 οὕτω
798 1439 883 1478 τῶν
914 1434 1164 1490 κεκτημένων
1202 1431 1490 1477 ἀπολωλότων.
1563 1431 1621 1482 ὥς
1642 1437 1676 1471 Ε

150 1509 251 1562 γοῦν
275 1505 315 1549 οἳ
338 1505 414 1561 μὲν
433 1502 599 1560 συνάμα
620 1507 690 1548 καί
709 1520 791 1548 τισι
813 1508 896 1548 τῶν
914 1505 956 1548 ἓν
977 1504 1080 1548 τέλει
1103 1508 1179 1559 τῆς
1195 1501 1407 1564 ὖμνῳδίας
1432 1502 1630 1559 τελουμέ-

150 1635 328 1672 effraenis.
378 1640 418 1672 ut
458 1640 571 1672 autem
610 1636 746 1672 obiecto
782 1638 931 1683 publicis
962 1637 1202 1683 conspectibus
1232 1636 1487 1672 adolescentulo
1519 1636 1627 1671 maior

150 1684 308 1718 sublatus
332 1687 386 1718 est
417 1684 544 1718 clamor
568 1688 605 1718 et
626 1683 849 1729 impotentius
873 1686 1147 1727 bacchabantur,
1181 1688 1369 1730 suggerunt
1391 1684 1430 1721 ei⁴
1449 1683 1508 1728 qui
1531 1683 1628 1718 circa

149 1729 262 1774 ipsum
288 1734 386 1765 erant
409 1736 450 1764 ut
472 1741 572 1765 manu
595 1729 765 1765 innueret.
814 1736 891 1766 erat
913 1737 1027 1767 autem
1050 1731 1087 1766 id
1110 1732 1243 1776 signum
1273 1741 1401 1776 anceps
1424 1735 1460 1764 et
1482 1729 1518 1764 in
1541 1741 1627 1764 con-

150 1775 260 1810 traria
284 1777 417 1821 pariter
441 1777 654 1821 ambiguum,
689 1789 764 1812 cum
788 1782 825 1812 et
848 1778 960 1813 videri
992 1783 1110 1824 posset
1133 1777 1355 1824 comprimere
1378 1777 1558 1810 tumultum
1583 1788 1626 1811 eo

149 1826 252 1866 gestu
285 1823 454 1865 voluisse,
493 1827 529 1857 et.
560 1823 848 1870 interpretatione
880 1836 949 1859 non
984 1825 1199 1859 inverisimili
1222 1823 1312 1859 trahi
1337 1828 1454 1869 posset
1476 1823 1565 1858 idem
1589 1822 1625 1857 in

150 1867 317 1903 indicium
349 1880 533 1905 concessae
566 1881 588 1903 a
620 1870 780 1916 principe
811 1870 847 1905 in
879 1883 998 1917 parurn
1023 1871 1093 1918 ipsi
1115 1872 1204 1906 fidos
1228 1869 1405 1906 saeviendi
1435 1868 1625 1904 facultatis.

149 1925 263 1960 neque
289 1914 325 1949 id
349 1914 529 1960 ignorasse
551 1915 759 1952 videbantur
782 1917 844 1963 qui
866 1917 1013 1965 principi
1038 1917 1198 1953 aderant:
1227 1918 1289 1952 sed
1312 1916 1399 1958 sibi,
1423 1916 1451 1951 si
1475 1916 1538 1950 hoc
1562 1927 1627 1962 pe-

148 1960 259 1996 riculo
291 1961 430 1996 innoxie
462 1962 732 2007 defungerentur
764 1963 823 2009 qui
854 1966 958 2000 rebus
983 1969 1185 2011 praeerant,
1217 1970 1393 2010 receptum
1416 1962 1451 1997 in
1477 1974 1627 1998 excusa-

149 2006 245 2042 tione
269 2008 439 2054 parabant
461 2013 633 2054 tamquam
657 2010 701 2044 ab
725 2009 812 2055 ipsis
838 2023 878 2046 co
911 2017 1040 2046 tantum
1063 2011 1173 2046 animo
1197 2022 1299 2045 suasa
1321 2009 1380 2044 illa
1402 2009 1624 2056 protentione

147 2065 289 2096 manns,
322 2059 361 2088 ut
388 2054 511 2089 seditio
541 2067 604 2101 per
636 2067 709 2091 eam
740 2057 1034 2102 comprimeretur.
1080 2062 1117 2093 at
1145 2057 1388 2092 tumultuantes
1418 2057 1506 2092 satis
1528 2056 1622 2090 clare

146 2099 215 2134 sibi
240 2112 434 2135 concessam
459 2113 500 2135 eo
524 2107 624 2146 gestu
650 2102 740 2148 quod
765 2104 892 2138 vellent
924 2105 1050 2150 agendi
1072 2104 1243 2139 licentiam
1267 2103 1498 2138 crediderunt.
1547 2107 1623 2136 sta-

146 2146 209 2180 tim
243 2146 354 2191 igitur
385 2147 522 2182 sublata
554 2160 623 2182 vox
658 2154 714 2183 est
744 2150 904 2185 assentiri
937 2153 1125 2197 Augustum
1149 2157 1185 2186 et
1208 2155 1381 2185 auctorem
1413 2149 1500 2183 fieri.
1549 2154 1620 2183 tum

146 2202 230 2226 vero
256 2204 319 2237 pro
344 2204 382 2228 se
405 2194 548 2239 quisque
571 2206 799 2239 procurrere,
831 2192 975 2242 singulis
1007 2198 1133 2232 viritim
1161 2208 1238 2231 sese
1261 2197 1391 2232 ultores
1418 2194 1619 2230 iniuriarum

146 2242 184 2272 et
206 2237 361 2273 vindices
385 2239 506 2274 salutis
530 2240 695 2287 principis
718 2242 962 2287 opinantibus,
997 2248 1033 2278 et
1063 2244 1160 2278 velut
1190 2243 1226 2277 in
1251 2243 1363 2277 studio
1386 2244 1439 2278 rei
1463 2242 1620 2288 praecla-

145 2295 208 2319 rae
233 2288 456 2329 praevertere
477 2285 625 2321 invicem
647 2288 867 2324 festinatione
887 2291 972 2331 inira
996 2290 1222 2331 certantibus,
1244 2301 1286 2324 ac
1310 2288 1495 2334 periculum
1515 2300 1620 2334 prae-

145 2341 318 2376 occupare
351 2331 613 2376 quasi'heroici
646 2335 814 2370 facinoris
843 2337 1142 2382 perturbatissime
1170 2336 1324 2371 discursu
1349 2340 1385 2369 et
1407 2342 1523 2370 mutua
1558 2346 1620 2370 ex-

144 2377 301 2431 trusione
324 2377 493 2412 ruentium
517 2378 644 2424 impetu
680 2381 823 2416 maximo
847 2394 967 2417 versus
992 2383 1230 2418 mona-terium
1262 2381 1531 2424 Sosandrorum‚
1564 2382 1619 2417 fe-

144 2423 283 2458 rocibus
307 2428 532 2460 extremorum
556 2426 718 2462 malorum
744 2427 844 2463 minis
866 2429 910 2463 iis
934 2429 1208 2471 inserendorum,
1244 2440 1332 2474 quos
1354 2428 1532 2463 invidiosis
1556 2440 1618 2463 vo-

144 2469 274 2504 cabulis
308 2468 488 2505 infidorum
519 2473 698 2518 Augustae
730 2476 896 2518 potestati
930 2475 1165 2521 principisque
1196 2475 1618 2520 hostium'designabant.

142 2526 210 2549 non
234 2519 348 2551 tamen
370 2515 514 2552 defuere
539 2519 595 2563 qui
619 2519 867 2564 subsisterent,
901 2522 1115 2557 continentes
1137 2519 1226 2556 'sese
1248 2521 1282 2556 in
1306 2521 1364 2555 illo
1397 2522 1507 2556 effuso
1531 2521 1619 2556 alio-

141 2572 216 2596 rum
253 2573 376 2604 cursu,
412 2563 469 2598 vel
500 2565 592 2609 quod
626 2566 762 2601 cautius
785 2579 884 2614 quam
910 2568 1074 2603 audacius
1096 2580 1202 2614 agere
1225 2568 1413 2603 consultum
1439 2569 1618 2610 ducerent,

143 2607 202 2641 vel
225 2609 319 2653 quod
343 2609 441 2644 simul
465 2610 568 2645 etiam
592 2617 795 2656 sperarent,
827 2618 908 2660 post
940 2614 1113 2660 negotium
1137 2627 1159 2649 a
1182 2615 1400 2650 currentibus
1424 2615 1616 2649 confectum

141 2653 367 2710 sublatosque
398 2659 557 2701 potentes
587 2669 722 2701 rerum,
764 2661 1057 2705 quaestuosiorem
1090 2655 1156 2696 s‘ibi
1190 2661 1446 2706 relinquendam
1478 2670 1617 2706 operam

143 2700 369 2756 irrumpendi·
386 2701 424 2736 in
457 2703 562 2738 aedes
593 2703 744 2749 ipsorum
770 2711 805 2741 ct
826 2707 1077 2752 pretiosissima
1100 2707 1182 2742 inde
1206 2719 1364 2752 quaeque
1388 2707 1617 2752 exportandi;

141 2757 227 2800 quas
252 2758 288 2801 ¹¹.¹
313 2759 444 2794 opimas
469 2749 618 2794 praedas
642 2750 763 2786 utilius
794 2761 1034 2799 expromerent
1064 2759 1172 2789 totam
1197 2754 1263 2788 vim
1287 2754 1534 2788 audacissimae
1559 2765 1618 2787 ra-

140 2795 330 2836 pacitatis,
371 2795 509 2830 nemine·
538 2802 607 2831 tum
641 2798 880 2842 prohibituro,
920 2800 1052 2846 quippe
1081 2800 1149 2835 iam
1180 2800 1327 2835 mortuis
1358 2799 1615 2845 possessoribus

139 2848 246 2881 opera
270 2851 384 2875 eorum
408 2853 495 2887 quos
518 2841 553 2876 in
577 2843 612 2877 id
639 2854 863 2890 praecurrere
885 2846 1056 2882 sinebant.
1104 2859 1177 2882 cum
1202 2858 1304 2891 ergo,
1329 2846 1408 2880 dum
1431 2845 1616 2891 hymnodia

139 2883 393 2930 celebraretur,
424 2888 626 2925 Muzalones
654 2902 728 2926 cum
760 2891 970 2938 primoribus
997 2892 1199 2940 optimatum
1231 2893 1323 2928 intra
1355 2892 1518 2939 templum
1541 2898 1615 2929 sta-
