1884 3262
513 208 618 254 us.
644 208 730 254 111..
769 173 1263 255 CHRONOLOGICUS.
1531 199 1629 253 723

160 324 320 361 iustum
347 317 386 358 'et
411 318 648 360 conveniens
677 330 784 369 erat,
813 319 926 360 Iulii
943 318 1098 359 menois
1120 318 1187 359 die
1213 319 1354 373 quinto
1371 328 1408 360 et
1421 323 1629 377 vigesimo,

161 377 385 418 indictione
421 386 594 430 quarta,
637 392 745 416 anno
779 378 832 416 ab
857 378 950 416 orbe
983 376 1144 416 condito
1172 381 1307 429 6769,
1338 387 1570 445 postquam
1582 385 1629 421 in

155 442 355 487 potestate
372 435 554 473 hostium
568 436 722 485 fuisset
739 437 862 473 annis
877 436 1186 487 quinquaginta
1205 442 1307 478 octo.
1362 436 1420 475 sic
1438 437 1631 491 Aeropo-

159 492 254 542 lita,
294 498 483 530 accurato
511 497 549 530 et
576 492 628 530 ad
658 498 816 530 nostras
845 497 983 530 exacte
1009 493 1181 531 rationes
1208 493 1431 544 quadrante
1458 495 1629 536 calculo.

160 555 208 587 ut
225 561 353 587 annus
374 549 516 587 mundi
533 562 645 587 aerae
663 548 838 599 vulgaris
859 549 1104 588 Graecorum
1126 549 1178 588 ad
1204 549 1351 589 Christi
1381 565 1529 590 annum
1553 566 1641 592 re·-⁴

161 605 340 656 (ligatur,
370 612 563 658 perpetua
582 604 768 643 methodo
791 605 958 644 tollendi
974 619 1025 644 ex
1043 619 1197 645 summa
1215 614 1308 645 sunt
1328 607 1452 650 5508.
1506 609 1632 660 igitur

163 676 291 700 annus
309 661 359 700 ab
388 661 623 712 Acropolita
649 662 849 701 indicatus
877 662 1018 701 mundi
1045 665 1156 706 6769
1184 663 1288 701 idem
1312 665 1390 702 suit
1410 678 1500 703 cum
1520 680 1627 705 anno

163 732 276 757 aerae
306 725 466 758 nostrae
495 718 742 758 Christianae
765 721 887 762 1261.
945 726 1005 758 est
1031 718 1100 758 hie
1128 721 1280 771 periodi
1304 721 1479 760 Iulianae
1502 723 1629 772 5974,

162 789 264 827 quae
281 789 433 814 summa
455 775 580 814 divisa
601 789 674 828 per
693 775 922 827 quindecim
940 775 1008 814 dat
1027 789 1230 814 numerum
1254 778 1488 816 indictionis
1505 793 1630 830 quar-

160 838 259 870 tum.
316 833 489 884 spatium
509 845 668 884 quoque
685 833 869 873 detentae
886 846 909 870 a
925 832 1076 871 Latinis
1097 833 1206 871 urbis
1236 834 1473 873 adamussim
1497 843 1632 874 rectae

162 889 444 940 chronologiae
475 895 660 928 exactum
691 889 739 927 ab
764 889 995 940 Acropolita
1018 890 1219 942 proditur.
1277 891 1461 943 superius
1480 893 1631 945 quippe

163 959 199 985 c.
233 950 260 988 2
286 946 461 986 vidimus
492 951 651 998 captam
681 960 705 984 a
742 946 895 984 Latinis
935 946 1322 999 Constantinopolim
1349 962 1452 987 anno
1483 949 1631 987 Christi

165 1005 288 1044 1203.
318 1016 410 1042 cum
439 1009 568 1042 autem
597 1016 709 1041 nunc
735 1002 969 1041 definiamus
995 1010 1197 1054 receptam
1227 1018 1249 1040 a
1273 1005 1433 1043 Graecis
1465 1006 1631 1044 eandem

162 1059 285 1097 fuisse
309 1060 447 1099 urbem
469 1073 573 1097 anno
599 1058 746 1097 Christi
767 1062 889 1108 1261,
907 1058 975 1110 qui
993 1072 1046 1097 ex
1067 1063 1119 1102 61
1142 1062 1170 1102 3
1196 1059 1464 1110 subtraxerit,
1493 1069 1633 1101 exacte

161 1116 334 1166 reperiet
366 1115 422 1159 58
449 1129 577 1154 annos
613 1115 779 1154 dominii
818 1115 1051 1154 Latinorum
1080 1116 1126 1154 in
1159 1116 1267 1169 regia
1295 1118 1537 1156 Graecorum
1568 1119 1633 1157 ci·-

160 1172 300 1214 vitate.

276 1227 341 1267 lV'.
399 1229 536 1267 Restat
554 1228 740 1267 ultimum
762 1242 811 1268 ex
828 1228 1047 1281 propositis
1067 1235 1188 1281 caput
1207 1228 1381 1282 epochae
1400 1237 1529 1279 certae
1545 1230 1633 1270 illi-

163 1285 338 1337 gandum
359 1285 586 1324 excaecatio
606 1286 720 1337 pueri
740 1285 910 1324 Ioannis.
968 1299 1054 1324 eam
1070 1292 1207 1324 noster
1225 1300 1298 1338 pro
1319 1288 1509 1326 facinoris
1527 1294 1632 1327 atro-

166 1343 284 1381 citate
304 1341 453 1393 tragice
473 1342 686 1394 deplorans
705 1342 732 1379 l.
754 1344 781 1384 3
805 1356 839 1382 c.
862 1345 928 1392 10,
958 1342 1116 1380 unicam
1143 1344 1335 1395 temporis
1363 1344 1632 1384 circumstan-

162 1399 259 1437 tiam
276 1405 390 1437 notat
402 1428 413 1444 ‚
441 1399 537 1437 dum
553 1405 635 1437 tam
651 1399 864 1438 immanem
883 1399 1152 1438 carnificinam
1169 1399 1212 1437 in
1229 1400 1387 1452 pupillo
1403 1401 1633 1451 innocente,

163 1470 240 1509 pro
282 1456 526 1508 imperatore
560 1457 832 1494 Romanorum
865 1455 946 1494 iam
979 1456 1137 1507 agnito,
1175 1457 1390 1496 exercitam
1428 1458 1631 1497 horrendo

166 1525 267 1552 ausu
298 1519 493 1551 memorat
520 1512 585 1551 die
619 1512 797 1550 omnium
822 1513 1089 1562 sanctissima,
1135 1513 1403 1552 anniversaria
1444 1516 1634 1554 videlicet

165 1569 310 1608 natalis
329 1568 491 1608 Christi.
548 1582 696 1607 annum
716 1569 954 1620 investigare
969 1583 1045 1608 nos
1065 1576 1238 1622 oportet.
1285 1578 1333 1609 ut
1353 1585 1472 1622 quam
1491 1573 1631 1624 proxi-
1652 1583 1683 1619 P
1707 1586 1774 1621 511

166 1639 231 1665 me
259 1631 352 1678 post
382 1626 528 1664 initum
558 1640 579 1664 a
616 1625 811 1664 michaele
839 1626 1070 1677 Palaeologo
1099 1626 1382 1678 imperium‘id
1422 1629 1632 1680 opinemur

167 1683 333 1734 factum,
361 1683 506 1734 subigit
525 1682 607 1734 ipse
621 1681 894 1734 PachymereS,
926 1682 995 1735 qui
1016 1697 1108 1722 cum
1126 1683 1245 1721 modo
1261 1684 1422 1722 laudato
1444 1698 1478 1725 c.
1499 1687 1589 1727 101.
1601 1689 1628 1729 3

169 1739 378 1792 scripserit
399 1740 587 1778 Ioannem
605 1739 804 1778 Theodmi
821 1741 1068 1792 impeiatoris
1090 1739 1289 1789 heredem,
1310 1742 1467 1792 quaudo
1488 1755 1632 1782 excae-

168 1802 280 1835 catus
305 1802 385 1846 est,
416 1797 534 1835 fuisse
553 1797 716 1837 παιδίον
733 1794 890 1837 ἁπαλόν
912 1796 980 1837 καὶ
1006 1795 1166 1849 μηδὲν’
1152 1796 1207 1837 ε’τι
1228 1795 1362 1849 σχεδὸν
1378 1796 1554 1847 τελέως
1534 1796 1563 1852 η’
1584 1815 1629 1841 το

168 1849 366 1923 χαίρειν
338 1869 364 1905 η
384 1869 427 1894 το
420 1850 656 1894 ’λυπεῖσθαι
674 1850 823 1905 μαθὸν,
844 1854 914 1893 καί
929 1869 953 1907 y
960 1850 1060 1894 ”ἕν
1051 1853 1124 1909 dego
1147 1853 1360 1906 τιθέμενον
1377 1850 1420 1896 τό
1435 1851 1474 1895 τ’
1495 1852 1631 1908 α’ρχειν

168 1909 238 1951 καὶ
259 1908 475 1962 ἄρχεσθαι,
506 1917 544 1948 et
570 1911 691 1962 paulo
709 1910 875 1948 inferius
897 1912 971 1950 τοῦ
993 1895 1186 1963 βρέφους
1198 1909 1343 1963 μικρὸν
1360 1909 1632 1965 ὁπερβεβηκός

168 1968 345 2008 παιδίον.
374 1967 452 2005 iam
463 1973 594 2005 tamen
615 1967 684 2009 1.1
711 1969 815 2010 c.13
839 1966 1108 2006 affirmaverat
1130 1968 1323 2017 eundem,
1353 1981 1444 2005 cum
1465 1975 1522 2007 est
1545 1969 1629 2007 eius

168 2030 284 2077 pater
302 2022 536 2062 Theodorus
554 2030 756 2072 mortuus,
785 2023 904 2062 fuisse
920 2037 1157 2062 novennem.
1215 2022 1312 2061 huic
1331 2025 1435 2062 enim
1457 2025 1575 2062 aetati
1595 2025 1631 2063 si

169 2086 252 2119 tres
271 2086 497 2131 quatuorve
517 2080 611 2119 anni
632 2081 887 2129 accederent,
914 2080 992 2118 iam
1010 2081 1042 2118 is
1059 2093 1185 2132 prope
1206 2080 1452 2131 pubertatem
1473 2081 1632 2131 attigis-

171 2142 252 2185 set,
283 2137 442 2187 quando
466 2144 525 2175 est
541 2143 797 2186 excaecatus,
837 2149 912 2174 nec
938 2150 1031 2174 sanc
1058 2136 1139 2174 dici
1164 2142 1299 2188 posset
1312 2137 1503 2188 puerulus
1525 2151 1632 2190 pau.-

169 2193 258 2231 lum
275 2192 394 2231 modo
428 2192 640 2231 infantiam
666 2194 879 2232 excedens:
916 2198 955 2230 et
981 2193 1203 2244 imperandi
1231 2206 1277 2230 ac
1302 2193 1490 2244 parendi,
1530 2208 1632 2245 gau-

173 2249 295 2288 dendi
318 2249 559 2301 delendique
575 2249 785 2289 discrimen
806 2250 1002 2300 ignorans.
1032 2249 1155 2287 immo
1170 2248 1204 2287 si
1225 2255 1332 2287 recte
1354 2250 1529 2288 rationes
1544 2265 1631 2303 po-

172 2306 306 2345 nimus
327 2337 340 2355 ,
379 2312 742 2358 quantumcumque
769 2305 1074 2346 festinemusin
1104 2306 1435 2357 repraesentando
1474 2306 1630 2346 crudeli

174 2363 273 2414 regii
298 2363 410 2415 pueri
434 2362 653 2414 supplicio,
690 2362 761 2402 vix
781 2362 1001 2415 poterimus
1019 2363 1170 2414 assequi
1188 2369 1234 2401 ut
1252 2363 1467 2401 verisimile
1484 2364 1631 2402 redda-

175 2433 265 2458 mus
292 2419 399 2471 quod
435 2420 483 2458 de
514 2424 594 2457 tam
620 2418 832 2458 immatura
863 2419 1129 2458 teneritudine
1161 2419 1344 2471 pueruli,
1385 2420 1541 2471 quando
1570 2426 1630 2459 est

175 2482 430 2525 excaecatus,
470 2475 689 2514 affirmatur
716 2490 736 2513 a
761 2482 911 2514 nostro.
967 2475 1159 2527 fingamus
1186 2476 1291 2515 enim
1308 2476 1374 2514 vel
1392 2476 1517 2527 primo
1540 2476 1628 2528 ipso

177 2533 239 2571 sui
260 2533 510 2585 principatus
535 2546 639 2570 anno
670 2532 861 2571 saevitum
890 2539 971 2571 tam
998 2533 1189 2572 atrociter
1209 2547 1231 2571 a
1254 2531 1444 2572 Michaisse
1465 2534 1629 2571 Palaeo-

176 2590 267 2640 logo
288 2590 328 2628 in
347 2589 548 2641 pupillum
563 2589 772 2628 insontem.
802 2594 806 2601 ¹
831 2602 922 2627 cum
947 2589 990 2627 in
1020 2603 1170 2638 annus,
1210 2595 1254 2628 ut
1270 2588 1629 2637 ‚diximusrsuerit

179 2646 328 2685 Christi
349 2649 471 2695 1260,
493 2645 527 2683 si
546 2645 625 2683 iam
644 2652 752 2695 tum,
782 2646 940 2696 quando
958 2644 1190 2686 Theodorus
1208 2646 1369 2685 Ioannis
1394 2644 1536 2696 pupilli
1552 2658 1629 2695 pa-

178 2708 240 2741 ter
264 2705 442 2754 Augusto
470 2715 604 2740 mense
633 2701 726 2740 anni
759 2703 867 2745 1259
899 2703 1035 2741 vivere
1065 2703 1200 2751 desiit,
1228 2703 1316 2754 ipse
1335 2702 1414 2739 iam
1432 2700 1627 2738 novennis

179 2759 329 2811 fuerat,
359 2765 404 2798 ut
430 2758 692 2810 Pachymeres
723 2758 891 2808 asserit,
932 2760 1070 2810 utique
1103 2759 1156 2802 25
1187 2758 1410 2797 Decembris
1443 2757 1506 2795 die
1535 2757 1630 2795 anni

181 2818 307 2867 1260,
331 2822 443 2856 sexto
471 2816 624 2855 decimo
651 2814 840 2855 videlicet
863 2822 956 2868 post
982 2830 1131 2865 mense,
1161 2813 1402 2855 undecennis
1415 2813 1537 2852 fuisse
1556 2814 1631 2852 de·-

180 2870 344 2924 buerat,
371 2873 484 2914 cuius
512 2872 648 2913 aetatis
674 2871 810 2926 pueri,
844 2873 1075 2926 praesertim
1098 2872 1254 2913 educati
1280 2870 1409 2923 regie,
1438 2869 1548 2909 haud
1567 2885 1634 2908 so-
