1884 3262
97 593 122 625 P
148 590 213 624 244

238 211 334 255 358
653 211 887 254 GEORGII
919 212 1266 258 PACHYMERIS

239 320 361 364 δι’ϊου
391 318 548 376 φέρων,
591 321 737 376 πικρὰν
766 321 864 364 ἰδὼν
897 323 1115 379 συμφορὰν
1139 325 1206 366 καὶ
1237 323 1288 379 ἢν
1307 324 1440 381 ἥκιστ’
1464 326 1514 370 ἅν
1534 344 1594 377 τις
1616 329 1682 370 καὶ

238 385 510 443 προσεδόκησε
541 385 723 441 πώποτε,
768 388 1006 446 κατάφοβος
1042 389 1175 448 φεύγει
1195 423 1209 444 ,
1266 391 1382 449 ἀφεὶς
1419 395 1567 450 ἔρημον
1609 396 1683 450 οὐχ

238 455 386 497 ἑαυτοῦ
406 452 533 508 μόνον
554 455 659 498 ἀλλὰ
680 458 746 499 καὶ
769 461 852 500 τῶν
872 457 1024 513 ταύτης
1048 461 1217 501 ἐποίκων
1235 461 1301 502 καὶ
1319 459 1490 511 κάλλους
1510 461 1682 517 κτισμά-

237 541 318 566 των
338 524 404 565 καὶ
421 521 670 579 πραγμάτων
688 524 823 568 αὐτῶν
841 527 914 579 τὴν
930 525 1193 582 μητρόπολιν.

375 591 418 635 8.
491 589 595 634 Τότε
617 592 750 634 τοίνυν
781 595 847 635 καὶ
875 591 896 635 ὃ
920 593 996 650 ρὴξ
1022 595 1208 643 Πουλίας
1239 591 1477 650 Κάρουλος,
1515 594 1715 643 ἴκπαλαι5

242 658 313 701 τὸν
350 659 511 714 Μαφρὲ
543 659 918 715 καταγωνισάμενος
936 693 947 712 ,
999 663 1041 704 ἐν
1080 661 1190 719 ἀκμῇ
1220 656 1269 715 ἦν
1308 666 1389 704 τῶν
1416 662 1516 704 καθ’
1557 661 1683 706 αὑτὸν

241 723 514 782 πραγμάτοιν,
551 729 617 769 καὶ
637 732 744 782 νηῶν
768 735 1042 783 παρασκευαῖς
1071 732 1267 771 πλείστων
1300 728 1585 784 ἐμεγαλύνετο,
1618 730 1685 772 ἕκ-

242 795 419 843 σπονὸος
441 793 496 836 ὢν
514 799 677 846 βασιλεῖ
689 795 739 838 τὰ
760 799 926 838 πλεῖστα
948 796 1013 838 ἐπ’
1037 798 1183 846 αἰτίαις
1204 800 1285 839 τῶν
1308 799 1564 840 Βαλδουῖνου
1584 814 1685 840 συν-

242 859 534 916 αλλαγμάτων,
572 861 626 912 ὥς
658 864 845 905 ἐντεῦθεν
883 866 945 905 ἐπὶ
971 869 1021 920 τῇ
1061 862 1173 906 πόλει
1209 864 1371 906 οἴεσθαι
1409 867 1683 907 δικαιοῦσθαι.

240 927 507 984 παρεσκεύαζε
529 931 602 983 μὲν
621 933 687 972 καὶ
707 931 753 973 τὸ
771 931 958 974 ναυτικὸν
978 936 1164 974 πλεῖστον
1195 930 1313 983 ὅσον,
1350 933 1417 974 καὶ
1440 931 1599 985 σώμασι
1619 933 1684 974 καὶ
1698 942 1740 975 10

195 1001 224 1034 Β
249 996 387 1050 ὅπλοις
411 999 476 1038 καὶ
493 996 674 1052 χρήμασι
694 997 942 1054 συνεκρότει·
979 999 1027 1041 οὗ
1049 997 1176 1052 μόνον
1197 1000 1260 1050 δέ,
1298 999 1401 1041 ἀλλὰ
1429 1002 1493 1041 καὶ
1515 1000 1586 1041 τὸν
1606 998 1686 1041 πά·-

241 1082 321 1106 παν
344 1063 628 1120 προσελιπάρει
646 1067 711 1106 καὶ
730 1070 896 1120 θερμῶς
916 1066 1044 1107 ἐδέετο
1064 1067 1219 1121 ἔφεῖναί
1235 1067 1272 1107 οἱ
1291 1067 1363 1119 τὴν
1391 1067 1495 1108 κατὰ
1515 1072 1589 1121 τῆς
1609 1064 1686 1108 πό-

242 1136 342 1181 λετρ
362 1132 618 1186 ἐκστρατείαν
632 1165 644 1182 ,
682 1130 737 1181 ὥς
762 1135 828 1174 καὶ
861 1132 993 1182 ἄλλως
1014 1134 1168 1175 δίκαιον
1196 1131 1240 1174 ὂν
1263 1134 1391 1186 ζητεῖν
1413 1133 1464 1175 τὰ
1487 1138 1568 1176 τῶν
1590 1136 1686 1175 παί-

243 1202 325 1240 δων
352 1198 503 1251 αὐτοῦ,
546 1199 620 1254 ἐφ’
660 1197 719 1248 οἷς
752 1201 866 1255 σφίσι
894 1205 1159 1256 συμφωνοῦσι
1192 1201 1256 1241 καὶ
1279 1199 1302 1254 ἦ
1323 1201 1509 1265 ἐκκλησία
1527 1199 1685 1256 συνῄνει

242 1268 307 1307 καὶ
331 1273 529 1321 συνεργεῖν
551 1266 602 1308 τὰ
628 1267 796 1321 μέγιστα
831 1265 1070 1320 ὑπισχνεῖτο.
1141 1269 1207 1308 καὶ
1230 1265 1251 1308 ὅ
1282 1269 1354 1320 μὲν
1382 1270 1423 1309 ἐν
1445 1266 1602 1317 τούτοις
1619 1264 1682 1322 ἦν,
1697 1275 1738 1310 15

243 1335 285 1374 ἐκ
305 1335 457 1374 πολλοῦ
482 1332 905 1387 παρασκευαζόμενος·
941 1332 962 1374 ὅ
994 1335 1038 1375 δὲ
1065 1334 1254 1386 βασιλεὺς
1284 1334 1472 1390 ἀνέριστα
1499 1336 1551 1377 τὰ
1583 1336 1685 1391 πρὸς

193 1401 222 1433 C
247 1401 392 1441 ε’κεΐνον
411 1397 680 1454 διαγινώσκων
698 1399 829 1442 καὶτὸ
857 1404 937 1442 πᾶν
966 1399 1161 1455 ἅδ’ήριτα,
1200 1399 1261 1442 ὅτι
1290 1402 1356 1442 καὶ
1387 1404 1590 1450 πλείσταις
1611 1403 1685 1454 μέν

242 1475 332 1516 ταῖς
361 1469 502 1509 ναυσὶν
533 1465 771 1522 ἐξηρτύετο,
806 1471 943 1526 πολλῷ
972 1469 1015 1510 δὲ
1042 1470 1107 1509 καὶ
1139 1472 1195 1525 τῷ
1222 1467 1326 1509 κατὰ
1356 1472 1431 1522 γῆν
1457 1470 1599 1526 πεζικῷ
1618 1468 1687 1510 διὰ

241 1536 490 1590 Βρεντησιόυ
519 1533 903 1590 περαιωθησόμενος
935 1537 989 1584 εἷς
1030 1535 1076 1578 τὸ
1114 1539 1188 1577 τοῦ
1225 1537 1462 1591 Δυρραχίου
1500 1537 1682 1588 ἐπίνειον,

245 1601 397 1659 ἐρήμου
430 1601 545 1652 ὄντος
574 1601 600 1658 ἢ
632 1605 698 1646 καὶ
728 1606 887 1658 μᾶλλον
913 1603 1016 1659 παρ’
1049 1604 1197 1647 ἐκείνου
1226 1603 1517 1657 κατεχομένου,
1561 1605 1617 1654 εἲς
1637 1602 1741 1647 τὸὲο

246 1764 399 1810 opinione
422 1765 530 1810 omni,
563 1767 736 1812 perculsus
759 1766 843 1801 adeo
877 1768 930 1800 est
958 1769 997 1800 ut
1027 1765 1132 1799 locum
1156 1765 1283 1811 fugerit
1304 1776 1366 1799 nec
1388 1763 1585 1799 sustinuerit
1605 1763 1686 1799 insi-

244 1814 336 1844 stere
363 1811 516 1855 sepulcro
546 1823 627 1846 suae
657 1812 871 1857 metropolis,
905 1823 1005 1856 quam
1029 1812 1183 1845 orbatam
1205 1811 1354 1852 civibus,
1378 1821 1500 1844 corona
1522 1810 1685 1844 moenium

245 1860 281 1890 et
303 1855 527 1890 aedificiorum
549 1857 747 1901 elegantium
771 1857 858 1891 omni
890 1861 1030 1899 ornatu,
1059 1855 1177 1901 opibus
1230 1867 1340 1900 uoque
1373 1854 1567 1899 spoliatam,
1599 1855 1686 1889 haec

247 1900 291 1935 ad
314 1906 498 1935 extremum
524 1901 577 1935 sui
598 1903 743 1947 pastoris
764 1901 910 1936 secessio
931 1901 1070 1946 reliquit
1090 1903 1189 1946 plane
1235 1901 1405 1934 esolatam.

337 1948 369 1981 8.
416 1946 492 1980 Hac
528 1950 728 1992 tempestate
758 1949 895 1982 fortuna
933 1946 1023 1991 regis
1060 1946 1201 1991 Apuliae
1237 1946 1370 1988 Caroli,
1401 1944 1460 1989 qui
1491 1943 1686 1990 iampridem

246 1991 457 2026 Manfredum
487 1991 737 2035 debellaverat,
765 1993 800 2026 in
831 1992 916 2026 flore
947 1998 1050 2037 atque
1072 1992 1167 2036 apice
1188 1991 1357 2025 felicitatis
1381 1993 1464 2024 erat.
1509 1989 1545 2023 in
1568 1989 1686 2034 primis

245 2042 412 2082 apparatu
441 2037 568 2081 ingenti
596 2038 712 2072 navali
743 2043 863 2083 potens
886 2041 920 2071 et
941 2036 1169 2071 formidandus
1196 2037 1394 2070 habebatur·
1441 2034 1551 2079 palam
1573 2039 1687 2069 autem

246 2093 285 2116 se
313 2083 448 2117 ferebat
479 2082 641 2117 infensum
670 2083 865 2128 imperatori
904 2083 947 2116 ob
978 2081 1174 2116 societatem
1206 2081 1372 2116 affinitate
1404 2080 1569 2114 firmatam
1599 2091 1687 2125 quae

244 2127 309 2172 ipsi
335 2139 408 2161 cum
432 2127 590 2162 Balduino
614 2129 854 2163 intercedebat.
900 2127 953 2162 cui
975 2127 1066 2161 velut
1087 2126 1141 2161 ius
1162 2127 1389 2160 vindicaturus
1411 2124 1603 2170 pristinum,
1626 2136 1688 2160 ex—

243 2172 445 2217 peditionem
487 2174 521 2207 in
561 2174 677 2208 urbem
721 2172 1038 2218 Constantinopolim
1068 2172 1271 2214 adornabat,
1312 2182 1483 2216 navesque
1511 2170 1555 2205 ad
1583 2170 1619 2204 id
1651 2172 1687 2204 et

245 2218 459 2298 Ξῗῗέἱῖἶῗ
482 2219 849 2299 ῖὶιξῖἓήὲωῗοξὲέἒῗὲῖ
865 2217 1062 2299 ἳῖἓίΐὲἱῗὲἕ
1079 2216 1531 2298 ‘Sfflffssassussoetzff‘ss
1548 2214 1687 2296 ''52¹9ss

245 2317 356 2352 neque
379 2275 431 2343 gis
458 2313 630 2344 contentus
643 2277 688 2344 οξ
717 2321 805 2355 papa
833 2309 934 2344 etiam
965 2309 1102 2354 petebat
1127 2274 1388 2343 etpardentibus
1407 2272 1688 2352 instgabagtapreci-

245 2352 328 2394 bus,
352 2358 391 2387 ut
414 2354 805 2401 Constantinopolitanae
828 2353 1014 2390 huiusmodi
1036 2353 1255 2399 expeditionis
1277 2357 1396 2387 auctor
1415 2352 1488 2397 ipse
1509 2351 1610 2385 fieret
1630 2362 1687 2385 se-

247 2408 314 2442 que
335 2397 392 2433 isti
415 2399 549 2444 negotio
573 2401 797 2446 praeficeretz
832 2401 965 2444 dignum
987 2399 1075 2432 enim
1108 2410 1183 2433 esse
1205 2399 1240 2432 id
1263 2399 1403 2439 bellum,
1436 2409 1501 2442 quo
1526 2395 1687 2431 videlicet

246 2443 431 2487 repetenda
462 2445 606 2479 filiorum
641 2446 711 2480 eius
745 2449 836 2480 esset
867 2444 1059 2487 hereditas,
1091 2444 1179 2498 quod
1214 2444 1320 2489 patris
1348 2442 1525 2477 communis
1555 2440 1686 2475 nomine

246 2487 470 2534 auspiciisque
491 2494 676 2534 gereretur.
722 2491 756 2524 in
779 2503 866 2536 quae
886 2490 951 2524 illis
970 2490 1263 2532 consentientibus,
1286 2488 1430 2523 ecclesia
1451 2498 1582 2532 quoque
1603 2496 1687 2520 con-

246 2533 352 2567 silium
386 2536 559 2578 probavit,
593 2539 628 2569 et
658 2542 911 2581 cooperaturam
943 2546 980 2569 se
1013 2535 1057 2569 ad
1090 2535 1245 2569 effectum
1276 2539 1427 2569 votorum
1449 2543 1548 2577 quam
1571 2534 1687 2576 posset

245 2578 386 2613 maxime
408 2579 572 2624 promisit.
616 2581 668 2614 his
689 2586 770 2615 tunc
793 2580 960 2626 agitandis
983 2580 1264 2625 conficiendisque
1277 2580 1423 2613 intentus
1445 2577 1586 2611 Carolus
1599 2580 1686 2610 erat.

245 2623 429 2677 imperator
459 2636 539 2659 vero
571 2637 708 2670 prorsus
737 2627 897 2671 imparem
927 2636 966 2660 se
1000 2626 1147 2660 sentiens
1178 2626 1236 2660 isti
1266 2623 1456 2660 sustinendo
1478 2622 1565 2656 bello
1579 2646 1590 2663 ‚
1622 2633 1686 2656 nec

245 2669 428 2747 ffumqum
449 2670 603 2704 dubitans
624 2671 705 2715 quin
727 2673 960 2705 succumberet
982 2671 1130 2705 Romana
1153 2682 1228 2713 res,
1257 2671 1285 2704 si
1308 2674 1424 2704 contra
1445 2678 1519 2701 eam
1542 2666 1686 2700 Carolus

270 2717 386 2748 uceret
407 2719 477 2749 tum
502 2715 608 2758 illam,
633 2716 675 2749 de
698 2728 762 2758 qua
786 2717 874 2758 dixi,
896 2716 1186 2751 instructissimam
1215 2717 1372 2756 classem,
1402 2716 1472 2747 tum
1494 2712 1591 2746 simul
1613 2713 1684 2745 sor·-

246 2758 429 2803 tissimum‚
459 2772 556 2806 quem
592 2760 673 2794 item
713 2764 913 2805 paraverat,
953 2766 1149 2796 terrestrem
1190 2761 1389 2802 exercitum,
1430 2757 1618 2792 Brundusio
1649 2757 1686 2791 in

245 2803 445 2848 Dyrrhachii
469 2805 587 2841 navale
607 2806 672 2840 iam
696 2817 837 2841 vacuum
861 2809 896 2841 et
918 2807 1095 2853 occupanti
1117 2806 1303 2852 expositum
1332 2815 1431 2846 mox,
1459 2806 1561 2850 prout
1582 2801 1686 2837 desti-
