1884 3262
583 223 585 225 ’
623 211 728 257 LIB.
745 211 781 256 1.
814 211 1202 257 ‚GLOSSARIUM-
1531 213 1638 259 ,611

167 328 286 371 ·tem‚
315 313 598 375 nuncupatam*
610 322 730 362 fuisse
749 323 925 372 soleam,
945 323 1024 361 ‘sed
1046 322 1089 362 id
1114 335 1260 375 nomen
1277 328 1478 375 praeterea
1495 329 1637 362 exten-

109 392 113 396 ’
170 393 275 418 -sum
302 380 353 418 ad
377 379 678 430 significandum
705 380 954 432 aliquantum
977 379 1097 431 spatii
1114 379 1188 417 soli
1207 393 1254 417 ac
1271 379 1489 430 pavimenti
1506 380 1640 419 eccle-

170 436 270 474 ¹siae
291 435 395 474 inter
414 437 559 475 soleam
581 443 620 474 et
634 437 771 474 locum
793 435 860 475 ubi
880 435 1008 473 stabat
1030 435 1205 487 populus
1223 435 1470 475 interiacens.
1500 450 1639 487 quem-

169 491 399 530 admodum
425 493 527 531 enim
553 494 687 545 βῆμα,
716 492 826 544 quod
845 492 1007 543 proprie
1029 491 1194 542 gradum
1210 498 1325 535 sonat
1343 498 1381 530 et
1403 493 1526 531 altare
1547 506 1639 543 gra-

187 548 304 586 dibus
323 548 511 586 videlicet
529 549 727 587 sublatum
749 547 1038 600 synecdochice
1053 547 1226 596 indicat,
1256 548 1503 598 significabat
1521 562 1640 601 prae-

171 611 295 643 ssterea
326 604 496 657 spatium
527 601 602 643 soli
631 606 724 643 satis
742 605 890 654 latum,
921 604 1028 655 quod
1048 604 1096 641 ab
1111 603 1249 642 infimo
1267 605 1402 642 altaris
1419 606 1546 654 gradu
1566 619 1640 644 us-

171 674 265 712 ›que
293 660 343 699 ad
371 661 568 700 cancellos
592 667 659 700 aut
686 662 831 700 soleam
855 660 1038 712 patebat,
1067 660 1173 698 intra
1200 660 1306 711 quod
1327 661 1501 712 spatium
1521 662 1640 700 statio

186 716 407 755 antistitum
440 724 480 756 et
509 717 759 756 sacerdotum
794 723 894 764 erat,
923 716 966 754 id
986 716 1093 768 quod
1109 722 1222 755 extra
1241 730 1358 755 omne
1378 717 1541 755 dubium
1566 725 1640 770 est,

173 787 239 811 ,ex
265 774 462 812 sexcentis
493 774 638 826 passim
664 774 792 813 obviis
821 773 1063 825 scriptorum
1091 773 1331 825 optimorum
1347 774 1448 812 locis
1470 774 1642 813 manife-

185 836 314 869 stum:
348 829 402 867 ita
432 830 646 869 dicendum
671 844 827 882 quoque
850 829 1068 868 necessario
1099 835 1159 868 est
1185 829 1313 868 soleae
1333 830 1640 882 appellationem

172 892 440 938 -propagatam
459 887 510 924 ad
529 887 814 938 designandum
834 886 1016 925 similiter
1034 886 1204 938 spatium
1223 886 1385 937 aliquod
1403 887 1501 932 soli,
1530 887 1641 938 quod

171 942 319 981 -statim
341 956 363 980 a
389 943 495 982 solea
517 956 653 982 versus
669 944 810 995 populi
829 956 876 981 ac
894 942 1098 980 concionis
1116 943 1529 990 locum‘tendebatur,
1559 957 1639 993 quo

183 999 228 1037 in
258 998 388 1051 spatio
419 999 649 1037 subdiaconi
676 1000 846 1038 lectores
867 999 1014 1050 aliique
1031 998 1237 1037 inferiores
1261 999 1450 1038 ecclesiae
1469 999 1642 1037 ministri

173 1055 363 1104 stabant,
393 1056 537 1106 quibus
555 1055 618 1094 ius
635 1068 717 1094 non
736 1061 837 1094 esset
853 1055 959 1093 intra
977 1067 1088 1093 sacra
1106 1061 1217 1106 septa
1234 1054 1275 1093 in
1294 1055 1383 1106 ipso
1403 1055 1557 1093 bemate
1573 1062 1642 1093 aut

171 1112 431 1162 -presbyterio
463 1117 581 1152 stare.
638 1111 756 1150 docet
775 1111 848 1150 hos
866 1124 940 1149 nos
963 1111 1070 1149 clare
1090 1112 1263 1162 Symeon
1284 1111 1642 1150 Thessalonicensis

173 1168 286 1206 -libro
321 1167 371 1205 de
398 1169 508 1208 sacr.
537 1167 600 1206 his
620 1168 778 1207 verbis:
807 1163 1105 1215 ὑποδιακόνους
1127 1167 1197 1207 καὶ
1227 1164 1479 1220 α’ναγνωστας
1504 1171 1640 1220 καθῆ-

173 1229 284 1264 σθαι
312 1220 396 1291 χρή
418 1224 570 1272 ἔξωθεν
595 1227 671 1264 τοῦ
690 1221 872 1277 βήματος
893 1223 985 1276 περὶ
1002 1221 1074 1264 τόν
1092 1225 1260 1273 σωλέαν,
1290 1221 1334 1271 ὃς
1359 1222 1410 1276 δη
1437 1223 1507 1264 καὶ
1530 1226 1640 1277 βῆμα

181 1283 356 1321 καλεῖται
371 1275 649 1333 ἆναγνωστων.
704 1279 975 1319 subdiaconos
993 1287 1029 1317 et
1042 1280 1206 1317 lectores
1220 1278 1354 1317 sedere
1368 1289 1516 1331 oportet
1530 1289 1603 1318 ext]
1607 1295 1642 1318 (ι

174 1337 318 1387 bema,
346 1338 457 1374 circa
483 1337 659 1385 soleam5
690 1339 764 1388 qui
785 1344 822 1374 et
842 1337 954 1374 bema
977 1336 1172 1374 lectorum
1196 1344 1472 1387 nuncupatur.
1527 1337 1641 1375 bema

178 1392 251 1432 hic
275 1367 358 1430 dici
381 1393 514 1431 locum
543 1393 650 1431 intra
678 1407 790 1431 sacra
817 1398 928 1445 septa
950 1392 998 1430 ab
1016 1393 1134 1430 altari
1147 1391 1196 1430 ad
1215 1393 1411 1431 cancellos
1434 1393 1639 1445 pertinens

183 1449 322 1488 nullus
349 1449 526 1497 dubitat,
565 1449 680 1500 quale
706 1450 827 1500 vulgo
859 1449 1151 1501 presbyterium
1181 1448 1312 1487 Latini
1345 1462 1637 1501 nuncupamus·

180 1505 287 1545 Hinc
307 1505 364 1543 ait
381 1505 742 1544 Thessalonicensis
768 1506 949 1544 exclusos
976 1505 1241 1544 subdiaconos
1263 1505 1510 1557 lectoresque
1530 1505 1640 1556 legi-

176 1563 320 1600 -timam
345 1562 556 1601 stationem
574 1561 759 1600 habuisse
778 1561 870 1615 περὶ
895 1561 1045 1602 σωλέαν
1065 1563 1176 1600 eima
1192 1562 1366 1611 soleam3
1396 1575 1512 1626 quem
1534 1576 1640 1614 pro-

179 1625 317 1671 pterea
347 1619 493 1657 soleam
522 1625 799 1671 nuncupatum
831 1618 887 1656 ait
917 1619 1029 1671 βῆμα
1061 1614 1347 1671 ἅναγνωστῶν,
1388 1618 1502 1669 quasi
1531 1618 1639 1656 dicas

177 1676 315 1713 waltun
346 1675 736 1724 lectorum‚idci1co
769 1674 898 1727 quod,
931 1680 979 1712 ut
1000 1676 1111 1727 βῆμα
1137 1675 1295 1726 ἱερέων,
1324 1688 1467 1727 nempe
1481 1688 1638 1713 sacrum

176 1732 325 1780 altare,
353 1731 466 1770 locus
494 1737 577 1770 erat
605 1732 767 1770 intimus
795 1732 846 1769 ad
874 1743 990 1782 quem
1016 1731 1203 1782 progredi
1229 1731 1454 1770 sacerdotes
1474 1737 1639 1782 possent

181 1787 306 1828 sacris
324 1788 366 1826 in
386 1801 432 1826 eo
450 1789 698 1840 peragendis,
723 1788 778 1827 ita
794 1788 920 1827 soleas
934 1794 1038 1825 meta
1055 1793 1139 1825 erat
1152 1787 1292 1825 ultima
1309 1787 1520 1826 ministerii
1538 1787 1638 1826 sub-

182 1845 443 1883 diaconorum
475 1851 515 1883 et
540 1845 765 1894 lectorum,
803 1858 904 1895 quos
938 1850 1148 1895 peneuare
1175 1844 1218 1882 in
1247 1857 1357 1882 sacra
1384 1850 1496 1896 septa
1525 1845 1639 1883 netas

140 1926 143 1929 κ
175 1902 279 1943 erat.
327 1914 479 1939 rursus
508 1906 554 1939 ut
576 1901 746 1954 spatium
775 1901 881 1939 circa
908 1913 1039 1950 aram,
1066 1900 1171 1938 intra
1195 1899 1301 1951 quod
1321 1913 1447 1952 usque
1471 1899 1523 1938 ad
1544 1914 1639 1938 can-

175 1957 304 1996 icellos
332 1964 401 1996 aut
431 1957 577 1996 soleam
608 1957 831 1996 sacerdotes
861 1956 1148 2005 consistebant,
1175 1953 1353 2009 βήματος
1372 1957 1639 2008 appellatione

178 2013 610 2065 comprehendebatur,
641 2014 698 2052 sic
729 2014 846 2052 etiam
872 2013 1042 2064 spatium
1071 2019 1160 2051 ante
1189 2014 1361 2062 soleam,
1390 2014 1433 2050 in
1455 2026 1533 2063 quo
1553 2019 1638 2050 erat

177 2070 515 2108 subdiaconorum
544 2076 585 2108 et
609 2071 805 2109 lectorum
832 2070 968 2117 statio,
998 2070 1128 2107 soleae
1151 2082 1312 2120 quoque
1333 2067 1531 2106 vocabulo
1558 2069 1638 2106 de-
1657 2074 1686 2109 P
1709 2075 1778 2111 423

182 2126 430 2175 signabatur,
458 2127 514 2164 ita
541 2133 589 2165 ut
621 2127 663 2165 in
693 2126 803 2165 hisce
835 2126 988 2164 duobus
1018 2126 1142 2163 soleas
1167 2125 1401 2175 fungeretur
1422 2124 1519 2175 ipsis
1547 2125 1638 2163 vice

181 2179 360 2235 βήματος
378 2188 416 2219 et
434 2182 522 2220 ideo
543 2184 652 2235 βῆμα
669 2179 936 2235 α’ναγνωστῶν
954 2182 1066 2219 bema
1083 2182 1273 2219 lectorum
1289 2187 1511 2219 vocaretur.
1539 2180 1636 2219 haec

181 2238 375 2277 sententia
394 2245 453 2276 est
472 2239 681 2277 verborum
703 2239 930 2291 symeonis,
961 2237 1166 2276 manifeste
1187 2237 1415 2275 docentium
1438 2236 1549 2275 illam
1568 2237 1636 2275 in-

180 2294 278 2332 time
305 2294 502 2331 admotam
527 2295 654 2333 soleae
681 2296 822 2348 templi
845 2302 998 2347 partem
1020 2293 1218 2346 impertiri
1241 2293 1398 2331 solitam
1420 2306 1635 2345 nuncupa-

181 2350 291 2388 tione
309 2350 458 2398 soleae,
487 2364 559 2401 per
579 2351 848 2390 extensionem
868 2350 1022 2389 scilicet
1039 2350 1273 2401 popularem
1292 2355 1333 2387 et
1354 2349 1484 2388 minus
1501 2350 1633 2400 rigida

182 2406 439 2458 proprietate.
490 2413 607 2457 atque
629 2407 707 2445 hoc
725 2409 833 2446 valet
852 2407 902 2445 ad
918 2407 1215 2457 intelligendum
1236 2405 1279 2444 id
1298 2406 1407 2456 quod
1424 2406 1519 2444 alibi
1536 2407 1634 2444 scii-

185 2463 245 2502 bit
262 2462 374 2501 idem
400 2461 779 2512 Thessalonicensis,
807 2464 909 2502 libro
928 2463 1043 2500 nimir
1047 2476 1112 2500 um
1136 2468 1272 2502 contra
1289 2461 1498 2501 Ham-:esea
1522 2463 1631 2516 γίνε-

183 2535 249 2560 ται
268 2518 309 2559 δὲ
330 2519 494 2569 εἴσοδος
502 2520 558 2567 εἰς
574 2517 644 2560 τὸν
663 2519 814 2559 σωλέαν
838 2519 881 2560 ἐκ
905 2522 978 2559 τοῦ
999 2515 1174 2570 βήματος
1195 2514 1386 2560 διακόνου
1407 2518 1477 2558 καὶ
1498 2518 1633 2571 ἱερέως

183 2576 274 2627 δίχα
297 2572 454 2625 φώτων.
498 2576 558 2626 jt't
575 2578 763 2614 introitus
778 2578 821 2613 in
837 2576 987 2614 soleam
1003 2590 1023 2612 e
1038 2575 1188 2613 bemate
1207 2574 1373 2614 diaconi
1389 2582 1425 2612 et
1443 2589 1555 2612 sace:
1556 2574 1632 2611 do-

183 2633 252 2670 tis
259 2634 345 2669 sine
364 2632 602 2673 luminibus.
658 2632 849 2670 describit
871 2638 1026 2670 sacram
1043 2633 1251 2682 quamdam
1269 2632 1527 2679 functionem,-
1555 2643 1633 2680 qua

183 2701 270 2726 mos
289 2695 385 2727 :erat
410 2688 570 2739 prodire
595 2702 645 2727 ex
672 2689 921 2740 presbyterio
945 2688 987 2726 in
1010 2688 1148 2740 templi
1167 2695 1317 2741 partem
1339 2688 1373 2725 ei
1390 2692 1632 2739 praetentam

183 2744 424 2783 sacerdotem
453 2757 542 2783 cum
571 2745 755 2784 diacono.
810 2745 920 2783 illam
941 2753 1062 2796 porro
1081 2745 1221 2797 templi
1240 2751 1391 2796 partem
1413 2756 1492 2780 una
1509 2742 1632 2790 aulea,

184 2799 267 2839 sive
287 2800 483 2840 cancellis
510 2815 531 2838 a
561 2800 806 2853 presbyterio
833 2801 1088 2852 diremptam,
1125 2802 1276 2839 soleam
1303 2799 1488 2851 appellat.
1546 2798 1634 2849 pari

183 2856 620 2912 notione.accipienda.
636 2857 856 2898 necessario
879 2870 960 2897 vox
977 2858 1088 2896 colea
1107 2863 1171 2897 est
1193 2856 1304 2910 apud
1320 2856 1510 2895 Ioannem
1533 2855 1633 2893 Can-
