1884 3262
434 198 516 241 DE
551 198 829 242 MICHAELE
865 199 1240 243 PALAEOLOGO
1274 200 1324 244 L.
1359 200 1413 245 V.
1569 201 1667 247 339

206 308 257 368 ἦν
274 312 371 362 τούς
390 310 546 368 ἄνδρας
565 309 899 366 ὑποποιούμενος.
973 314 1040 355 καὶ
1066 312 1310 368 προσέπειθε
1332 311 1458 370 λέγων
1479 321 1668 370 προσκεῖ-

205 386 311 425 σθαι
350 381 425 434 μὲν
469 382 534 423 καὶ
578 380 704 431 αὐτὸς
730 381 920 439 Ἀρσενίῳ
950 383 1018 423 καὶ
1043 379 1300 437 πατριάρχην
1324 379 1536 437 ἡγεῖσθαι,
1582 387 1665 426 τῶν

207 449 299 492 κατ’
335 449 486 492 ἐκείνου
513 449 877 493 συσκευασθέντων
909 451 1093 504 διακενῆς
1121 451 1229 506 μηδὲ
1258 450 1306 506 τὸ
1332 451 1468 507 βραχῦ
1489 452 1658 508 φροντί-
1679 454 1712 489 Ε

209 520 306 570 ζων·
344 516 454 572 ὅμως
472 516 513 560 δ’
534 516 708 573 ἀνάγκης
726 517 852 573 οὔσης
873 517 949 573 τὴν
969 517 1182 573 ἐκκλησίαν
1199 521 1507 572 ποιμαίνεσθαι,
1540 518 1667 576 ἀνάγ-

172 594 194 628 5
209 604 280 640 κην
299 584 398 628 εἶναι
419 586 508 628 τινὰ
531 586 603 628 τὸν
623 586 772 629 ἐκείνου
791 584 919 629 τόπον
941 586 1226 642 ἀποπληροῦν,
1263 587 1413 630 ἐκείνου
1446 587 1505 642 μὴ
1535 587 1666 638 ὄντος.

204 654 332 697 αὐτὸν
359 654 401 696 δ’
432 652 533 696 εἶναι
560 654 672 710 παρὰ
697 654 795 704 τοῦς
823 654 973 704 ἄλλους
1002 652 1221 708 δοκιμάσαι
1251 654 1325 697 τὸν
1338 654 1663 712 χρησιμεύοντα·

204 722 317 782 αὐτῷ
347 722 425 779 γὰρ
453 727 724 779 προσκεῖσθαι
745 724 812 764 καὶ
830 722 1002 775 βασιλέα
1026 721 1414 780 πληροφοροῦμενον
1425 755 1438 775 ,
1477 722 1582 766 ὥστε
1605 725 1664 778 μὴ

203 790 315 841 ὅπως
338 793 570 845 ξυμβαίνειν
596 792 677 833 τισὶ
703 791 860 845 χαλεπὰ
879 793 946 834 καὶ
968 789 1168 845 ἀνήκεστα
1194 791 1495 847 προσκειμένοις
1513 794 1662 851 ἐκείνῳ,

205 859 312 902 ἀλλὰ
334 861 402 902 καὶ
422 863 588 908 πολλοῖς
611 858 748 908 ἄλλοις
777 855 819 902 εὖ
851 862 1059 916 γίγνεσθαι
1087 859 1154 902 διὰ
1171 860 1244 915 τὴν
1266 859 1369 917 πρὸς
1390 860 1514 903 αὐτὸν
1534 865 1658 914 βασι-
1685 872 1711 905 Ρ
1736 873 1802 907 939,

152 928 306 977 1Ολέως
332 927 648 983 ἀγαθοθέλειαν.
716 932 840 970 τοῦτο
869 930 936 970 καὶ
964 928 1066 984 πρὸς
1091 927 1240 977 ἄλλους
1270 933 1353 971 τῶν
1383 933 1663 983 πνευματικῶν

204 996 368 1052 ἀνδρῶν
398 994 525 1050 ἔλεγε,
554 999 678 1038 τοῦτο
700 997 766 1038 καὶ
789 996 892 1052 πρὸς
910 995 1036 1039 αὐτὸν
1055 998 1317 1050 Βλεμμίδην,
1356 998 1423 1039 καὶ
1452 995 1662 1053 παρεσύλα

204 1065 280 1113 τὰς
297 1063 374 1107 ἀπ’
397 1065 556 1106 ἐκείνων
575 1063 732 1113 εὐνοίας
759 1061 1147 1120 φιλοφρονούμενος.
1216 1069 1275 1122 τῷ
1305 1064 1353 1106 δέ
1376 1081 1419 1120 γε
1449 1067 1663 1123 Βλεμμίδῃ

203 1133 270 1175 καὶ
301 1131 400 1174 ἄλλο
427 1131 533 1174 κατὰ
565 1131 718 1174 σκοπὸν
748 1127 797 1185 ἦν
828 1132 875 1174 τὸ
904 1137 1049 1174 πεῖθον
1078 1134 1226 1175 ἐκεῖνον
1248 1132 1456 1185 δέχεσθαι.
1525 1134 1662 1189 ἐπειδὴ

202 1201 280 1256 γὰρ
312 1199 460 1249 ἐκεῖνος
489 1197 719 1257 φιλόσοφον
748 1201 896 1252 διαζῶν
922 1202 1014 1254 βίον
1047 1200 1143 1249 ὅλος
1171 1205 1254 1243 τῶν
1284 1195 1363 1243 ὧδε
1391 1199 1562 1257 ἐξῄρητο
1594 1204 1662 1244 καὶ

149 1275 193 1310 15
205 1269 384 1317 ἀπαθῶς
411 1266 488 1322 εἶχε
510 1267 612 1321 πρὸς
634 1267 686 1310 τὰ
703 1266 916 1324 γινόμενα,
954 1268 1047 1311 οὔτε
1074 1270 1153 1311 τινὶ
1176 1273 1436 1325 προσπαθῶν
1463 1269 1555 1312 οὕτε
1578 1269 1661 1324 μὴν

204 1339 430 1392 {penu-962¹,
468 1335 565 1379 ἀλλ’
597 1331 648 1391 ἦν
676 1334 697 1378 ὃ
729 1341 826 1386 νοῦς
850 1337 984 1397 ἐκείνῳ
1007 1335 1061 1387 ὥς
1079 1339 1114 1379 εἴ
1130 1338 1189 1391 μὴ
1207 1334 1368 1391 σώματι
1393 1336 1498 1386 ὅλως
1524 1338 1658 1380 κατεί-
1684 1344 1714 1379 Β

203 1472 280 1509 ret,
311 1467 407 1501 enixe
430 1478 494 1501 nec
514 1466 614 1512 plane
637 1467 766 1501 frustra
788 1467 967 1502 laboravit.
1015 1467 1185 1513 persuasit
1206 1467 1291 1502 enim
1316 1467 1366 1502 eis
1389 1468 1462 1502 fere
1482 1467 1572 1514 quod
1597 1480 1661 1502 νοε-

203 1513 314 1554 lebat,
347 1524 421 1547 cum
448 1512 579 1547 diceret
601 1512 768 1546 studuisse
787 1525 826 1548 se
846 1525 980 1559 quoque
1002 1514 1112 1559 ipsum
1135 1513 1297 1556 Arsenio,
1321 1516 1356 1547 et
1379 1525 1442 1559 pro
1463 1525 1545 1548 vero
1568 1514 1659 1548 illum

204 1559 331 1593 habere
354 1558 568 1604 patriarcha,
591 1558 850 1605 existimareque
872 1571 977 1593 vanas
999 1560 1113 1604 inique
1135 1562 1282 1593 structas
1305 1564 1424 1593 contra
1447 1571 1521 1593 eum
1542 1560 1660 1594 hacte-

204 1615 268 1638 nus
294 1608 329 1638 et
362 1603 547 1638 artificiose
584 1604 786 1649 compositas
817 1605 1083 1639 machinationes
1111 1616 1243 1646 omnes,
1280 1610 1426 1650 actaque
1446 1604 1515 1639 ista
1538 1612 1660 1639 cuncta

204 1651 328 1684 ducere
352 1661 412 1695 pro
435 1650 543 1683 irritis
564 1662 626 1684 nec
649 1651 745 1683 nauci
770 1652 894 1685 facere.
943 1651 1001 1684 sed
1027 1662 1100 1684 cum
1129 1651 1171 1684 iis
1198 1650 1363 1685 obsistere
1394 1650 1575 1695 nequiret,
1608 1652 1661 1683 vi-

203 1696 303 1730 deret
324 1700 435 1729 autem
458 1695 655 1730 destitutam
679 1697 853 1730 ecclesiam
878 1696 1086 1740 gravissimis
1109 1707 1185 1730 esse
1207 1695 1362 1740 periculis
1386 1697 1590 1741 expositam,
1615 1697 1659 1730 ad

203 1753 278 1775 eam
302 1741 544 1775 sublevandam
567 1746 602 1775 et
626 1741 811 1775 certissimo
835 1741 938 1776 exitio
960 1741 1218 1776 subtrahendam
1243 1740 1447 1784 accessisse,
1472 1742 1657 1785 supplendo

202 1793 374 1832 utcunque
395 1786 470 1821 loco
491 1787 639 1831 pastoris
661 1787 752 1830 veri,
778 1787 888 1821 aliena
910 1799 973 1821 nec
995 1799 1016 1821 a
1041 1799 1078 1821 se
1100 1787 1281 1821 revocabili
1302 1787 1422 1821 iniuria
1443 1787 1556 1821 eiecti.
1603 1799 1659 1820 se-

203 1837 316 1867 cutum
338 1837 449 1866 autem
473 1832 507 1866 in
529 1833 593 1866 hoc
614 1832 739 1866 iudicia
762 1833 956 1875 multorum,
981 1836 1095 1878 aptum
1118 1844 1156 1866 se
1179 1833 1222 1866 ad
1244 1832 1278 1866 id
1301 1833 1526 1867 necessarium
1547 1833 1659 1867 eccle-

203 1878 276 1913 siae
301 1878 337 1912 in
363 1878 567 1912 necessitate
590 1883 686 1912 tanta
709 1879 928 1912 exhibendum
952 1879 1101 1913 officium
1123 1878 1351 1921 censentium,
1387 1879 1429 1912 ob
1454 1890 1528 1912 eum
1551 1878 1657 1912 maxi-

202 1935 256 1958 me
288 1923 344 1958 vel
373 1923 585 1958 auctoritatis
608 1924 663 1958 vel
685 1924 819 1968 gratiae
841 1926 950 1958 locum
971 1936 1071 1970 quem
1099 1925 1188 1968 apud
1218 1924 1455 1967 imperatorem
1478 1924 1659 1966 obtineret,

202 1981 226 2003 a
247 1980 314 2014 quo
337 1968 533 2012 audiretur,
553 1970 611 2014 qui
631 1970 700 2004 suis
723 1970 867 2004 consiliis
889 1970 1062 2011 deferret,
1084 1970 1153 2004 suis
1177 1970 1331 2015 precibus
1352 1974 1535 2011 annueret,
1558 1974 1658 2014 prout

203 2019 294 2049 esset
317 2014 465 2050 utilitate
487 2016 664 2060 probatum
688 2016 831 2060 publica.
878 2027 944 2050 non
977 2017 1074 2050 modo
1104 2015 1195 2049 enim
1227 2027 1331 2060 opera
1353 2015 1458 2050 fuisse
1479 2025 1541 2049 sua
1563 2015 1656 2048 miti-

202 2066 317 2104 gatam
341 2060 554 2106 imperatoris
577 2061 661 2095 iram
682 2061 716 2095 in
738 2061 872 2096 Arsenii
892 2063 1057 2104 fautores,
1081 2062 1306 2106 effectumque
1329 2073 1372 2095 ne
1393 2061 1434 2094 iis
1457 2060 1657 2094 ulciscendis

203 2106 357 2151 maleque
386 2106 565 2141 multandis
595 2118 724 2141 summa
756 2108 914 2153 princeps
951 2107 1106 2152 potentia
1138 2110 1313 2148 uteretur,
1352 2106 1414 2140 sed
1442 2110 1657 2150 procuratum

204 2151 304 2185 etiam
328 2163 402 2186 cum
425 2163 601 2193 successu,
641 2153 751 2186 multis
774 2158 814 2186 ut
835 2153 912 2187 aliis
934 2154 1021 2187 bene
1042 2157 1154 2195 esset,
1191 2163 1358 2197 propensa
1378 2152 1413 2185 in
1436 2162 1474 2184 se
1496 2150 1656 2195 privatim

203 2196 416 2241 imperatoris
446 2197 681 2232 benevolentia
702 2199 738 2232 in
760 2204 977 2239 cunctorum,
1006 2199 1117 2245 quoad
1149 2197 1334 2242 potuisset,
1367 2196 1533 2241 egentium
1562 2207 1656 2230 com-

204 2253 305 2275 mune
336 2242 534 2276 beneficium
567 2243 760 2278 derivanda.
803 2244 887 2279 talia
917 2255 991 2278 cum
1025 2244 1190 2288 religiosis
1216 2243 1280 2276 illis
1312 2242 1454 2284 ascetis,
1487 2252 1560 2276 cum
1588 2241 1654 2287 ipsi

203 2287 430 2328 Blemmidae,
452 2288 645 2332 singillatim
666 2300 834 2335 quemque
857 2290 1078 2331 conveniens,
1101 2288 1188 2322 omni
1212 2299 1254 2322 ea
1276 2287 1447 2330 adhibita,
1470 2298 1571 2334 quam
1592 2287 1654 2321 ba·

134 2363 140 2377 ,Ι
203 2333 309 2366 bebat
330 2333 522 2378 plurimam,
552 2333 829 2369 conciliandorum
852 2335 1050 2380 quibuscum
1073 2338 1191 2379 ageret
1214 2333 1311 2367 suavi
1333 2333 1508 2375 efficacia,
1530 2344 1654 2367 memo-

137 2391 143 2397 *
203 2382 337 2418 rasset,
370 2379 474 2412 vertit
498 2379 649 2413 nimirum
677 2379 712 2413 in
743 2392 819 2414 sese
851 2381 965 2414 studia
994 2392 1108 2414 eorum
1131 2379 1344 2424 affectusque
1363 2380 1498 2424 rapuit,
1531 2390 1651 2423 coope-

203 2430 302 2458 rante
324 2423 359 2457 in
381 2423 415 2458 id
437 2424 544 2468 ipsum
569 2436 634 2458 non
654 2437 772 2470 parum
803 2426 935 2461 liberali
965 2425 1164 2469 largitione,
1199 2436 1268 2470 qua
1296 2428 1433 2459 cunctos
1463 2430 1652 2470 opportune

201 2469 372 2509 delinivit,
403 2481 469 2503 non
498 2469 668 2504 illibenter
696 2471 932 2510 admittentem
963 2482 1162 2516 quamquam
1191 2471 1275 2505 haec
1302 2470 1436 2515 quidem
1455 2481 1513 2504 res
1534 2481 1651 2515 parum

203 2515 248 2549 ad
277 2515 506 2548 emolliendum
535 2514 603 2560 ipsi
632 2515 846 2551 Blemmidam
876 2516 996 2551 valuit.
1042 2518 1140 2561 longe
1162 2516 1249 2551 aliae
1270 2516 1344 2550 viro
1365 2515 1432 2557 illi,
1465 2527 1530 2561 pro
1553 2516 1651 2560 genio

202 2560 366 2605 peculiari
389 2572 430 2595 ac
453 2565 548 2595 secta
569 2561 767 2606 disciplinae
791 2562 959 2596 cuiusdam
982 2562 1162 2607 propriae,
1191 2562 1368 2607 Iosephum
1391 2560 1539 2595 rationes
1559 2573 1650 2594 com-

203 2606 413 2641 mendarunt.
457 2606 569 2640 inerat
598 2605 803 2641 Blemmidae
834 2608 963 2641 animus
984 2607 1053 2642 alta
1075 2609 1217 2653 quadam
1238 2613 1276 2641 et
1298 2606 1528 2652 aspernatrice
1548 2606 1649 2650 vulgo

204 2650 432 2695 spectatarum
455 2663 566 2694 rerum
589 2652 799 2697 philosophia
820 2653 1001 2697 subnixus,
1029 2653 1201 2688 abstracta
1222 2664 1314 2687 mens
1337 2651 1502 2698 quaedam
1525 2663 1545 2685 a
1569 2662 1650 2684 con-

206 2696 356 2731 cretione
390 2697 560 2742 corporis,
593 2703 630 2731 et
659 2698 777 2743 procul
807 2698 964 2732 abiuncta
982 2698 1182 2743 contagione
1203 2698 1370 2734 humilium
1394 2707 1559 2731 curarum.
1605 2696 1650 2730 nil

204 2752 407 2787 magnopere
424 2743 556 2785 mirari3
581 2755 623 2776 ne
645 2743 739 2787 tangi
763 2743 899 2789 quidem
920 2744 1108 2779 tenerrimis
1130 2744 1310 2780 affectibus
1332 2746 1490 2781 naturae,
1514 2753 1578 2776 non
1597 2741 1650 2775 in-

205 2785 319 2822 dolere
341 2788 516 2833 tristibus‚
547 2800 612 2823 non
636 2791 790 2824 exultare
810 2789 928 2832 laetis,
959 2802 1025 2825 nou
1055 2790 1172 2824 efferri
1200 2789 1384 2836 speciosis,
1417 2787 1529 2822 omnia.
1550 2797 1651 2820 unum

205 2843 281 2867 esse
303 2844 344 2869 ac
365 2834 505 2878 perinde
526 2835 645 2870 haberi
670 2835 813 2871 omnium
835 2847 974 2882 securo;
997 2835 1087 2871 nullo
1109 2835 1301 2872 discrimine
1322 2834 1391 2870 odii
1413 2833 1587 2879 gratiaeve
1609 2832 1652 2866 de
