1846 3262
185 190 278 235 122
601 188 837 232 GEORGII
870 189 1223 241 PACHYMERIS

62 309 90 343 P
113 311 157 346 79
325 304 403 347 20.
466 299 541 351 Ὡς
560 306 659 358 γοῦν
685 301 706 346 ὅ
735 307 897 360 κρατῶν
921 304 996 354 τὰς
1025 300 1215 358 δυνάμεις
1234 305 1475 362 συναγαγών
1492 308 1648 358 πολλὰς

180 371 308 422 οὔσας
324 373 390 413 καὶ
411 369 636 428 διαφόρους
653 376 711 430 τῷ
732 375 903 433 Γαλατᾷ
922 375 1196 430 προσέβαλεν,
1230 373 1355 424 αὐτὸς
1370 376 1444 429 μὲν
1462 375 1532 433 ἐφ’
1555 377 1647 418 ἱκα-

182 441 253 484 νὸν
274 437 488 495 μακρόθεν
510 439 910 496 σκηνοποιησάμενος
929 442 999 499 ἐφ’
1026 441 1192 497 ὑψηλοῦ
1214 446 1403 498 καθῆστο
1427 449 1646 501 προσορῶν

178 509 230 552 τὰ
251 506 436 565 δρώμενα
450 542 462 561 ,
494 507 581 563 ἅμα
603 510 648 552 δὲ
676 512 741 552 καὶ
764 508 1009 567 πειρώμενος
1037 508 1285 561 εὐσύνοπτος
1300 509 1400 554 εἶναι
1421 520 1506 562 τοῖς
1526 514 1645 556 ἐναν-

177 579 278 627 τίοις
298 577 401 633 πρὸς
420 578 631 633 ἔκπληξιν,
671 579 884 635 συνέρρεον
920 580 964 622 δὲ
990 577 1252 634 πανταχόθεν
1282 580 1398 635 δίκην
1419 579 1581 637 ῥυάκων
1605 582 1678 625 οἱὸ

176 651 366 701 πολεμεῖν
396 647 637 700 μέλλοντες,
684 650 750 690 καὶ
784 648 835 704 δὴ
871 647 970 691 ὅσον
1009 650 1192 704 ἐξωτέρω
1225 648 1373 702 βέλους
1406 647 1530 702 εἶναι,
1578 652 1646 692 καὶ

119 729 149 764 Β
176 715 293 759 αὐτοὶ
323 714 716 772 σκηνοποιησάμενοι
749 717 901 771 ἕτοιμοι
932 722 1181 774 προσβαλεῖν
1223 712 1342 772 ἦσαν.
1414 716 1569 767 εὐθέως
1600 719 1646 761 δὲ

177 785 415 842 προσβολὰς
448 786 659 829 ἐποιοῦντο
689 788 971 842 μερισθέντες,
1015 786 1100 829 ἔστι
1129 786 1174 828 δ’
1216 779 1263 828 οὗ
1293 787 1361 827 καὶ
1382 787 1645 840 τειχομαχικά

178 852 402 910 στήσαντες
421 855 635 910 ἐπειρῶντο
661 859 734 897 τοῦ
755 856 924 910 τείχους.
997 860 1162 911 πλῆθος
1188 854 1230 897 δ’
1266 848 1316 909 ἦν
1335 853 1515 909 μεῖζονῆ
1539 855 1658 898 κατὰ

177 922 576 978 πόλεμοντοιούτου
606 924 831 981 φρουρίου·
876 925 979 981 πρὸς
1012 925 1089 981 γὰρ
1123 931 1208 973 τοῖς
1235 922 1375 973 ἄλλοις
1404 927 1568 973 πολλοῖς
1599 940 1644 980 γε
1657 927 1703 962 10

180 988 271 1035 οὖσι
302 994 369 1034 καὶ
399 995 581 1049 ἰσχυροῖς
612 991 847 1048 μάχεσθαι,
895 996 962 1036 καὶ
982 993 1129 1050 ἄνδρες
1164 990 1328 1044 τοξόται
1356 994 1399 1035 ἐκ
1431 996 1514 1035 τῶν
1538 992 1645 1035 κατὰ

177 1063 355 1104 Νίκαιαν
380 1066 515 1118 μερῶν
546 1062 668 1104 ἐκεῖσε
694 1059 1021 1117 προστάττοντος
1047 1067 1122 1106 τοῦ
1142 1061 1344 1115 βασιλέως
1359 1059 1643 1116 συνήχθησαν,

130 1148 161 1183 c
186 1132 253 1173 καὶ
273 1130 454 1173 εἷέσκοπα
475 1128 697 1185 βάλλοντες
719 1131 812 1174 οὐδὲ
845 1130 1122 1188 παρακύπτειν
1142 1130 1238 1180 τούς
1260 1129 1375 1180 ἐντὸς
1393 1128 1507 1183 εἴων,
1543 1129 1640 1171 ἀλλ’

179 1197 370 1255 ἀπήντων
394 1203 552 1254 συχνῶς
571 1198 829 1253 τοξαζόμενοι
849 1201 953 1243 κατὰ
973 1199 1122 1255 στόμα,
1158 1200 1199 1242 εἴ
1213 1217 1291 1242 που
1312 1205 1485 1256 φανεῖεν.
1536 1197 1643 1240 Ἰτα-

178 1271 242 1310 λοὶ
262 1270 306 1312 δὲ
329 1270 371 1311 ἐκ
389 1271 583 1323 διαδοχῆς
605 1269 710 1311 καθ’
734 1266 889 1324 ἡμέραν
906 1269 986 1312 νέοι
1007 1277 1096 1319 ταῖς
1117 1266 1255 1317 ἁλιάσι
1275 1263 1641 1324 διαπεραιούμενοι,
1654 1272 1701 1307 15

178 1337 246 1380 διὰ
274 1342 348 1392 τῆς
366 1338 468 1393 πρὸς
487 1335 684 1394 θαλάσσῃ
712 1336 842 1392 πύλης
874 1336 1190 1393 διεκπαιόμενοι,
1227 1336 1398 1386 ἑαυτοὺς
1420 1334 1639 1388 εἷσώθουν,

180 1407 248 1448 καὶ
268 1404 403 1457 ξύλοις
421 1404 610 1462 μεγάλοις
628 1406 675 1449 τὸ
690 1406 802 1456 ἐντὸς
817 1408 870 1457 εἰς
890 1408 1110 1463 περίπατον
1130 1404 1423 1463 κρατυνάμενοι
1437 1408 1644 1462 καρτερῶς

177 1473 439 1531 ἀπημύνοντο
468 1479 541 1517 τοῦ
569 1477 749 1530 τείχους,
800 1476 842 1526 ἐξ
861 1470 916 1519 ὧν
942 1476 1150 1529 συνέβαινε
1180 1474 1354 1533 συχνοὺς
1379 1475 1643 1516 καταπίπτειν

178 1548 260 1587 τῶν
281 1545 359 1595 ἔξω
383 1546 425 1595 ἐξ
448 1543 633 1600 ἀφανοῦς
658 1545 957 1599 βαλλομένους’
994 1544 1199 1602 ποσὶ.γὰρ
1224 1543 1449 1601 ἀσφαλέσιν
1470 1541 1644 1591 ἑστῶτες

133 1628 164 1663 D
189 1612 363 1669 ἀκμῆτες
395 1612 541 1668 ἄνδρες
573 1614 615 1656 ἐκ
642 1616 836 1669 διαδοχῆς
865 1614 958 1670 ἄρτι
985 1614 1177 1671 φανέντες
1206 1610 1396 1656 ἐνέτεινάν
1421 1628 1464 1654 τε
1491 1611 1702 1670 ρᾳδίωςΞΟ

181 1682 234 1725 τιὶ
257 1685 374 1740 σφίσι
394 1679 559 1739 συνήθη
578 1699 620 1739 γε
641 1681 788 1737 ἷοβόλα
808 1682 952 1739 σκεύη,
992 1685 1058 1725 καὶ
1089 1680 1328 1738 σκεπόμενοι
1348 1687 1437 1731 ταῖς
1455 1679 1642 1730 ἐπάλξεσι

271 1827 326 1861 20.
375 1826 444 1860 Sed
476 1829 516 1860 ut
548 1826 591 1860 ad
621 1825 859 1871 imperatorem
882 1825 1082 1868 redeamus,
1113 1838 1188 1860 cum
1220 1825 1277 1860 ille
1312 1824 1420 1870 copiis
1443 1822 1561 1857 multis
1580 1832 1655 1857 va—·

178 1871 307 1917 riisque
340 1872 491 1907 collectis
528 1872 561 1907 in
592 1884 693 1907 unum
727 1873 886 1906 Galatam
911 1884 1094 1917 aggressus
1117 1878 1191 1915 est,
1222 1872 1296 1917 ipse
1319 1871 1454 1916 quidem
1476 1870 1596 1903 idoneo
1621 1881 1642 1903 a

179 1919 286 1953 muris
310 1919 400 1952 arcis
436 1918 615 1953 intervallo
647 1918 715 1953 fixo
740 1918 917 1963 Augustali
940 1919 1084 1952 sedebat
1113 1918 1146 1952 in
1170 1919 1244 1952 loco
1269 1918 1402 1951 excelso
1426 1915 1641 1961 conspicuus,

180 1964 315 1999 intuens
338 1976 425 2010 quae
448 1966 676 2010 gerebantur,
710 1965 807 1998 simul
830 1965 932 1998 etiam
954 1965 1136 1998 ostendens
1159 1975 1234 1998 sese
1257 1964 1430 2003 hostibus,
1455 1967 1491 1995 et
1518 1971 1641 2006 exper-

181 2016 280 2045 turus
303 2011 424 2057 ecquid
457 2022 515 2046 eos
542 2023 604 2046 sua
641 2010 774 2057 species
807 2015 842 2045 et
874 2011 1069 2055 praesentia
1091 2015 1247 2045 terreret.
1294 2009 1511 2043 confluebant
1542 2006 1643 2041 undi-

181 2069 246 2100 que
270 2058 512 2092 concitatorum
536 2058 604 2092 ritu
627 2057 827 2092 torrentium
851 2056 1079 2102 oppugnaturi
1101 2068 1214 2090 arcem
1242 2056 1364 2090 milites
1388 2055 1580 2099 ducesque3
1606 2057 1643 2087 et

181 2103 262 2138 fixis
286 2107 384 2138 extra
415 2105 474 2138 teli
495 2104 620 2139 iactum
651 2103 878 2138 tabernaculis
914 2103 1078 2148 procincti
1108 2103 1150 2137 ad
1183 2102 1403 2147 irruptionem
1426 2100 1559 2145 signum
1582 2110 1644 2133 ex·-

182 2150 377 2195 pectabant.
423 2161 499 2185 mox
531 2151 568 2184 in
598 2161 715 2184 manus
748 2150 845 2184 divisi
884 2149 1101 2183 multifariam
1126 2148 1430 2194 -oppugnationem
1472 2147 1643 2180 inchoant.

182 2196 249 2230 fuit
278 2196 337 2230 ubi
378 2198 501 2231 erectis
530 2197 692 2231 machinis
726 2199 906 2241 quaterent
946 2206 1075 2229 murum
1107 2205 1395 2240 perrumpereque
1427 2197 1644 2227 conarentur.

182 2241 364 2277 multitudo
403 2248 480 2277 erat
509 2243 615 2278 maior
646 2254 746 2288 quam
769 2253 830 2287 pro
855 2241 952 2275 unius
985 2241 1234 2287 oppugnatione
1257 2240 1356 2275 arcis.
1403 2251 1479 2273 nam
1503 2244 1644 2283 praeter

183 2288 269 2322 alios
293 2299 375 2323 sane
407 2289 529 2324 multos
561 2301 602 2324 ac
630 2289 803 2330 valentes,
835 2287 1008 2331 sagittarii
1031 2300 1051 2321 e
1075 2288 1228 2332 partibus
1262 2286 1354 2320 cirea
1377 2285 1539 2319 Nicaeam
1563 2295 1645 2318 evo-

184 2334 255 2368 cati
278 2335 321 2368 ab
345 2335 551 2380 imperatore
574 2335 716 2370 aderant
731 2360 742 2377 ‚
765 2334 823 2379 qui
847 2333 973 2367 assueti
995 2333 1168 2368 collimare
1183 2334 1226 2367 ad
1250 2343 1389 2378 scopum
1411 2331 1576 2365 neminem
1601 2341 1644 2364 ex

183 2391 263 2415 arce
297 2386 400 2426 caput
431 2393 451 2414 e
476 2393 570 2415 muro
601 2381 735 2427 impune
758 2381 914 2415 sinebant
945 2384 1138 2422 ostentare,
1172 2381 1367 2424 ubicunque
1390 2377 1503 2422 quivis
1535 2387 1645 2421 appa-

183 2426 308 2460 ruisset
325 2451 335 2468 ,
367 2427 482 2462 statim
520 2439 595 2463 eum
627 2428 661 2461 in
698 2427 817 2462 faciem
840 2426 942 2460 misso
975 2425 1084 2460 iaculo
1108 2430 1273 2471 petentes.
1321 2430 1359 2459 at
1382 2423 1460 2457 Itali
1482 2422 1578 2456 novis
1601 2433 1644 2455 ex

183 2473 269 2506 urbe
293 2473 443 2517 quotidie
466 2485 526 2519 per
548 2473 750 2518 piscatorias
774 2472 947 2507 naviculas
973 2472 1169 2514 iuvenibus,
1205 2471 1263 2517 qui
1286 2482 1346 2516 per
1369 2469 1462 2503 vices
1485 2468 1543 2502 alii
1565 2466 1647 2501 aliis

183 2519 405 2553 succederent
427 2523 462 2554 et
486 2520 629 2554 conferti
653 2523 753 2565 porta
775 2518 939 2553 maritima
961 2518 1188 2562 irrumperent
1202 2543 1213 2562 ‚
1245 2515 1418 2552 submissis
1439 2513 1644 2560 pomoerium

183 2563 276 2599 intus
297 2566 386 2600 ‘vallo
413 2578 433 2600 e
463 2565 562 2610 lignis
585 2567 653 2600 alte
683 2577 745 2611 per
778 2576 897 2609 gyrum
921 2569 1035 2598 erecto
1062 2565 1281 2598 firmaverant
1296 2589 1308 2606 ‚
1338 2562 1483 2606 indeque
1504 2559 1646 2594 validis-

183 2611 268 2646 sime
293 2613 550 2657 propugnabant
571 2623 711 2646 murum.
758 2611 847 2646 unde
879 2610 1098 2655 contingebat
1129 2611 1248 2644 multos
1271 2608 1421 2643 exterius
1445 2616 1646 2652 oppugnan-

184 2657 266 2691 tium
290 2658 414 2693 cadere
436 2657 515 2692 telis
546 2669 588 2692 ex
622 2658 753 2693 occulto
775 2656 885 2691 iactis.
932 2668 1009 2690 nam
1033 2657 1176 2701 pedibus
1198 2657 1234 2690 in
1262 2660 1336 2689 tuto
1361 2653 1478 2698 positis
1500 2652 1567 2687 viri
1589 2663 1645 2685 ro—

185 2703 278 2737 busti
310 2704 408 2739 fessis
437 2708 592 2738 recentes
625 2704 760 2738 assidue
789 2702 927 2737 suffecti
958 2702 1071 2737 vivido
1095 2713 1250 2747 semper,
1274 2700 1384 2746 qualis
1407 2703 1460 2733 est
1481 2698 1645 2732 inchoan-

185 2749 289 2792 tium,
312 2750 387 2784 nisu
410 2750 629 2785 intendebant
657 2761 742 2796 quas
774 2749 873 2793 longo
896 2760 959 2783 usu
982 2752 1133 2783 tractare
1166 2747 1356 2782 didicerant
1377 2745 1586 2790 catapultas,
1609 2748 1646 2778 et

186 2796 289 2830 noxia
312 2797 463 2842 pondera
485 2796 571 2831 varii
593 2797 727 2841 generis
750 2806 870 2840 magna
894 2794 1036 2829 hostium
1060 2794 1210 2839 pernicie
1231 2793 1465 2827 iaculabantur
1491 2791 1556 2836 ipsi
1580 2789 1645 2823 tuti

186 2840 292 2877 lorica
324 2855 490 2878 murorum
506 2868 517 2887 ,
553 2854 615 2889 per
646 2853 788 2890 quorum
811 2841 995 2877 fenestellis
1018 2840 1180 2876 hiantium
1201 2840 1436 2875 inobservatas
1450 2837 1553 2873 rimas
1575 2834 1647 2873 tela
