1884 3262
304 164 401 210 388
708 159 941 203 GEORGII
981 160 1326 204 PACHYMERIS
1363 181 1367 184 >

304 272 405 318 οὔθ’
430 270 525 326 ὖμΐν
549 268 729 325 ἀσφαλὲς
749 273 918 312 τοιαῦτα
948 269 1069 325 λε’γειν
1100 271 1167 312 καὶ
1197 267 1327 327 φόβον
1347 269 1562 326 ἐμβάλλειν
1581 277 1746 323 πολλοῖς

307 340 362 390 ὥς
385 338 431 382 οὖ
453 335 691 393 στησόμεθα
708 335 822 392 ἡμεῖς
841 338 904 380 ἐπὶ
923 335 1103 389 τούτοις,
1135 337 1239 380 ἀλλὰ
1255 338 1594 396 προσβιασόμεθα
1615 340 1686 397 ἐφ’
1712 335 1746 399 ᾧ

307 409 373 451 καὶ
392 405 478 461 ἤθη
499 402 707 448 ἀλλάττειν
729 406 795 447 καὶ
815 403 1021 460 ὁμολογεῖν
1041 403 1097 455 ὥς
1116 405 1255 448 ἐκεῖνοι
1275 407 1444 462 λέγουσι.
1489 413 1622 451 ταῦτα
1639 412 1746 462 πλη-

307 480 495 531 ροφορεΐν
513 472 597 515 ἔστι
613 470 771 528 καιρός,
809 474 876 515 καὶ
895 470 1271 529 πληροφορήσομεν.
1337 473 1384 516 τὸ
1406 475 1450 517 δὲ
1467 480 1539 518 νῦν
1559 477 1625 518 καὶ
1642 480 1745 529 βου-

307 546 381 597 λῆς
411 545 485 596 τῆς
515 541 557 591 ἐξ
587 538 701 594 ὑμῶν
727 538 946 597 χρῄζομεν,
992 542 1059 582 καὶ
1090 540 1232 596 λεγέτω
1263 541 1430 591 ἕκαστος
1459 541 1482 584 ὅ
1515 543 1554 586 οἶ
1585 544 1779 597 ὃοκοίη·5

305 607 431 664 μόνον
456 607 512 663 μὴ
540 612 599 665 τῷ
630 608 758 666 οἲκείῳ
790 609 995 662 στοιχείτω
1021 606 1224 662 θελήματι
1255 607 1514 664 αὒταρεσκῶν
1543 609 1744 666 ἄντικρυς,

258 682 291 719 Ε
314 676 406 720 ἀλλ’
431 675 754 729 ἐκκλησιαστικός
772 674 828 718 ὧν
849 677 1184 731 ἓκκλησιαστικῶς
1199 677 1265 718 καὶ
1284 676 1440 732 λεγέτω.
1507 677 1555 720 τὸ
1574 677 1650 735 γὰρ
1671 695 1748 721 κα-

307 751 484 799 τεπεῖγον
517 742 557 785 ἵν
590 744 696 795 ἔστι,
734 743 781 786 τὸ
810 750 946 799 φυγεῖν
974 744 1157 786 κίνδυνον
1181 742 1396 799 ἀναγκαῖον
1415 745 1450 787 εἲ
1467 749 1598 787 ταῦτα
1617 742 1748 802 πράτιτ

307 828 454 867 τοιμεν.
523 807 672 852 ὁπόσον
700 811 744 853 δὲ
771 815 916 870 τοῦτο,
965 810 1069 853 καθ’
1104 809 1230 853 αὑτὸν
1262 811 1430 862 ἕκαστος
1461 813 1607 855 ἐννοῶν
1640 811 1748 856 οὕτω

306 877 541 935 προφερέτω
559 877 631 933 τὴν
647 876 822 933 γνώμην,
852 876 906 927 ὥς
922 877 1017 921 ἄνευ
1033 878 1181 921 ἐκείνου
1202 878 1301 921 οὔθ’
1323 877 1418 933 ἡμῖν
1437 880 1597 935 κινητέα
1616 879 1747 923 ταῧτα
1761 889 1804 924 10

308 949 374 991 καὶ
392 945 486 1000 ὑμῖν
506 945 552 988 τὸ
575 947 662 1000 περὶ
687 944 842 989 τούτων
868 945 972 996 ὅλως
1001 953 1162 989 σκοπεῖν
1189 943 1398 1002 ἀνόνητον.
1411 948 1436 967 ”
1503 946 1663 998 τούτοις
1683 949 1749 991 καὶ

307 1012 506 1062 τοιούτοις
527 1011 676 1067 ἑτέροις
694 1018 767 1055 τοῦ
785 1013 985 1067 βασιλέως
1008 1016 1451 1069 καταδημαγωγοῦντος
1478 1015 1576 1065 τούς
1592 1019 1665 1070 τῆς
1683 1017 1751 1068 ἐκή-

307 1082 476 1137 κλησιάς
505 1080 774 1136 προέχοντας,
811 1082 950 1123 ἐκεῖνοι
979 1083 1046 1123 καὶ
1078 1081 1252 1137 ἀπρεπὲς
1278 1084 1392 1138 σφίσι
1411 1087 1674 1139 καταρᾶσθαι
1691 1087 1750 1142 τῷ

307 1154 471 1204 βασιλεῖ
492 1138 557 1190 καὶ
589 1147 719 1198 ἄλλως
747 1150 986 1197 κινδυνῶδες
1019 1147 1214 1203 ἡγοῦντο,
1260 1151 1327 1192 καὶ
1352 1148 1525 1203 πάμπαν
1553 1152 1596 1201 ἐξ
1621 1149 1751 1205 αὐτῆς

165 1228 195 1263 Ρ
218 1225 285 1262 264
309 1218 563 1272 ἀπηρνοῦντο
578 1245 591 1268 ,
627 1217 697 1257 καί
718 1232 760 1271 γε
791 1219 901 1271 σφᾶς
929 1215 1030 1271 πρὸς
1058 1218 1254 1272 τιμωρίας
1280 1215 1448 1271 ἑτοίμως
1464 1218 1677 1270 ἐδίδοσαν,
1714 1217 1747 1261 εἷ
1761 1227 1803 1262 15

306 1285 476 1340 ἀληθῶς
507 1282 740 1338 ἐλέγχοιντο.
808 1283 855 1325 τὸ
885 1283 929 1325 δὲ
954 1283 1056 1338 πρὸς
1076 1283 1171 1333 τοὺς
1189 1283 1382 1339 ἀρχιερεῖς
1403 1285 1748 1341 διαφέρεσθαιμὴ

305 1351 406 1396 εἶναι
428 1355 509 1394 τῶν
527 1348 746 1393 ἀπεικότων
771 1349 927 1405 ἔλεγον·
962 1352 1242 1405 διισταμένους
1260 1352 1338 1408 γὰρ
1361 1360 1449 1402 ταῖς
1468 1351 1636 1409 πράξεσι
1652 1353 1751 1402 ,τούς

307 1418 451 1475 λόγους
474 1419 679 1468 ἐναντίους
697 1422 902 1461 ποιεῖσθαι
923 1422 1004 1461 τῶν
1024 1420 1114 1461 λίαν
1137 1418 1378 1463 ἀκολούθων
1397 1418 1509 1463 εἶναι.
1578 1420 1683 1475 πλὴν
1701 1420 1748 1463 οὔ

308 1490 654 1542 κακολογοῦντας,
691 1483 746 1535 ὥς
777 1485 896 1528 αὗτοί
923 1502 1050 1542 φασι,
1087 1488 1153 1529 καὶ
1183 1487 1257 1542 τὴν
1278 1485 1515 1531 κατάνευσιν
1537 1487 1750 1540 ὀνειδίζον-

1633 1555 1654 1571 (Α
1713 1553 1725 1572 Ι

307 1572 384 1605 τας
414 1554 541 1612 σφίσι.
610 1550 770 1610 γνώμης
796 1553 873 1611 γὰρ
904 1555 1011 1604 ἲὸἰάς
1034 1554 1203 1598 ἕκαστον
1223 1554 1323 1598 εἶναι
1345 1553 1508 1613 κύριον,
1542 1557 1610 1599 καὶ
1632 1574 1654 1599 ο
1672 1572 1748 1616 σῃ-
1757 1564 1805 1599 20

306 1730 362 1765 vel
383 1729 478 1763 vobis
502 1738 654 1762 securum
677 1728 787 1773 loqui,
816 1730 853 1762 et
874 1729 994 1763 falsum
1016 1729 1168 1765 incutere
1192 1733 1315 1777 populo
1333 1734 1476 1774 metum,
1498 1731 1594 1777 quasi
1615 1742 1678 1767 nos
1699 1731 1750 1773 ul-¹

306 1775 416 1810 terius
447 1785 546 1819 quam
577 1773 797 1818 praeferimus
829 1774 928 1808 simus
957 1775 992 1809 in
1024 1776 1087 1809 hoc
1121 1776 1215 1820 pacis
1246 1778 1379 1821 negotio
1410 1776 1624 1822 processuri,
1658 1777 1749 1812 etin

308 1820 418 1856 animo
440 1819 621 1852 habeamus
643 1830 750 1852 mores
773 1819 872 1852 etiam
897 1824 931 1853 et
953 1821 1040 1855 ritus
1063 1826 1195 1855 nostros
1230 1829 1433 1856 commutare
1456 1833 1528 1856 cum
1554 1822 1686 1856 Latinis
1709 1834 1750 1856 ac

308 1877 371 1911 per
391 1864 498 1898 omnia
520 1863 608 1897 idem
632 1874 705 1897 cum
731 1864 797 1897 illis
820 1865 983 1909 profiteri.
1030 1866 1114 1900 haec
1144 1867 1186 1900 ad
1216 1867 1398 1912 liquidum,
1429 1867 1479 1901 uti
1504 1866 1598 1910 dixi,
1633 1867 1751 1912 explo-

309 1909 407 1944 randi
441 1920 527 1942 nunc
554 1914 686 1954 tempus
713 1914 782 1951 est;
817 1910 1034 1956 dabimusque
1061 1922 1197 1956 operam
1220 1917 1257 1945 ut
1279 1911 1322 1946 de
1343 1912 1386 1947 iis
1408 1912 1506 1958 plane
1528 1916 1670 1948 constet.
1715 1912 1751 1947 iu

309 1965 472 2001 praesens
502 1953 638 1987 consilio
671 1959 782 1987 vestro
814 1966 970 1998 egemus3
1002 1967 1107 2001 quare
1131 1956 1220 1990 dicat
1243 1958 1468 2003 unusquisque
1489 1957 1580 2003 quod
1603 1957 1635 1994 ei
1655 1956 1751 1993 vide-

307 2001 411 2034 bitur.
457 2004 586 2033 tantum
618 2010 660 2032 ne
693 1999 788 2033 nimis
820 1999 992 2043 indulgeat
1025 2002 1160 2046 proprio
1195 2002 1351 2045 affectui,
1385 2003 1450 2038 sibi
1475 2003 1573 2037 unice
1603 2004 1751 2048 placens,

309 2045 368 2080 sed
391 2055 464 2079 cum
499 2044 543 2078 sit
575 2043 842 2086 ecclesiasticus,
873 2046 1101 2080 ecclesiastice
1129 2047 1305 2091 loquatur3
1335 2049 1424 2093 quod
1446 2048 1531 2082 enim
1554 2059 1614 2082 nos
1637 2055 1749 2093 urget,

309 2101 410 2125 unum
434 2092 504 2129 est,
531 2088 681 2133 effugere
700 2090 900 2134 pericnlum,
930 2091 1125 2125 inevitabile
1147 2092 1181 2126 ni
1209 2092 1290 2127 haec
1311 2093 1461 2128 facimus.
1507 2099 1668 2138 quantum
1691 2105 1750 2127 au-

310 2140 376 2170 tem
398 2135 433 2168 id
459 2135 639 2179 periculum
663 2135 727 2176 sit,
749 2135 891 2180 quisque
914 2137 1002 2180 apud
1026 2148 1062 2170 se
1086 2137 1237 2181 cogitans
1259 2139 1415 2172 aestimet
1437 2139 1622 2182 prudenter
1644 2138 1750 2184 prius,

310 2186 346 2214 et
368 2181 416 2214 sic
438 2180 519 2224 quid
543 2190 625 2224 opus
647 2181 737 2214 facto
760 2181 886 2215 iudicet
910 2182 1009 2216 dicat.
1056 2187 1148 2216 certe
1171 2194 1251 2225 nos,
1286 2185 1414 2229 absque
1436 2184 1501 2218 isto
1525 2184 1675 2230 periculo
1697 2185 1751 2219 fo-

310 2231 387 2267 ret,
422 2226 490 2259 ista
523 2236 586 2259 non
618 2236 835 2262 moveremus.
880 2227 995 2261 inutile
1025 2231 1136 2261 autem
1165 2229 1268 2262 suerit
1298 2236 1444 2263 vestrum
1468 2230 1655 2275 quempiam
1677 2232 1751 2264 tota

309 2271 376 2304 ista
400 2271 442 2304 de
465 2282 502 2304 re
524 2270 739 2312 deliberandi,
763 2272 860 2316 quasi
881 2272 948 2306 iam
970 2273 1113 2317 integra,
1136 2273 1290 2307 iudicium
1309 2286 1450 2309 sumere.
1498 2274 1550 2308 his
1573 2278 1633 2309 aut
1654 2274 1753 2316 huius,

311 2315 497 2349 sententiae
522 2315 635 2349 verbis
659 2328 732 2351 cum
760 2317 899 2352 delinire
920 2318 1100 2363 sategisset
1121 2318 1302 2363 imperator
1321 2319 1563 2365 praecellentes
1579 2320 1618 2359 *in
1639 2320 1753 2354 eccle·.

313 2361 383 2401 sia,
416 2360 465 2393 illi
488 2365 566 2394 ante
590 2361 698 2395 omnia
725 2362 847 2396 crimen
871 2363 999 2397 diluere
1021 2370 1180 2397 curarunt
1203 2376 1267 2409 quo
1292 2369 1387 2399 erant
1407 2364 1588 2399 insimulati
1607 2365 1755 2408 maledi-y

314 2405 403 2439 xisse
425 2405 587 2450 principi:
613 2405 648 2439 id
672 2408 756 2441 enim
780 2409 880 2442 valde
900 2407 985 2452 ipsis
1009 2409 1219 2449 indecorum,
1243 2421 1305 2444 nec
1327 2410 1435 2445 minus
1458 2410 1592 2444 aliunde
1615 2409 1750 2455 pericu÷
1784 2428 1787 2433 ·

311 2452 420 2484 losum
447 2450 708 2485 arbitrabantur.
754 2464 859 2497 quare
881 2453 916 2487 id
939 2454 1113 2488 confestim
1136 2454 1270 2489 infitiati
1303 2460 1399 2497 sunt3
1431 2460 1466 2490 et
1487 2467 1524 2490 se
1546 2455 1588 2489 ad
1611 2455 1755 2500 quaevis¹

312 2494 483 2530 subeunda
513 2501 650 2539 paratos
680 2498 845 2542 supplicia
878 2500 1089 2540 obtulerunt,
1126 2500 1152 2533 si
1185 2511 1266 2535 vere
1294 2501 1337 2534 de
1369 2501 1432 2535 hoc
1465 2501 1749 2534 convincerentur.

313 2540 476 2575 dissidere
498 2545 607 2574 autem
631 2552 706 2575 sese
729 2545 770 2576 ab
794 2544 979 2589 episcopis,
1003 2545 1060 2590 qui
1085 2546 1285 2579 contrariam
1310 2546 1452 2590 amplexi
1474 2545 1670 2586 sententiam
1694 2556 1755 2583 es·-

314 2589 412 2626 sent,
435 2585 521 2618 ultro
545 2588 622 2619 sunt
644 2587 746 2621 fassi:
771 2588 831 2621 sed
854 2589 889 2622 id
913 2602 976 2624 non
999 2601 1074 2623 esse
1096 2590 1330 2625 inconveniens
1353 2591 1528 2632 dixerunt,
1551 2601 1626 2624 cum
1648 2590 1750 2625 valde

315 2634 406 2665 esset
428 2641 631 2675 consequens
653 2633 839 2667 contrarios
854 2646 966 2668 eorum
990 2646 1064 2669 esse
1086 2647 1202 2670 sensus
1225 2640 1260 2669 et
1280 2647 1461 2678 sermones,
1481 2646 1620 2680 quorum
1636 2640 1758 2670 esseut.

314 2677 408 2710 facta
430 2676 608 2710 contraria.
657 2682 823 2711 caeterum
846 2679 880 2712 in
907 2680 969 2714 hoc
992 2680 1126 2715 dissidio
1148 2686 1299 2716 versatos
1323 2680 1409 2716 citra
1429 2679 1691 2715 maledicentiam
1714 2681 1750 2715 in

314 2721 543 2763 adversarios,
576 2721 735 2767 quidquid
758 2723 820 2768 ipsi
842 2723 928 2757 falso
952 2731 1193 2770 quererentur,
1225 2730 1261 2760 et
1282 2727 1366 2760 citra
1388 2725 1676 2770 exprobrationem
1697 2725 1751 2760 ul—

313 2766 378 2800 lam
400 2770 548 2800 mutatae
569 2767 764 2802 sententiae.
810 2767 924 2804 iudicii
957 2770 1043 2804 enim
1067 2771 1196 2817 proprii
1217 2782 1380 2817 quemque
1401 2770 1563 2806 arbitrum
1585 2782 1680 2813 esse3
1713 2773 1751 2806 et
