1884 3262
248 210 346 259 460
671 210 904 254 GEORGII
932 211 1282 255 PAC-HYMERIS

249 321 441 380 ληθότως
458 322 533 378 τὴν
553 320 696 366 ἅλυσιν
714 322 764 378 ἣν
783 321 919 381 ἐφόρει
931 356 943 375 ,
980 321 1171 379 προάγων
1201 322 1298 367 ὅσον
1319 320 1368 379 ἦν
1386 323 1604 382 ἐγγυτέρω,
1641 324 1709 367 καὶ

249 391 476 449 σφάκελλον
510 390 683 446 ποιήσας
716 392 763 435 τὸ
794 391 970 448 πτύγμα·
989 392 1083 435 κατ’
1116 394 1265 435 ἐκείνου
1298 392 1425 449 ῥίπτει
1450 391 1504 443 ὥς
1528 391 1704 448 πλήξων,

248 460 323 503 κᾶν
345 457 618 515 ἀπετύγχανεν
639 462 693 510 εἷς
716 459 863 503 ἑαυτὸν
884 465 957 503 τοῦ
983 458 1190 517 τραχήλου
1210 460 1282 515 τὴν
1304 459 1447 503 ἅλυσιν
1463 462 1662 511 ἕλκοντος.

111 535 138 567 P
162 535 227 570 315
394 529 466 573 17.
532 527 644 570 Ἀλλ’
678 526 708 571 ’ὃ
749 529 942 582 βασιλεὺς
983 530 1023 579 ἐς
1063 531 1195 571 πίστιν
1238 531 1426 571 ἐντεῦθεν
1460 533 1533 571 τοῦ
1566 529 1705 585 ἀληθῆ

250 595 441 652 πράττειν
471 603 556 646 τοΐς
582 596 795 650 πρέσβεσιν
830 595 1192 654 ἀφοσιωσάμενος,
1229 595 1433 653 προύργου
1463 597 1614 647 παντὸς
1643 598 1738 642 ‘ci-5

249 670 371 707 θεται
391 665 438 707 τὸ
459 666 524 706 καὶ
548 660 672 714 αὖθις
695 666 766 707 τὸν
786 665 1038 721 πατριάρχην
1058 666 1281 721 ἀναγαγεΐν.
1352 664 1443 708 οὕτε
1465 664 1542 720 γὰρ
1561 666 1602 708 ἐν
1623 682 1707 707 πα-

251 735 406 790 ραδοχῇ
427 733 478 775 τὰ
499 737 569 787 τῆς
588 731 872 788 παραιτήσεως
889 742 974 783 τοῖς
992 734 1241 789 ἀρχιερεῦσι,
1276 732 1350 776 κᾶν
1371 731 1392 776 ὅ
1413 733 1604 786 βασιλεὺς
1619 733 1706 775 ἐδέ-

246 819 342 856 χετο
375 799 550 856 ταύτην·
588 801 681 843 ἀλλ’
704 797 775 844 οὖν
801 802 849 845 οὐ
873 805 1085 857 προΐσχετο
1111 801 1215 852 ὅλως
1238 801 1341 856 αὕτη
1361 806 1442 844 τῶν
1461 801 1579 857 ἱερῶν
1597 818 1706 855 πρα-

251 868 418 925 γμάτων
437 869 622 921 ἀνάξιον,
658 868 784 924 μόνον
808 871 852 913 δὲ
872 869 1059 927 θόρυβον
1078 868 1190 926 παρά
1214 888 1295 913 των
1314 872 1379 912 καὶ
1402 869 1585 926 ταραχὴν
1605 868 1705 912 ἅλο-

252 955 346 993 γον,
383 939 448 980 καὶ
478 937 538 980 ὅτι
570 939 835 991 πληχθέντων
862 940 925 980 ἐπὶ
955 937 1115 988 τούτοις
1137 939 1209 988 τὰς
1227 935 1472 993 συνειδήσεις
1490 942 1610 980 τινῶν
1633 936 1705 980 οὐκ
1717 940 1761 974 10

201 1014 229 1046 Β
256 1006 380 1060 ἔκρινε
402 1008 483 1048 δεῖν
507 1007 765 1061 προσμένειν,
801 1005 859 1062 μή
886 1024 991 1058 πως,
1031 1009 1156 1064 φησί,
1193 1009 1271 1049 τισὶ
1301 1006 1413 1061 παρὰ
1430 1007 1658 1061 συνείδησιν
1680 1000 1708 1062 ᾖ

251 1074 296 1117 τὸ
331 1074 645 1129 προσέρχεσθαι.
715 1080 837 1116 τοῦτο
860 1076 904 1116 δὲ
922 1077 963 1117 τί
985 1074 1035 1117 ἂν
1056 1073 1338 1129 παραιτήσεως
1366 1075 1477 1129 ἕχοι,·
1511 1076 1545 1116 εἴ
1561 1074 1617 1128 μὴ
1638 1075 1705 1115 καὶ

252 1147 411 1197 μᾶλλον
429 1143 587 1197 ἐλέγχου
607 1149 690 1191 τοῖς
710 1142 783 1197 τὴν
803 1145 943 1185 κακίαν
961 1144 1060 1192 οἵοις
1087 1143 1128 1185 τ’
1155 1139 1245 1185 οὖσι
1271 1141 1449 1185 κωλύειν.
1520 1141 1618 1184 ὅθεν
1636 1143 1704 1184 καὶ

251 1215 363 1267 κοινῇ
394 1210 532 1262 σκέψει
561 1210 741 1259 ἀξιοῦσιν
769 1210 951 1264 ἀρχῆθεν
973 1211 1044 1253 τὸν
1070 1210 1200 1265 ἄνδρα
1222 1211 1295 1264 τὴν
1316 1211 1568 1266 προστασίαν
1592 1209 1703 1263 δέχε-

250 1283 368 1322 σθαι.
439 1276 459 1321 ὅ
481 1278 523 1320 δ’
546 1278 620 1331 οῖ’-χ
640 1276 837 1332 ὑπήκουε,
876 1280 1003 1333 ζητῶν
1024 1278 1098 1333 τὴν
1118 1280 1179 1320 ἐπὶ
1200 1286 1284 1326 τοῖς
1305 1275 1579 1333 συκοφάνταις
1595 1278 1700 1319 ἕκδί-
1714 1277 1757 1313 15

249 1364 377 1402 κησιν.
448 1346 495 1388 τὸ
531 1346 575 1388 δ’
602 1342 651 1400 ἦν
687 1348 752 1389 καὶ
780 1345 824 1389 ἓν
854 1351 936 1390 τῶν
970 1344 1183 1389 ἀδυνάτων
1210 1351 1267 1406 τῷ
1291 1351 1471 1400 βασιλεῖ,
1507 1349 1701 1403 προϊσχο-

247 1481 442 1512 catenarum
458 1479 611 1511 volumen
627 1489 751 1522 grave,
777 1481 812 1512 et
834 1479 1017 1513 observato
1037 1481 1188 1524 tempore
1211 1489 1277 1522 quo
1300 1476 1480 1523 episcopus
1501 1480 1570 1511 tam
1592 1488 1701 1522 prope

247 1524 289 1557 ad
314 1524 421 1568 ipsum
446 1529 635 1558 accesserat
657 1529 695 1557 ut
718 1525 893 1568 contiguus
916 1524 1004 1558 intra
1027 1524 1150 1558 iactum
1173 1523 1362 1565 videretur,
1397 1525 1541 1557 ferreum
1564 1524 1598 1556 in
1624 1533 1700 1556 eum

245 1569 381 1602 intorsit
405 1571 550 1609 fascem,
582 1569 684 1603 ferire
707 1571 866 1611 studens3
908 1570 974 1604 etsi
996 1570 1170 1604 aberravit
1191 1569 1247 1602 ille
1269 1569 1425 1614 quidem,
1449 1568 1601 1610 catenis,
1624 1567 1699 1612 ipso

247 1615 366 1649 collum
390 1615 586 1649 retrahente
609 1616 697 1649 unde
718 1617 922 1660 pendebant,
947 1616 990 1650 ad
1013 1615 1120 1660 ipsum
1143 1615 1271 1649 intacto
1296 1614 1446 1648 antistite
1467 1613 1696 1648 redeuntibus.

339 1661 392 1695 17.
441 1661 622 1694 Caeterum
653 1661 836 1706 imperator
869 1663 932 1696 hoo
963 1661 1060 1706 quasi
1091 1661 1198 1706 primo
1224 1660 1337 1694 officio
1359 1660 1537 1694 defunctus
1560 1660 1698 1694 demon-

244 1706 372 1739 strandi
397 1706 517 1749 legatis
541 1707 628 1740 serio
651 1719 722 1740 rem
746 1719 765 1740 a
789 1719 826 1741 se
850 1713 978 1746 actam,
1002 1707 1061 1751 qui
1085 1719 1150 1740 non
1174 1705 1363 1739 dubitasset
1385 1710 1500 1739 tantae
1522 1703 1699 1749 dignitatis

245 1752 339 1785 viros
365 1763 405 1785 ea
428 1752 470 1785 de
495 1763 595 1785 causa
618 1756 706 1786 tetro
738 1753 868 1786 carceri
900 1752 1075 1795 addicere,
1117 1763 1241 1797 operae
1273 1751 1420 1797 pretium
1453 1762 1490 1785 se
1519 1756 1700 1796 praeterea

243 1797 413 1830 facturum
437 1797 660 1841 existimavit,
695 1798 724 1831 si
746 1799 973 1843 patriarcham
996 1798 1124 1832 liberae
1147 1809 1229 1831 suae
1251 1797 1432 1843 potestatis
1453 1795 1618 1830 functioni
1642 1807 1700 1829 re-

241 1842 412 1875 stitueret.
459 1854 530 1876 rem
565 1855 638 1876 eam
668 1843 719 1876 sui
752 1844 884 1877 arbitrii
916 1845 1058 1888 putabat
1081 1855 1177 1885 esse,
1213 1843 1337 1888 quippe
1359 1854 1424 1876 non
1447 1842 1515 1876 alia
1536 1851 1698 1883 corroga-

244 1887 339 1921 tione
374 1887 611 1931 suffragiorum
647 1893 707 1922 aut
737 1889 941 1934 repetitione
973 1888 1145 1922 electionis
1179 1892 1343 1931 egentem.
1389 1887 1477 1921 haud
1507 1887 1593 1921 enim
1616 1897 1698 1919 vere
1737 1929 1743 1935 ⁵

245 1944 386 1967 vacasse
409 1945 554 1978 unquam
579 1934 983 1979 Constantinopolitanam
1006 1934 1120 1968 sedem
1144 1933 1249 1968 Vecci
1271 1932 1502 1974 abdicatione,
1522 1943 1621 1976 quam
1638 1935 1697 1964 ut·-

243 1989 377 2023 cunque
410 1979 600 2023 imperatori
633 1980 855 2023 significatam
888 1984 924 2012 et
955 1979 1103 2013 oblatam
1133 1978 1282 2023 episcopi
1304 1990 1367 2012 nec
1389 1977 1602 2012 admisissent
1633 1988 1696 2011 nec

243 2025 458 2069 probassent.
505 2024 566 2058 sed
591 2036 700 2070 neque
722 2026 751 2059 is
773 2025 847 2070 ipse
870 2025 1000 2058 libellus
1022 2024 1243 2058 recusationis
1269 2024 1379 2066 sedis,
1415 2035 1513 2069 quem
1544 2023 1696 2067 impera-

243 2069 310 2103 tori
334 2081 355 2103 a
378 2070 505 2103 Ioanne
529 2071 643 2104 datum
667 2072 826 2112 diximus,
869 2071 911 2104 iis
935 2074 1009 2104 erat
1031 2071 1197 2104 formatus
1221 2070 1350 2110 verbis,
1388 2081 1476 2114 quae
1507 2079 1606 2102 veras
1636 2079 1695 2102 ca-

244 2115 449 2160 nonicasque
471 2115 642 2160 legitimae
665 2116 882 2161 depositionis
906 2127 1026 2150 causas
1058 2115 1294 2161 exprimerent.
1339 2115 1461 2148 etenim
1486 2114 1573 2147 haud
1597 2114 1631 2147 in
1654 2125 1695 2147 eo

245 2162 425 2205 quidquam
450 2161 660 2203 allegabatur
683 2174 749 2207 quo
773 2167 955 2207 appareret
981 2161 1138 2195 Ioannem
1159 2167 1199 2194 ut
1220 2161 1391 2205 indignum
1414 2172 1454 2194 eo
1475 2160 1550 2193 loco
1574 2163 1611 2192 et
1632 2159 1695 2193 ad-

245 2206 480 2240 ministrationi
512 2207 676 2241 ecclesiae
705 2208 852 2252 ineptum
875 2213 934 2241 aut
956 2207 1115 2252 imparem
1136 2207 1213 2240 inde
1244 2205 1443 2240 submoveri.
1490 2205 1696 2239 causabatur

245 2251 295 2285 ibi
319 2255 447 2284 tantum
470 2251 545 2296 ipse
569 2253 698 2287 Veccus
722 2253 916 2287 tumultuari
939 2259 1056 2286 contra
1078 2264 1115 2286 se
1139 2252 1320 2297 quosdam,
1353 2263 1373 2285 a
1402 2251 1525 2296 quibus
1548 2251 1612 2284 etsi
1633 2262 1695 2295 pa-

246 2299 379 2330 teretur
401 2298 556 2331 iniustam
580 2300 787 2333 vexationem
810 2299 883 2343 ipse
906 2299 1078 2340 innoxius,
1111 2301 1222 2331 tamen
1246 2296 1357 2331 vereri
1380 2308 1453 2330 sese
1476 2296 1694 2330 offensionem

246 2341 476 2385 infirmorum,
498 2344 556 2388 qui
579 2345 667 2378 forte
690 2344 837 2389 vulgatis
859 2344 894 2378 in
918 2355 954 2378 se
980 2344 1149 2377 calumniis
1174 2343 1252 2376 moti
1276 2343 1319 2376 ad
1340 2342 1554 2376 dubitandum
1571 2340 1693 2386 ecquid

248 2388 333 2421 citra
357 2400 475 2422 noxam
499 2392 534 2422 et
555 2390 678 2434 piaculi
703 2390 931 2434 contagionem
956 2394 1092 2433 possent
1114 2394 1183 2423 tam
1207 2388 1372 2422 diffamati
1393 2387 1533 2422 hominis
1549 2387 1597 2421 uti
1611 2398 1693 2420 con-

246 2433 441 2477 suetudine,
475 2434 596 2468 oblatis
626 2436 747 2470 deinde
777 2435 1006 2469 occasionibus
1041 2447 1113 2469 cum
1137 2446 1176 2468 eo
1200 2434 1321 2478 agendi
1351 2435 1547 2467 aestuarent
1569 2431 1692 2475 animo,

247 2483 283 2512 et
305 2480 395 2512 forte
419 2484 538 2512 contra
561 2481 663 2514 officii
687 2481 931 2526 praescriptum
955 2492 997 2514 ex
1019 2492 1135 2514 errore
1158 2486 1272 2514 natum
1304 2483 1535 2524 operarentur.
1581 2489 1623 2511 ea
1648 2476 1693 2510 de

245 2535 348 2558 causa
380 2524 503 2558 ducere
533 2526 640 2559 satius
670 2528 862 2560 renuntiare
892 2525 1070 2570 dignitati,
1106 2529 1141 2559 et
1164 2538 1203 2559 eo
1225 2526 1299 2559 loco
1323 2524 1444 2558 cedere
1466 2524 1524 2558 ubi
1545 2534 1583 2557 so
1605 2533 1692 2555 non-

247 2569 312 2603 nisi
336 2581 410 2603 cum
435 2569 546 2615 aliquo
571 2573 727 2605 scandalo
751 2576 810 2606 aut
833 2572 949 2606 saltem
975 2571 1121 2616 periculo
1143 2575 1277 2605 teneras
1301 2570 1494 2615 pusillorum
1517 2566 1692 2602 conscien-

243 2615 310 2649 tias
334 2615 485 2650 laedendi
508 2616 650 2650 haerere
673 2629 737 2651 non
764 2629 863 2663 posse
886 2616 1061 2651 iudicaret.
1107 2617 1142 2650 in
1164 2617 1217 2651 his
1240 2620 1348 2650 autem
1374 2626 1462 2660 quae
1483 2613 1559 2647 vola
1581 2612 1691 2657 quod-

245 2673 311 2706 que
342 2661 518 2703 vestigium
552 2662 774 2696 abdicationis
805 2663 1015 2707 appareret?
1053 2661 1110 2696 ubi
1132 2662 1243 2708 potius
1265 2661 1371 2696 tacita
1394 2659 1531 2705 querela
1552 2658 1691 2701 sugilla-

242 2710 359 2740 reutur
394 2706 444 2740 illi
477 2706 533 2752 qui
566 2718 640 2741 cum
671 2709 859 2751 potuissent
889 2708 1112 2753 improborum
1141 2708 1289 2742 malitiae
1312 2705 1493 2742 obsistere,
1529 2703 1689 2738 auxiliari

244 2751 492 2786 circumventae
530 2752 742 2786 innocentiae
779 2752 982 2787 omisissent.
1038 2753 1092 2787 his
1132 2764 1204 2787 cum
1242 2754 1286 2787 ab
1324 2751 1527 2796 imperatore
1558 2754 1629 2783 tum
1666 2759 1689 2782 a

241 2798 368 2840 synodo
401 2797 639 2839 consideratis,
670 2798 832 2831 communi
865 2798 1015 2832 omnibus
1050 2809 1212 2832 consensu
1241 2798 1346 2835 visum
1369 2799 1423 2829 est
1443 2793 1688 2829 restituendum

237 2842 397 2878 Ioannem
419 2843 454 2878 in
475 2843 697 2879 intermissum
718 2843 915 2878 exercitium
937 2855 1106 2889 nunquam
1128 2844 1314 2888 abrogatae
1334 2841 1512 2877 ablataeve
1534 2843 1688 2885 potesta-
