1884 3262
438 209 514 251 DE
549 206 826 252 MICHAELE
860 209 1238 254 PALAEOLOGO
1275 210 1322 253 L.
1358 211 1414 253 V.
1560 209 1663 256 419

189 320 358 374 πέμψας
375 317 502 376 ἐξάγει
528 338 570 363 τε
589 325 664 375 τῆς
680 320 889 378 Λαύρας,
927 321 1003 365 κᾶν
1026 327 1078 379 τῇ
1101 325 1225 380 Χηλῇ
1247 319 1467 381 (φρούριον
1486 322 1532 366 δ’
1553 321 1659 378 αὕτη

189 389 436 442 ἓπινησίδιον
457 389 559 443 πρὸς
580 397 667 438 τοῖς
690 383 829 445 ἄκροις
858 395 931 445 τῆς
961 391 1154 442 Εὐξείνου
1176 389 1414 448 θαλάσσης)
1432 394 1656 448 περιορίζει,

190 456 346 511 εὗχερεῖ
366 458 441 510 μὲν
473 458 705 510 ἓνεαρίζειν,
756 461 946 513 δυσχερεΐ
973 460 1018 502 δὲ
1054 456 1226 512 πάμπαν
1262 458 1552 515 διαχειμάζειν,
1601 458 1659 510 ὥς

190 525 294 566 κατὰ
327 523 453 579 στόμ’
487 525 753 575 ἀπαντῶντος
781 531 832 584 τῇ
866 524 978 584 νήσῳ
1016 527 1166 582 βορέου
1198 529 1265 569 καὶ
1297 528 1371 583 τὴν
1399 530 1563 585 πικρίαν
1592 529 1660 571 ἕκ-

154 594 381 642 5πνέοντος
411 598 483 647 τῆς
511 593 787 649 ψυχρότητος.
856 595 969 644 τινὰς
1000 596 1046 637 δὲ
1075 597 1142 637 καὶ
1170 599 1253 638 τῶν
1281 601 1499 651 μοναχῶν,
1544 597 1590 639 οἳ
1606 597 1658 651 δὴ

186 661 355 719 κάκείνῳ
375 661 654 716 προσέκειντο,
694 662 818 706 ἄλλον
837 664 911 716 μὲν
932 663 1115 717 ἀλλαχοῦ
1138 665 1301 718 ἐξορίζει
1322 666 1389 706 καὶ
1410 662 1548 720 νήσοις
1570 673 1656 716 τοῖς
1681 669 1710 704 Ρ
1735 670 1802 704 284

187 729 288 772 κατ’
323 731 502 785 Αἰγαῖον
531 733 769 785 περιορίζει,
819 730 891 773 τὸν
920 732 970 774 δέ
997 749 1040 787 γε
1079 732 1262 786 μοναχὸν
1288 732 1465 789 Ἰασίτην
1490 732 1586 786 Ἰὼβ
1614 736 1655 776 ἓν

185 799 359 857 Καβαίᾳ
380 796 597 855 (φρούριον
618 799 663 841 δ’
688 798 792 854 αὕτη
814 799 916 854 πρὸς
944 804 1003 859 τῷ
1033 798 1235 857 Σαγγάρει
1259 802 1439 856 κείμενον
1462 802 1655 862 ποταμῷ)

184 864 263 909 ὑπ’
285 866 526 921 ἀσφαλείαις
546 867 712 922 πέμψας
730 870 954 923 περιορίζει.

132 943 177 977 10
326 935 403 979 30.
477 932 582 977 Τότε
608 937 683 988 μὲν
714 930 786 978 οὖν
805 934 909 978 καὶὸ
932 936 1126 989 βασιλεὺς
1147 933 1425 992 ἐκστρατεύειν
1448 936 1517 979 ἔπ’
1536 936 1652 996 Ὀρε-
1676 949 1707 983 Β

184 1000 352 1051 στιάδος
378 1001 804 1058 παρασκευαζόμενος,
839 1004 938 1053 τοὺς
966 1007 1008 1046 Γ
1004 1008 1188 1054 ενουΐτας
1217 1005 1595 1059 παρακινουμὲνους
1614 1008 1657 1057 ἐξ

184 1070 390 1119 ἀναιδείας
416 1075 631 1113 ταπεινοῦν
661 1069 867 1125 ἐβούλετο.
936 1070 1135 1127 πρότερον
1163 1074 1238 1126 μὲν
1258 1073 1336 1128 γὰρ
1356 1077 1494 1131 πολλῷ
1516 1081 1655 1130 προεῖ-

180 1156 258 1193 χον
283 1142 401 1195 σφῶν
432 1141 634 1181 Βενετικοὶ
666 1141 734 1182 καὶ
759 1139 807 1182 τὸ
836 1140 941 1182 κατὰ
970 1146 1080 1197 σφᾶς
1103 1142 1313 1194 συνέδριον
1331 1139 1496 1200 πλούτῳ
1519 1159 1562 1185 τε
1585 1144 1654 1185 καὶ

185 1206 340 1261 ἅρμασι
358 1208 426 1248 καὶ
443 1215 719 1262 παρασκευαῖς
738 1205 932 1260 ἁπάσαις,
961 1207 1032 1251 ἅτε
1052 1211 1119 1252 καὶ
1139 1214 1190 1266 τῇ
1214 1207 1412 1266 θαλάσσῃ
1435 1227 1653 1267 προσχρω-

130 1283 173 1319 15
184 1275 332 1330 με’νους
364 1274 484 1318 πλέον
528 1277 687 1319 ἐκείνων
696 1309 709 1328 ,
755 1278 821 1318 καὶ
856 1284 1034 1332 μακραῖς
1073 1280 1192 1320 ναυσὶ
1224 1278 1276 1320 τὰ
1318 1276 1470 1332 πελάγη
1511 1281 1653 1322 διαπε-

183 1343 449 1399 ραιουμένους
468 1376 479 1394 ,
537 1346 604 1386 καὶ
645 1349 935 1400 προσκτᾶσθαι
968 1347 1134 1388 πλείονα
1164 1346 1285 1401 κε’ρδη
1320 1346 1554 1399 συνέβαινεν
1587 1341 1644 1390 ὧν
1668 1357 1699 1391 C

183 1413 221 1455 οἱ
238 1416 278 1454 Γ
275 1418 450 1455 ενουϊται
471 1418 751 1467 προσεκτῶντο
772 1419 1055 1469 πραγματειῶν
1082 1417 1370 1468 μετακομίσεσι
1402 1415 1468 1456 καὶ
1492 1412 1651 1470 κινήσε-

182 1496 260 1525 σιν.
328 1481 370 1530 ἐξ
394 1479 490 1522 ὅτου
511 1482 555 1523 δὲ
576 1486 649 1523 τοῦ
680 1481 872 1532 Εὐξείνου
897 1481 1097 1537 πελάγους
1126 1483 1328 1538 ἐγκρατεῖς
1360 1481 1540 1537 ἐγένοντο
1570 1486 1612 1525 Γ
1608 1501 1648 1526 ε-

181 1541 339 1591 νουῗται
358 1549 558 1601 βασιλέως
580 1547 763 1599 διδόντος
785 1551 851 1591 καὶ
870 1551 912 1592 ἐν
934 1551 1146 1609 ἐλευθερία
1166 1548 1278 1607 πάσῃ
1297 1552 1363 1593 καὶ
1386 1549 1558 1610 ἀτελείᾳ,
1580 1553 1649 1593 καὶ

128 1615 441 1670 2οκατετόλμων
473 1618 603 1660 αὐτοῦ
637 1620 703 1660 καὶ
734 1617 862 1673 μέσου
888 1623 1087 1672 χειμῶνος
1116 1621 1158 1661 ἐν
1180 1619 1518 1672 συστελλομέναις
1537 1619 1643 1662 κατὰ

180 1691 311 1742 μῆκος
333 1686 499 1739 ναυσίν,
538 1685 588 1737 ἃς
614 1686 754 1730 ἐκεῖνοι
775 1687 944 1744 ταρίτας
962 1687 1120 1744 λέγουσι
1132 1719 1146 1740 ,
1183 1687 1397 1739 πλέοντες,
1432 1687 1490 1743 μὴ
1511 1685 1641 1742 μόνον

271 1816 304 1850 9.
329 1813 533 1860 ἀσφαλείας
554 1815 595 1850 P.
734 1815 787 1852 14.
812 1814 902 1862 ἅτε]
925 1815 1083 1859 τούτους
1105 1816 1174 1862 γάρ
1199 1815 1291 1854 ἅτεῖ
1313 1829 1356 1852 an
1380 1812 1449 1859 οὕς
1471 1816 1540 1864 ys?

179 1916 348 1951 annuisse.
395 1928 476 1960 ergo
505 1917 597 1951 illum
637 1918 752 1952 educit
780 1919 914 1961 Laura,
946 1925 983 1955 et
1004 1919 1175 1966 deportari
1198 1923 1296 1955 curat
1319 1920 1469 1955 Chelam.
1515 1931 1577 1956 arx
1600 1933 1643 1956 ea

178 1969 234 1997 est
255 1963 413 1997 insularis
435 1962 470 1996 in
494 1968 644 1997 extremo
669 1965 802 1999 Euxino
841 1966 944 2009 mari,
978 1966 1146 2001 habitatio
1181 1966 1328 2000 iucunda
1350 1978 1452 2000 verno
1476 1970 1641 2011 tempore,

178 2009 289 2043 hieme
313 2020 438 2053 aspera
460 2020 522 2043 nec
555 2011 628 2047 fere
650 2010 850 2052 tolerabilis,
874 2012 999 2058 qnippe
1022 2012 1112 2046 illam
1136 2013 1367 2057 septentrioni
1389 2014 1565 2046 obversam
1589 2013 1641 2046 in-

179 2054 287 2089 sulam
318 2066 424 2089 saevo
457 2055 539 2089 totis
570 2056 722 2089 saucibus
755 2058 865 2091 Borea
895 2058 1063 2102 perflante
1088 2065 1123 2092 et
1146 2059 1254 2100 frigus
1276 2058 1446 2091 inhalaute
1470 2058 1640 2102 rigidissi-

178 2111 279 2146 mugn.
327 2100 488 2144 quosdam
511 2112 592 2135 vero
616 2102 871 2145 monachorum,
895 2103 953 2157 qui
978 2106 1008 2137 ei
1032 2104 1285 2143 adhaerebant,
1310 2103 1410 2136 alium
1434 2102 1499 2136 alio
1523 2105 1641 2137 exula-

180 2149 250 2178 tum
272 2146 375 2188 misit,
397 2147 494 2180 varie
518 2146 554 2180 in
578 2147 705 2191 Aegaei
728 2149 883 2192 relegans
908 2150 1048 2183 insulas.
1095 2156 1132 2183 at
1155 2149 1348 2183 monachum
1369 2148 1496 2182 Iasiten
1521 2149 1638 2184 lolium

181 2191 397 2269 Cbadbaeam‚
429 2203 518 2237 quae
541 2203 604 2227 arx
627 2198 680 2227 est
702 2193 746 2228 ad
768 2195 955 2239 Sangarem
978 2206 1107 2229 amnem
1129 2194 1215 2236 sita,
1238 2195 1307 2228 fida
1329 2193 1379 2227 ibi
1403 2194 1559 2228 custodia
1582 2200 1638 2229 te-

178 2247 243 2270 nen
269 2247 322 2269 um
346 2236 446 2271 misit.

270 2282 327 2316 30.
374 2282 477 2315 Circa
499 2282 564 2316 hoc
587 2287 718 2328 tempus
751 2284 937 2330 imperator
970 2284 1214 2330 expeditionem
1238 2283 1272 2318 in
1295 2284 1510 2319 Orestiadem
1534 2284 1638 2320 ador-

178 2337 279 2367 nans,
315 2327 544 2361 Genuensium
577 2340 654 2363 sese
683 2329 868 2364 insolenter
902 2331 1113 2365 efferentium
1147 2332 1271 2364 fastum
1294 2331 1484 2374 deprimere
1507 2331 1637 2366 consti-

178 2373 259 2407 tuit.
304 2372 356 2406 his
379 2379 479 2406 antea
501 2373 635 2417 quidem
659 2375 781 2410 Veneti
807 2376 895 2410 haud
919 2376 1019 2410 dubie
1043 2376 1311 2420 praecelluerant
1333 2377 1456 2420 opibus
1480 2383 1636 2411 caetero-

178 2430 247 2463 que
270 2418 469 2463 splendore,
493 2418 544 2453 ita
565 2424 604 2453 ut
626 2420 744 2454 horum
768 2433 948 2467 proceres,
981 2422 1069 2455 unde
1093 2421 1270 2455 concilium
1293 2422 1459 2466 publicum
1483 2423 1524 2456 'et
1549 2434 1636 2467 gen-

179 2464 225 2498 tis
248 2471 386 2498 senatus
409 2469 561 2506 constat,
584 2465 711 2499 divitiis
734 2467 837 2501 armis
860 2473 896 2500 et
918 2467 1045 2513 reliquo
1068 2471 1235 2512 apparatu
1259 2467 1365 2501 omnis
1398 2468 1532 2511 generis
1558 2470 1635 2502 Ge-

178 2510 362 2543 nuensibus
394 2510 493 2554 longe
533 2510 739 2555 copiosiores
773 2517 987 2557 apparerent.
1035 2524 1138 2547 causa
1168 2518 1244 2546 erat
1274 2513 1511 2554 differentiae,
1543 2514 1633 2559 quod

178 2555 301 2590 Veneti
325 2558 400 2601 plus
424 2555 506 2589 mari
528 2562 718 2597 uterentur,
741 2562 777 2590 et
799 2558 941 2591 navibus
965 2559 1071 2602 longis
1094 2558 1227 2592 assidue
1249 2558 1339 2593 ultro
1363 2558 1518 2604 citroque
1541 2571 1633 2593 com-

176 2605 328 2635 meantes
359 2601 665 2646 quaestuosissimis
707 2602 914 2636 commerciis
946 2604 1012 2637 vim
1051 2604 1216 2649 pecuniae
1253 2611 1497 2646 congererent,
1538 2605 1629 2639 haud

177 2647 279 2691 paulo
301 2647 461 2681 maiorem
484 2658 583 2692 quam
605 2652 764 2692 quantam
786 2648 911 2682 lucrari
932 2648 1143 2693 contingeret
1165 2650 1401 2684 Genuensibus
1430 2650 1522 2684 intra
1543 2650 1631 2685 fines

178 2692 390 2736 angustiores
413 2698 449 2727 et
472 2693 570 2738 quasi
593 2692 743 2727 timidius
765 2694 1024 2738 negotiantibus.
1070 2707 1113 2730 ex
1135 2707 1202 2741 quo
1223 2703 1336 2730 autem
1361 2695 1483 2730 ssuxini
1506 2701 1630 2740 poten-

178 2742 232 2771 tes
263 2738 389 2781 maris,
419 2739 625 2772 concedente
656 2739 878 2783 imperatore,
911 2741 1008 2774 fuere
1030 2741 1230 2776 Genuenses
1252 2753 1326 2776 cum
1350 2742 1449 2786 plena
1471 2741 1631 2776 libertato

178 2787 282 2827 atque
302 2783 508 2818 immunitate
543 2784 768 2830 portoriorum
798 2790 835 2818 et
855 2785 1067 2831 vectigalium
1089 2787 1283 2833 quorumvis
1300 2812 1310 2828 ‚
1342 2793 1438 2821 tanta
1460 2790 1496 2820 et
1517 2791 1631 2823 atten-

177 2827 270 2863 tione
292 2832 328 2863 et
351 2829 551 2866 assiduitate
574 2830 611 2865 in
635 2841 707 2865 rem
735 2830 940 2877 incubuere,
977 2836 1017 2867 ut
1037 2844 1082 2867 ne
1112 2833 1223 2869 media
1243 2833 1378 2879 quidem
1400 2832 1511 2868 hieme
1532 2832 1631 2869 dubi-
