1846 3262
468 167 544 209 DE
579 165 855 209 MICHAELE
890 167 1264 212 PALAEOLOGO
1302 170 1349 211 L.
1375 169 1428 213 Π.
1580 170 1676 216 133

200 280 389 323 ἐντεῦθεν
417 279 569 323 ἐκείνου
597 287 684 330 τοῖς
724 285 798 336 τῆς
826 281 1057 337 Περσίδος,
1105 280 1211 337 μηδ’
1262 281 1564 335 ὀνομαζομένου
1598 288 1674 327 τοῦ

199 348 379 392 σουλτιὶν
400 351 442 392 ἓν
461 348 606 407 ταύτῃ.
678 351 745 392 καὶ
764 349 831 392 διὰ
853 354 977 393 τοῦτο
1000 348 1164 406 ἡμερῶν
1191 351 1263 408 ἐφ’
1286 350 1457 409 ἡμέραις
1477 354 1671 409 τριβομέ-

197 435 281 461 νων
314 417 367 461 τὰ
400 423 483 461 τῶν
510 422 688 481 Περσῷν
717 416 980 462 ὖπεκλίνοντο
1008 426 1094 469 τοῖς
1115 418 1344 474 Τοχάροις,
1384 419 1438 471 ὡς
1469 422 1542 464 καί
1559 439 1675 472 τινας

198 486 272 536 οὓς
305 486 356 529 ι’ὶν
383 487 490 530 εἴποι
524 505 586 538 τις
617 489 810 543 σκηνίτας
838 489 907 530 καὶ
937 492 988 544 τῇ
1017 491 1200 548 πολιτείᾳ
1231 489 1577 545 ἀπηχθημένους,
1611 492 1670 546 μὴ

161 556 399 606 ὅθὲλοντας
416 555 748 609 ὑποτάττεσθαι,
781 556 888 599 καθ’
910 554 1064 606 αὖτοὺς
1082 555 1206 610 εἶναι,
1242 552 1560 613 ’ἔπειλημμένους
1585 565 1667 603 τῶν
1691 570 1719 606 Ρ
1743 572 1788 606 86

192 623 400 680 ἡμετέρων
434 624 736 680 ὀχυρωμάτων,
773 624 879 679 πλὴν
906 627 974 667 καὶ
1003 625 1076 668 τὸν
1111 626 1303 669 ἐντεῦθεν
1333 625 1670 681 ὖποτοπάζοντας

191 696 404 748 κίνδυνον,
444 697 479 738 εἴ
504 699 690 752 φανερῶς
718 696 993 747 &mu-John,
1029 694 1136 737 κατὰ
1164 695 1238 749 μὲν
1267 695 1317 739 τὸ
1350 697 1484 739 κοινὸν
1504 699 1571 739 καὶ
1589 715 1666 740 κα-

191 756 326 807 θόλου
354 762 603 814 ἐνσπόνδους
628 762 728 810 εἶναι
750 767 809 822 τῷ
835 767 1022 815 βασιλεῖ,
1062 763 1170 806 καθ’
1192 764 1261 806 ἕνα
1280 765 1325 807 δὲ
1345 765 1492 815 νυκτὸς
1508 770 1664 821 λοχῶν-

190 851 267 883 τας
296 841 382 883 τοΐς
411 835 455 875 ἐκ
483 837 566 875 τῶν
598 831 802 888 ἡμετέρων
834 831 1038 886 κλέμμασι
1062 837 1266 889 χρῆσθαι.
1337 832 1364 875 ἃ
1396 834 1446 889 δὴ
1476 837 1544 876 καὶ
1579 840 1663 879 τῶν

135 890 180 947 so
192 901 398 958 ῆμετὲρων
418 903 460 952 ἐξ
482 902 573 944 ἴσον
590 901 693 957 πρὸς
712 902 886 951 ἐκείνους
908 899 1135 944 ποιούντων
1151 901 1199 944 οὗ
1218 899 1343 950 πόνος
1358 898 1422 956 ἦν.
1495 905 1539 946 ἓκ
1555 922 1661 947 παν-

186 972 258 1021 τὸς
278 969 495 1028 δὲτρόπον
517 970 563 1013 τὸ
583 970 706 1020 ἔθνος
722 974 807 1012 τῶν
826 968 1028 1026 Τοχάρων
1050 969 1106 1012 δι’
1127 972 1283 1021 ἐννοίας
1301 971 1404 1025 ἔχων
1427 969 1449 1014 ὅ
1466 973 1661 1026 βασιλεὺς

186 1039 244 1090 ὥς
266 1038 552 1083 ἀνυπόστατον
570 1039 645 1094 τὴν
666 1035 798 1095 ὁρμὴν
820 1038 927 1081 κατὰ
947 1038 995 1082 τὸ
1017 1039 1122 1088 εἰκὸς
1145 1041 1295 1083 δοκοῦν
1316 1040 1442 1095 ἔχειν,
1480 1041 1572 1097 ἄρτι
1595 1061 1656 1084 κι-

183 1114 338 1165 νῆσαν,
370 1108 467 1158 τοὺς
484 1109 559 1163 μὲν
580 1107 686 1151 κατὰ
712 1107 765 1150 τὰ
785 1105 1035 1163 ὀχυρώματα
1055 1109 1226 1165 Πέρσας
1246 1111 1314 1151 καὶ
1334 1111 1426 1152 λίαν
1449 1107 1652 1154 ὖπεποιεΐ-
1679 1119 1705 1152 Β

183 1196 259 1231 το,
293 1176 348 1228 ὥς
378 1183 564 1234 θριγγοΐς
590 1178 760 1229 ἐλπίζων
784 1181 987 1233 χρᾶσθαι.
1009 1179 1044 1219 εἴ
1072 1179 1323 1234 ἐπιβρίσειαν
1352 1179 1517 1232 ε’κεΐνοι,
1554 1181 1654 1223 ἐκεί-

129 1254 172 1290 15
185 1264 266 1297 νοις
289 1247 330 1290 δ’
356 1245 433 1302 εἶχε
463 1246 531 1288 διὰ
555 1247 724 1301 μελέτης
744 1247 810 1287 καὶ
842 1245 976 1296 ἄλλως
993 1245 1246 1290 σπένδεσθαι
1266 1247 1336 1290 διὰ
1356 1245 1522 1302 κήδους.
1589 1250 1654 1291 ἐπὶ

180 1321 381 1360 τοσοῦτον
412 1315 491 1374 γὰρ
522 1315 702 1374 φοβερὸν
729 1313 855 1358 ἐδόκει
888 1316 954 1357 καὶ
980 1312 1108 1369 μόνον
1138 1316 1242 1373 πρὸς
1273 1318 1447 1367 ἐκείνους
1476 1315 1653 1373 πόλεμον

177 1516 376 1551 turnitatem
406 1515 568 1551 memoria
601 1519 720 1550 sentim
755 1516 970 1550 exolescente
1000 1517 1093 1562 apud
1114 1517 1259 1560 Persas,
1292 1521 1388 1551 tanto
1412 1517 1549 1553 facilius
1571 1520 1648 1554 feli-

177 1563 319 1608 ciusque
351 1563 532 1598 universae
563 1561 667 1607 potiri
699 1562 851 1597 Persidis
874 1567 1035 1608 poterat,
1065 1569 1171 1608 prout
1196 1564 1333 1609 reipsa
1354 1564 1449 1598 fecit.
1498 1564 1647 1611 impera·

176 1614 253 1644 tore
275 1609 402 1655 quippe
424 1610 598 1643 Sultanem
623 1619 822 1654 suspensum
846 1609 972 1654 spebus
992 1608 1149 1643 inanibus
1171 1612 1330 1652 tenente,
1351 1610 1471 1656 sicque
1491 1610 1578 1646 diem
1602 1624 1645 1646 ex

175 1655 232 1689 die
254 1655 406 1690 ducendo
429 1666 541 1690 moras
563 1654 700 1689 assidue
723 1658 883 1689 nectente
904 1667 948 1689 ne
978 1655 1109 1689 rediret
1130 1656 1219 1690 unde
1249 1661 1412 1700 venerat,
1435 1668 1492 1691 res
1515 1658 1643 1692 Persa-

173 1713 247 1736 rum
268 1701 357 1736 omni
379 1701 446 1736 alio
476 1700 664 1735 destitutae
695 1701 866 1746 praesidio
887 1701 1024 1735 tandem
1054 1702 1097 1736 ad
1121 1702 1298 1736 Tocharos
1322 1702 1548 1746 inclinarunt,
1570 1708 1640 1740 tam

173 1747 356 1782 universali
386 1759 566 1789 consensu,
608 1751 648 1781 ut
677 1747 815 1792 quidam
837 1747 887 1782 ibi
916 1747 983 1782 iam
1007 1752 1108 1782 antea
1131 1759 1313 1793 segreges,
1347 1760 1432 1794 quos
1463 1750 1540 1784 iure
1562 1751 1640 1796 quis

169 1793 321 1829 scenitas
344 1793 481 1837 dixerit,
503 1805 637 1839 semper
659 1793 750 1828 soliti
772 1805 793 1827 a
816 1794 1045 1828 communibus
1067 1795 1254 1829 abhorrere
1276 1794 1421 1829 consiliis
1443 1799 1480 1830 et
1493 1808 1550 1831 res
1571 1797 1638 1832 sibi

169 1852 250 1875 suas
281 1841 408 1874 habere
441 1840 618 1887 privatim,
653 1852 728 1874 cum
761 1840 836 1874 aliis
872 1841 1027 1875 omnibus
1057 1845 1180 1886 sponte
1213 1840 1436 1876 subeuntibus
1457 1842 1636 1888 imperium

171 1887 407 1921 Tocharorum
430 1887 481 1920 illi
504 1886 563 1921 uni
586 1886 756 1921 subiicere
784 1897 824 1920 se
845 1886 912 1932 ipsi
936 1893 1156 1930 recusarent,
1179 1888 1288 1922 coacti
1320 1888 1449 1922 suerint
1464 1889 1500 1923 in
1523 1900 1634 1931 arces,

171 1933 215 1967 de
238 1934 360 1978 quibus
374 1933 540 1976 diximus,
562 1933 670 1967 nostri
691 1932 808 1967 limitis
829 1933 1005 1970 recedere.
1051 1934 1110 1969 ubi
1124 1933 1209 1968 satis
1230 1933 1460 1979 intelligentes
1481 1947 1519 1970 se
1542 1936 1632 1970 haud

165 1982 239 2014 aine
263 1991 325 2013 suo
347 1980 500 2024 periculo
521 1979 584 2013 tali
617 1985 771 2027 tempore
806 1979 917 2026 palam
946 1980 1026 2014 inde
1058 1980 1292 2015 incursaturos
1314 1981 1485 2016 Romanas
1506 1987 1633 2026 terras,

164 2026 290 2060 callido
313 2026 454 2060 consilio
476 2025 658 2060 universim
681 2025 817 2071 quidem
852 2037 894 2060 ac
915 2027 1135 2061 communiter
1156 2027 1350 2061 foederatos
1373 2037 1412 2062 se
1433 2027 1631 2073 imperatori

162 2072 435 2118 profitebantur,
461 2071 656 2117 singillatim
680 2083 764 2106 vero
786 2072 1055 2118 grassationibus
1077 2073 1253 2108 nocturnis
1274 2085 1330 2107 res
1352 2079 1544 2108 nostrorum
1567 2075 1631 2108 de-

162 2118 428 2163 praedabantur.
474 2119 510 2154 in
533 2130 600 2164 quo
624 2119 779 2154 damnum
807 2125 958 2154 nostrum
982 2119 1072 2154 haud
1095 2131 1250 2165 magnum
1285 2125 1376 2155 erat:
1414 2131 1491 2154 nam
1515 2120 1563 2154 illi
1583 2117 1627 2155 Ii-

162 2164 301 2197 mitanei
333 2170 472 2199 strenue
505 2175 569 2209 par
604 2165 684 2210 pari
714 2166 904 2201 referentes
935 2165 1153 2201 clandestinis
1184 2170 1220 2200 et
1248 2165 1316 2211 ipsi
1344 2166 1471 2211 rapinis
1502 2165 1627 2200 infidos

162 2209 317 2255 hospites
348 2210 599 2245 ulciscebantur
630 2216 666 2246 et
694 2213 797 2246 facile
827 2212 951 2247 amissa
979 2213 1202 2258 reponebant.
1247 2212 1335 2246 omni
1358 2218 1472 2246 autem
1494 2212 1626 2246 ratione

159 2255 228 2291 sibi
255 2256 497 2291 conciliandam
525 2260 695 2292 statuerat
720 2258 906 2305 imperator
936 2262 1071 2304 gentem
1094 2258 1326 2294 Tocharorum
1348 2261 1430 2292 tunc
1451 2269 1541 2292 novo
1562 2259 1625 2292 im-

159 2306 244 2346 petu
281 2306 316 2336 et
354 2302 510 2348 potentia
539 2302 750 2338 ineluctabili
783 2309 927 2347 motam,
958 2309 999 2340 ut
1032 2306 1086 2340 cui
1117 2304 1287 2340 hostiliter
1316 2305 1517 2349 irrumpenti
1540 2304 1622 2339 nihil

158 2352 278 2393 posset
300 2349 488 2392 obsistere,
511 2360 585 2383 eam
611 2350 786 2385 beneficiis
808 2357 1094 2398 praeoccupatam
1117 2352 1161 2387 ab
1190 2350 1326 2385 infestis
1349 2350 1498 2386 consiliis
1521 2362 1621 2385 aver-

160 2397 263 2428 teret.
311 2395 448 2440 putavit
469 2395 571 2429 etiam
597 2397 784 2442 prudenter
818 2398 980 2432 utendum
1010 2397 1067 2432 illo
1082 2423 1094 2441 ,
1118 2408 1216 2443 quem
1241 2397 1447 2439 memoravi,
1469 2398 1619 2432 adventu

156 2451 334 2485 segregum
356 2441 537 2475 Persarum
559 2441 592 2475 in
620 2454 717 2477 arces
739 2443 881 2478 Romani
902 2444 1030 2479 limitis.
1078 2449 1115 2478 et
1136 2445 1197 2478 hos
1219 2444 1308 2478 enim
1322 2443 1536 2478 blandissime
1557 2444 1619 2478 de-

155 2486 268 2522 linivit
291 2487 417 2522 officiis
438 2488 700 2534 promissisque,
734 2489 865 2524 scilicet
886 2501 1029 2536 sperans
1050 2490 1126 2525 istis
1143 2501 1204 2532 se,
1240 2490 1338 2535 quasi
1361 2501 1444 2535 sepe
1469 2490 1619 2533 obiecta,

156 2533 277 2568 mediis
297 2545 435 2568 usurum
459 2534 501 2568 ad
535 2535 715 2570 arcendam
744 2536 977 2571 Tocharorum
1000 2536 1066 2571 vim
1082 2562 1093 2579 ‚
1125 2536 1155 2570 si
1177 2537 1331 2582 quando,
1354 2536 1444 2582 quod
1468 2548 1490 2570 a
1512 2540 1615 2580 gente

155 2579 319 2615 bellicosa
341 2584 377 2614 et
398 2581 545 2615 barbara
567 2581 679 2615 timeri
699 2582 879 2628 prudentia
899 2583 1060 2626 iubebat,
1081 2583 1206 2617 bellum
1228 2594 1303 2617 cum
1325 2582 1488 2627 Romanis
1512 2593 1614 2627 quam

155 2636 274 2670 pacem
304 2627 452 2661 mallent.
496 2627 658 2662 studebat
689 2631 801 2662 autem
834 2629 1022 2675 imperator
1051 2629 1268 2663 vehementer
1305 2641 1405 2675 quam
1441 2628 1612 2663 artissima

151 2672 402 2706 necessitudine
438 2673 587 2708 foederis
617 2674 793 2708 Tocharos
825 2675 893 2709 sibi
923 2674 1119 2719 devincire,
1148 2675 1306 2721 quoniam
1337 2675 1439 2710 armis
1470 2685 1545 2708 cum
1570 2685 1612 2708 ea

149 2722 253 2760 gente
286 2719 469 2752 decernere
500 2731 571 2754 rem
603 2720 689 2754 adeo
711 2721 899 2755 terribilem
921 2723 1087 2768 putabat,
1119 2725 1159 2756 ut
1179 2734 1223 2756 ne
1246 2721 1452 2766 cogitatione
1475 2721 1610 2765 quidem

149 2764 255 2806 prima
287 2767 385 2799 tenus
418 2765 496 2799 belli
529 2777 603 2800 cum
635 2766 679 2800 iis
709 2767 925 2812 suscipiendi,
948 2768 1149 2803 mentionem
1179 2769 1420 2803 admit-tendam
1455 2767 1608 2801 duceret.

148 2810 348 2856 omninoque
370 2811 456 2846 adeo
479 2811 514 2846 id
538 2812 700 2848 horribile
725 2815 871 2859 putabat
885 2839 896 2860 ,
919 2819 960 2849 ut
981 2816 1036 2850 vel
1059 2814 1130 2850 solo
1154 2817 1287 2861 prolato
1310 2815 1450 2849 istorum
1475 2812 1607 2847 nomine
