1846 3262
189 209 253 254 86
614 205 851 251 GEORGII
884 206 1234 250 PACHYMERIS

194 325 390 380 δρασκον.
462 321 510 365 οὗ
530 320 614 377 μὴν
634 321 681 365 δὲ
704 323 772 365 καὶ
792 321 864 366 τὸν
884 322 1071 365 κίνδυνον
1091 319 1357 378 ὑπεξέφυγον,
1396 319 1501 365 ἀλλὰ
1521 321 1666 364 πολλοὶ

145 399 176 433 O
200 396 259 450 τῷ
290 394 487 450 Σκυθικῷ
515 388 794 448 στρατεύματι
827 387 1341 448 συγκαταλαμβανόμενοι,
1389 397 1552 444 συχνοῖς
1581 397 1668 440 τοῖς

195 461 348 509 ὀϊστοῖς
369 457 685 516 τιτρωσκόμενοι
708 459 873 504 ἔπιπτον
883 493 897 513 ,
933 459 1050 503 ἄλλοι
1070 460 1115 502 δὲ
1133 465 1218 509 τοῖς
1235 459 1418 516 ,Πέρσαις
1435 458 1665 514 ἡλίσκοντο.

197 530 264 572 καὶ
281 528 396 579 τέλος
416 528 542 579 αὐτὸς
563 527 584 572 ὅ
605 528 795 586 Πρίγκιψ
817 526 970 587 θάμνῳ
989 531 1064 571 τινὶ
1087 528 1309 584 παρεισδὺς
1328 530 1480 571 ἐκεῖθεν
1500 527 1670 584 ἐθάρρει

199 601 369 650 λαθεῖν,
404 596 499 640 ἀλλ’
529 597 604 642 οὐκ
634 597 806 653 ἤνυετό
837 596 1058 655 παράπαν·
1095 595 1329 647 ἐπιστάντες
1355 597 1433 654 γὰρ
1453 598 1519 639 καὶ
1544 597 1701 641 αὖτὸνό

201 666 354 716 ἀκλεῶς
373 664 517 723 ᾕρουν.
586 669 654 710 καὶ
684 667 788 723 μέγα
816 684 854 710 τι
886 667 1041 710 ἀκονιτὶ
1073 668 1114 709 ἓν
1147 670 1276 725 στενῷ
1296 664 1556 722 κατόρθωμα
1575 663 1667 708 τότ’

201 732 423 792 ἐπράττετο
434 769 447 789 ,
475 736 517 779 ἐν
537 735 657 796 ὀλίγῳ
676 735 786 796 πόνῳ
808 736 952 793 κέρδος
971 732 1167 779 νεανικόν.
1217 733 1311 779 τότε
1329 736 1466 778 τοίνυν
1487 735 1539 777 τὰ
1558 739 1674 778 θαυ-

200 803 342 859 μαστὰ
365 805 432 847 καὶ
460 803 618 862 μεγάλα
647 805 687 849 οἳ
716 807 938 862 στρατηγοὶ
960 802 1269 861 ἀπενεγκάμενοι
1295 801 1487 861 λάφυρα,
1515 803 1587 860 ἐφ’
1613 800 1675 853 οἷς

152 884 185 919 D
209 875 276 916 καὶ
295 871 420 918 αὐτὸν
444 874 494 930 δὴ
527 874 599 918 τὸν
627 879 700 930 τῆς
723 875 888 930 Ἀχαΐας
916 876 1126 930 Πρίγκιπα
1138 907 1151 927 ,
1188 874 1256 917 ἐπ’
1286 873 1491 928 ἀνατολὴν
1510 869 1675 929 συνάμα

203 944 270 1005 καὶ
301 946 360 1002 τῷ
390 944 479 1000 περὶ
507 943 659 994 αὐτοὺς
690 942 967 1001 στρατεύματι
999 943 1202 999 ἤλαυνον,
1240 940 1601 998 κατοχυρώσαντες
1621 938 1676 991 ὥς
1689 950 1732 984 10

206 1009 294 1055 οἷόν
322 1029 366 1055 τε
390 1010 589 1070 πρότερον
621 1015 687 1056 καὶ
711 1012 809 1063 τοὺς
837 1013 942 1055 κατὰ
967 1011 1083 1055 δύσιν
1103 1010 1280 1064 τόπους,
1320 1010 1375 1061 ὡς
1406 1012 1468 1053 ἐπὶ
1488 1015 1676 1053 πλεῖστον

208 1077 496 1138 φυλάττοιντο.
570 1080 626 1132 ὥς
646 1087 743 1138 γοῦν
774 1083 976 1137 ἐπανῆκον
993 1081 1097 1135 μετὰ
1117 1085 1316 1138 λαμπρῶν
1344 1085 1427 1123 τῶν
1452 1081 1676 1135 τροπαίων,

208 1147 437 1207 κατειλήφει
469 1152 544 1206 μὲν
578 1153 645 1194 καὶ
677 1151 735 1195 ἴτι
772 1149 792 1194 ὃ
823 1149 1192 1207 Στρατηγόπουλος
1233 1151 1274 1192 ἐν
1306 1148 1595 1208 ἀκαταστασία
1625 1147 1677 1190 τοὶ

206 1215 456 1275 πράγματα,
496 1220 569 1265 οὐκ
600 1220 715 1277 ὀλίγα
747 1221 792 1263 δὲ
825 1222 892 1263 καὶ
916 1220 1041 1270 αὐτὸς
1064 1224 1122 1278 τῷ
1139 1216 1416 1277 Παλαιολόγῳ
1442 1219 1679 1275 συναίρεται

206 1291 282 1343 τῆς
302 1287 482 1345 ὄρέξεως.
550 1289 622 1333 τὸν
642 1289 825 1345 μέντοιγε
845 1291 1053 1346 Πρίγκιπα
1070 1289 1175 1331 κατὰ
1198 1288 1246 1331 τὸ
1270 1287 1473 1344 παρεστὸς
1495 1287 1570 1342 μὲν
1588 1283 1679 1329 τότε
1693 1292 1736 1328 15

160 1364 194 1399 Ε
220 1361 269 1414 τῇ
302 1361 466 1415 φυλακῇ
495 1359 686 1402 ἐδίδοσαν
701 1373 711 1382 ·
754 1358 966 1414 μετέπειτα
998 1359 1042 1400 δὲ
1060 1355 1240 1412 ἁλούσης
1258 1361 1333 1411 τῆς
1353 1354 1509 1406 πόλεως
1533 1353 1609 1414 (ὡς
1630 1354 1681 1397 ἂν

213 1425 320 1468 καθ’
343 1426 483 1483 εἱρμὸν
512 1430 579 1471 καὶ
606 1432 740 1471 ταῦτα
772 1427 920 1486 ῥηθείη
942 1428 1007 1469 καὶ
1030 1426 1088 1482 μὴ
1119 1426 1164 1469 τὸ
1187 1430 1258 1481 τῆς
1281 1423 1503 1481 διηγήσεως
1521 1425 1683 1478 συνεχὲς

215 1492 506 1551 διακόπτοιτο,
548 1499 583 1540 εἴ
611 1498 677 1540 καὶ
708 1498 918 1548 ξυνέπεσεν
944 1495 1135 1552 ὕστερον)
1161 1499 1232 1550 τῆς
1255 1496 1353 1550 γοῦν
1378 1491 1534 1544 πόλεως
1556 1488 1685 1536 &2015-

217 1581 314 1620 σης,
346 1565 453 1608 ἐτοῖν
476 1565 838 1624 παραδραμόντων
862 1568 999 1618 δυοῖν,
1038 1563 1058 1608 ὃ
1086 1565 1161 1620 μὲν
1181 1566 1371 1620 Πρίγκιψ
1402 1562 1474 1606 τὸν
1500 1561 1685 1619 σοβαρὸν

219 1633 370 1689 αὐχένα
390 1636 527 1685 κλίνας
547 1640 604 1695 τῷ
623 1640 788 1690 βασιλεῖ
803 1637 869 1678 καὶ
886 1635 979 1692 ἄρτι
1000 1639 1164 1691 πρῶτον
1176 1634 1339 1688 βλέπειν
1359 1634 1509 1676 ἐκεῖνον
1527 1630 1685 1675 ἄνακτα
1696 1638 1744 1673 20

214 1701 442 1758 Ῥωμανιάς
483 1703 610 1761 ἔλεγεν
645 1705 934 1762 ἐπειλημμένον
974 1702 1028 1754 ὥς
1056 1703 1175 1761 ἐχρῆν
1209 1707 1283 1746 τοῦ
1315 1698 1496 1759 θρόνου,
1543 1701 1615 1743 καί
1644 1717 1688 1756 γε

221 1770 368 1816 ἑαυτὸν
398 1774 553 1818 πείθειν
583 1776 965 1819 καθυποκλίνεσθαι
983 1775 1050 1817 καὶ
1071 1775 1126 1824 εἷς
1146 1769 1278 1823 πόδας
1294 1772 1451 1814 πίπτειν
1468 1773 1634 1826 βασιλεῖ
1645 1785 1688 1826 γε

223 1881 274 1916 sic
297 1883 483 1928 pericuium
507 1884 666 1928 fugerunt
681 1910 693 1928 ,
723 1883 946 1918 circumventi
968 1895 988 1918 a
1012 1880 1184 1927 Scythicis
1207 1879 1353 1916 maxime
1384 1879 1512 1926 copiis,
1547 1889 1691 1925 quarum

225 1929 441 1964 creberrimis
464 1931 586 1964 confixi
607 1931 728 1965 iaculis
750 1931 929 1966 cadebant,
976 1929 1036 1964 alii
1059 1941 1080 1963 a
1111 1927 1226 1962 Persis
1261 1926 1493 1971 capiebantur.
1538 1925 1613 1971 ipse
1645 1924 1692 1959 ad

225 1981 411 2009 extremum
437 1976 601 2022 Princeps
631 1978 753 2011 saltum
775 1977 949 2022 ingressus
970 1975 1120 2011 arbustis
1152 1974 1294 2007 densum
1325 1971 1373 2006 ibi
1396 1977 1490 2006 tutas
1514 1983 1552 2006 se
1576 1971 1694 2005 inven-

224 2026 339 2055 turum
368 2022 516 2058 latebras
549 2025 732 2069 sperabat,
764 2024 911 2058 frustra:
949 2033 1027 2056 nam
1064 2022 1220 2055 detectus
1246 2018 1392 2062 inglorie
1415 2024 1537 2062 captus
1562 2020 1598 2051 et
1619 2017 1695 2062 ipse

228 2060 295 2102 ist.
342 2079 466 2114 magna
487 2072 569 2104 tunc
592 2081 648 2103 res
669 2069 765 2104 brevi
787 2073 954 2104 momento
979 2080 1020 2103 ac
1044 2067 1146 2102 facile
1170 2071 1333 2111 peracta,
1365 2064 1547 2110 exiguique
1568 2063 1696 2098 laboris

228 2113 350 2158 ingens
384 2126 448 2149 nec
483 2117 705 2161 prudentibus
743 2116 912 2161 sperabile
946 2115 1093 2161 pretium
1126 2111 1292 2147 constitit.
1339 2111 1402 2145 sub
1433 2111 1520 2145 haec
1550 2109 1695 2145 Romani

230 2161 335 2194 duces
357 2160 549 2196 incredibili
572 2163 754 2207 spoliorum
776 2162 814 2196 vi
836 2161 961 2203 ditati,
985 2160 1156 2206 captivum
1182 2158 1331 2193 Achaiae
1358 2157 1546 2203 principem
1569 2156 1698 2190 ducen-

230 2210 285 2240 tes
308 2218 384 2240 cum
404 2209 556 2243 exercitu
577 2208 611 2242 in
635 2209 809 2243 Orientem
839 2212 1079 2249 reverterunt,
1102 2205 1239 2240 munitis
1261 2204 1355 2249 prius
1379 2208 1540 2249 quantum
1563 2204 1616 2237 fas
1630 2201 1700 2236 fuit

233 2258 270 2286 et
292 2265 433 2288 necesse
453 2254 561 2289 visum
586 2257 658 2297 est,
697 2260 736 2289 ut
760 2266 858 2300 quam
882 2254 1070 2288 diutissime
1086 2263 1216 2291 [secure
1237 2255 1437 2284 tenerentur
1450 2274 1462 2291 ,
1491 2248 1634 2283 Occidui
1655 2247 1695 2281 li-

233 2298 323 2332 mitis
347 2299 442 2336 locis.
489 2301 596 2335 redux
620 2306 731 2346 autem
755 2306 832 2347 post
860 2300 918 2334 ina
949 2299 1127 2345 splendida
1158 2302 1302 2343 tropaea
1330 2296 1593 2341 Strategopulus
1623 2305 1699 2328 cum

233 2345 337 2379 sociis
369 2357 425 2380 res
457 2347 716 2393 haudquaquam
747 2348 856 2382 adhuc
885 2347 921 2381 in
953 2346 1030 2380 auia
1062 2345 1199 2391 quietas
1234 2342 1390 2388 reperit,
1422 2354 1464 2376 ac
1486 2340 1701 2389 perstudiose

231 2390 438 2436 Palaeologo
460 2393 579 2427 favens
603 2395 740 2428 multum
763 2394 806 2428 ad
830 2393 902 2427 eius
931 2397 1085 2427 votorum
1109 2391 1267 2425 effectum
1299 2388 1453 2423 contulit.
1499 2393 1538 2422 at
1567 2385 1702 2421 Princi-

234 2448 311 2482 pem
335 2439 512 2474 custodiae
535 2445 604 2473 tum
628 2440 765 2485 quidem
786 2438 1010 2474 tradiderunt.
1057 2443 1178 2483 postea
1211 2447 1292 2470 vero
1325 2440 1429 2481 capta
1461 2433 1604 2469 civitate
1628 2432 1701 2477 (hic

235 2483 322 2517 enim
346 2483 443 2519 iuvat
463 2497 520 2520 res
544 2485 707 2532 principis
729 2486 880 2520 Achaiae
902 2497 970 2520 una
993 2484 1090 2519 simul
1113 2483 1202 2518 serie
1225 2482 1363 2524 dicere,
1386 2492 1430 2515 ne
1452 2480 1483 2514 si
1506 2480 1578 2514 suis
1601 2477 1701 2524 quid-

236 2540 305 2575 que
353 2531 500 2566 osterius
530 2538 663 2577 gestum
687 2532 900 2578 temporibus
922 2535 1099 2572 servetur,
1121 2528 1328 2563 incommode
1352 2528 1501 2571 abrupta
1523 2526 1595 2560 hiet
1620 2535 1703 2559 nar-

236 2541 350 2620 ratini,
369 2578 524 2623 quando,
563 2579 726 2624 inquam,
765 2579 847 2613 urbs
879 2590 901 2612 a.
930 2577 1093 2612 Romanis
1124 2580 1266 2621 recepta
1289 2577 1364 2616 est,
1398 2572 1496 2607 annis
1518 2576 1596 2617 post
1618 2571 1704 2605 haec

239 2622 391 2666 duobus,
421 2624 520 2658 flexit
549 2625 685 2659 tandem
716 2626 896 2670 superbam
929 2624 1093 2657 cervicem
1134 2634 1176 2656 ea
1206 2632 1341 2655 suorum
1374 2619 1570 2654 Latinorum
1607 2616 1705 2651 clade

238 2670 372 2703 fractus
396 2670 524 2704 animus
546 2670 728 2715 Principis,
753 2675 788 2704 et
810 2674 892 2704 tunc
912 2670 1054 2715 primum
1079 2678 1263 2714 agnoscere
1285 2666 1352 2701 sibi
1374 2665 1468 2700 visus
1482 2664 1517 2698 in
1538 2662 1706 2716 Michaele

239 2726 355 2749 veram
378 2716 524 2762 speciem
547 2728 589 2751 ac
612 2717 823 2751 maiestatem
845 2716 1073 2761 imperatoris,
1097 2726 1173 2749 eum
1187 2712 1370 2747 Romaniae
1392 2710 1582 2758 principem
1605 2709 1708 2750 dimt,
1749 2731 1756 2738 ·

241 2762 394 2796 eumdem
417 2765 592 2808 professus
614 2768 668 2797 est
691 2763 759 2797 rite
781 2774 823 2797 ac
845 2762 994 2806 legitime
1017 2762 1174 2795 thronum
1197 2769 1394 2805 occupasse.
1437 2757 1586 2802 denique
1609 2754 1709 2789 affir-

239 2808 347 2842 mavit
367 2820 406 2843 se
427 2809 494 2843 iam
513 2808 646 2844 minime
669 2808 901 2843 dubitaturum
927 2807 1105 2853 procidere
1130 2806 1171 2840 ad
1195 2806 1300 2851 pedes
1323 2804 1417 2845 eius,
1441 2803 1542 2848 eique
1565 2813 1604 2837 se
1625 2801 1709 2835 sub-

239 2853 344 2889 iicere
381 2858 422 2889 ut
458 2854 551 2890 iusto
579 2855 807 2902 imperatoris
822 2854 861 2889 in
891 2864 959 2901 quo
989 2853 1134 2901 Augusti
1167 2851 1297 2897 fastigii
1329 2854 1438 2886 totum
1471 2848 1583 2884 instar
1605 2850 1710 2882 esset.
