1846 3262
460 176 536 220 DE
566 174 845 232 MicHAELE
875 173 1253 219 PALAEOLOGO
1282 175 1329 218 L.
1358 172 1412 217 11.
1557 174 1650 219 121

320 292 397 337 19.
472 288 708 344 Θαυμάσειε
740 289 788 332 δ’
819 289 870 333 ἅν
900 306 963 339 τις
981 291 1048 332 καὶ
1073 288 1147 345 τὴν
1170 290 1286 343 δίκην
1302 285 1419 331 τότε·
1457 286 1554 330 οῦδὲ
1573 287 1651 343 γὰρ
1674 292 1706 328 Β

180 362 223 413 ἐξ
243 358 482 416 αῧτομάτου
498 360 691 416 γενέσθαι
710 358 781 402 τὸν
797 356 932 402 τόσων
954 360 1298 417 ἓκκλησιαστικῶν
1321 355 1531 414 ἀρχόντων
1550 355 1657 400 ῦπο-

180 428 369 474 τοπάσειε
397 427 609 472 θάνατον·
640 426 872 484 θνήσκουσι
903 426 982 483 γὰρ
1014 427 1130 483 ε’γγὺς
1155 432 1239 470 τῶν
1260 427 1357 470 δέκα
1380 426 1493 469 ἐννέα
1512 431 1655 481 μηνῶν

182 499 330 556 ἄνδρες
359 498 464 542 πολὺ
496 498 544 542 τὸ
575 498 721 551 σεμνὸν
751 499 817 541 καὶ
842 496 1081 552 ἀξιοπρεπὲς
1103 497 1275 551 ἔχοντες.
1347 495 1419 552 ἐφ’
1442 493 1504 546 οἷς
1527 495 1656 552 ἔλεγεν

147 566 204 616 56
237 564 390 623 τοῦναρ
420 567 518 611 ἰδών
550 565 750 622 πρότερον
779 565 805 621 ἢ
842 570 987 608 θανεῖν
1017 567 1191 615 ἐκείνους
1214 568 1272 597 -ὲ-
1300 563 1321 608 ὂ
1349 565 1505 615 Βέκκος
1534 565 1579 607 δ”
1605 561 1657 620 ἦν

182 631 303 688 οὗτος
328 635 542 692 Ἰωάννης,
589 635 634 686 ὃς
669 633 887 691 ἐσύστερον
917 636 982 678 καὶ
1012 635 1117 688 μετὰ
1151 634 1222 677 τὸν
1249 633 1547 691 χαρτοφύλακα
1573 652 1656 677 πα-

179 704 451 763 τριαρχεύσας
469 705 600 749 πολλὰ
621 705 802 748 πέπονθε
820 704 871 747 τὰ
900 701 1036 756 δεινά,
1084 701 1138 754 ὥς
1159 701 1180 746 ὅ
1199 701 1318 759 λόγος
1339 703 1444 746 κατὰ
1463 703 1535 746 τὸν
1556 722 1646 746 και-
1670 711 1701 746 C

182 775 255 833 ρὸν
275 778 368 831 ε’ρεΐ.
438 775 486 818 τὸ
515 778 614 831 γοῦν
647 773 748 829 ὄναρ
776 775 925 824 ἐκεῖνος
952 773 1052 816 ι’ὁών
1077 771 1304 829 ἓξῆγγελλεν
1324 771 1470 823 οὕτως.
1542 773 1654 824 ἔδοξε

180 844 258 901 γὰρ
288 843 355 887 ἐπ’
389 842 635 899 ἀγχωμάλου
665 845 806 886 πεδίου
837 843 1120 898 διερχομένους
1149 843 1351 899 &planeve
1381 841 1477 892 τοὺς
1504 841 1656 899 ἄρχον-

131 927 174 960 10
187 930 286 967 τας,
331 913 487 968 πολλὴν
530 910 775 968 ἐξηνυκότας
817 910 940 966 ὁδόν,
988 912 1093 955 κατὰ
1125 916 1259 966 χεῖλος
1288 916 1433 966 στῆναι
1462 914 1655 967 μεγίστου

183 983 251 1025 καὶ
271 986 453 1039 φοβεροῦ
472 987 662 1035 ποταμοῦ
682 982 1009 1039 παραρρέοντος,
1047 981 1260 1038 ἄρξασθαι
1280 980 1322 1023 δ”
1354 982 1527 1030 ἐκείνους
1550 980 1657 1023 κατὰ

182 1051 257 1105 τὴν
276 1049 391 1102 τάξιν
410 1055 484 1094 τοῦ
503 1053 642 1108 σφίσιν
663 1050 978 1106 ἀποβησομίνου
999 1049 1189 1094 θανάτου
1209 1055 1336 1107 περᾶν
1354 1054 1520 1107 πρῶτον
1539 1048 1656 1094 τόνδε

183 1121 251 1162 καὶ
282 1117 472 1177 δεύτερον
502 1118 619 1164 τόνδε
651 1122 718 1163 καὶ
749 1122 895 1178 ἐφεξῆς
923 1121 1021 1171 τοὺς
1044 1118 1232 1171 λοιπούς·
1268 1119 1366 1163 οὐδὲ
1393 1119 1471 1176 γὰρ
1505 1118 1655 1163 σύνδυο

184 1191 252 1232 καὶ
284 1186 469 1246 σύντρεις
494 1190 781 1246 ἐπεραιοῦντο,
823 1189 920 1233 ἀλλ’
955 1188 1011 1240 εἷς
1045 1191 1213 1240 ἕκαστος
1243 1188 1349 1232 καθ’
1385 1186 1525 1232 αὖτόν.
1597 1186 1652 1239 ὥς
1674 1201 1706 1236 D

130 1262 283 1314 15γοῦν
315 1256 336 1301 ὅ
365 1259 530 1312 βλέπων
557 1257 772 1314 ἱστάμενος
801 1261 868 1302 καὶ
897 1264 1070 1318 θεωρῶν
1099 1257 1387 1314 ἐξεπλήττετο,
1436 1258 1656 1315 ἴμφροντις

185 1326 243 1370 ὢν
276 1326 459 1378 κάκεῖνος
489 1326 600 1378 ὅπως
629 1327 985 1385 περαιωθήσεται,
1034 1326 1171 1372 ἀκούει
1206 1332 1348 1385 φωνῆς
1380 1327 1555 1370 ἔκποθεν
1577 1329 1656 1370 διι-

185 1396 408 1452 κνουμένης
432 1398 508 1440 “tl
524 1400 772 1454 φροντίζεις,·
810 1397 858 1440 οὗ
880 1398 931 1441 σύ
951 1402 1023 1441 νῦν
1050 1395 1230 1455 διαβήσῃ
1249 1397 1321 1440 τὸν
1343 1394 1541 1451 ποταμόν.
1600 1395 1658 1439 ἴνι

184 1464 264 1521 γὰρ
285 1466 426 1523 καιρὸς
445 1465 553 1509 καθ’
580 1465 625 1510 ὃν
645 1469 712 1510 καὶ
740 1467 867 1517 αὐτὸς
891 1468 933 1518 ἐξ
954 1465 1132 1523 ἀνάγκης
1160 1464 1444 1523 περαιωθήσῃ.
1514 1469 1588 1509 νῦν
1609 1465 1653 1508 ‹5‘

185 1533 382 1578 ἀπελθών
409 1533 542 1586 σώζου
578 1536 620 1578 ἓν
654 1534 907 1592 πραγμάτων
934 1534 1066 1597 ἡμέρᾳ
1090 1534 1453 1592 διατηρούμενος.”
1523 1533 1656 1584 οὕτως

129 1601 355 1658 eoum&
383 1599 536 1658 τοῦναρ
568 1605 666 1648 iduh»
695 1606 798 1657 μετὰ
824 1603 1023 1660 χρόνους,
1061 1608 1128 1648 καὶ
1150 1605 1263 1661 ἡμεῖς
1285 1603 1502 1653 ἀκούοντες
1522 1605 1655 1646 ἐθαυ-

183 1669 377 1726 μάζομεν.
450 1674 596 1723 ἐκεῖνος
624 1675 669 1717 δὲ
695 1676 761 1717 καὶ
798 1674 933 1725 ἄλλως
960 1676 1200 1732 φιλαληθὴς
1233 1673 1290 1717 ὢν
1323 1676 1379 1724 εἷς
1408 1674 1542 1715 πίστιν
1570 1677 1652 1716 τῶν

184 1742 407 1796 λεγομένων
426 1744 660 1797 προσετίθει
683 1745 748 1785 καὶ
769 1743 905 1799 ὅρκον,
938 1742 1167 1800 θαυμάζων
1189 1743 1276 1799 ἅμα
1297 1744 1363 1786 καὶ
1383 1742 1431 1786 τὸ
1451 1746 1524 1797 τῆς
1547 1759 1653 1800 προ-

185 1810 299 1860 νοίας
322 1810 541 1868 δραστικόν
562 1829 605 1855 τε
628 1813 695 1855 καὶ
716 1812 915 1870 ἄφυκτον.

278 1955 333 1990 19.
379 1955 527 1990 Miretur
550 1960 663 1992 autem
687 1956 854 2003 quispiam
878 1959 959 1992 tunc
981 1961 1153 1992 ostensum
1177 1957 1232 1992 dei
1254 1957 1425 1992 iudicium.
1471 1969 1537 1992 non
1561 1959 1648 1992 enim

184 2011 265 2035 casu
290 2001 473 2046 contigisse
494 2005 549 2037 tot
570 2003 666 2038 simul
689 2004 997 2039 ecclesiasticorum
1022 2004 1210 2051 principum
1234 2005 1345 2040 obitus
1368 2003 1535 2049 suspicari
1560 2004 1649 2038 veri-

183 2047 336 2082 similiter
358 2048 450 2082 licet.
497 2050 619 2084 mortui
650 2051 776 2095 quippe
800 2056 879 2085 sunt
902 2051 1016 2096 spatio
1049 2053 1121 2085 fere
1144 2051 1372 2086 novemdecim
1396 2050 1558 2086 mensium
1582 2050 1648 2084 viri

183 2094 392 2129 auctoritate
419 2094 652 2142 dignitateque
674 2108 802 2131 summa
829 2097 1021 2143 conspicui,
1045 2109 1186 2143 quorum
1210 2098 1322 2132 obitus
1346 2097 1565 2143 praedixerat
1587 2096 1649 2142 qui

183 2142 228 2174 de
265 2140 309 2174 iis
339 2142 569 2186 praemonitus
601 2154 664 2188 per
697 2155 846 2178 somnum
878 2144 1004 2178 suerat.
1051 2149 1128 2179 erat
1159 2144 1187 2179 is
1220 2145 1363 2181 Ioannes
1397 2145 1553 2184 Veccus,
1588 2142 1648 2188 qui

184 2190 330 2231 postea,
362 2194 543 2233 postquam
578 2189 822 2235 chartophylax
854 2191 993 2233 fuerat,
1025 2191 1220 2237 patriarcha
1253 2192 1364 2226 sactus
1397 2190 1503 2226 multa
1535 2189 1571 2223 in
1605 2201 1648 2223 ea

185 2231 355 2276 dignitate
389 2234 511 2278 gravia
541 2246 662 2280 passus
695 2242 768 2277 est,
808 2239 846 2270 ut
884 2237 970 2271 haec
999 2243 1114 2272 nostra
1146 2237 1287 2272 historia
1313 2250 1374 2272 suo
1405 2238 1480 2271 loco
1512 2235 1646 2270 reddet.

184 2278 348 2312 somnium
370 2291 472 2324 porro
493 2280 584 2315 istud
608 2293 703 2315 suum
728 2282 786 2316 ille
808 2283 973 2317 narrabat
998 2283 1033 2318 in
1058 2285 1146 2317 hunc
1168 2284 1312 2326 modum,
1334 2284 1430 2318 aiens
1452 2283 1560 2317 visum
1583 2281 1648 2316 sibi

184 2324 302 2358 videre
324 2325 496 2371 principes
518 2327 740 2362 ecclesiastici
762 2329 890 2363 ordinis
913 2329 947 2364 in
979 2330 1076 2375 equis
1098 2330 1295 2365 incedentes
1325 2342 1387 2375 per
1410 2340 1552 2375 aequam
1575 2330 1652 2374 pla-

184 2370 392 2423 nitiem-lati
430 2373 560 2417 campi,
598 2373 698 2417 longo
728 2375 839 2420 spatio
872 2376 1026 2410 consecto
1055 2376 1252 2421 pervenisse
1285 2377 1421 2411 tandem
1461 2376 1506 2410 ad
1539 2379 1650 2421 ripam

183 2427 322 2470 maximi
354 2421 391 2452 et
423 2424 566 2464 aspectu
587 2420 751 2454 terribilis
774 2421 879 2455 amnis
902 2422 1199 2468 praeterfluentis,
1228 2434 1326 2468 quem
1350 2422 1466 2457 statim
1488 2422 1648 2456 traiicere

185 2466 362 2507 coeperlnt
384 2465 501 2498 eodem
525 2465 642 2500 ordine
665 2478 732 2512 quo
756 2470 834 2501 sunt
856 2474 976 2512 postea
999 2469 1142 2512 mortui,
1168 2467 1309 2515 primum
1330 2469 1442 2510 illum,
1479 2469 1568 2502 hunc
1591 2480 1649 2502 se-

185 2509 353 2563 cundum-3
382 2514 418 2544 et
439 2510 491 2545 sic
513 2511 685 2557 reliquos:
710 2524 776 2547 non
801 2513 888 2548 enim
912 2515 978 2548 duo
1003 2520 1063 2549 aut
1084 2519 1158 2550 tres
1181 2515 1292 2558 simul,
1316 2516 1376 2551 sed
1399 2515 1523 2560 singuli
1550 2525 1647 2548 seor-

184 2565 248 2588 sim
270 2555 499 2592 trauciebant.
547 2562 586 2591 ut
608 2562 722 2593 autem
753 2560 830 2604 ipse
853 2560 911 2605 qui
943 2561 1085 2596 videbat
1107 2562 1268 2597 adstabat
1289 2567 1429 2608 stupens
1446 2587 1456 2604 ‚
1490 2561 1646 2595 solicitus

184 2601 351 2645 quomodo
374 2608 410 2637 et
433 2602 508 2648 ipse
530 2603 726 2647 traiiceret‚
762 2606 899 2640 audisse
922 2618 1038 2642 vocem
1061 2607 1217 2643 alicunde
1239 2608 1374 2643 missam
1398 2607 1505 2654 “quid
1528 2606 1645 2641 solici-

183 2650 241 2699 tus
267 2648 334 2682 es?
367 2660 434 2683 non
466 2654 502 2684 tu
525 2650 623 2684 modo
645 2651 795 2687 traiicies
817 2652 906 2687 huno
927 2652 1085 2688 fluvium:
1117 2654 1185 2690 erit
1206 2658 1338 2701 tempus
1361 2666 1427 2700 quo
1450 2660 1486 2689 te
1509 2663 1645 2698 quoque

183 2702 294 2737 ipsum
316 2696 544 2730 transfretare
567 2697 751 2742 oportebit.
797 2710 886 2735 nunc
909 2699 1023 2734 salvus
1047 2701 1105 2735 abi
1127 2701 1161 2736 in
1185 2701 1273 2736 diem
1297 2701 1507 2746 negotiorum
1530 2709 1645 2733 reser-

182 2742 320 2793 vatusf'
367 2741 418 2775 sic
439 2743 614 2777 referebat
636 2743 735 2788 longe
758 2748 877 2789 postea
898 2745 975 2792 ipse
999 2747 1058 2793 qui
1073 2749 1236 2783 somnium
1258 2748 1405 2791 viderat,
1427 2745 1643 2781 audientibus

182 2785 220 2836 ft
242 2787 442 2840 mirantibus
465 2788 573 2823 nobis.
619 2789 675 2823 ille
698 2795 811 2825 autem
834 2791 888 2826 vir
909 2792 1035 2839 alioqui
1057 2794 1212 2830 veritatis
1235 2806 1372 2836 amans,
1394 2793 1438 2828 ad
1460 2792 1562 2827 fidem
1578 2792 1641 2828 ad·-

181 2832 344 2876 mngebat
364 2839 609 2878 iuramentum,
632 2836 800 2872 admirans
821 2838 1060 2885 providentiae
1079 2840 1307 2877 inevitabilem
1329 2839 1528 2876 efficaciam.
