1884 3262
456 185 533 228 DE
565 185 843 229 MICHAELE
875 186 1250 231 PALAEOLOGO
1285 188 1332 230 L.
1361 187 1437 231 IV.
1580 186 1672 231 281

214 299 244 355 ἢ
266 299 333 342 καὶ
361 295 467 358 λόγῳ
488 298 670 355 προέχειν
689 305 773 344 τῶν
794 300 953 355 ἄλλων,
990 301 1087 351 τοὺς
1108 301 1183 359 μέν
1205 297 1406 356 ἀξιώμασι
1427 300 1524 351 roi-g
1545 301 1590 344 δέ
1609 317 1681 358 φι-

215 369 425 422 λατησίαις
449 367 628 416 ἁπάσαις
656 371 723 411 καὶ
752 368 898 427 δώροις
923 372 1146 419 παντοίοις.
1212 366 1263 425 ἦν
1290 370 1368 425 γὰρ
1395 372 1462 412 καὶ
1480 387 1674 427 περιφρο-
1698 373 1730 407 D

217 437 341 492 νητὴς
355 438 527 492 χρυσίου
547 438 601 480 τὰ
617 436 822 491 μάλιστα,
858 437 912 488 ὥς
929 440 1034 494 μηδὲ
1050 442 1273 492 κεκτῆσθαι
1290 437 1535 491 βαλάντιον,
1572 439 1678 481 ἀλλὰ

217 505 266 549 τὸ
285 505 590 562 προσαγόμενον
611 507 784 550 ἔκποθεν
802 508 866 550 ἐπὶ
882 512 956 562 τῆς
976 506 1172 561 στιβάδος
1196 507 1346 549 ἐκείνου
1372 505 1540 550 κελεύειν
1561 509 1679 550 τίθε-

185 586 206 622 5
221 578 324 618 σθαι
337 607 350 626 ,
388 573 444 625 ὦς
465 576 626 628 ἕτοιμον
647 574 746 619 εἶναι
765 582 856 626 ταῖς
869 577 1021 632 χρείαις
1041 580 1116 629 τῆς
1135 575 1316 625 εὐποιίας
1341 574 1443 618 ὅπου
1465 574 1516 617 ἂν
1532 577 1680 626 ἐκεῖνος

218 641 425 687 κελεύσειε.
496 643 671 702 τοιούτῳ
698 645 739 687 δ’
774 644 861 688 ὅντι
887 646 1023 703 ἐκείνῳ
1044 644 1092 687 τὸ
1115 648 1189 699 τῆς
1208 644 1282 698 μὲν
1301 641 1535 699 ἁπλότητος
1558 649 1681 687 πλεο-

218 713 396 766 νέκτημα
413 715 470 762 εἷς
487 714 732 770 κατηγορίαν
751 711 1083 770 ἀδιαφορότητος
1099 714 1358 769 περιίστατο,
1393 712 1440 755 τὸ
1463 714 1507 755 δὲ
1529 717 1602 768 τῆς
1621 715 1675 764 εἷς
1697 721 1730 755 E

218 781 392 835 βασιλέα
429 784 572 832 αι’δοῢς
597 799 640 825 τε
669 784 738 825 καὶ
770 779 1048 839 κυβερνήσεως
1078 783 1132 831 εῗς
1162 780 1340 837 ἔγκλημα
1370 782 1581 831 κολακείας
1613 784 1679 824 καὶ

219 847 401 903 ψεύδους
429 850 533 906 πρὸς
561 850 660 901 τούς
685 851 864 901 πολλοὺς
888 851 1092 908 ἄντικρυς.
1159 854 1220 908 τῷ
1243 850 1322 907 γὰρ
1350 847 1466 907 διπλῷ
1489 855 1563 893 τοῦ
1583 849 1682 906 τρό-

164 932 210 966 10
221 936 300 961 nov
327 920 395 961 καὶ
421 917 640 976 ἇνυποῦλῳ
669 921 737 962 καὶ
763 921 982 978 ἐλευθερίῳ
1018 919 1122 975 πρὸς
1151 919 1199 961 τὸ
1221 925 1306 968 τοῖς
1327 923 1503 973 παροῦσι
1521 918 1682 975 χρήσα-

217 991 322 1030 σθαι
340 988 416 1042 μὲν
435 989 503 1029 καὶ
521 986 648 1030 αὐτόν
659 1020 673 1041 ,
707 989 860 1044 ἐφεῖναι
880 990 925 1031 δὲ
941 990 1008 1031 καὶ
1029 994 1117 1037 τοῖς
1138 988 1255 1036 ῗδιόις
1267 992 1478 1042 χρῆσθαι,
1516 988 1591 1042 τὴν
1607 992 1682 1031 τοῦ

216 1060 508 1111 καταχρῆσθαι
529 1054 791 1113 προσειλήφει
811 1054 949 1108 δόξαν.
1018 1061 1078 1115 τῷ
1100 1056 1146 1098 δὲ
1167 1060 1368 1111 κυβερνᾶν
1385 1055 1458 1099 τὸν
1477 1061 1680 1113 κρατοῦν-
1703 1064 1733 1098 P
1762 1064 1827 1109 190

217 1141 295 1177 τα,
333 1126 400 1166 καὶ
428 1129 586 1179 μᾶλλον
620 1124 689 1182 ἔφ’
726 1126 955 1177 ἱκετείαις,·
980 1124 1046 1168 ὅτε
1075 1126 1224 1175 ε’κεῖνος
1252 1125 1328 1178 μὲν
1355 1126 1683 1181 προσαναφέρων

217 1192 360 1247 ἠξίου,
401 1191 422 1235 ὁ
455 1194 500 1236 δὲ
531 1199 692 1250 κρατῶν
724 1194 772 1237 οὗ
801 1195 955 1254 ῥᾳδίως
981 1193 1185 1246 κατένευε,
1234 1193 1458 1236 κάντεῦθεν
1494 1195 1599 1237 κατὰ
1634 1195 1681 1237 τὸ

165 1271 208 1306 15
221 1264 369 1304 δοκοῦν
386 1260 581 1319 ᾠκονόμει
600 1267 660 1322 τῷ
683 1264 859 1322 δεομένῳ
877 1263 949 1306 τὸν
969 1260 1179 1317 ε’λπισμόν,
1204 1260 1260 1311 ὥς
1281 1261 1339 1318 μὴ
1363 1262 1557 1318 ἄπογνοίη
1576 1263 1683 1306 ἀπο-

218 1332 445 1388 πεμφθείς,
482 1332 650 1384 ἐλπίζων
678 1332 777 1382 ἴσως
807 1330 942 1375 ‹ivi-m
969 1331 1187 1388 ἐσύστερον
1197 1363 1211 1384 ,
1248 1330 1325 1373 κᾶν
1346 1332 1471 1386 λέγων
1488 1330 1684 1381 πολλάκις

221 1399 296 1442 οὐκ
323 1399 440 1454 ἤνυε,
471 1400 548 1453 τὴν
579 1404 654 1443 τοῦ
683 1399 864 1455 ψεύδους
882 1399 1068 1455 ὑποψίαν
1085 1396 1398 1455 προσκτώμενος
1417 1402 1684 1456 κατεκρίνετο.

221 1467 273 1510 τὰ
289 1458 340 1511 δὲ
363 1466 596 1524 ἐγκλήματα
617 1473 750 1512 ταῦτα
772 1467 971 1520 καθάπαξ
990 1476 1079 1520 ταῖς
1095 1472 1179 1511 τῶν
1197 1471 1360 1511 πολλῶν
1379 1475 1534 1523 ψυχαῖς
1557 1466 1684 1524 ε’νιζή-
1708 1473 1738 1507 Β

315 1613 369 1646 12.
393 1612 465 1659 τῷ]
488 1611 531 1649 τό
554 1612 595 1647 Ρ.

222 1736 310 1771 tales
340 1742 456 1772 essent
486 1737 612 1783 partim
644 1737 868 1782 dignitatibus
899 1739 1022 1784 partim
1055 1739 1224 1774 donativis
1257 1742 1293 1774 et
1322 1738 1556 1784 largitionibus
1583 1739 1689 1773 omnis

222 1784 359 1827 generis
390 1783 625 1818 liberalissime
655 1796 779 1819 ornare
801 1797 844 1820 ac
867 1786 1038 1820 cumulare
1068 1798 1165 1820 orsus
1189 1791 1254 1820 est.
1300 1791 1377 1819 erat
1400 1785 1487 1819 enim
1511 1784 1587 1819 auri
1608 1797 1690 1819 con-

221 1834 345 1863 temtor
366 1834 407 1863 ut
428 1829 487 1874 qui
508 1831 671 1872 maxime,
705 1843 749 1865 ne
772 1843 964 1866 crumenam
985 1831 1119 1877 quidem
1141 1833 1268 1866 habere
1289 1832 1465 1876 dignatus:
1498 1831 1560 1865 sed
1584 1830 1685 1876 quid-

221 1875 305 1920 quid
337 1876 559 1921 undecunque
589 1877 794 1919 offerretur,
827 1890 932 1924 supra
964 1878 1088 1912 lectum
1112 1890 1133 1913 a
1155 1879 1369 1924 portantibus
1400 1877 1524 1923 deponi
1550 1877 1685 1920 iubens,

221 1932 291 1966 quo
324 1921 372 1955 ibi
406 1923 596 1967 expositum
631 1924 665 1957 in
696 1930 855 1969 promptu
885 1928 977 1959 esset
1010 1925 1054 1958 ad
1076 1937 1158 1958 usus
1182 1924 1445 1965 beneficentiae,
1478 1923 1685 1967 erogandum

223 1967 299 2001 eius
327 1968 488 2001 mandato
520 1980 721 2015 quocunque
750 1971 899 2005 rationes
928 1970 1099 2014 egentium
1130 1977 1320 2016 poscerent.
1368 1970 1428 2004 tali
1460 1975 1573 2003 autem
1604 1969 1684 2003 huic

222 2013 296 2047 viro
318 2014 527 2048 abundantia
549 2015 773 2060 simplicitatis
795 2017 964 2051 solutioris
986 2018 1022 2051 in
1043 2018 1115 2051 vita
1135 2017 1293 2051 licentiae
1317 2015 1565 2051 accusationem
1592 2027 1684 2049 com-

221 2059 380 2104 paravit:
403 2060 512 2105 pudor
534 2072 616 2094 vero
640 2073 724 2106 erga
745 2063 983 2108 imperatorem
997 2088 1007 2106 ‚
1030 2068 1066 2096 et
1088 2063 1123 2096 in
1146 2064 1278 2108 agendo
1300 2074 1374 2097 cum
1398 2073 1439 2095 eo
1463 2073 1546 2095 cura
1570 2062 1685 2095 vitan-

222 2105 292 2138 dae
312 2105 512 2140 offensionis
534 2107 707 2149 adbibita,
740 2110 851 2143 labem
873 2108 939 2155 ipsi
963 2109 1054 2155 apud
1080 2109 1202 2143 multos
1235 2108 1439 2143 adulationis
1462 2114 1497 2140 et
1518 2107 1685 2140 mendacii

223 2151 385 2196 aspersit.
433 2163 507 2186 cum
531 2153 618 2187 enim
640 2154 669 2188 is
692 2155 848 2189 sincerae
870 2157 914 2189 ab
936 2155 1027 2189 omni
1050 2156 1127 2190 suco
1161 2155 1268 2189 indoli
1291 2155 1503 2199 obsequens,
1541 2153 1685 2187 candida

225 2207 268 2229 ac
288 2207 410 2230 secura
431 2198 659 2243 suspicionum
688 2201 848 2235 libertate
870 2202 1038 2247 quoslibet
1071 2201 1261 2246 promiscue
1283 2200 1400 2235 obvios
1422 2198 1526 2233 affari
1548 2198 1686 2243 excipe-

223 2252 332 2286 reque
362 2249 578 2288 consuesset,
614 2257 756 2292 cumque
786 2248 857 2282 suis
890 2247 1081 2282 domesticis
1111 2247 1303 2281 liberiorem
1333 2244 1523 2279 istiusmodi
1553 2245 1686 2290 pariter

225 2299 303 2322 cum
325 2287 499 2333 quibusvis
521 2295 814 2327 conversationem
842 2294 1076 2339 permitteret,
1111 2304 1191 2327 usus
1212 2293 1271 2325 ille
1294 2295 1513 2336 utrorumque
1536 2290 1689 2325 securior

224 2333 316 2378 apud
339 2334 563 2379 suspiciosum
582 2337 704 2381 vulgus
726 2339 760 2372 in
783 2340 947 2373 abusuum
971 2339 1177 2373 occultorum
1202 2337 1390 2383 opinionem
1411 2336 1568 2371 incurrit.
1614 2341 1689 2370 tra-

225 2380 331 2413 ctatio
354 2386 467 2414 autem
490 2382 694 2427 obsequiosa
717 2389 754 2418 et
775 2385 968 2419 verecunda
991 2397 1065 2419 cum
1088 2383 1263 2429 principe,
1294 2395 1336 2417 ex
1359 2395 1427 2429 qua
1449 2383 1507 2417 ille
1528 2382 1687 2416 fiduciam

224 2426 383 2460 sumebat
411 2428 635 2471 suspendendi
667 2429 828 2464 effectum
858 2431 1140 2476 supplicationum
1170 2430 1403 2475 patriarchae,
1434 2429 1470 2463 id
1493 2440 1599 2473 agens
1620 2429 1689 2462 isto

227 2471 408 2506 ambitioso
439 2472 585 2507 artificio
614 2474 825 2510 differendae
856 2477 1014 2520 gratiae,
1054 2476 1149 2510 cuius
1181 2487 1275 2520 spem
1311 2487 1377 2510 non
1408 2477 1609 2518 auferebat,
1652 2479 1692 2507 ut

225 2529 303 2551 eum
334 2529 434 2562 quam
466 2518 651 2554 diutissime
682 2521 748 2555 sibi
779 2523 964 2568 supplicem
999 2526 1035 2556 et
1065 2522 1115 2556 sic
1136 2522 1315 2556 obnoxium
1338 2525 1491 2563 teneret,
1526 2521 1563 2554 in
1587 2531 1691 2556 eausa

226 2569 304 2597 erat
335 2568 374 2597 ut
405 2575 481 2598 cum
516 2576 606 2610 quae
635 2567 832 2611 patriarcha
865 2569 1124 2613 impetraturum
1145 2579 1184 2601 se
1206 2573 1407 2613 receperat,
1441 2568 1484 2601 ad
1515 2566 1601 2600 diem
1624 2577 1692 2599 non

226 2608 467 2654 provenirent,
490 2612 550 2656 qui
570 2613 702 2646 frustra
725 2619 966 2659 expectarant,
990 2614 1098 2648 verba
1121 2614 1186 2648 sibi
1209 2615 1253 2649 ab
1269 2626 1318 2647 ‚eo
1342 2614 1423 2647 data
1443 2616 1690 2659 qnererentur3

226 2654 260 2688 si
281 2666 364 2689 vero
385 2662 526 2694 nossent
548 2658 676 2692 aditum
700 2659 743 2693 ab
767 2671 807 2694 eo
832 2671 952 2694 revera
983 2660 1193 2706 principem,
1225 2659 1348 2703 frigide
1370 2660 1404 2693 id
1428 2671 1470 2693 ac
1498 2658 1614 2692 timide
1636 2657 1692 2691 ni-

228 2699 331 2734 mium
354 2702 399 2735 ab
423 2714 486 2746 eo,
520 2704 681 2738 videlicet
703 2710 921 2748 assentante,
944 2711 1056 2741 actum
1079 2706 1165 2748 rati,
1189 2705 1428 2740 auctoritatem
1452 2708 1488 2738 et
1510 2705 1615 2737 robur
1638 2703 1691 2736 di-

228 2745 353 2790 gnitati
385 2748 601 2792 patriarchae
635 2755 897 2786 consentaneum
927 2751 962 2786 in
993 2764 1034 2786 eo
1065 2752 1322 2795 desiderarent,
1358 2763 1400 2786 ac
1422 2755 1607 2795 propterea
1629 2749 1690 2783 tali

227 2793 304 2826 loco
332 2793 442 2828 minus
472 2795 626 2830 idoneum
658 2797 834 2831 ducerent.
881 2798 966 2832 haec
995 2797 1136 2832 sinistra
1159 2798 1202 2832 de
1225 2799 1397 2833 Germano
1420 2796 1546 2830 iudicia
1567 2795 1690 2829 multo-

228 2848 302 2872 rum
324 2840 428 2874 semel
447 2841 569 2876 animis
589 2842 695 2877 infixa
717 2843 882 2879 subiectis
903 2843 1050 2879 invidiae
1078 2844 1211 2879 facibus
1233 2843 1502 2878 exardescebant
1522 2841 1555 2876 in
1579 2840 1690 2875 offen-
