1846 3262
210 194 306 241 106
627 194 864 238 GEORGII
898 195 1249 240 PACHYMERIS

203 307 400 362 ταλαβών
421 307 470 350 τὸ
498 303 931 365 Νύμφαιον-Περσῶν
958 310 1033 364 μὲν
1063 309 1220 365 ἐδέχετο
1249 309 1436 367 πρέσβεις
1455 313 1521 354 καὶ
1542 313 1673 368 δῶρα,

205 379 272 420 καὶ
291 381 360 435 ,τῷ
391 375 568 418 σουλτὰν
600 377 913 436 καταιγιζομένῳ
949 380 993 421 ἐκ
1026 379 1269 435 παλιρροίας
1298 379 1550 437 πραγμάτων
1578 379 1675 423 2571ae-

203 453 360 502 σχνεΐτο
387 441 742 502 προσχωρήσαντά
771 446 811 489 οἶ
841 445 1004 497 ὑπτίαις
1031 447 1224 502 δέχεσθαι
1255 454 1347 498 ταῖς
1372 451 1487 506 χερσὶ
1521 450 1588 491 καὶ
1620 451 1675 499 εἷς

203 514 346 570 καιρὸν
377 514 546 567 πέμπειν
577 509 703 565 αὖθις
738 514 831 569 μετ’
864 514 1092 573 ἀσφαλείας
1123 521 1208 560 τῶν
1234 515 1487 573 πραγμάτων
1514 516 1674 573 ἡσυχα-

201 583 402 626 σθέντων.
474 580 495 625 ὅ
525 582 604 640 γὰρ
641 584 786 639 Μελὴκ
815 583 1165 641 προσκεχωρήκει,
1201 587 1267 628 καὶ
1291 585 1383 636 δέος
1399 581 1450 641 ἦν
1469 590 1528 643 τῷ
1548 591 1706 630 σουλ-5

151 661 181 695 Β
205 652 281 695 τὰν
309 649 457 706 μήπως
486 652 634 702 ἐκεῖνος
663 650 842 710 ἐπανήξῃ
870 654 975 707 μεθ’
998 655 1160 709 ἱκανῆς,
1191 656 1258 696 καὶ
1279 652 1381 709 ὅσην
1401 654 1475 698 οὐκ
1495 650 1546 710 ἦν
1568 653 1675 698 ὓπο-

202 725 371 775 στῆναι,
405 718 630 775 δυνάμεως.
683 719 825 778 ἐγγύας
845 722 887 764 δ’
915 724 1052 766 ε’ὁίδου
1075 728 1149 766 τοῦ
1172 723 1229 779 μὴ
1251 727 1477 780 φοβεῖσθαι
1497 723 1571 779 τὴν
1591 722 1674 767 πά-

201 794 269 833 λαι
297 787 534 845 συνήθειαν.
605 789 898 848 ἐπρεσβεύοντο
926 793 971 834 δὲ
998 792 1102 849 πρὸς
1128 793 1276 835 ἐκεῖνον
1304 794 1371 835 καὶ
1405 793 1445 835 οἶ
1472 792 1577 835 κατὰ
1596 793 1673 848 τὴν

197 856 472 916 μεγαλόπολιν
500 858 673 912 Ἰταλοί,
709 862 776 903 καὶ
807 860 1021 916 ἀνακωχὴν
1045 862 1182 904 ἐδίδου
1206 866 1256 918 τῇ
1276 861 1380 919 πρὸς
1399 862 1571 911 ε’κείνους
1588 859 1672 916 μά-

200 946 252 986 χῃ
261 961 275 981 ,
303 925 358 978 ὥς
377 929 443 970 καὶ
461 928 554 981 μετ’
577 928 712 985 ὀλίγον
733 927 1023 986 κραταιότερον
1041 928 1305 985 σπεισάμενος
1325 931 1488 987 σφίσιν,
1518 933 1553 973 εἷ
1568 948 1671 986 προ-
1686 938 1730 973 10

198 995 413 1046 τενοῦντός
441 1014 532 1040 τινα
564 999 816 1054 ἒκπληροΐεν.
884 999 991 1054 πλὴν
1022 1001 1090 1042 καὶ
1118 1000 1215 1049 τοὺς
1243 1000 1433 1056 πρέσβεις
1446 997 1674 1053 Ῥωμαίους

200 1068 267 1109 καὶ
301 1067 344 1108 ἐκ
368 1064 579 1120 Ῥωμαίων
608 1067 731 1117 ὄντας
754 1066 809 1117 ὥς
831 1065 907 1123 εἶχε
933 1070 1242 1124 μετεχειρίζετο,
1272 1071 1339 1111 καὶ
1359 1070 1488 1123 μηδὲν
1509 1070 1610 1122 ἔχων
1631 1069 1673 1110 ἔν

152 1144 182 1178 C
207 1140 257 1192 τῇ
288 1133 403 1178 πόλει
435 1134 665 1190 ζητούντων
691 1138 827 1179 ἐδίδου
861 1139 896 1179 εἲ
924 1137 1023 1190 ἕξει,
1055 1140 1123 1179 καὶ
1147 1139 1507 1195 χρυσοβουλλειόις
1539 1136 1673 1193 λόγοις

200 1205 523 1261 κατησφαλίζετο
553 1205 606 1247 τὰ
635 1203 841 1260 διδόμενα.
914 1206 1138 1249 κάντεῦθεν
1168 1206 1440 1263 προσεφέρετο
1462 1205 1518 1257 ὥς
1537 1208 1668 1258 ἰδίοις,

202 1276 269 1316 καὶ
290 1280 433 1329 πεῖραν
456 1274 594 1324 διδοὺς
614 1277 680 1317 καὶ
700 1272 924 1329 λαμβάνων
945 1273 1102 1331 ἀνήρτα
1120 1275 1173 1318 τὰ
1192 1281 1274 1318 τῶν
1295 1277 1508 1329 σπονδῶν,
1537 1292 1669 1331 προστ
1682 1284 1725 1318 15

201 1345 336 1385 δοκῶν
358 1360 396 1384 τι
417 1345 551 1396 μεῖζον
572 1344 613 1394 ἓξ
633 1338 688 1386 ὧν
708 1342 916 1398 ἐμάνθανε
936 1350 1022 1393 τοῖς
1045 1344 1260 1400 πρέσβεσιν
1281 1343 1446 1399 ὁμιλῶν.
1519 1351 1605 1393 τοῖς
1626 1345 1671 1401 δὲ

201 1413 379 1460 δυτικοΐς
401 1410 695 1468 προσετετήκει.
766 1411 866 1456 ὅθεν
889 1414 955 1454 καὶ
988 1412 1059 1455 τὸν
1089 1415 1235 1455 οἷκεΐον
1263 1412 1442 1469 ἀδελφὸν
1458 1411 1667 1467 Ἰωάννην,

147 1493 180 1529 D
203 1481 330 1536 με’γαν
362 1479 420 1522 ἴτι
453 1481 691 1534 δομέστικον
718 1480 841 1534 ὄντα,
875 1478 1041 1536 συνάμα
1062 1483 1269 1531 πλείσταις
1290 1479 1486 1534 δυνάμεσι
1510 1481 1668 1536 πέμπει,

147 1563 179 1598 Ε
205 1549 323 1609 (11)
366 1548 411 1600 ὃς
449 1557 535 1600 τοῖς
566 1552 743 1601 δυτικοΐς
774 1550 941 1600 ἐπιστὰς
971 1550 1152 1607 φοβερὸν
1186 1551 1298 1602 ἔδοξε
1330 1551 1461 1592 πνέειν
1491 1551 1668 1602 ἐκείνοις,

198 1618 286 1673 ἅμα
314 1619 388 1672 μὲν
417 1622 475 1677 τῷ
507 1623 654 1678 θερμῷ
687 1624 761 1675 τῆς
793 1617 983 1675 νεότητος
1011 1618 1099 1674 ἅμα
1130 1621 1175 1663 δὲ
1205 1621 1271 1663 καὶ
1305 1624 1364 1678 τῷ
1396 1620 1486 1676 περὶ
1519 1620 1726 1664 ἔκεΐνονὲθ

197 1685 475 1746 στρατεύματι
503 1686 793 1745 κουφιζόμενος
801 1722 814 1743 ,
850 1690 916 1731 καὶ
949 1688 1112 1749 ἅπτέρῳ
1141 1687 1253 1745 τάχει
1281 1689 1391 1746 αἱρεῖ
1408 1689 1482 1741 μὲν
1509 1688 1556 1730 τὸ
1578 1689 1669 1744 περὶ

290 1775 345 1811 21.
369 1770 533 1821 εὖπτέρῳ
556 1774 596 1809 P.

197 1843 435 1889 Nymphaeum
462 1844 640 1890 pervenit,
673 1844 853 1880 Persarum
876 1846 1011 1890 legatos
1035 1845 1167 1880 audivit
1190 1848 1224 1879 et
1247 1845 1382 1890 accepit
1404 1843 1503 1884 dona.
1551 1843 1668 1878 Sulta-

198 1902 312 1936 noque
341 1892 444 1925 rebus
476 1895 570 1925 retro
601 1891 708 1936 lapsis
739 1892 948 1936 periclitanti
973 1892 1125 1937 promisit
1150 1904 1187 1926 se
1209 1892 1321 1932 illum,
1354 1891 1382 1925 si
1405 1891 1450 1924 ad
1473 1901 1549 1924 sese
1573 1890 1670 1923 veni-

199 1941 276 1979 ret,
299 1937 405 1971 obviis
427 1937 515 1971 ulnis
539 1942 778 1982 excepturum,
802 1944 837 1973 et
859 1940 917 1973 ubi
941 1938 1151 1972 detenuisset
1174 1938 1246 1972 eius
1264 1937 1450 1971 domestica
1466 1940 1669 1981 tempestas,

199 1994 356 2017 securum
388 1984 430 2018 ad
463 1995 525 2018 sua
555 1984 782 2019 remissurum.
830 1997 934 2020 causa
965 1985 1107 2019 timendi
1131 1984 1275 2018 Sultano
1298 1985 1414 2017 fuerat
1435 1983 1526 2027 quod
1550 1982 1668 2016 audie-

200 2029 262 2062 bat
294 2029 462 2064 Melecum
495 2030 694 2072 adventare,
730 2032 981 2076 verebaturque
1011 2043 1055 2065 ne
1086 2034 1201 2064 tantas
1233 2041 1346 2064 secum
1369 2029 1521 2063 actales
1551 2029 1668 2072 copias

200 2074 362 2117 duceret,
397 2077 517 2122 quibus
543 2076 619 2121 ipse
650 2076 853 2112 sustinendis
884 2079 975 2112 haud
1007 2089 1071 2122 par
1102 2081 1204 2111 esset.
1250 2076 1371 2121 pignus
1395 2086 1497 2119 porro
1519 2074 1668 2109 fiduciae

200 2133 284 2165 erga
306 2122 542 2167 Palaeologum
569 2122 713 2156 Sultano
737 2127 811 2158 erat
832 2124 979 2158 amicitia
1000 2123 1091 2158 inter
1114 2134 1172 2157 eos
1195 2123 1320 2157 mutuis
1344 2121 1466 2155 officiis
1490 2125 1668 2155 contracta

201 2167 380 2213 cultaque,
405 2180 471 2213 quo
494 2174 646 2213 tempore
668 2169 704 2202 in
727 2169 866 2205 Perside
889 2170 985 2204 simul
1007 2171 1153 2204 fuerant.
1199 2168 1295 2203 venit
1318 2168 1434 2202 eodem
1458 2167 1500 2201 ad
1524 2168 1668 2201 eundem

198 2213 326 2258 legatio
350 2225 471 2258 magna
493 2215 528 2249 in
551 2216 636 2249 urbe
659 2214 854 2259 degentium
876 2217 1048 2258 Italorum,
1072 2216 1196 2262 quibus
1217 2214 1372 2248 inducias
1394 2213 1566 2248 concessit
1587 2211 1669 2247 belli

200 2260 292 2304 quod
315 2260 348 2293 in
373 2272 431 2294 eos
454 2262 652 2306 gerebatur,
676 2262 838 2306 pollicens
860 2263 989 2297 firmius
1012 2274 1050 2297 se
1074 2274 1152 2296 mox
1175 2266 1211 2296 et
1233 2261 1365 2306 plenius
1389 2271 1464 2294 cum
1486 2259 1572 2305 ipsis
1593 2260 1669 2293 foe-

200 2306 264 2339 dus
295 2306 474 2350 initurum,
510 2308 538 2342 si
570 2308 733 2353 quaedam
756 2309 791 2342 in
815 2314 1048 2351 antecessum,
1087 2319 1175 2354 quae
1207 2307 1458 2352 propositurum
1480 2317 1518 2339 se
1541 2305 1670 2347 aiebat,

201 2357 465 2397 exequerentur.
514 2357 683 2388 caeterum
714 2354 807 2399 ipsos
835 2357 987 2400 legatos,
1022 2359 1143 2400 utpote
1173 2354 1344 2388 Romanos
1375 2357 1410 2386 et
1443 2364 1486 2387 ex
1507 2350 1669 2385 Romanis

200 2403 314 2442 ortos,
348 2411 448 2444 quam
475 2400 589 2445 potuit
622 2400 856 2436 liberalissime
886 2401 1059 2436 tractavit.
1107 2404 1142 2434 et
1169 2412 1244 2434 cum
1277 2400 1388 2434 adhuc
1409 2399 1444 2432 in
1466 2399 1552 2432 urbe
1585 2396 1668 2431 nihil

200 2444 363 2487 haberet,
387 2450 499 2479 tamen
523 2457 611 2490 quae
634 2446 670 2479 in
694 2459 735 2482 ea
757 2448 821 2482 sibi
844 2449 888 2482 ab
909 2448 983 2493 ipso
1007 2447 1177 2493 petierunt
1198 2446 1265 2480 iam
1288 2451 1361 2480 tum
1383 2443 1570 2484 concessit,
1593 2448 1667 2476 tra-

198 2490 349 2524 diturum
372 2502 409 2525 se
432 2492 646 2537 promittens,
669 2492 700 2526 si
723 2505 870 2539 unquam
892 2495 1009 2528 urbem
1034 2498 1276 2538 recuperaret;
1301 2492 1407 2536 idque.
1429 2489 1668 2535 diplomatibus

199 2548 306 2571 aurea
333 2538 425 2572 bulla
455 2538 590 2573 munitis
622 2539 746 2573 sanxit.
791 2540 1020 2585 deincepsque
1043 2539 1093 2573 sic
1115 2550 1190 2573 cum
1212 2539 1255 2572 iis
1278 2540 1371 2572 velut
1391 2548 1465 2571 cum
1489 2536 1558 2569 suis
1582 2534 1666 2579 egit,

201 2587 238 2617 et
264 2583 496 2628 experimenta
519 2589 655 2619 mutuae
678 2585 823 2621 fiduciae
847 2587 933 2620 dans
955 2586 1106 2620 vicissim
1129 2591 1166 2619 et
1188 2585 1360 2630 accipiens
1383 2582 1561 2627 suspendit
1584 2588 1668 2615 cou-

199 2629 380 2664 elusionem
412 2631 580 2673 foederis,
618 2635 802 2676 expectans
834 2632 965 2678 aliquid
997 2632 1106 2667 maius
1130 2643 1172 2665 ex
1195 2631 1247 2665 his
1270 2642 1359 2675 quae
1381 2630 1569 2673 legatorum
1592 2637 1670 2662 ser-v

198 2687 297 2710 mone
320 2675 493 2711 didicerat.
540 2677 769 2712 Occiduarum
794 2690 895 2724 porro
917 2690 1032 2712 rerum
1051 2678 1231 2712 solicitudo
1253 2677 1342 2710 illum
1366 2675 1501 2721 penitus
1523 2673 1668 2714 urebat3

200 2733 308 2766 quare
334 2722 415 2756 illuc
445 2724 618 2768 proprium
650 2725 789 2758 fratrem
820 2726 999 2767 Ioannem,
1030 2736 1186 2769 magnum
1208 2728 1280 2758 tum
1303 2723 1412 2756 adhuc
1435 2719 1667 2759 domesticum,

200 2780 275 2802 cum
311 2769 482 2816 plerisque
505 2770 676 2815 copiarum
700 2770 858 2805 destinat.
906 2773 1008 2816 (11)
1039 2771 1071 2806 is
1094 2771 1137 2806 ad
1163 2769 1351 2804 occiduum
1372 2767 1506 2802 delatus
1529 2766 1669 2800 limitem

203 2815 335 2859 magnis
366 2815 416 2850 ibi
449 2815 625 2860 spiritibus
656 2828 726 2852 rem
759 2828 882 2861 gerens
905 2823 1070 2852 terrorem
1095 2817 1148 2852 sui
1171 2828 1233 2862 per
1255 2816 1332 2850 illos
1356 2815 1425 2849 late
1447 2812 1590 2858 populos
1614 2811 1667 2844 in-

203 2865 337 2904 gentem
360 2864 499 2908 sparsit.
547 2863 708 2900 fiduciam
732 2864 879 2899 audendi
901 2864 1014 2900 iuveni
1048 2865 1154 2899 dabat
1177 2868 1212 2899 et
1235 2864 1350 2898 fervor
1371 2861 1519 2903 aetatis,
1550 2863 1588 2894 et
1610 2869 1672 2908 ‹2⁴³-⁵
