1884 3262
249 218 347 265 516
666 212 900 259 GEORGlI
931 214 1281 260 PACHYMERIS

249 329 411 382 σιλὲως,
446 331 602 383 μᾶλλον
623 326 667 369 δὲ
690 328 756 377 καὶ
774 326 927 370 ἀκονιτὶ
949 326 1002 368 τὰ
1021 326 1249 379 θαυμαστὰ
1267 327 1371 370 κατὰ
1392 331 1475 371 τῶν
1496 323 1705 379 ἀλαζόνων

252 396 520 453 κατώρθουν,
557 395 654 445 τούς
677 397 750 449 μὲν
782 393 980 444 πεσόντας
1010 392 1247 448 ἐσκύλευον,
1279 399 1455 438 πλοῦτον
1488 395 1705 451 συλλέγοντ-

250 484 316 516 τες
335 464 469 508 ὅπλων
486 482 528 507 τε
548 465 614 506 καὶ
633 461 869 517 ἐνδυμάτων
888 465 954 506 καὶ
970 464 1108 506 ἰ’ππων
1131 465 1198 506 καὶ
1217 468 1370 506 σκευῶν
1388 465 1590 507 παντοίων
1609 465 1704 519 ἐξη-

251 533 460 589 σκημένων
472 566 484 585 ,
521 531 618 581 τοὶς
639 531 686 574 δέ
703 549 746 587 γε
770 534 923 584 ζῶντας
944 529 1095 581 αὐτούς
1117 549 1160 574 τε
1188 534 1254 574 καὶ
1274 533 1428 581 ἵππους
1455 530 1591 574 αὐτῶν
1615 532 1704 574 ἔπι-

203 613 231 646 Β
256 603 624 658 συναθροίσαντες,
656 603 721 643 καὶ
740 601 836 651 τούς
852 601 925 654 μὲν
945 599 1085 650 πέδαις
1102 597 1300 656 ἀφύκτοις
1317 597 1592 654 δωμήσαντες
1607 599 1704 649 τοὺς
1716 610 1739 644 5

254 671 296 714 δ’
323 671 480 720 ἀνέντες
501 671 555 718 εἲς
573 667 766 725 ὑποζύγια
777 702 789 721 ,
825 671 962 725 σφίσιν
981 669 1053 723 τὴν
1073 668 1269 725 στρατιὰν
1290 665 1567 721 ἀναλαβόντες
1591 667 1706 725 (οὐδὲ

253 739 330 796 γὰρ
353 737 457 793 εἶχον
488 738 676 779 ἐντεῦθεν
705 738 875 780 δεδιέναι
898 741 1154 796 πανστρατιᾷ
1177 734 1433 791 ἑαλωκότων)
1463 736 1504 786 ἓς
1531 735 1704 790 βασιλέα

252 805 354 863 μετά
383 824 424 863 γε
453 805 658 861 τροπαίων
685 809 883 862 λαμπρῶν
912 804 1200 861 ἀνεζεύγνυσαν
1209 838 1222 857 ,
1257 805 1338 847 θέα
1364 804 1494 854 ὄντως
1523 808 1705 861 φιλορω-

252 876 388 931 μαίοις
427 871 766 928 πανθαύμαστος.
837 871 859 916 ὃ
897 878 995 929 γοῦν
1030 873 1223 926 βασιλεὺς
1262 870 1479 928 δεξάμενος
1502 872 1578 926 μὲν
1606 871 1705 923 τούς

253 945 405 996 ῗδίους,
439 941 592 998 μαθών
623 942 664 984 δ’
696 942 736 992 ἔς
766 940 956 998 τάκριβὲς
982 941 1033 984 τὰ
1061 941 1325 998 πραχθέντα,
1363 941 1420 984 ἔτι
1443 941 1489 984 δὲ
1515 941 1583 982 καὶ
1605 939 1704 982 ῗδών
1716 948 1760 981 10

201 1019 232 1054 C
257 1012 424 1055 ἕκαστον
449 1011 587 1060 αὖτοΐς
602 1011 742 1059 *ἵπποις
759 1026 801 1052 τε
820 1011 887 1052 καὶ
909 1017 1091 1063 σκευαῖς,
1128 1016 1214 1059 τοῖς
1233 1011 1308 1064 μὲν
1330 1005 1618 1064 κατεσκληκόσι
1637 1009 1707 1051 καὶ

252 1078 393 1136 μόνοις
413 1078 566 1128 ὀστέοις
584 1079 649 1121 καὶ
672 1078 842 1134 δέρμασι
861 1078 934 1132 τὴν
954 1076 1080 1120 πάλαι
1097 1076 1347 1120 δεικνύουσιν
1363 1077 1592 1133 εὖκληρίαν,
1614 1083 1707 1126 ταΐς

253 1149 299 1191 δὲ
325 1147 600 1203 διερρωγυίαις
625 1142 699 1189 οὐκ
721 1145 864 1196 αὐταῖς
886 1146 984 1196 ἴσως
1009 1144 1074 1196 αἷς
1097 1148 1163 1188 καὶ
1190 1144 1331 1202 πρώην
1357 1147 1560 1200 ἐχρῶντο,
1598 1143 1704 1187 ἀλλὰ

252 1223 342 1267 ταῖς
361 1213 578 1270 τυχούσαις
598 1217 663 1256 καὶ
684 1212 748 1263 αἷς
770 1213 820 1257 ἂν
841 1215 1014 1263 ἐκείνους
1033 1212 1293 1269 ἐπολυώρουν
1314 1214 1353 1256 οἱ
1372 1215 1599 1266 ἐλεοῦντες,
1635 1212 1708 1255 καί

252 1301 295 1342 γε
326 1283 540 1338 στοιχηδὸν
563 1281 851 1338 διεληλακότας
872 1280 1152 1337 κατανοήσας,
1187 1281 1361 1335 σώματα
1380 1282 1532 1337 στυγνὰ
1550 1281 1624 1334 μὲν
1644 1284 1702 1340 τῷ
1713 1287 1757 1324 15

252 1350 345 1395 τότε
371 1353 437 1394 καὶ
459 1348 524 1394 οἷα
545 1352 649 1405 μηδὲ
667 1348 828 1403 σώματ’
852 1349 903 1393 ι’ίν
922 1367 984 1399 τις
1002 1349 1108 1394 εἶπεν
1128 1350 1233 1392 ἀλλὰ
1255 1350 1371 1400 σκιὰς
1395 1354 1477 1392 τῶν
1495 1346 1624 1392 πάλαι
1640 1365 1705 1405 γι-

252 1417 410 1476 γάντων
422 1452 435 1472 ,
471 1418 609 1473 ψυχὰς
631 1419 675 1461 δὲ
696 1422 754 1477 τῷ
777 1419 851 1473 μέν
870 1418 974 1461 κατὰ
992 1423 1102 1476 σφᾶς
1120 1416 1246 1462 πάθει
1266 1420 1333 1461 καὶ
1357 1419 1448 1462 λίαν
1468 1415 1705 1472 καμπτομέ-

199 1498 231 1533 D
254 1505 349 1540 νας,
385 1492 436 1544 τῇ
467 1487 511 1530 δὲ
538 1491 620 1530 τῶν
638 1484 866 1544 προσώπων
886 1484 998 1530 τάσει
1020 1488 1087 1529 καὶ
1108 1491 1167 1547 τῷ
1187 1491 1262 1531 τοῦ
1284 1484 1546 1545 φρονήματος
1561 1485 1706 1541 ἒμβρι-

249 1561 321 1600 θεῖ
336 1555 410 1611 τὴν
430 1552 555 1598 πάλαι
575 1553 779 1612 δηλούσας
794 1555 1044 1614 ἐλευθερίαν,
1062 1552 1307 1614 ἔπεκάμφθη
1325 1557 1399 1612 μὲν
1418 1561 1504 1606 τοῖς
1521 1553 1607 1598 κατ’
1628 1553 1703 1597 ἄν-

249 1778 414 1815 Caesarei
442 1777 615 1812 victoriam
645 1780 883 1823 reportarunt,
919 1780 981 1813 aut
1009 1778 1124 1824 potius
1153 1777 1253 1813 facile
1283 1788 1325 1812 ac
1354 1776 1429 1813 sine
1459 1777 1599 1824 pulvere
1629 1779 1701 1811 tam

247 1825 336 1861 mira
357 1824 394 1858 in
416 1822 708 1868 arrogantissimos
729 1824 914 1858 iactator-es
936 1829 1136 1869 gesserunt,
1169 1827 1317 1859 mortuos
1340 1824 1474 1869 quidem
1498 1823 1700 1868 spoliarunt,

246 1870 338 1905 unde
361 1869 496 1904 divitias
518 1873 759 1913 congesserunt
781 1869 940 1915 plurimas
960 1881 1003 1903 ex
1024 1869 1148 1911 armis,
1174 1869 1347 1910 vestibus,
1370 1869 1488 1914 equis,
1511 1868 1604 1902 vasis
1627 1869 1701 1902 eln-

247 1914 378 1951 boratis
399 1914 505 1949 omnis
527 1913 683 1959 generis3
719 1914 919 1960 superstites
941 1918 1052 1949 autem
1076 1918 1109 1948 et
1131 1926 1236 1959 equos
1258 1914 1407 1959 ipsorum
1429 1916 1702 1958 congreganteag

246 1961 322 1998 illos
355 1959 569 2005 compedibus
600 1959 731 1994 vinctos
763 1959 910 2003 validis,
946 1960 1006 1995 hos
1036 1959 1165 1994 solutos
1195 1963 1230 1994 et
1261 1960 1400 1994 abactos
1429 1961 1518 1993 inter
1538 1959 1700 2002 iumenta,

248 2005 365 2051 copias
386 2016 499 2040 secum
520 2004 695 2040 universas
713 2017 797 2051 quas
817 2006 984 2039 duxerant
1003 2009 1254 2050 resumpserunt
1276 2006 1409 2051 (neque
1430 2005 1516 2039 enim
1538 2008 1615 2038 erat
1636 2015 1699 2039 cur

247 2052 298 2086 ibi
321 2051 363 2085 ad
387 2050 589 2095 praesidium
611 2050 724 2085 limitis
754 2062 833 2096 pars
864 2062 978 2085 earum
1000 2053 1069 2086 ulla
1091 2051 1363 2096 relinqueretur,
1395 2050 1512 2095 utique
1543 2050 1700 2084 hostibus

247 2097 349 2142 plane
371 2096 517 2139 deletis)
541 2099 577 2129 et
598 2095 710 2130 redire
733 2096 774 2130 ad
799 2096 1032 2142 imperatorem
1054 2096 1294 2138 instituerunt,
1317 2095 1503 2141 splendidis
1519 2095 1589 2129 illic
1603 2095 1699 2141 prius

246 2141 397 2187 tropaeis
429 2140 563 2187 positis.
607 2141 830 2187 spectaculum
860 2143 910 2176 sic
941 2147 1058 2177 euntes
1088 2142 1212 2187 passim
1245 2143 1455 2187 praebebant
1483 2141 1623 2175 mirifice
1642 2141 1700 2175 iu·-

248 2188 394 2221 cnndum
427 2188 514 2221 bene
544 2186 679 2222 affectis
710 2199 794 2233 erga
820 2199 877 2222 res
910 2188 1087 2224 Romanas.
1132 2188 1316 2233 imperator
1347 2187 1407 2221 ubi
1439 2199 1508 2233 qua
1537 2197 1602 2231 par
1622 2189 1700 2222 erat

248 2231 383 2277 gratiae
403 2232 651 2276 significatione
673 2244 751 2268 suos
773 2233 928 2278 excepit,
959 2233 1015 2267 ubi
1038 2245 1107 2267 rem
1131 2238 1169 2267 ut
1189 2238 1288 2278 gesta
1310 2237 1386 2267 erat
1407 2245 1427 2267 e
1449 2231 1640 2277 singillatim
1661 2235 1700 2266 et

249 2281 369 2312 exacte
392 2278 607 2312 narrantibus
628 2278 777 2320 audivit,
796 2277 856 2313 ubi
876 2279 976 2314 etiam
999 2278 1108 2313 otiose
1129 2278 1278 2324 inspexit
1300 2290 1568 2325 unumquemque
1589 2277 1701 2324 capti-

249 2333 368 2357 vorum
402 2335 476 2357 cum
510 2323 605 2368 equis
638 2327 674 2358 et
709 2323 855 2365 vestitu,
889 2324 984 2370 equis
1005 2324 1160 2367 strigosis
1183 2329 1220 2359 et
1241 2324 1415 2366 exsuccis,
1447 2322 1618 2358 tamenin
1640 2322 1700 2358 illa

250 2367 359 2402 macie
390 2368 473 2402 nihil
504 2373 641 2414 praeter
671 2369 793 2415 pellem
823 2369 1001 2404 obductam
1034 2369 1165 2404 ossibus
1195 2369 1399 2404 trahentium
1427 2369 1523 2414 signa
1545 2379 1610 2403 non
1636 2369 1701 2404 ob·

251 2424 353 2448 scura
381 2414 642 2449 monstrantibus
668 2414 801 2460 pristini
829 2414 974 2460 vigoris,
1006 2415 1133 2449 vestitu
1162 2415 1312 2450 obsoleto
1335 2418 1371 2450 et
1391 2415 1526 2459 lacero,
1559 2425 1627 2449 non
1657 2424 1699 2449 eo

249 2458 411 2492 videlicet
431 2470 497 2504 quo
519 2459 614 2504 prius
637 2460 734 2494 domo
757 2462 860 2495 allato
881 2461 935 2495 usi
957 2462 1111 2503 fuerant,
1146 2460 1206 2495 sed
1237 2472 1280 2495 ex
1307 2462 1398 2496 forte
1428 2460 1537 2495 obviis
1559 2463 1701 2494 centun-

251 2503 336 2538 culis
367 2503 411 2538 ad
445 2505 668 2540 necessarium
699 2509 833 2551 tegmen
863 2506 1080 2552 spoliatorum
1114 2518 1288 2553 corporum
1309 2506 1463 2552 precario
1485 2505 1616 2540 adscito
1638 2507 1700 2539 aut

252 2549 476 2603 spectantium
499 2549 725 2586 misericordia
746 2563 915 2586 concesso.
963 2552 1042 2594 hos,
1073 2551 1228 2597 inquam,
1258 2552 1293 2586 in
1317 2553 1448 2596 longam
1470 2551 1620 2595 digestos
1640 2559 1700 2584 se-

252 2605 337 2629 nem
362 2595 495 2629 intuens
516 2595 688 2639 Augustus
709 2599 842 2631 attente
863 2597 1029 2643 singulos,
1055 2602 1203 2642 'corpora
1225 2598 1429 2632 observabat
1446 2595 1614 2642 squallida
1636 2595 1697 2630 illa

251 2642 334 2674 tunc
356 2640 490 2686 quidem
508 2640 694 2685 luridaque,
719 2643 779 2676 sed
803 2654 890 2687 quae
912 2655 978 2678 non
999 2646 1066 2677 tam
1091 2654 1232 2688 corpora
1253 2643 1329 2688 quis
1352 2642 1482 2677 diceret
1500 2651 1600 2687 quam
1622 2650 1697 2676 um-

253 2685 335 2719 bras
356 2688 507 2720 veterum
529 2685 719 2730 gigantum3
750 2699 889 2732 quorum
911 2688 1042 2724 animae
1062 2691 1195 2730 tamen,
1227 2700 1309 2723 casu
1331 2688 1414 2722 licet
1433 2698 1474 2721 ac
1496 2686 1593 2721 malis
1623 2687 1697 2720 fra-

252 2736 354 2772 ctae,
385 2731 530 2777 quadam
552 2743 594 2766 ex
619 2731 807 2767 orrectione
829 2732 989 2769 facierum
1011 2737 1048 2768 et
1069 2734 1236 2768 eminente
1255 2734 1292 2768 in
1313 2734 1425 2768 fronte
1446 2743 1488 2766 ac
1507 2731 1698 2778 super-ciffis

250 2772 395 2812 audacia
416 2781 564 2812 veterem
607 2776 784 2812 ‘bertatem
807 2789 890 2824 prae
911 2789 950 2814 se
971 2779 1082 2816 adhuc
1100 2780 1253 2823 ferrent,
1284 2782 1397 2815 motus
1416 2777 1534 2814 intima
1555 2780 1610 2814 est
1630 2776 1696 2813 mi-
