1884 3262
253 210 351 256 456
671 209 906 253 GEORGII
935 210 1284 256 PACHYMERIS

252 322 366 376 ἠξίου
388 318 626 362 ἀποθέσθαι
644 320 718 374 μὲν
736 320 788 363 τὰ
805 325 878 377 τῆς
894 323 1171 379 μικροψυχίας
1199 321 1254 373 ὥς
1278 323 1394 376 ὄντος
1425 331 1567 382 καιροῦ
1594 331 1703 379 μᾶλ-

254 394 325 431 λον
345 387 371 442 ἢ
390 384 647 442 βουλήσεως,
685 388 877 432 ἀπελθεῖν
904 390 948 433 δὲ
979 391 1081 447 πρὸς
1109 391 1184 444 τὴν
1202 392 1333 447 μονὴν
1352 398 1433 436 τῶν
1449 394 1701 451 Μαγγάνων,

255 455 370 498 κάκεῖ
391 460 477 504 τοῖς
506 455 720 511 πρέσβεσιν
750 458 925 512 ἐντυχεῖν
953 457 1265 514 παραγεγονόσι,
1302 462 1428 515 μηδὲν
1449 467 1531 505 τῶν
1557 464 1704 520 προτέ-

255 541 337 579 ρων
359 520 612 578 σημήναντα.
659 524 787 575 οὕτως
809 525 913 579 ἔλεγε
924 559 937 578 ,
973 529 1039 568 καὶ
1060 525 1136 580 ἅμ’
1161 528 1321 577 ἐκείνοις
1339 528 1413 583 τὴν
1433 527 1548 573 πόλιν
1567 530 1704 588 εῗσήρ-

251 608 360 645 χετο.
429 592 522 646 πρὶν
545 590 588 634 δ’
614 592 788 647 ἐντυχεῖν
811 594 981 644 ἐκείνους
1011 592 1169 652 συνόδῳ
1189 597 1254 637 καὶ
1280 594 1532 654 πατριάρχῃ,
1570 597 1591 642 ὁ
1622 604 1736 653 βα-5

204 665 231 698 Β
257 659 390 708 σιλεὺς
406 658 526 714 γνοὺς
544 659 590 702 τὸ
610 665 683 714 τῆς
706 663 920 716 πρεσβείας
949 660 1168 718 κεφάλαιον
1201 687 1260 695 -
1293 663 1338 706 τὸ
1369 664 1411 706 δ’
1436 661 1481 719 ἦν
1501 666 1556 720 μὴ
1577 665 1706 723 λόγοις

256 725 355 769 εἶναι
375 727 448 781 τὴν
467 731 549 770 τῶν
570 727 789 783 ἐκκλησιῶν
815 727 975 785 εἲρήνην
994 733 1060 772 καὶ
1078 729 1242 785 μόνοις,
1280 731 1374 774 ἀλλ’
1398 731 1499 791 ἔργῳ
1528 733 1706 778 δεικνύνι-

255 812 337 838 των
357 799 415 853 τῷ
436 796 501 836 καὶ
524 800 634 851 σφᾶς
660 796 756 839 κατ’
783 797 955 846 ἐκείνους
975 799 1050 853 τὴν
1074 800 1206 841 πίστιν
1233 797 1464 855 ὁμολογεῖν,
1503 803 1569 843 καὶ
1597 801 1706 845 οὕτω

256 867 528 919 πληροφορεῖν
550 863 623 919 τὴν
645 864 798 908 ἕνωσιν.
846 864 1160 922 παρωτρύνοντο
1177 867 1253 923 γὰρ
1273 866 1347 910 κᾶν
1367 873 1489 911 τοῦτο
1509 871 1573 911 καὶ
1596 870 1707 925 παρὰ

255 935 337 974 τῶν
366 929 593 986 ἦμετέρων,
630 931 685 981 ὥς
716 931 871 988 ἔλεγον,
914 934 1174 989 σχιζομένων,
1214 936 1258 978 οἳ
1276 935 1324 990 δὴ
1346 938 1410 978 καὶ
1433 928 1596 987 πολλοῖς
1625 941 1707 981 τῶν
1719 947 1763 981 10

257 1000 297 1040 ἐν
329 999 490 1048 ἐκείνοις
518 1001 693 1054 φρερίων
724 999 932 1056 μιγνύντες
959 1000 1108 1056 χλεύην
1141 1003 1274 1058 ἔλεγον
1301 1003 1374 1058 τὴν
1405 1003 1563 1059 εἰρήνην
1593 1004 1706 1058 εἶναι,

208 1076 237 1110 C
261 1067 327 1108 καὶ
346 1067 427 1108 δεῖν
449 1065 675 1120 δοκιμάζειν
695 1070 730 1110 εἷ
749 1070 814 1110 καὶ
832 1068 947 1112 αὐτοὶ
967 1070 1014 1112 τὸ
1038 1069 1246 1124 σύμβολον
1279 1070 1386 1114 οὕτω
1417 1073 1585 1127 λέγοιεν,
1621 1075 1708 1116 οἶο-

255 1134 387 1188 μένων
422 1134 608 1177 ἐντεῦθεν
638 1138 693 1185 εἷς
722 1138 918 1193 μερίμνας
951 1137 1056 1193 ἄγειν
1086 1139 1156 1180 τὸν
1186 1139 1378 1191 βασιλέα,
1424 1138 1478 1189 ὥς
1517 1142 1629 1183 δυοῖν
1665 1143 1708 1191 ἐξ

258 1199 434 1256 ἀνάγκης
467 1202 655 1257 γενέσθαι
685 1201 887 1260 θάτερον,
925 1204 949 1259 ἢ
977 1205 1035 1260 μὴ
1057 1207 1430 1256 καθυποκλιθὲντος
1452 1208 1525 1261 τὴν
1549 1206 1708 1264 εῗρήνην

259 1270 501 1324 συγχέεσθαι
516 1300 530 1325 ‚
561 1269 586 1325 ἢ
620 1271 691 1313 καί
715 1289 752 1313 τι
785 1276 865 1314 τῶν
892 1273 1078 1326 κειμένων
1098 1273 1341 1328 παραβάντα
1363 1272 1551 1327 μειζόνως
1571 1274 1706 1331 ἁμαρ·
1720 1284 1762 1319 15

257 1344 361 1389 τεῖν,
397 1338 463 1379 καὶ
495 1343 605 1394 σφᾶς
634 1341 912 1395 ἰσχυρίζεσθαι
940 1338 1097 1397 φεύγειν
1129 1341 1185 1383 ἔτι
1213 1343 1374 1391 δικαίως
1398 1342 1471 1396 τὴν
1493 1343 1631 1386 ἕνωσιν
1653 1342 1708 1394 ὥς

257 1403 447 1461 ἄντικρυς
472 1405 760 1463 παραβάντων.
832 1407 950 1463 γνοὺς
971 1413 1103 1452 ταῦτα
1126 1411 1261 1452 τοίνυν
1284 1408 1303 1452 ὁ
1324 1408 1538 1465 βασιλεύς,
1566 1412 1632 1454 καὶ
1651 1413 1708 1454 εῖ-

348 1513 383 1549 9.
405 1509 500 1557 κᾶν]
525 1513 605 1555 εἰς’.)
744 1517 797 1551 12.
821 1517 881 1552 δεῖ
901 1516 940 1550 P.

258 1615 346 1649 quae
369 1606 447 1638 acta
470 1606 584 1638 essent
605 1604 787 1650 imputaret
809 1607 953 1652 tempori
974 1607 1086 1652 potius
1109 1619 1208 1654 quam
1230 1609 1393 1643 voluntati
1416 1620 1517 1653 suae;
1555 1610 1709 1645 conferre

260 1660 297 1683 se
320 1661 363 1683 ne
387 1653 587 1693 gravaretur
608 1650 643 1684 in
667 1653 901 1686 monasterium
932 1653 1175 1697 Manganorum
1207 1667 1445 1698 congressurus
1480 1667 1554 1690 cum
1587 1657 1709 1702 legatis

258 1695 337 1728 illuc
361 1695 575 1737 occursuris,
611 1696 734 1742 quibus
756 1699 877 1733 orabat
899 1710 942 1732 ne
963 1700 1171 1743 significaret
1194 1700 1374 1745 quidquam
1397 1713 1510 1735 eorum
1533 1713 1622 1747 quae
1644 1714 1710 1736 nu-

259 1751 322 1784 per
348 1741 580 1784 contigissent.
629 1742 677 1776 sic
704 1744 913 1787 praemunito
941 1746 1132 1789 patriarcha
1155 1745 1327 1790 ingressus
1349 1747 1464 1781 urbem
1488 1751 1540 1781 est
1563 1759 1637 1783 cum
1659 1747 1710 1781 le—

261 1787 351 1829 gatis
372 1786 577 1830 imperator;
601 1791 638 1821 et
660 1799 817 1832 quorsum
838 1801 879 1824 ea
902 1790 1024 1834 legatio
1047 1796 1218 1844 spectaret
1239 1791 1440 1836 intelligens,
1463 1793 1556 1827 dedit
1573 1803 1710 1838 operam

262 1842 306 1864 ne
331 1831 381 1864 illi
405 1842 479 1865 cum
500 1832 629 1876 synodo
652 1845 792 1879 cumque
815 1835 1009 1880 patriarcha
1032 1847 1124 1881 prius
1149 1841 1305 1881 agerent,
1338 1850 1437 1882 quam
1459 1839 1532 1883 ipse
1554 1850 1642 1882 quae
1664 1838 1710 1872 ad

261 1887 332 1910 rem
363 1877 507 1921 putabat
537 1883 726 1922 opportuna
757 1881 1012 1924 praevertisset.
1057 1882 1147 1925 quod
1180 1882 1394 1926 praecipuum
1417 1883 1451 1916 in
1473 1884 1638 1918 mandatis
1661 1883 1712 1917 le-

262 1920 335 1965 gati
358 1922 527 1956 habebant
550 1923 612 1956 hoc
636 1928 730 1966 erat,
765 1925 852 1958 serio
880 1926 1077 1959 denuntiare
1101 1927 1244 1960 Graecis
1267 1939 1381 1971 pacem
1404 1929 1621 1962 ecclesiarum
1643 1939 1710 1962 non

260 1967 364 2001 meris
387 1966 501 2001 verbis
524 1968 709 2010 contineri,
732 1971 791 2004 sed
811 1971 922 2004 sactis.
968 1973 1110 2015 probare
1133 1972 1225 2016 ipsos
1250 1979 1284 2005 et
1307 1979 1482 2018 praestare
1503 1975 1604 2008 rebus
1626 1974 1710 2018 ipsis

263 2017 422 2056 oportere
445 2024 534 2056 quae
557 2013 658 2048 dictis
681 2018 924 2057 ostentassent,
964 2027 1002 2050 se
1031 2017 1182 2051 nimirum
1206 2017 1239 2050 in
1263 2019 1359 2053 unius
1390 2019 1605 2064 eiusdemque
1628 2030 1711 2053 con-

260 2058 408 2092 fessione
431 2057 511 2091 fidei
535 2060 712 2093 convenire
736 2072 809 2094 cum
832 2061 976 2096 Latinis.
1023 2063 1072 2097 sic
1096 2074 1155 2096 eos
1187 2064 1314 2097 demum
1346 2076 1565 2109 persuasuros
1593 2064 1710 2110 pacem

261 2101 351 2138 inter
383 2103 546 2138 ecclesias
578 2106 852 2152 concordiamque
873 2119 953 2141 vere
976 2108 1140 2142 coalitam.
1187 2114 1290 2153 atque
1312 2109 1345 2143 in
1367 2111 1451 2151 hoc,
1489 2115 1528 2144 ut
1550 2110 1710 2145 continuo

262 2147 382 2191 fieret,
421 2149 637 2183 vehementer
662 2150 818 2186 insistere
842 2152 927 2186 iussi
950 2158 1065 2195 erant,
1103 2160 1298 2197 argumento
1330 2156 1542 2190 necessitatis
1563 2155 1665 2189 ducto
1687 2166 1712 2190 ι

263 2193 442 2228 schismate
465 2195 554 2239 qnod
578 2195 716 2230 aiebant
736 2197 826 2231 inter
847 2203 979 2233 nostros
1003 2210 1099 2240 esse,
1122 2199 1194 2233 aliis
1217 2200 1301 2234 alios
1325 2201 1576 2242 aversantibus,
1609 2204 1712 2246 prout

264 2238 391 2272 scilicet
425 2239 641 2275 admitterent
672 2246 732 2276 aut
763 2243 942 2277 reiicerent
968 2256 1083 2290 pacem
1119 2245 1160 2278 de
1196 2257 1263 2290 qua
1297 2251 1496 2280 conventum
1519 2247 1710 2280 videbatur.

265 2286 301 2317 et
323 2295 442 2318 revera
465 2286 599 2330 quidam
623 2287 721 2321 etiam
745 2293 951 2330 nostrorum,
983 2289 1115 2323 Freriis
1138 2301 1213 2324 sese
1236 2291 1347 2325 multis
1379 2292 1424 2326 iis
1449 2292 1712 2326 admiscentibus

265 2329 414 2372 assensi,
440 2331 537 2374 paria
560 2343 634 2366 cum
657 2333 708 2367 his
732 2338 767 2367 et
789 2334 852 2378 ipsi
874 2335 1112 2380 loquebantur,
1138 2336 1344 2371 affirmantes
1368 2348 1484 2382 pacem
1507 2349 1594 2382 quae
1617 2337 1713 2371 velut

264 2373 399 2408 firmata
429 2375 633 2419 iactaretur,
670 2379 750 2412 nihil
783 2380 944 2414 hactenus
967 2380 1029 2414 nisi
1050 2381 1225 2415 ludibrium
1247 2383 1364 2416 videri.
1409 2384 1496 2417 unde
1521 2387 1618 2417 tanto
1644 2382 1712 2416 iem

265 2419 450 2463 speciosius
472 2421 577 2465 legati
600 2425 838 2459 contenderent
860 2426 1055 2460 veniendum
1079 2427 1120 2460 ad
1145 2428 1424 2472 explorationem,
1449 2433 1485 2462 et
1508 2432 1634 2462 certum
1649 2437 1709 2460 ex-

265 2464 484 2518 perimentum
507 2467 704 2512 capiendum
726 2471 807 2504 fidei
831 2482 872 2505 ac
894 2471 1082 2506 sententiae
1104 2473 1322 2508 Graecorum.
1369 2474 1442 2508 eins
1465 2485 1565 2519 porro
1591 2473 1712 2518 pignus

264 2510 421 2544 1doneum
446 2512 540 2554 fore,
578 2513 607 2546 si
639 2519 674 2548 et
705 2515 769 2560 ipsi
803 2517 986 2560 symbolum
1013 2517 1101 2551 sicut
1124 2518 1237 2552 Latini
1267 2519 1533 2563 pronuntiarent.
1578 2518 1630 2552 his
1659 2517 1711 2551 illi

265 2555 474 2600 postulandis
495 2556 530 2590 in
555 2563 662 2593 artum
685 2572 723 2594 se
745 2568 921 2597 coacturos
945 2563 1177 2607 imperatorem
1206 2565 1476 2606 arbitrabantur,
1511 2564 1628 2608 utique
1650 2574 1711 2596 ne-

266 2601 413 2635 cessario
436 2613 478 2636 ex
500 2601 551 2635 his
574 2608 729 2639 secuturo
754 2607 893 2642 duorum
917 2608 1043 2650 altero,
1066 2614 1125 2643 aut
1146 2614 1185 2642 ut
1207 2621 1248 2643 eo
1271 2621 1336 2643 non
1355 2612 1520 2643 annuente
1540 2608 1628 2654 quod
1648 2619 1712 2653 pe-

265 2646 386 2679 tebant
409 2657 475 2691 pax
498 2648 764 2693 rescinderetur,
801 2657 860 2686 aut
882 2658 920 2687 ut
942 2654 1060 2687 eodem
1090 2655 1366 2698 transgressionis
1388 2659 1624 2689 conventorum
1647 2665 1712 2698 pa-

266 2690 332 2725 lam
357 2692 529 2735 convicto,
553 2705 594 2727 ac
617 2705 678 2738 per
702 2696 765 2730 hoc
788 2697 936 2731 criminis
959 2700 1092 2734 maioris
1114 2700 1287 2734 manifeste
1309 2711 1388 2741 reo,
1420 2699 1622 2745 plausibilior
1644 2699 1712 2733 iam

267 2735 351 2779 ipsis
382 2748 484 2772 causa
519 2745 716 2784 suppeteret
748 2747 941 2776 constanter
975 2745 1142 2778 abnuendi
1173 2747 1429 2780 communionem
1452 2755 1532 2778 -cum
1556 2756 1596 2778 eo
1619 2744 1712 2778 velut

268 2781 475 2818 adhaerente
498 2786 806 2829 transgressoribus
830 2794 1004 2832 pactorum
1027 2791 1219 2825 manifestis.
1266 2791 1346 2825 talia
1374 2801 1511 2824 versare
1533 2790 1640 2824 animo
1662 2789 1713 2823 le-

268 2831 366 2870 gatos
389 2839 466 2863 cum
487 2830 733 2875 praesensisset
753 2831 956 2878 imperator,
989 2839 1026 2868 et
1047 2835 1126 2870 inde
1147 2836 1350 2881 intelligeret
1371 2836 1545 2879 Graecos,
1567 2835 1628 2882 qni
1653 2845 1714 2870 ea-
