1884 3262
257 202 356 247 522
673 200 908 245 GEORGII
941 201 1288 248 PACHYMERIS

254 315 332 371 γὰρ
363 310 562 369 πρότερον
586 308 749 368 χρόνοις
773 313 872 363 τοὺς
894 314 938 356 ἐκ
955 312 1143 370 γειτόνων
1169 315 1273 371 πρὸς
1295 316 1392 366 τοὺς
1410 316 1612 373 ἄρχοντας
1631 314 1710 358 αὖε

253 387 336 425 τῶν
357 383 643 436 ἒκγαμίζεσθαι
664 383 730 423 καὶ
751 381 855 424 καθ’
878 380 1030 434 αὖτοὺς
1053 381 1168 436 εἶναι,
1191 383 1244 426 τὰ
1262 384 1461 436 βασιλέως
1479 386 1521 428 ἓν
1542 384 1709 440 ἄστροις

253 447 569 504 μανθάνοντας,
604 450 675 491 καί
689 466 732 505 γε
752 449 831 506 πρὸ
853 455 936 493 τῶν
953 450 1029 493 ἀπ’
1053 451 1182 507 αὐτῆς
1201 455 1336 494 καλῶν
1352 454 1634 508 καὲ’μεγι’στων
1654 451 1708 495 τὰ

252 517 358 560 κατὰ
380 521 490 573 σφᾶς
509 517 775 571 αἱρουμένους
793 518 952 572 μέτρια.
1024 517 1079 569 ὥς
1099 524 1198 575 γοῦν
1214 521 1414 570 ποικίλαις
1441 521 1708 574 συμβουλίαις

252 586 292 628 οἷ
321 585 507 640 πρέσβεις
538 585 613 628 οὐκ
640 585 806 629 ἔπειθον
835 587 1015 642 λέγοντες
1041 586 1175 630 πάντα
1196 586 1363 644 δεύτερα
1381 588 1616 642 τιθεμένους
1634 592 1741 643 τῆςό

251 658 369 710 σφῶν
400 652 631 709 θελήσειας,
675 654 780 710 πρὸς
808 655 979 707 βασιλέα
1002 654 1255 712 ὑπέστρεφον
1280 656 1407 711 μηδὲν
1438 656 1487 699 τὸ
1513 653 1711 711 παράπαν

250 720 486 771 ἀνύσαντες.
555 721 604 764 οὗ
627 722 709 776 μὴν
730 724 774 766 δὲ
796 725 861 765 καὶ
883 724 923 773 ἐς
943 723 1059 774 τέλος
1081 729 1224 780 πειρᾶν
1243 726 1438 780 διαφῆκεν
1457 721 1479 767 ὁ
1500 721 1706 777 βασιλεύς,

201 801 234 835 Ε
258 789 364 832 ἀλλὰ
401 791 770 847 προσαποστέλλων
795 790 994 846 συχνάκις
1021 792 1068 835 τὸ
1097 793 1171 846 μὲν
1198 791 1348 847 ἠπείλει
1377 791 1425 835 τὸ
1457 792 1503 835 δὲ
1526 793 1593 834 καὶ
1623 797 1710 841 τοῖς

251 858 330 915 ἀφ’
363 857 511 902 ἑαυτοῦ
543 857 822 914 γενησομένοις
853 861 1013 910 ἐκείνοις
1041 864 1180 910 καλοῖς
1218 860 1438 913 ἓδελέαζεν,
1487 857 1707 914 div-padum·

249 927 485 977 πεισθέντες
513 926 660 981 ἥκοιεν.
729 929 845 977 τέλος
875 929 1027 971 στέλλει
1058 929 1130 971 τὸν
1155 928 1379 984 λογοθέτην
1398 932 1480 971 τῶν
1498 929 1705 971 οἶκειακῶν
1717 940 1762 975 10

244 994 534 1052 Ἰατρόπουλον
547 1027 558 1046 ,
594 997 670 1038 σὺν
691 996 805 1054 αὐτῷ
824 997 870 1038 δὲ
887 998 953 1039 καὶ
971 1001 1046 1052 τῆς
1066 998 1277 1052 ἐκκλησίας
1294 993 1590 1053 πρεσβύτερον,
1629 996 1704 1039 τὸν

247 1065 323 1119 μὲν
357 1063 461 1107 κατὰ
490 1064 611 1119 τιμὴν
638 1069 712 1108 τοῦ
743 1065 1100 1120 προσκαλουμένου
1119 1067 1186 1107 καὶ
1203 1069 1286 1107 τῶν
1306 1064 1387 1107 ἀπὸ
1406 1069 1480 1107 τοῦ
1501 1063 1704 1118 βασιλέως

245 1136 382 1175 καλῶν
411 1131 620 1188 ἀγγελίαν,
658 1132 730 1176 τὸν
756 1134 801 1175 δὲ
827 1131 932 1176 κατά
958 1150 1049 1176 τινα
1078 1134 1362 1190 πληροφορίαν
1378 1134 1443 1175 καὶ
1466 1133 1600 1175 πίστιν
1619 1136 1703 1192 τῶν

244 1199 482 1256 λεγομένων,
503 1198 576 1250 ,ὡς
596 1201 659 1243 ἐπὶ
678 1198 840 1250 ’τούτοις
858 1202 924 1243 καὶ
944 1205 1018 1256 τῆς
1036 1202 1248 1255 ἐκκλησίας
1266 1198 1584 1258 πρεσβευούσης,
1618 1218 1703 1255 μη-

245 1270 312 1311 δὲν
342 1270 493 1318 εἰδυίας
521 1269 626 1311 κατὰ
653 1269 701 1312 τὸ
730 1267 855 1320 εἰκός,
888 1267 943 1319 ὡς
963 1271 1109 1319 ἐκεῖνος
1129 1269 1265 1311 ἔπειθε
1286 1269 1436 1324 λέγων,
1471 1268 1543 1325 ἐφ’
1570 1266 1630 1318 οἷς
1653 1267 1702 1310 ἃν
1714 1278 1756 1314 15

106 1349 135 1382 Ρ
157 1349 225 1384 355
249 1338 316 1379 καὶ
345 1339 640 1392 συνομολογοίη
667 1335 923 1392 ψεύδεσθαι,
960 1335 1063 1380 ὥστε
1090 1337 1294 1393 παρέντας
1319 1336 1394 1386 τὰς
1419 1334 1604 1390 ὑποψίας
1625 1335 1702 1379 αἰ·-

243 1412 332 1454 τοΐς
348 1412 434 1455 τοΐς
454 1401 688 1462 πράγμασιν
710 1407 856 1461 κρίνειν
873 1407 907 1447 εἲ
926 1407 1052 1447 παῖδα
1072 1404 1159 1460 ἅμα
1179 1411 1305 1448 ποιεῖν
1325 1406 1472 1447 ἐκεῖνον
1492 1406 1559 1447 καὶ
1575 1398 1703 1454 {canan

243 1472 452 1526 βούλοιτο.
522 1479 654 1516 ταῦτα
685 1474 863 1530 λέγοντες
881 1473 1045 1516 ἔπειθον
1057 1506 1070 1526 ,
1106 1474 1173 1515 καὶ
1193 1472 1339 1529 ὅρκους
1359 1470 1556 1526 ταμόντες
1574 1467 1600 1527 ἦ
1617 1463 1700 1527 μὴν,

244 1543 311 1584 καὶ
337 1541 526 1599 γαμβρὸν
543 1541 733 1599 γενέσθαι
753 1546 828 1586 τοῦ
847 1542 1048 1597 βασιλέως
1069 1541 1140 1586 τὸν
1158 1539 1346 1597 Ἰωάννην
1372 1543 1440 1584 καὶ
1463 1541 1567 1596 μετὰ
1587 1541 1701 1583 πλεί-

245 1731 326 1766 ceps
348 1719 384 1753 in
407 1718 444 1752 id
467 1717 666 1764 propendit,
701 1729 775 1753 cum
807 1718 1029 1754 concordibus
1051 1729 1165 1753 omnes
1184 1718 1340 1754 sensibus
1362 1718 1516 1753 dicerunt
1537 1716 1701 1762 exemplis
1723 1746 1726 1749 ,

244 1778 283 1800 se
313 1764 505 1799 domesticis
537 1764 651 1798 doceri
686 1776 752 1798 non
783 1765 920 1809 evagari
950 1764 1173 1799 affinitatibus
1206 1769 1303 1799 extra
1331 1764 1468 1799 ditionis
1490 1763 1614 1797 limites
1634 1773 1700 1807 pa.-

245 1811 353 1852 triae,
388 1810 449 1844 sed
478 1821 620 1855 sponsas
648 1810 685 1844 in
716 1811 827 1854 gentis
849 1810 999 1844 eiusdem
1023 1811 1221 1855 optimatum
1243 1811 1395 1844 domibus
1416 1820 1603 1855 quaerere:
1632 1808 1700 1842 im-

246 1856 449 1902 peratorium
473 1867 556 1890 vero
578 1867 684 1900 genus
707 1867 748 1889 ac
774 1856 929 1901 stirpem,
964 1856 1057 1890 velut
1077 1867 1133 1890 res
1155 1857 1245 1891 votis
1276 1868 1318 1890 ac
1344 1861 1443 1900 captu
1467 1853 1616 1907 propriis
1637 1864 1698 1887 su-

244 1902 418 1948 periores,
451 1901 500 1935 sic
533 1901 657 1934 intueri
687 1905 727 1935 ut
758 1901 874 1937 stellas
906 1901 1054 1935 homines
1087 1912 1129 1935 ac
1162 1902 1246 1935 coeli
1276 1901 1390 1935 sidera
1421 1899 1538 1933 mirari
1573 1898 1696 1941 solent,

243 1959 332 1994 quae
354 1946 483 1981 scilicet
503 1946 553 1981 ita
576 1946 765 1992 suspiciunt
785 1952 825 1980 ut
847 1947 888 1980 ad
912 1952 1101 1980 contactum
1125 1958 1238 1981 eorum
1261 1958 1282 1980 a
1303 1952 1427 1981 natura
1449 1947 1606 1988 negatum
1628 1955 1698 1978 uon

243 1995 404 2039 aspirent.
453 1992 609 2026 viderent
635 1993 740 2036 igitur
770 2004 868 2037 quam
890 2004 956 2026 non
980 1992 1099 2026 suisset
1120 2003 1206 2037 opus
1234 1991 1459 2026 commendari
1480 1991 1523 2024 ab
1545 1989 1696 2034 impera-

244 2043 322 2073 tore
344 2038 540 2074 modestiam
563 2038 626 2080 iis,
663 2039 722 2083 qui
751 2050 839 2072 nunc
868 2038 1055 2072 oblatorum
1076 2038 1164 2072 ultro
1187 2038 1273 2083 ipsis
1296 2039 1456 2071 bonorum
1478 2035 1696 2070 maximorum

242 2084 454 2129 splendorem
484 2095 549 2118 non
575 2084 769 2118 dubitarent
798 2094 956 2118 recusare
981 2087 1140 2128 tanquam
1163 2082 1407 2117 mediocritatis
1423 2082 1593 2126 ipsorum,
1626 2092 1698 2126 qua

243 2130 393 2165 contenti
423 2135 556 2171 essent,
595 2131 810 2164 excedentem
841 2129 984 2164 modum.
1029 2140 1110 2173 ergo
1142 2129 1246 2173 legati
1268 2129 1379 2162 omnia
1399 2128 1528 2162 frustra
1550 2126 1697 2171 experti,

241 2176 355 2210 redire
377 2177 513 2211 tandem
536 2175 580 2209 ad
602 2176 836 2221 imperatorem
859 2186 897 2209 re
918 2175 1043 2209 infecta
1066 2179 1144 2208 sunt
1166 2174 1288 2209 coacti.
1333 2186 1396 2208 nec
1416 2179 1529 2207 tamen
1551 2171 1609 2205 ille
1631 2171 1697 2206 ad-

242 2222 308 2255 huc
330 2222 510 2267 despondit
532 2222 675 2255 animum
688 2247 698 2263 ‚
729 2221 789 2255 sed
812 2221 886 2255 aliis
908 2232 949 2254 eo
973 2227 1077 2264 atque
1099 2220 1175 2253 aliis
1197 2219 1421 2263 legationibus
1443 2218 1563 2253 crebro
1584 2217 1696 2251 missi·-

241 2267 372 2307 tundis,
397 2268 472 2301 binc
493 2273 624 2301 terrere
646 2267 721 2302 illos
743 2266 859 2309 minis,
881 2266 960 2300 inde
981 2266 1115 2300 allicere
1138 2265 1331 2311 promissis,
1363 2270 1399 2300 et
1421 2275 1495 2298 eum
1517 2262 1696 2298 universos

241 2317 314 2347 tum
347 2312 495 2356 singulos
527 2313 681 2357 privatim
713 2312 969 2347 accommodatis
991 2312 1034 2345 ad
1058 2311 1218 2356 cuiusque
1238 2322 1318 2354 spes
1340 2323 1382 2345 ac
1405 2313 1538 2355 captum
1559 2313 1698 2345 tentare,

241 2358 452 2392 sermonibus
487 2370 552 2392 non
586 2359 739 2402 destitit,
774 2357 943 2392 terribilia
965 2357 1136 2391 intentans
1159 2357 1192 2391 ni
1216 2358 1389 2397 facerent,
1421 2359 1551 2390 montes
1572 2363 1694 2388 aureos

241 2403 404 2448 pollicens
438 2404 469 2438 si
499 2404 671 2446 audirent,
710 2404 820 2450 quoad
853 2403 988 2438 tandem
1011 2403 1112 2438 misso
1135 2402 1213 2436 illuc
1235 2403 1407 2446 logotheta
1434 2400 1695 2435 domesticorum

241 2448 435 2494 latropulo‚
471 2449 525 2483 cui
554 2449 706 2484 comitem
730 2448 894 2484 ecclesiae
916 2450 1149 2494 presbyterum
1172 2447 1348 2492 adiunxit,
1380 2447 1430 2482 sic
1451 2457 1565 2480 secum
1587 2455 1693 2490 repu-

241 2499 340 2533 tans,
373 2493 563 2538 logothetae
582 2495 782 2538 dignitatem
802 2495 979 2529 valituram
1001 2494 1043 2529 ad
1066 2493 1256 2528 faciendam
1277 2493 1378 2529 fidem
1399 2491 1522 2527 sinceri
1544 2491 1692 2535 impera-

240 2540 327 2575 toris
350 2539 451 2573 animi
472 2540 508 2573 in
531 2541 766 2585 promittendis
788 2540 884 2574 bonis
905 2540 1099 2584 ingentibus
1129 2551 1218 2584 quse
1246 2539 1307 2574 tali
1327 2539 1515 2583 interprete
1537 2535 1691 2576 offerret,

241 2585 406 2620 cumulum
428 2596 509 2619 vero
530 2586 758 2630 persuasionis
780 2586 968 2620 addituram
997 2584 1260 2620 ecclesiasticam
1281 2584 1485 2629 gravitatem
1506 2583 1692 2616 elucentem

241 2631 277 2665 in
299 2631 372 2666 eius
395 2630 507 2672 socio,
537 2642 600 2665 nec
631 2631 843 2667 dubitaturos
872 2633 964 2676 ipsos
997 2632 1135 2666 credere
1155 2629 1448 2676 pollicitationibus
1469 2637 1610 2673 quarum
1630 2637 1691 2660 eo-

249 2676 370 2717 clesia,
399 2686 487 2722 quae
504 2676 634 2710 'fallere
663 2677 826 2719 nesciret,
861 2688 899 2711 se
921 2677 1040 2711 vadem
1062 2676 1301 2722 quodammodo
1329 2675 1521 2714 exhiberet,
1550 2681 1690 2716 compos

248 2722 392 2757 effectus
413 2725 566 2756 votorum
588 2722 760 2765 Augustus
781 2728 845 2757 est.
892 2734 967 2756 cum
995 2723 1083 2757 enim
1113 2723 1210 2756 ambo
1231 2721 1280 2755 illi
1300 2732 1363 2767 pro
1383 2731 1422 2755 se
1442 2717 1585 2763 quisque
1607 2727 1690 2752 cou-

248 2770 457 2803 testarentur
483 2767 610 2814 optime
631 2767 701 2804 fide
725 2779 767 2803 ac
787 2767 962 2803 voluntate
992 2768 1228 2814 &operatorem
1249 2777 1374 2808 vome
1392 2765 1550 2802 Ioannem
1570 2761 1607 2798 in
1627 2773 1698 2807 nes
