1884 3262
623 202 728 246 ΗΒ.
759 203 796 246 1.
844 202 1212 250 GLOSSARIUM.
1549 204 1646 253 551

193 309 522 366 ίοευγασμούλους
538 326 683 352 vocare
705 319 976 364 consueverat,
1006 320 1051 353 ut
1068 313 1189 357 docet
1202 326 1276 352 nos
1293 311 1371 351 hoc
1390 313 1648 355 loco-noster.

193 371 304 420 origo
322 369 412 408 talis
428 368 706 421 appellationis
724 372 875 409 incerta
897 377 968 410 est.
1005 369 1198 422 suspicari
1215 376 1347 409 tamen
1361 370 1457 408 licet
1475 370 1649 411 anasum

192 426 235 464 in
259 439 303 464 ea
330 425 382 463 ad
405 439 545 464 vocem
582 426 763 464 Latinam
789 428 930 465 mulus
960 427 1120 466 Graecis
1154 426 1271 466 etiam
1302 426 1502 466 usitatam.
1535 426 1646 478 lego

193 482 298 520 enim
318 482 361 520 in
380 482 536 523 Basilio.
553 483 688 532 Eclog.
711 486 783 526 19·
819 483 888 524 καὶ
918 481 944 524 ὅ
972 484 1171 535 μουλίων,
1201 481 1274 525 ἐαν
1294 480 1354 523 δι’
1372 479 1647 535 ἅπειρίανκαὶ

192 533 410 579 ἀσθένειαν
425 535 500 579 οὐκ
521 538 711 592 ἐκράτησε
726 541 808 580 τῶν
826 541 1014 592 μουλῶνε
1041 547 1078 577 et
1094 540 1244 589 mulio,
1274 541 1313 576 si.
1331 539 1379 577 ob
1398 541 1647 591 imperitiam

191 595 258 632 vel
278 595 556 647 injitmitatem
582 596 714 634 mulos
742 603 818 634 aut
841 596 978 634 mulas
993 603 1119 634 tenere
1146 597 1383 648 nequiverit.
1440 597 1531 647 quia
1551 609 1646 648 eigo

180 651 325 692 ‘mulus
351 649 502 706 διγενὲς
534 658 593 690 est
619 652 783 702 animal,
832 666 882 690 ex
920 652 1205 691 commixtione
1233 653 1398 690 duarum
1423 652 1646 704 specierum

189 714 350 756 natum,
382 722 433 747 ex
453 709 535 747 eius
553 708 749 747 vocabulo
782 708 922 747 Graeci
951 709 1212 748 formaverint
1233 722 1377 748 nomen
1403 722 1480 759 quo
1509 710 1645 761 expri-

188 770 344 804 merent
358 763 465 804 istud
481 778 602 815 genus
618 765 892 816 Hybridarum
913 765 1256 818 Constantinopoli
1276 779 1322 803 οι
1324 772 1409 803 tum
1428 779 1479 803 ex
1498 766 1644 805 coniu-

188 820 263 872 giis
287 821 529 860 Graecarum
557 835 650 860 cum
674 821 836 864 Latinis.
891 823 1077 861 universa
1110 837 1232 875 porro
1262 822 1403 860 talium
1429 822 1538 861 natio
1567 826 1643 863 Γα

189 873 403 929 σμουλικόν
421 877 636 928 dicebatur,
664 878 896 930 Pachymer.
914 893 955 932 p.
972 882 1052 922 188
1069 892 1108 918 v.
1124 882 1162 921 8.
1218 881 1275 934 τῷ
1295 878 1338 919 δέ
1361 893 1404 932 γε
1424 881 1644 931 rasponu-

188 936 272 989 κῷ,
305 931 378 982 οὓς
395 931 446 986 622¹
468 935 710 986 συμμίκτους
727 951 754 986 η
773 950 855 975 των
875 931 1032 976 Ἰταλων
1052 935 1173 976 εἴπειε
1191 937 1364 988 γλωσσα.
1418 948 1501 974 non
1523 936 1641 974 dissi·
1678 935 1684 942 “

186 975 348 1029 mulabo
376 990 607 1030 Vaticanum
645 991 823 1029 codicem
854 991 899 1029 iu
934 991 1014 1030 hoo
1041 991 1221 1030 secundo
1255 991 1348 1030 loco
1382 991 1503 1042 (nam
1529 993 1642 1044 pstor

186 1060 232 1099 p
250 1049 333 1089 309
356 1060 397 1086 v-
421 1046 474 1088 14
501 1047 546 1084 in
571 1060 618 1085 eo
641 1061 724 1085 non
742 1045 976 1111 comparet)
993 1048 1235 1088 vocabulum
1262 1046 1373 1086 istud
1400 1061 1473 1099 per
1499 1061 1643 1087 secun-

188 1103 280 1141 dam
305 1102 461 1143 literam
487 1102 700 1142 inchoare:
737 1104 934 1156 scriptum
970 1105 1076 1143 enim
1105 1103 1267 1143 exhibet
1295 1107 1350 1159 τῷ
1372 1105 1639 1160 βασμουλικῷ.

183 1158 343 1211 reperio
373 1160 492 1198 etiam
525 1160 707 1198 Nicetam
737 1159 966 1199 Choniatem
994 1161 1064 1201 lib.
1093 1164 1119 1203 3
1143 1162 1187 1199 in
1218 1160 1400 1200 Manuale
1426 1161 1640 1211 Comneno,

185 1215 471 1255 describentem
487 1215 594 1255 idem
614 1230 736 1267 genus
755 1217 962 1255 hominum
974 1243 985 1262 ,
1017 1214 1271 1270 βασμονλαυς
1285 1230 1368 1255 non
1388 1214 1643 1270 γασμούλους

183 1285 341 1312 vocare.
396 1272 658 1324 Pachymeres
676 1279 810 1312 tamen
827 1274 868 1312 in
900 1280 1070 1325 utroque
1098 1273 1254 1312 meliori
1284 1274 1423 1312 codice
1455 1280 1641 1313 constans

184 1335 245 1368 est
262 1329 307 1366 in
325 1327 405 1367 hoc
421 1329 582 1368 nomine
601 1343 674 1393 per
699 1330 855 1369 tertiam
884 1330 1042 1368 literam
1069 1328 1328 1382 auspicando.
1383 1329 1509 1370 utrius
1528 1343 1642 1383 prae-

184 1385 319 1426 valere
337 1384 478 1424 debeat
496 1386 717 1435 autoritas,
739 1386 902 1425 arbitrio
919 1386 1104 1438 relinquo
1126 1385 1332 1438 prudentis
1351 1386 1526 1425 lectoris.

297 1443 711 1495 γονικευθείσης
748 1443 914 1513 p-164
924 1456 964 1482 v.
984 1447 1023 1486 8.
1079 1443 1134 1481 ita
1165 1441 1252 1483 cod.
1269 1448 1460 1494 uterque,
1478 1443 1567 1481 Bet
1589 1441 1636 1481 A.

185 1497 401 1538 Vaticanus
418 1505 573 1537 autem·
601 1499 733 1551 τρίτον
764 1496 862 1552 ’ὅπερ
884 1494 938 1551 ἦν
963 1498 1207 1554 ἐξῃρημένον
1231 1500 1305 1551 τῆς
1320 1502 1396 1552 γῆς
1417 1503 1500 1546 τοῖς
1518 1501 1640 1550 θελη-

185 1555 404 1608 ματαρίοις.
446 1561 614 1620 apparet
627 1555 790 1594 verbum
810 1555 889 1594 hoc
911 1569 993 1594 esse
1009 1556 1321 1607 agrimensorem
1340 1568 1435 1594 arva
1454 1555 1639 1593 dividen-

183 1611 285 1651 tium
303 1617 343 1650 et
363 1625 432 1650 sua
456 1611 598 1663 cuiq-uc
626 1611 904 1663 assignantium
923 1613 1070 1664 iugera.
1126 1624 1321 1663 nusquam
1346 1611 1442 1651 alibi
1459 1611 1537 1650 hoc
1560 1625 1638 1650 vo·-

185 1668 374 1707 <zabulum
399 1668 561 1707 memini
589 1681 653 1706 me
679 1668 821 1719 legere.
879 1670 1061 1721 suspicor
1085 1676 1216 1708 autem
1243 1669 1457 1708 formatum
1479 1683 1501 1706 a
1519 1662 1638 1720 γόνος

185 1724 431 1775 significante
444 1725 580 1778 μίτον,
608 1724 686 1763 hoc
701 1731 759 1764 est
775 1725 888 1763 filum
910 1727 992 1765 sive
1010 1725 1254 1774 funiculum,
1286 1738 1368 1776 quo
1385 1724 1429 1762 in
1451 1725 1635 1775 designa·-

183 1781 293 1820 tione
314 1781 569 1834 praediorum
582 1810 594 1830 ,
622 1794 722 1833 quae
740 1782 882 1833 cuique
901 1782 943 1820 in
962 1782 1177 1834 partitione
1194 1787 1388 1821 ten-arum
1407 1781 1634 1822 attribuun-

183 1844 272 1889 tur,
304 1838 364 1876 uti
383 1838 628 1877 coloniarum
646 1838 880 1883 deductores
899 1838 1041 1877 solent.
1085 1838 1194 1877 unde
1209 1844 1302 1876 sunt
1316 1837 1376 1875 illi
1395 1837 1438 1875 in
1456 1837 1634 1889 scriptu-

183 1894 243 1934 ris
257 1902 339 1934 tam
365 1908 482 1947 saepe
499 1894 681 1946 usurpati
708 1894 882 1933 funiculi
907 1894 1195 1944 hereditatum,
1223 1896 1249 1937 1
1269 1894 1359 1936 Par.
1382 1897 1454 1944 16,
1474 1897 1539 1936 18.
1556 1893 1631 1933 Ios.

187 1954 255 1997 17,
277 1953 305 1994 5
333 1957 372 1990 et
401 1952 466 1994 14.
501 1950 596 1989 ibid.
624 1955 698 2000 19,
724 1954 751 1993 9
781 1957 820 1990 et
840 1953 907 1993 29.
937 1951 1080 1992 Psalm.
1101 1955 1154 1994 77
1176 1949 1244 1999 54,
1274 1948 1356 1993 104
1386 1953 1435 1992 11
1464 1956 1503 1988 et
1523 1949 1630 1989 alibi.

182 2007 331 2047 fundus
347 2007 447 2047 mihi
468 2007 718 2046 coniecturae
735 2006 963 2060 Hesychius
984 2014 1045 2047 est
1064 2006 1172 2060 apud
1191 2019 1308 2058 quem
1328 2006 1416 2056 lego
1434 2003 1553 2059 γόνον
1569 2007 1632 2057 μί-

173 2079 266 2111 stov.
320 2070 455 2117 posset
475 2064 592 2103 etiam
617 2065 720 2103 forte
750 2064 923 2116 cuipiam
949 2064 1079 2102 videri
1104 2063 1317 2102 deductum
1341 2062 1503 2103 verbum
1523 2077 1629 2114 γονι

172 2135 318 2162 ,κευειν
337 2134 359 2158 a
375 2134 476 2160 voce
495 2121 611 2173 γονία
631 2121 764 2159 focum
781 2120 1048 2172 significante,
1076 2126 1124 2158 ut
1139 2119 1251 2157 Mem
1253 2118 1332 2156 sius
1355 2117 1630 2167 t1adit,quo‹l

185 2176 229 2214 in
245 2176 436 2215 eiusmodi
455 2177 783 2227 assignationibus
811 2190 993 2228 agrorum
1015 2149 1177 2227 singulis
1193 2173 1316 2223 focis,
1338 2173 1414 2212 hoc
1434 2178 1492 2216 est
1515 2173 1628 2212 fami-

183 2232 269 2283 liis,
296 2246 367 2271 sua
385 2238 510 2270 terrae
525 2233 682 2272 arabilis
700 2233 838 2286 portio
834 2207 1058 2272 otribuatur.

193 2321 198 2324 .
300 2289 638 2330 δαιταλευταί
676 2303 722 2341 p.
749 2293 826 2332 161
853 2303 894 2330 v,
917 2293 983 2332 10.
1044 2302 1118 2340 pro
1145 2284 1413 2333 δαιταλευταλ,
1451 2283 1557 2336 quod
1583 2285 1627 2323 in

187 2345 340 2383 duobus
359 2344 474 2384 codd.
491 2344 522 2381 B
543 2350 582 2382 et
600 2345 635 2383 A
650 2345 817 2396 legitur,
844 2345 1058 2384 Vaticanus
1077 2343 1196 2381 habet
1212 2338 1414 2395 μάγειροι,
1443 2340 1549 2392 quod
1569 2354 1628 2380 se-

186 2407 316 2440 cutus
322 2414 413 2439 sum
427 2400 473 2437 in
489 2399 812 2454 interpretatione
829 2400 1015 2440 vocabuli
1031 2414 1056 2438 a
1069 2412 1132 2440 me
1152 2399 1309 2450 quidem
1324 2397 1416 2436 alibi
1432 2410 1514 2438 non
1537 2397 1626 2436 visi.

185 2457 390 2509 tepea-itur
415 2456 577 2509 quidem
609 2455 814 2505 δαιταλευς
840 2459 1034 2508 conviva,
1071 2454 1251 2503 sedalia5
1288 2454 1359 2494 sed
1391 2453 1570 2506 fuliginis
1586 2459 1626 2492 ct

176 2514 416 2563 carbonum,
446 2512 590 2564 quibus
606 2513 775 2565 parietes
791 2514 1019 2566 deturpatas
1037 2511 1084 2550 ab
1105 2511 1197 2551 istis
1211 2512 1476 2559 δωταλευταῖς
1490 2516 1626 2549 noster

185 2571 390 2622 queritur,
418 2569 565 2607 mentio
583 2569 711 2621 aptius
730 2570 776 2607 in
796 2583 944 2622 coquos
962 2569 1140 2621 quadrat.

298 2631 339 2667 Δ
342 2643 356 2667 ι
367 2642 393 2667 α
403 2627 559 2679 βαιν
532 2642 557 2665 α
569 2641 588 2672 ς
616 2640 656 2677 Ρ.
668 2625 751 2667 466
763 2639 802 2664 v.
824 2629 888 2669 11.
945 2626 1056 2664 addit
1073 2623 1287 2663 Vaticanus
1300 2622 1366 2664 ἐπι
1378 2625 1437 2676 τῷ
1450 2622 1621 2672 Διαβαι-

184 2685 240 2738 vg&
256 2679 388 2738 τόπῳ,
420 2695 499 2733 quo
534 2681 686 2723 ind-icat
710 2682 845 2721 locum
874 2682 1080 2734 quemdam
1108 2680 1227 2746 sitisse
1256 2680 1362 2721 circa
1385 2677 1624 2726 Temobum,

183 2724 241 2777 ita
253 2745 455 2779 vocatum.

298 2796 607 2847 διαφωνεῖν.
645 2794 843 2846 duplicem
865 2793 1054 2834 habemus
1082 2792 1204 2833 huius
1231 2791 1343 2832 verbi
1367 2803 1483 2828 usum
1514 2786 1619 2840 apud
1643 2791 1672 2826 Ρ
1693 2791 1759 2829 377

184 2850 479 2904 Pachymerem,
502 2850 734 2891 inusitatum
752 2858 822 2893 aut
835 2865 970 2893 rarum
987 2856 1199 2903 utrumque
1215 2863 1263 2890 ac
1279 2852 1489 2902 propterea
1503 2856 1623 2894 enar-
