1884 3262
690 185 795 230 LIB.
813 182 867 229 Π.
917 180 1117 229 NOTAE.
1521 185 1619 232 667

172 303 259 335 tum
284 291 473 335 Sanctum
501 308 583 335 esse
613 294 844 335 cavillantes
856 309 873 345 ;·
898 293 1005 346 quod
1028 299 1156 333 autem
1183 294 1278 338 satis
1306 299 1502 334 constaret
1522 295 1624 335 uni-

174 367 261 391 cum
284 365 367 391 esse
394 352 765 392 consubstantialem
786 352 890 403 patri
911 351 1063 401 filium,
1095 351 1291 403 Spiritum
1310 353 1521 400 Sanctum,
1551 352 1623 404 qui

171 409 246 447 filii
273 409 382 447 filius
415 415 534 459 esset,
566 423 589 446 a
613 408 836 448 divinitatis
860 407 1167 459 participatione
1193 408 1479 447 removendum
1508 415 1548 447 et
1572 409 1625 446 ad

173 471 443 504 creaturarum
466 466 627 504 classem
649 463 960 504 submovendum
982 463 1142 501 omnino
1169 477 1271 502 esse:
1301 465 1460 515 quidam
1487 472 1531 503 ut
1556 465 1624 503 isti
1686 515 1689 518 y

171 522 499 573 argumentationi
531 526 806 569 occurrerent,
846 533 988 570 negare
1021 526 1241 571 coeperunt
1269 520 1460 583 Spiritum
1490 535 1513 558 a
1540 521 1625 559 filio

171 578 408 631 procedere,
437 578 515 628 sic,
542 584 591 616 ut
615 577 713 630 ipsis
739 549 973 624 videbatur,
1005 575 1257 627 plausibilius
1285 576 1473 615 reiectmi
1492 578 1628 616 Euno-

171 635 348 673 mianum
377 633 599 687 sophisma,
626 633 836 672 recitatum
858 646 880 670 a
900 634 942 670 S.
957 632 1134 670 Basilio'
1122 645 1167 669 m
1189 645 1310 684 opeie
1332 639 1468 671 contra
1485 634 1626 672 Euno-

172 691 296 730 mium
315 690 378 728 his
395 690 548 730 verbis:
579 686 678 730 ἀλλὰ
697 688 840 755 λέγεις·
871 688 907 729 εἰ
924 690 1029 729 θεοῦ
1054 686 1126 742 μὲν
1147 686 1268 728 elnone
1295 687 1321 729 o‘
1345 685 1436 736 υἱός
1459 689 1555 730 vimi
1581 688 1626 730 δὲ

173 744 219 788 τό
235 749 408 798 πνεῦμα,
427 746 497 788 καὶ
515 746 551 787 εἰ
565 748 670 787 θεοῦ
687 744 760 799 μὲν
777 741 891 798 λόγος
909 743 934 786 o‘
948 741 1051 794 υἷός,
1071 746 1191 812 ῥῆμα
1205 742 1250 784 δὲ
1269 744 1366 785 υῖοῦ
1386 761 1430 786 το
1451 761 1623 796 πνευμα,

174 801 242 843 διοὲ
272 803 311 843 τί
341 799 393 854 μὴ
419 800 505 852 υἱὸς
531 802 626 843 υἱοῦ
654 800 698 843 τὰ
728 804 887 854 πνεῦμα
907 801 1090 872 ‘cromam
1118 797 1247 841 τούτω
1274 797 1351 867 γὰρ
1382 798 1623 856 ἰσχυροτάτῳ

173 857 275 927 πρός
299 854 483 927 ασέβειαν
505 854 752 925 {zonam-151¹
774 874 852 928 γαρ
874 855 967 898 νῖόν
986 854 1014 910 ἢ
1031 859 1172 909 κτίσμα
1193 842 1369 905 κελεύεις
1390 862 1524 908 νοεῖν,
1554 857 1623 898 καὶ

174 912 237 956 ότι
253 931 308 968 μη
326 911 416 963 υἰός
437 910 683 967 ω’νόμασται,
717 913 784 955 διὰ
805 917 920 955 τοῦτο
939 915 1082 966 κτίσμα
1106 910 1207 954 εἶναι
1232 915 1491 966 βλασφημεῖς.
1546 927 1623 952 ve-

172 984 262 1010 rum
297 970 485 1010 adversus
518 971 623 1010 hanc
652 971 986 1023 imperitissimam
1016 969 1313 1033 responsionem
1341 971 1620 1019 reclamarunt,

173 1026 401 1080 praesertim
417 1028 463 1065 in·
481 1026 716 1077 Occidente,
745 1026 961 1073 Catholici,
990 1033 1205 1078 utrumque
1222 1026 1336 1064 iuxta
1354 1000 1623 1064 orthodoxuni

174 1096 365 1122 canonem
391 1096 441 1122 ex
468 1096 592 1135 aequo
623 1083 892 1135 profitendum
922 1082 1184 1132 affirmantes,
1215 1088 1254 1120 et
1279 1082 1493 1134 procedere
1517 1085 1623 1120 San-

174 1145 281 1179 ctum
302 1138 494 1191 Spiritum
515 1153 566 1178 ex
582 1145 695 1192 patre
717 1139 836 1178 simul
857 1145 895 1176 et
919 1138 1003 1177 filio
1019 1168 1029 1188 ,
1063 1145 1102 1177 et
1127 1145 1258 1177 tamen
1285 1152 1374 1176 eum
1399 1152 1473 1177 nec
1498 1138 1624 1191 patris

173 1209 248 1235 nec
271 1195 347 1234 filii
376 1195 503 1234 filium
531 1209 626 1234 esse.
684 1209 730 1234 ao
761 1195 1101 1248 perseverantibus
1133 1194 1292 1233 Graecis
1321 1194 1555 1245 quibusdam
1579 1195 1624 1232 in

173 1251 353 1303 negando
379 1253 569 1290 Sanctum
599 1251 790 1304 Spiritum
824 1265 846 1288 a
872 1250 957 1288 filio
987 1251 1224 1303 procedere,
1255 1257 1293 1289 et
1318 1250 1360 1288 in
1385 1251 1446 1289 sui
1478 1251 1624 1289 erroris

175 1308 514 1347 confirmationem
534 1308 758 1360 symbolum
781 1307 1264 1360 constantinopolitanum
1282 1306 1547 1358 rapientibus,
1579 1307 1627 1345 in

176 1378 257 1417 quo
279 1364 409 1403 solum
425 1364 621 1403 diceretur
637 1363 830 1416 Spiritum
845 1377 893 1401 ex
908 1370 1022 1416 patre
1039 1363 1267 1415 procedere,
1293 1362 1466 1414 theologi
1484 1363 1630 1416 passim

175 1419 412 1470 orthodoxi,
441 1421 669 1474 praesertim
690 1422 834 1458 Romae
849 1433 895 1458 ac
913 1433 983 1471 per
998 1419 1224 1472 provincias
1242 1419 1373 1458 Latini
1391 1421 1504 1467 ritus,
1531 1433 1631 1458 con-

175 1477 420 1516 testabantur
456 1478 511 1516 ita
540 1477 621 1516 dici
649 1477 691 1514 in
720 1476 1157 1529 Constantinopolitano
1185 1475 1365 1527 symbolo
1394 1476 1587 1528 Spiritum
1606 1489 1631 1514 a

175 1539 288 1585 patre
313 1534 551 1585 procedere,
579 1539 627 1571 ut
652 1546 735 1571 non
762 1533 999 1571 excludatur
1025 1532 1270 1571 consortium
1294 1532 1391 1580 filii,
1422 1533 1486 1571 cui
1515 1538 1628 1585 pater

164 1589 307 1628 *omnia
324 1603 393 1628 sua
415 1589 680 1629 communicet
697 1595 852 1641 praeter
874 1602 954 1627 esse
971 1596 1144 1641 patrem,
1173 1601 1220 1625 ac
1240 1595 1524 1639 consequenter
1543 1588 1630 1640 spi-

174 1645 368 1685 rationem
388 1659 545 1697 quoque
565 1646 734 1684 activam
755 1646 892 1683 confer
895 1651 948 1694 at,
969 1658 1046 1696 qua
1060 1645 1129 1682 ille
1149 1644 1219 1682 fiat
1235 1657 1368 1682 secum
1387 1658 1511 1683 unum
1533 1645 1628 1697 Spi-

174 1702 274 1741 ritus
295 1703 428 1740 Sancti
451 1702 713 1754 principium·
705 1731 715 1750 ,
747 1714 868 1750 quare
889 1715 980 1739 cum
999 1702 1167 1739 Sanctus
1186 1700 1356 1751 Spiritus
1372 1715 1393 1738 a
1412 1708 1525 1753 patre
1544 1714 1627 1739 non

178 1755 545 1809 quomodocumque
562 1758 631 1798 sed
650 1771 722 1810 per
740 1758 890 1807 filium,
919 1763 966 1795 ut
987 1763 1118 1809 patres
1142 1757 1301 1807 quidam
1325 1757 1464 1795 Graeci
1483 1758 1628 1808 loque-

175 1814 581 1866 rentu1,p1ocedat‚
606 1827 701 1852 vere
732 1820 772 1852 et
801 1814 852 1852 ad
878 1819 1080 1852 3110101811]
1108 1826 1264 1851 sensum
1295 1813 1487 1864 explicari
1517 1815 1627 1852 Con-

175 1870 577 1922 stantinopolitanum
602 1870 848 1922 symbolum,
879 1883 958 1921 quo
986 1870 1076 1908 loeo
1105 1869 1160 1907 ait
1186 1868 1377 1921 Spiritum
1395 1870 1581 1908 Sanctum
1601 1883 1625 1907 a

176 1932 290 1979 patre
316 1927 553 1979 procedere,
583 1927 832 1977 adiungendo
858 1939 946 1964 eum
970 1940 992 1964 a
1013 1926 1097 1964 filio
1125 1938 1278 1978 quoque
1304 1926 1484 1977 produci.
1541 1927 1624 1964 fer-

175 1982 361 2021 ventibus
387 1983 494 2022 hisce
522 1983 694 2022 dissidiis
715 1997 787 2035 per
806 1983 916 2021 hunc
934 1982 1118 2032 modum,
1146 1982 1239 2020 addi
1258 1982 1389 2033 coepit
1402 1981 1581 2033 symbolo
1600 1996 1624 2020 a

176 2038 327 2078 Latinis
354 2040 516 2078 verbum
533 2041 728 2092 filioque,
756 2052 855 2077 voce
879 2045 1031 2077 tantum
1058 2044 1192 2088 tenus,
1221 2038 1265 2075 in
1293 2037 1624 2089 disputationibus

170 2094 230 2133 'de
257 2094 334 2132 isto
362 2096 551 2146 dogmate.
606 2109 732 2148 eoque
759 2095 956 2146 pertinere
980 2094 1168 2143 arbitror,
1199 2093 1304 2144 quod
1320 2093 1508 2145 Iosephus
1532 2094 1625 2145 epi-

179 2163 326 2202 scopus
355 2151 620 2190 Methonensis
644 2153 686 2190 in
712 2151 816 2190 libro
844 2157 982 2189 contra
1008 2150 1185 2188 Marcum
1209 2148 1423 2201 Ephesium
1442 2155 1623 2199 testatur,

180 2213 380 2245 auctorem
402 2207 570 2246 laudans
590 2207 807 2246 Aristinum
825 2207 1080 2254 historicum,
1108 2218 1204 2244 mox
1222 2219 1245 2242 a
1264 2206 1435 2244 secunda
1450 2206 1624 2257 generali

180 2263 358 2314 synodo,
385 2262 463 2301 iam
488 2269 574 2301 tum
605 2270 783 2315 tempore
811 2263 964 2302 Damasi
991 2275 1139 2314 papae,
1181 2261 1490 2300 additamentum
1513 2262 1623 2301 vocis

171 2320 345 2370 filioque
372 2332 453 2356 non
481 2320 599 2357 modo
624 2334 644 2357 a
664 2319 810 2358 Latinis
828 2321 974 2359 factum
993 2319 1061 2357 sed
1083 2333 1105 2356 a
1126 2318 1285 2356 Graecis
1305 2331 1463 2370 quoque
1482 2317 1623 2356 ortho-

184 2374 299 2412 doxis
333 2375 454 2413 fuisse
489 2376 808 2428 comprobatum3
848 2376 995 2427 quippe
1023 2373 1193 2412 consciis
1219 2387 1303 2412 eam
1333 2387 1466 2413 veram
1501 2374 1623 2414 fuisse

184 2431 708 2483 Constantinopolitanorum
725 2438 880 2484 patrum
899 2430 1068 2483 symboli
1086 2436 1293 2468 auctorum
1310 2430 1556 2470 sententiam.

295 2487 370 2524 Res
383 2487 425 2525 in
447 2501 492 2525 eo
512 2494 619 2532 statu
636 2489 822 2526 mansisse
837 2488 995 2527 videtur
1011 2500 1083 2540 per
1098 2500 1220 2525 annos
1237 2487 1318 2526 fere
1333 2487 1415 2529 400
1431 2500 1556 2538 usque
1572 2487 1622 2524 ad

183 2548 362 2594 tempora
391 2544 586 2582 secundae
613 2544 804 2582 Nicaenae
829 2543 991 2595 synodi,
1022 2556 1120 2594 quae
1139 2543 1216 2582 suit
1234 2543 1422 2594 generalis
1439 2542 1619 2594 septima,

187 2612 291 2637 anno
310 2598 456 2637 Christi
474 2603 556 2642 787
573 2599 779 2638 celebrata.
813 2606 912 2638 tunc
931 2599 1032 2637 enim
1052 2599 1224 2651 primum
1242 2613 1292 2638 ex
1308 2599 1438 2638 verbis
1454 2599 1496 2636 in
1518 2597 1624 2636 scri-

185 2660 257 2706 pta
276 2661 456 2706 promota
473 2662 532 2694 est
547 2655 713 2704 additio,
739 2655 930 2706 siquidem
947 2655 1029 2694 eius
1044 2655 1314 2694 oecumenicae
1327 2667 1460 2692 sacrae
1480 2653 1625 2705 synodi

186 2711 341 2749 actione
371 2715 399 2753 7
429 2711 638 2751 1ecitatum
670 2717 781 2750 extat
814 2712 1288 2764 constantinopolitanum
1314 2710 1535 2762 symbolum
1561 2708 1624 2747 his

185 2766 305 2818 plane
322 2768 473 2806 verbis:
502 2767 617 2806 credo
636 2769 680 2806 in
700 2769 896 2819 Spiritum
915 2769 1111 2807 Sanctum
1139 2797 1148 2806 .
1168 2797 1179 2807 .
1199 2768 1310 2820 ,qui
1328 2780 1373 2804 ex
1387 2773 1508 2817 patre
1527 2772 1563 2802 et
1581 2778 1625 2802 ex

178 2822 275 2873 ,filio
293 2824 489 2874 procedit.
547 2825 696 2864 Graece
718 2824 763 2866 ἐκ
784 2827 859 2866 τοῦ·
885 2839 1034 2879 πατρος
1051 2824 1121 2866 καὶ
1144 2822 1189 2865 ἐκ
1208 2826 1280 2865 τοῦ
1300 2822 1395 2863 υἱοῦ
1414 2817 1628 2875 ἐκπορευό·
