1884 3262
255 207 355 253 458
670 205 904 249 GEORGII
937 204 1286 249 PACHYMERIS

257 320 458 374 μεριμνῶν
491 311 784 370 ἐπανάστασιν,
823 316 1003 373 φρερίοις
1030 314 1261 371 ἐντυχόντες
1289 315 1392 361 κατά
1419 334 1498 361 που
1529 316 1604 371 τὴν
1632 334 1704 361 πε·-

258 387 377 443 ραίαν
393 381 542 439 χλεύην
561 384 636 438 τὴν
654 383 813 440 εἰρήνην
834 383 943 427 εἷπον
968 386 1033 427 καὶ
1056 383 1215 440 ἀπάτην
1235 383 1330 428 εἶναι
1339 417 1353 438 ,
1390 387 1455 428 καὶ
1475 386 1705 442 προυβίβα-

209 463 239 496 D
263 470 340 496 σαν
362 454 487 506 ζητεῖν
507 456 616 508 σφᾶς
635 453 681 495 τὸ
702 453 822 495 πλέον
843 450 947 495 κατά
970 470 1058 495 τινα
1082 451 1273 507 δοκιμήν,
1312 454 1377 495 καὶ
1405 451 1526 496 τοῦτό
1551 454 1635 496 ἐστι
1655 452 1702 495 τὸ

259 525 333 577 τῆς
353 518 573 574 ἐπιστάσης
590 523 803 576 πρεσβείας
831 519 1073 577 κεφάλαιον,
1108 519 1311 574 βούλομαι
1336 521 1554 575 προλαβὼν
1578 520 1704 576 μικρὰ

260 589 363 645 πρὸς
383 587 490 642 ὑμᾶς
513 590 631 631 εἰπεῖν
651 591 716 631 καὶ
737 594 1073 645 πληροφορῆσαι,
1109 587 1164 638 ὥς
1184 588 1233 630 ἂν
1248 589 1306 644 μὴ
1327 589 1564 638 ἐξαπιναίως
1580 586 1736 632 ἀκού-5

260 674 403 706 σαντες
430 658 725 711 ταραχθειήτε,
762 657 868 711 μηδέ
893 674 931 699 τι
964 655 1084 699 πάλιν
1109 655 1223 711 ἡμῶν
1242 657 1289 699 τὸ
1311 656 1413 712 πρὸς
1433 660 1543 713 σφᾶς
1561 661 1707 712 κυβερ-

261 727 424 780 νητικὸν
453 722 606 775 ἲὸόντες
636 723 834 778 ὑποψίαις
865 732 954 775 ταῖς
984 725 1029 767 οὗ
1061 729 1203 775 καλαῖς
1226 726 1313 780 περὶ
1341 723 1455 779 ἡμῶν
1475 725 1706 778 βληθείητε.

261 793 339 849 ἐγὼ
363 790 439 848 γάρ
451 825 464 844 ,
501 792 576 834 κᾶν
608 795 809 849 συνίστωρ
831 793 889 847 εἴη
910 791 1007 842 θεός
1019 826 1030 845 ,
1059 791 1161 849 ὑπὲρ
1191 797 1263 835 τοῦ
1283 790 1340 847 μή
1359 810 1397 834 τι
1418 795 1709 848 παραλυθῆναι

261 866 344 904 τῶν
372 859 575 916 ἡμετέρων
602 861 718 916 μέχρι
744 863 808 903 καὶ
841 861 968 915 αὐτῆς
995 862 1156 914 κεραίας
1180 860 1301 915 ἢμὴν
1324 862 1448 912 ἰῶτα,
1486 858 1610 909 αὐτὸς
1632 859 1708 914 ἐγὼ

210 940 243 974 Ε
267 933 623 983 καθυπισχνοῦμαι
654 930 755 972 αὐτὸ
785 929 831 972 τὸ
860 934 973 971 θεῖον
994 927 1202 981 σύμβολον
1223 933 1304 970 τῶν
1326 928 1510 984 πατέρων
1532 928 1706 970 ἐνθεῖναι
1718 939 1763 973 10

263 999 441 1056 σημαία,
478 999 543 1039 καὶ
572 1002 796 1051 πολεμῆσαι
819 997 876 1052 μὴ
901 995 961 1039 ὅτι
989 1014 1030 1052 γε
1055 997 1224 1046 Ἰταλοῖς
1245 996 1348 1038 ἀλλὰ
1371 998 1436 1039 καὶ
1458 997 1576 1038 παντὶ
1598 994 1709 1038 ἔθνει

261 1064 362 1121 ὑπὲρ
383 1063 539 1107 τούτων
556 1064 895 1122 ἀμφισβητοῦντι.
967 1066 1033 1107 καὶ
1054 1063 1157 1119 αὕτη
1176 1065 1248 1112 μέν
1265 1066 1371 1106 ε’στιν
1389 1062 1414 1119 ἡ
1432 1063 1705 1119 πληροφορία,

263 1132 313 1187 ἢν
344 1134 490 1187 δίδωμι
521 1133 623 1189 πρὸς
653 1131 783 1187 ὑμᾶς·
824 1132 957 1182 ἄλλως
988 1133 1032 1175 δὲ
1063 1137 1304 1187 κυβερνῆσαι
1335 1134 1402 1174 καὶ
1432 1130 1520 1185 μετ’
1551 1129 1709 1186 εἰρήνης

123 1210 151 1244 Ρ
174 1210 242 1245 314
264 1201 505 1254 ἀποπέμψαι
535 1200 631 1249 τοὺς
663 1202 848 1256 πρέσβεις
877 1199 969 1242 οὔτ’
1002 1201 1088 1254 ἐμοὶ
1118 1200 1272 1251 νέμεσις
1296 1198 1457 1248 πάντως
1484 1197 1587 1241 οὗθ’
1610 1196 1708 1251 ὖμΐν

262 1269 399 1311 ἀδικία
428 1268 474 1310 τὸ
504 1266 688 1311 σύνολον.
761 1269 859 1318 ἀξιῶ
890 1263 962 1310 οὖν
993 1269 1059 1309 καὶ
1090 1265 1451 1324 προσπτύσσεσθαι
1474 1270 1581 1322 σφᾶς
1599 1270 1706 1322 φιλι-
1720 1280 1763 1315 15

262 1341 343 1386 κῶς
368 1338 433 1379 καὶ
456 1333 712 1387 ἀσπάζεσθαι
731 1336 927 1390 εὐμενῶς,
959 1333 1105 1388 μήπως
1126 1337 1190 1377 καὶ
1211 1335 1284 1390 τὴν
1305 1333 1470 1391 θήραν,
1510 1333 1531 1376 ὃ
1553 1331 1603 1387 δή
1625 1350 1708 1390 φα-

262 1420 351 1457 σιν,
390 1402 730 1458 ἀνασοβήσωμεν,
765 1406 832 1446 καὶ
860 1407 1017 1457 μᾶλλον
1044 1402 1160 1446 mina
1185 1401 1392 1459 γεγονότος
1419 1402 1532 1454 νέου,
1568 1403 1634 1443 καὶ
1659 1400 1707 1443 οὗ

263 1472 368 1515 κατὰ
394 1472 465 1515 τὸν
494 1470 718 1528 Γρηγόριον
749 1471 865 1521 ι’)’ντος
900 1472 1090 1524 εὐμενοῦς
1122 1470 1229 1514 οὕτω
1261 1478 1346 1521 τοῖς
1371 1469 1577 1525 ἡμετέροις
1603 1466 1707 1525 πρά-

262 1557 400 1597 γμασι.
452 1540 500 1583 τὸ
521 1540 562 1582 δ’
587 1541 773 1583 ἐντεῦθεν
791 1541 877 1594 ἐμοὶ
893 1537 1081 1594 μελήσει,
1107 1540 1212 1595 μηδὲ
1234 1541 1399 1596 διωρίαν
1418 1536 1584 1592 λαβόντι
1605 1542 1708 1592 βου-

351 1672 385 1708 2.
409 1669 478 1717 τὴν
498 1670 629 1706 deerat.

260 1787 327 1821 lum
351 1785 569 1830 contingere)
607 1795 681 1819 cum
704 1783 833 1818 Freriis
865 1783 954 1829 apud
978 1785 1138 1818 Peraeam
1173 1782 1344 1828 congressi
1367 1782 1521 1817 dixerunt
1543 1780 1624 1816 nihil
1647 1780 1711 1815 nisi

261 1832 444 1866 ludibrium
468 1836 504 1866 et
524 1830 679 1865 fraudem
702 1829 789 1863 hanc
813 1841 929 1873 pacem
953 1841 1050 1871 esse,
1088 1833 1124 1863 et
1145 1829 1209 1863 hoc
1231 1828 1431 1873 imprudenti
1463 1829 1552 1862 dicto
1575 1826 1709 1861 Latinis

263 1877 470 1911 occasionem
494 1877 722 1921 praebuerunt
743 1874 938 1918 exquirendi
961 1875 1035 1919 plus
1057 1874 1194 1919 aliquid,
1219 1879 1258 1908 ut
1275 1874 1499 1918 experimento
1514 1872 1597 1906 satis
1614 1875 1708 1906 certo

265 1927 400 1956 constet
421 1922 511 1956 serio
534 1933 574 1956 ac
597 1931 677 1954 vere
701 1931 769 1953 rem
794 1926 984 1964 peractam,
1015 1921 1103 1953 unde
1126 1920 1229 1960 haec,
1262 1930 1360 1964 quam
1383 1919 1529 1952 audituri
1553 1929 1627 1951 mox
1650 1929 1708 1951 su-

263 1979 357 2011 mus,
388 1967 516 2011 legatio
546 1971 626 2000 nata
649 1969 722 2007 est,
755 1966 850 1999 cuius
873 1977 1007 2009 scopum
1031 1965 1245 2010 praecipuum
1269 1975 1344 1998 esse
1366 1964 1511 2008 comperi
1531 1964 1595 1997 hoc
1617 1962 1709 2008 quod

266 2013 365 2048 modo
389 2013 457 2046 dixi
481 2024 501 2047 a
523 2012 621 2046 nobis
645 2011 800 2055 exigere,
833 2010 906 2044 volo
930 2011 1046 2055 paucis
1069 2021 1317 2055 praeoccupare
1343 2021 1384 2043 ac
1404 2008 1614 2054 praemunire
1637 2018 1710 2050 voe,

267 2071 311 2093 ne
333 2058 392 2092 ubi
415 2070 502 2104 quae
524 2058 572 2092 illi
596 2058 773 2102 loquentur
795 2056 952 2096 audietis,
982 2056 1092 2089 subito
1115 2054 1377 2097 conturbemini,
1413 2066 1498 2089 neve
1520 2054 1556 2088 in
1577 2057 1710 2088 vestros

268 2104 394 2138 animos
425 2103 605 2148 suspicioni
629 2104 671 2136 de
694 2101 789 2135 nobis
818 2101 975 2136 sinistrae
996 2101 1053 2134 ulli
1077 2106 1195 2146 pateat
1215 2101 1346 2143 aditus,
1382 2101 1500 2145 utique
1531 2100 1709 2145 postquam

267 2150 359 2184 clare
381 2148 627 2194 perspexeritis
650 2159 749 2193 quam
772 2147 902 2181 sincera
925 2158 1090 2191 quamque
1115 2146 1282 2180 constanti
1312 2146 1442 2179 ratione
1464 2146 1498 2179 in
1518 2150 1590 2180 tota
1612 2145 1710 2179 huius

266 2207 340 2229 cum
373 2195 505 2228 Latinis
536 2194 779 2238 gubernatione
810 2193 936 2236 negotii
964 2203 1149 2226 versemur.
1195 2203 1258 2235 ego
1281 2191 1366 2225 enim
1389 2194 1506 2226 sancte
1536 2190 1708 2236 polliceor,

267 2244 303 2274 et
325 2244 364 2274 ut
387 2239 552 2274 conscium
575 2240 682 2273 habeo
706 2238 820 2281 deum,
855 2238 905 2271 ita
927 2241 1048 2271 testem
1070 2238 1190 2278 invoco
1215 2237 1355 2271 eundem
1375 2236 1612 2275 irrevocabilis
1629 2247 1710 2281 pro-

267 2285 397 2331 positi:
433 2286 616 2330 profiteor,
639 2285 794 2330 inquam,
817 2287 853 2316 et
874 2283 1047 2317 verissime
1070 2283 1228 2327 promitto
1250 2283 1394 2326 rigorem
1415 2281 1627 2316 inflexibilem
1650 2292 1710 2315 us-

267 2342 334 2375 que
367 2330 409 2365 ad
442 2330 665 2364 exclusionem
696 2330 753 2363 vel
786 2329 878 2362 iotae
911 2329 964 2362 vel
995 2329 1100 2374 apicis
1123 2329 1232 2362 unius.
1280 2327 1504 2372 confirmoque
1525 2339 1578 2361 me
1599 2326 1711 2362 neuti-

268 2387 368 2420 quam
399 2387 572 2421 passurum
604 2374 683 2410 addi
714 2374 863 2419 symbolo
890 2379 1022 2418 patrum
1045 2375 1097 2407 vel
1121 2374 1280 2407 minimam
1311 2373 1477 2414 notulam3
1516 2377 1551 2407 et
1573 2372 1603 2406 si
1625 2382 1710 2417 opus

268 2421 335 2463 sit,
373 2432 414 2454 ea
447 2432 547 2455 causa
578 2421 697 2455 bellum
719 2424 972 2464 suscepturum,
1011 2431 1075 2453 non
1103 2419 1207 2454 solum
1230 2431 1304 2453 cum
1327 2419 1421 2452 Italis
1443 2418 1504 2452 sed
1526 2429 1600 2452 cum
1623 2428 1710 2462 qua-

266 2466 319 2500 vis
340 2466 469 2500 omnino
493 2470 592 2509 gente
615 2467 656 2500 ad
679 2466 714 2499 id
737 2477 798 2500 nos
822 2465 958 2510 adigere
979 2466 1123 2500 volente.
1169 2465 1212 2498 de
1236 2465 1298 2498 hoc
1318 2463 1403 2498 certi
1419 2467 1549 2505 estote,
1569 2463 1605 2497 in
1619 2461 1708 2507 quod

266 2512 311 2545 do
333 2510 430 2546 vobis
451 2511 551 2545 fidem
574 2511 807 2556 plenissimam.
858 2522 931 2545 cum
955 2522 994 2544 eo
1017 2515 1127 2545 tamen
1151 2511 1315 2555 deprecor
1336 2521 1379 2543 ne
1401 2509 1534 2554 placide
1555 2519 1623 2542 rem
1646 2507 1710 2541 ad-

266 2556 457 2591 ministrare
488 2567 529 2590 ac
561 2557 701 2600 pacifice
731 2557 903 2590 dimittere
931 2556 1061 2600 legatos
1083 2556 1137 2589 vel
1158 2556 1238 2589 mihi
1261 2556 1304 2590 ad
1326 2554 1614 2599 reprehensionem
1645 2552 1709 2586 im-

267 2606 428 2647 putetur,
451 2605 510 2636 aut
533 2602 574 2635 ad
598 2601 751 2635 damnum
772 2603 873 2636 ullum
894 2607 1042 2637 vestrum
1066 2601 1262 2635 iniuriamve
1285 2600 1453 2645 pertinere
1475 2599 1605 2634 omnino
1629 2609 1709 2632 cen-

268 2653 396 2683 seatur.
441 2647 519 2681 volo
542 2646 648 2691 igitur
671 2650 707 2680 et
729 2648 885 2691 amplecti
908 2658 967 2682 eos
989 2647 1099 2689 amice*
1115 2653 1151 2681 et
1175 2649 1322 2680 salutare
1345 2645 1528 2686 benevole,
1549 2655 1590 2677 ne
1606 2644 1706 2685 forte,

268 2693 358 2738 quod
392 2692 535 2736 dicitur,
572 2691 654 2726 feris
685 2691 919 2736 intempestive
950 2691 1119 2726 terrendis
1141 2692 1331 2726 venationis
1352 2691 1495 2724 fructum
1517 2689 1708 2734 perdamus.

269 2750 356 2783 quae
378 2738 485 2782 magis
508 2749 594 2772 nunc
616 2737 808 2771 necessaria
831 2742 885 2771 est
907 2738 1039 2780 cautio,
1061 2749 1134 2772 cum
1158 2749 1247 2782 papa
1268 2747 1376 2771 novus
1397 2735 1463 2777 sit,
1496 2734 1596 2779 isque
1620 2733 1709 2768 haud

270 2784 347 2829 pari
370 2796 410 2818 ac
433 2783 619 2828 Gregorius
641 2783 757 2816 favore
781 2782 816 2815 in
839 2794 894 2817 res
917 2788 1049 2817 nostras
1071 2782 1261 2825 instinctus.
1306 2792 1400 2815 meae
1421 2781 1465 2814 de
1487 2787 1621 2814 caetero
1649 2790 1709 2813 eu-

270 2840 332 2863 rae
354 2829 456 2864 fuerit
476 2829 524 2863 ita
545 2828 611 2864 illis
632 2828 862 2874 respondendo
891 2828 1106 2871 satisfacere,
1136 2832 1175 2862 ut
1197 2839 1218 2863 a
1240 2827 1311 2862 fixa
1330 2826 1366 2861 in
1388 2829 1516 2861 statuto
1539 2826 1607 2861 iam
1628 2835 1709 2860 con-
