1884 3262
263 194 363 243 476
682 196 919 242 GEORGII
947 198 1295 244 PACHYMERIS

262 313 337 354 τοῦ
367 307 488 365 ῥηγός
516 304 739 363 Καρούλου
771 307 999 352 ἁλίσκεται·
1036 311 1104 353 καὶ
1126 307 1251 362 αὖθις
1273 312 1464 369 ἀγγελθὲν
1485 312 1540 365 ὥς
1559 331 1724 372 πρωτο-

262 380 389 433 κῆρυξ
409 380 484 430 τῆς
504 376 716 431 ἐκκλησίας
734 375 755 419 ὃ
777 379 993 432 συσχεθείς
1005 411 1019 432 ,
1048 381 1117 421 καὶ
1142 382 1404 436 προσταχθὲν
1434 382 1580 426 αὐτίκα
1610 383 1724 438 παρὰ

212 458 243 491 D
268 448 341 487 τοῦ
360 442 477 486 πάπα
488 476 502 496 ,
539 448 727 500 φυλακῆς
747 444 983 492 ἀπολύεται.
1030 449 1098 490 καὶ
1116 452 1247 490 ταῦτα
1267 449 1342 502 μὲν
1363 447 1384 491 ὅ
1403 455 1562 506 κρατῶν
1582 452 1720 504 ἐποίει,

263 512 389 561 πολὺς
418 511 474 554 ὢν
506 516 579 567 τῆς
611 513 857 569 φαινομένης
885 515 1035 570 ἐκείνης
1058 513 1217 571 εἰρήνης
1240 519 1464 561 διανιστᾶν.
1534 518 1634 562 ὅθεν
1655 521 1723 561 καὶ
1781 574 1783 576 q

257 578 401 636 χώραν
430 580 504 623 οὐκ
536 579 641 635 εἶχον
673 582 711 624 οἱ
741 587 815 624 τοῦ
843 583 997 639 Ἰωσὴφ
1027 583 1129 639 πρὸς
1166 585 1311 628 ἔκεῖνον
1341 582 1471 641 λόγοι,
1508 587 1614 643 πλὴν
1647 591 1721 630 τοῦ
1731 594 1754 629 5

261 652 432 705 φιλικῶς
453 648 552 703 ἔχειν
575 651 642 691 καὶ
664 649 716 692 τὰ
737 652 792 700 εἷς
815 649 1047 694 ἀνάπαυσιν
1064 652 1198 710 ἐκείνῳ
1218 653 1468 708 προσνέμειν.

210 727 243 762 Ε
406 718 487 763 23.
560 721 632 776 Τῷ
651 719 695 760 δὲ
716 717 1052 775 πατριαρχεύοντι
1067 718 1235 778 Ἰωάννῃ
1253 720 1328 764 οὐκ
1346 716 1396 775 ἦν
1415 722 1489 771 τὰς
1508 719 1724 777 ὁμολογίας

264 782 507 842 φυλάττειν,
547 784 595 835 ἃς
621 786 724 842 πρὸς
751 787 823 829 τὸν
853 788 1026 843 γεραρὸν
1054 789 1202 831 ἐκεῖνον
1225 787 1357 844 ἄνδρα
1375 789 1445 832 τὸν
1464 789 1590 844 μέγαν
1614 791 1724 831 οἴκο-

120 865 146 898 Ρ
171 865 240 899 326
265 852 392 908 νόμον
412 858 484 908 τῆς
506 854 718 908 ἐκκλησίας
741 855 811 898 τὸν
833 854 1047 912 Ξιφιλΐνον
1065 857 1187 899 ἐποίει
1209 855 1439 913 Θεόδωρον,
1478 855 1533 907 ὥς
1552 856 1599 900 οὗ
1622 855 1724 913 γρά-

263 934 363 975 ψοι,
411 920 466 972 ὥς
497 922 571 964 οὐκ
605 922 784 966 ἀντείποι
817 926 906 979 περὶ
933 922 1147 980 δογμάτων
1177 924 1252 968 κᾶν
1284 924 1307 968 ὅ
1333 942 1372 968 τι
1404 926 1552 979 λέγοιεν
1583 924 1781 969 mana-10

262 989 360 1032 ἀλλ’
385 988 582 1046 ὁσημέραι
602 989 816 1045 δεχόμενον
837 992 889 1034 τοὶ
910 998 991 1035 τῶν
1012 992 1167 1044 ἄλλων,
1207 993 1253 1035 οἳ
1279 993 1330 1047 δὴ
1363 996 1429 1036 καὶ
1459 995 1499 1044 ἒς
1523 993 1628 1049 μέγα
1647 991 1726 1048 ηὗ-

264 1062 387 1109 ξανον
417 1059 492 1112 τὴν
523 1061 787 1112 παραβασίαν
815 1061 857 1110 ἐξ
883 1054 940 1102 ὧν
971 1061 1050 1103 ἀπὸ
1080 1066 1250 1117 γραφῶν
1279 1059 1466 1104 δεικνύειν
1498 1060 1628 1119 ᾤοντο
1664 1058 1726 1110 οἷς

265 1126 368 1182 πρὸς
391 1126 487 1176 τοὺς
503 1125 684 1175 Ἰταλοὺς
704 1127 938 1182 εἰρήνευσαν
952 1161 965 1181 ,
1004 1130 1070 1171 καὶ
1103 1133 1161 1187 τῷ
1188 1129 1293 1171 κατὰ
1324 1134 1433 1186 σφᾶς
1453 1129 1635 1186 ἀσφαλεῖ
1651 1128 1725 1183 τὴν

263 1199 346 1237 τῶν
366 1194 502 1238 ἄλλων
520 1194 643 1251 ὀργὴν
662 1195 862 1248 ἐξέκαιον,
900 1198 933 1239 εἷ
963 1194 1163 1246 τοιούτοις
1193 1197 1475 1251 συνισχημὲνοι
1494 1203 1581 1246 τοῖς
1599 1201 1724 1250 χαλε-

264 1269 357 1312 ποῖς
391 1263 597 1318 ἀγνοοῦσι.
666 1264 735 1305 διὰ
758 1268 890 1306 ταῦτα
912 1269 1094 1320 παρῆγον
1119 1264 1301 1307 κάκεῖνον
1323 1263 1516 1320 γράφειν,
1552 1267 1617 1306 καὶ
1639 1264 1719 1307 ἀπὸ
1734 1271 1777 1306 15

262 1335 431 1387 γραφῶν
450 1335 646 1373 συνιστᾶν
666 1329 863 1381 ὡσαύτως
888 1330 944 1381 ὡς
966 1332 1040 1375 οὐκ
1067 1332 1264 1389 ἔσφαλται
1282 1334 1420 1389 σφίσιν
1439 1334 1506 1390 ἐπὶ
1526 1336 1723 1375 τοσοῦτον

212 1410 240 1445 Β
264 1399 337 1454 τὴν
367 1403 449 1442 τῶν
484 1400 703 1455 ἐκκλησιῶν
738 1401 1118 1458 καταπραξαμένοις
1147 1399 1307 1458 εἰρήνην
1316 1433 1329 1453 ,
1373 1400 1477 1443 ἀλλὰ
1510 1401 1576 1443 καὶ
1597 1402 1725 1456 χωρὶς

264 1600 411 1635 Carolus
446 1598 719 1645 comprehensum
752 1599 928 1634 custodiae
954 1600 1126 1644 dedisset,
1164 1612 1256 1648 papa
1286 1601 1412 1635 certior
1432 1602 1544 1636 factus
1567 1611 1641 1634 eum
1664 1600 1723 1645 qui

263 1646 473 1691 mancipatus
497 1645 629 1680 carceri
650 1646 765 1680 fuerat
787 1646 951 1680 ecclesiae
974 1650 1228 1691 praecentorem
1252 1658 1347 1690 esse,
1380 1644 1465 1681 solvi
1494 1650 1569 1680 enm
1604 1647 1722 1679 confe-

263 1694 342 1727 stim
374 1697 409 1726 et
442 1691 566 1725 dimitti
594 1691 735 1725 liberum
771 1693 916 1726 curavit.
963 1692 999 1725 in
1029 1693 1118 1726 hunc
1140 1693 1271 1727 modum
1296 1693 1418 1727 multus
1441 1695 1516 1726 erat
1538 1691 1722 1736 imperator

260 1738 296 1771 in
319 1739 401 1780 ista,
433 1738 549 1771 fucata
571 1737 651 1771 licet
674 1749 737 1771 nec
760 1749 802 1772 ex
832 1749 914 1771 vero
938 1738 1082 1780 coalita,
1116 1750 1202 1783 pace
1222 1738 1498 1783 coagmentanda.
1543 1747 1649 1783 quare
1671 1738 1721 1771 lo-

259 1795 335 1817 cum
360 1783 449 1828 apud
473 1794 548 1816 eum
571 1794 637 1816 non
659 1783 858 1817 invenerunt
880 1783 965 1817 illati
988 1789 1107 1818 contra
1129 1796 1203 1818 eam
1230 1795 1402 1818 sermones
1423 1796 1445 1819 a
1466 1783 1630 1827 Iosepbo,
1661 1781 1722 1827 qui

263 1829 407 1873 gratiam
435 1828 524 1873 apud
548 1828 732 1873 principem
753 1828 923 1874 antiquam
946 1840 1034 1863 nova
1066 1830 1340 1864 reconciliatione
1360 1829 1557 1864 resarcitam
1581 1831 1722 1861 eatenus

263 1875 393 1915 tenuit,
426 1880 466 1907 ut
497 1874 564 1919 ipsi
594 1878 675 1907 tunc
706 1874 863 1908 restituto
887 1874 922 1907 in
945 1875 1206 1909 familiaritatem
1238 1876 1414 1922 pristinam
1437 1875 1540 1909 etiam
1563 1873 1606 1908 de
1628 1884 1721 1907 com-

264 1920 405 1955 modiori
426 1919 610 1953 diversorio
635 1919 677 1953 ad
695 1925 813 1954 votum
836 1919 1080 1964 provideretur.

356 1966 411 2000 23.
460 1965 641 1999 Caeterum
672 1965 866 2010 patriarcha
897 1967 1028 2000 Veccus
1063 1972 1181 2000 tenere
1211 1978 1249 2001 se
1283 1978 1348 2000 non
1380 1965 1492 2011 potuit
1521 1964 1613 1998 intra
1634 1964 1721 1997 fines

264 2014 442 2057 pactorum
472 2011 592 2056 quibus
627 2011 715 2044 ultro
745 2022 783 2045 se
812 2010 1041 2045 obstrinxerat
1067 2011 1140 2045 viro
1176 2012 1225 2046 illi
1256 2011 1446 2057 praestanti
1475 2021 1595 2055 magno
1619 2021 1722 2044 oeco-

265 2068 362 2091 nomo
386 2057 547 2090 ecclesiae
569 2057 749 2090 Theodoro
774 2056 966 2101 Xiphmm,
997 2057 1157 2101 pollicens
1180 2069 1218 2091 se
1241 2069 1306 2091 non
1330 2057 1532 2103 scripturum
1557 2059 1617 2089 aut
1640 2066 1722 2089 con-

263 2102 484 2136 tradicturum
517 2102 608 2136 circa
639 2103 817 2146 dogmata,
853 2102 1015 2147 quidquid
1046 2103 1103 2137 alii
1133 2103 1297 2137 dicerent.
1344 2115 1417 2137 curn
1450 2103 1537 2136 enim
1569 2100 1722 2146 quotidie

263 2148 438 2192 acciperet
461 2159 548 2182 nova
572 2148 819 2182 adversantium
841 2148 992 2192 scripta,
1032 2149 1154 2193 quibus
1177 2149 1346 2183 invidiose
1377 2148 1631 2193 exaggerabant
1653 2146 1720 2180 cri·-

264 2205 341 2227 men
364 2193 583 2228 admissorum
603 2194 636 2227 in
658 2194 917 2229 communionem
942 2194 1160 2235 Latinorum,
1191 2195 1280 2239 quod
1303 2195 1385 2228 nihil
1407 2195 1514 2229 minus
1537 2203 1637 2238 quam
1660 2203 1722 2225 ne·-

264 2239 385 2272 sariam
409 2238 611 2284 apostasiam
634 2250 709 2273 esse
732 2239 994 2281 contendebant,
1030 2240 1065 2273 id
1095 2241 1328 2274 demonstrare
1356 2252 1395 2274 se
1427 2243 1585 2285 putantes
1618 2236 1722 2271 certis

262 2296 354 2329 quae
375 2285 569 2328 allegabant
589 2286 844 2330 Scripturarum
867 2285 1091 2327 testimoniis,
1114 2286 1410 2331 adiungebantque
1431 2287 1523 2330 ipsos
1545 2285 1633 2318 falsa
1655 2283 1723 2316 ista

263 2334 301 2363 et
322 2341 487 2374 perversa
510 2331 715 2372 securitate,
737 2342 805 2376 qua
827 2330 928 2375 impio
951 2332 1041 2364 facto
1065 2333 1159 2373 velut
1181 2337 1275 2365 recto
1300 2336 1335 2366 et
1358 2330 1521 2365 laudabili
1542 2340 1605 2374 per
1625 2339 1724 2362 erro-

265 2387 335 2409 rem
367 2378 503 2411 delusae
536 2376 761 2410 conscientiae
795 2376 1074 2421 acquiescebant,
1109 2378 1296 2411 accendere
1331 2378 1368 2411 in
1406 2388 1444 2411 se
1476 2377 1546 2410 iras
1577 2373 1722 2418 odisque

266 2421 409 2455 aliorum
434 2428 573 2466 propter
595 2423 791 2456 caecitatem
815 2422 934 2463 animi,
968 2433 1036 2467 qua
1063 2434 1128 2456 non
1153 2423 1295 2466 cognitis
1321 2423 1444 2469 quibus
1465 2420 1618 2466 impliciti
1640 2420 1722 2453 bae-

266 2471 381 2500 rerent
404 2467 500 2500 malis
523 2467 556 2500 in
579 2467 622 2502 iis
645 2468 708 2502 sibi
736 2470 926 2513 placerent,
959 2486 1005 2493 —
1035 2480 1110 2502 cum
1136 2469 1257 2512 huius,
1289 2470 1444 2515 inquam,
1467 2465 1655 2502 sententiae
1679 2463 1721 2497 li-

265 2512 372 2546 bellos
396 2512 530 2557 prodire
553 2513 735 2558 spargique
757 2514 791 2547 in
814 2513 933 2557 vulgus
956 2513 1116 2558 plurimos
1150 2520 1330 2556 cerneret,
1360 2517 1553 2559 pertractus
1585 2509 1720 2544 tandem

266 2558 310 2592 ad
332 2557 544 2592 scribendum
568 2563 639 2599 est,
674 2563 856 2605 contraque
879 2559 1171 2594 demonstrandum
1204 2561 1402 2595 testimoniis
1424 2559 1554 2604 pariter
1575 2555 1723 2600 scripto-

269 2615 340 2637 rum
371 2603 659 2646 authenticorum,
692 2605 773 2638 nibil
796 2617 817 2639 a
840 2617 878 2639 se
901 2610 961 2639 aut
982 2617 1004 2639 a
1027 2617 1106 2639 suas
1130 2611 1247 2650 partes
1269 2605 1487 2652 sequentibus
1514 2607 1661 2635 erratum
1685 2600 1721 2634 in

269 2649 421 2683 omnibus
443 2661 531 2694 quae
554 2649 713 2683 hactenus
738 2651 885 2694 egissent
907 2662 970 2695 pro
993 2662 1079 2695 pace
1102 2653 1310 2686 concilianda
1326 2649 1562 2687 ecclesiarum,
1587 2646 1647 2680 sed
1664 2645 1722 2679 vel

265 2695 293 2728 si
324 2695 413 2729 nulla
445 2695 533 2729 ratio
557 2695 740 2728 haberetur
763 2696 947 2730 utilitatum
978 2696 1166 2741 ingentium
1189 2710 1278 2743 quae
1300 2698 1428 2732 ex'bac
1450 2691 1723 2728 reconciliatione
1738 2717 1745 2720 ⁴

263 2741 298 2774 in
321 2740 558 2785 rempublicam
581 2740 768 2774 universam
793 2742 1041 2785 redundarent,
1080 2742 1191 2789 ipsam
1221 2755 1283 2789 per
1312 2754 1350 2778 se
1375 2738 1586 2775 concordiam
1617 2738 1722 2771 hone-

265 2785 445 2821 stissimam
478 2786 581 2821 fuisse
612 2790 841 2830 remotamque
874 2788 917 2820 ab
954 2788 1044 2821 omni
1084 2789 1233 2834 periculo
1273 2785 1495 2823 conscientiae
1527 2783 1724 2836 laedendae,

266 2832 392 2878 quippe
415 2832 511 2868 cuius
533 2831 689 2878 aequitas
711 2835 747 2866 et
771 2832 938 2866 sanctitas
969 2833 1232 2870 auctoritatibus
1263 2837 1412 2869 veterum
1434 2835 1567 2877 patrum
1589 2837 1724 2875 gravis-
