1884 3262
464 183 537 226 DE
572 181 850 226 MICHAELE
884 182 1256 227 PALAEOLOGO
1292 184 1338 225 L.
1367 183 1423 228 V.
1581 179 1678 226 407

227 294 296 351 ἐφ’
317 292 377 344 οἷς
394 295 461 336 καὶ
479 293 680 349 βασιλέως
698 293 841 338 δέεται.
908 293 1012 337 ἀλλὰ
1033 291 1226 344 πολλάκις
1243 293 1366 337 εῗπών
1383 293 1459 337 οὐκ
1474 290 1678 349 ἠκούσθη,

225 364 294 405 καὶ
322 360 576 419 ὑπερήμερος
602 363 786 419 ἐφαίνετο
805 361 831 417 ἦ
850 360 1042 417 βοήθεια.
1113 361 1329 417 δράττεται
1364 363 1500 406 τοίνυν
1532 360 1554 405 ὃ
1580 379 1678 419 πρε-

225 428 383 484 σβεύων
401 435 560 487 καιροῦ,
581 433 648 473 καὶ
668 429 689 474 ὃ
709 431 848 486 καιρὸς
867 428 986 486 ἑορτὴ
1005 426 1054 484 ἦν
1073 435 1146 474 τοῦ
1163 432 1204 473 ἐν
1224 424 1404 487 μάρτυσι
1426 435 1674 487 περιφανοῦς
1696 436 1727 470 Ε

224 501 265 540 Γ
262 499 427 555 εωργίου
443 501 510 541 καὶ
530 497 694 550 σύναξις
714 499 875 555 ἀνδρῶν
895 498 968 541 οὐκ
989 497 1132 553 ὀλίγων
1151 498 1230 540 ἀνὰ
1249 499 1322 553 τὴν
1339 503 1422 542 τῶν
1440 496 1682 555 Μαγγάνων

191 565 365 622 ὄμονήν.
436 569 501 609 καὶ
534 565 555 610 ὃ
586 568 660 621 μὲν
687 566 813 622 ἱερεὺς
841 566 915 620 τὴν
946 566 1195 619 ἀναίμακτον
1226 567 1346 609 ἐτέλει
1373 568 1552 619 θυσιάν,
1592 564 1679 610 ὅδὲ

222 635 414 688 βασιλεῦς
434 633 648 689 ἱστάμενος
665 636 847 678 ἐτελεῖτο.
882 635 965 676 ἐπεὶ
986 636 1010 676 δ
1017 633 1030 649 ’
1055 632 1240 677 ἐτελεύτα
1261 632 1286 689 ἦ
1306 638 1388 677 τῶν
1409 633 1553 691 δώρων
1574 634 1676 677 ἀνα-

224 703 334 759 φορὰ
354 705 419 745 καὶ
443 704 521 746 ἔδει
540 704 610 746 τὸν
630 703 802 756 βασιλέα
831 700 1055 757 νιφόμενον
1085 706 1361 758 προεισελθεῖν
1391 701 1461 759 ἐφ’
1485 697 1518 761 ᾧ
1541 719 1583 744 τε
1601 720 1674 756 με-

223 778 385 826 τασχεῖν
406 770 632 827 ἇντιδώρου
654 773 720 813 καὶ
741 771 923 826 εὐλογίαν
942 770 1054 827 παρὰ
1076 775 1149 813 τοῦ
1174 768 1535 826 λειτουργήσαντος
1556 770 1675 821 δέξα-

222 844 349 892 σθαι,
385 840 638 895 ἀνοίγνυνται
662 840 713 881 τὰ
731 837 915 895 πρόσθεν
934 843 1017 882 τῶν
1038 837 1200 882 ἀδύτων
1225 837 1355 894 θίρια
1366 871 1379 891 ,
1417 839 1674 896 ἐμφανίζεται

169 905 243 954 1οὃ
264 909 338 962 τὴν
355 907 473 962 εὐχὴν
498 908 668 950 τελέσων
687 912 744 965 τῷ
763 912 943 959 βασιλεῖ’,
975 904 1158 964 πρόσεισι
1174 905 1389 961 βασιλεύς,
1426 907 1583 949 ἐκτείνει
1602 907 1675 956 τὰς

218 983 355 1031 χεῖρας
376 981 448 1018 τοῦ
469 978 584 1018 θείου
606 975 732 1030 ἄρτου
755 973 1008 1029 ληψόμενος,
1047 975 1172 1029 ἐπέχει
1193 975 1267 1029 τὴν
1284 974 1418 1025 δεξιὰν
1436 973 1457 1017 ὅ
1479 975 1604 1031 ἱερεύς
1626 974 1673 1017 τὸ

219 1048 293 1086 τοῦ
316 1044 424 1099 ἱεροῦ
446 1043 573 1099 ἄρτου
594 1041 755 1096 κλάσμα
778 1043 1042 1097 κατέχουσαν.
1110 1045 1176 1085 καὶ
1198 1042 1305 1086 οὕτω
1329 1046 1410 1086 τῶν
1430 1043 1504 1096 μὲν
1525 1047 1672 1099 χειρῶν
1697 1052 1724 1085 Ρ
1748 1054 1812 1087 276

219 1111 490 1164 ε’κτεταμένων
519 1116 576 1169 τῷ
607 1115 786 1164 βασιλεῖ,
823 1117 896 1166 τῆς
920 1112 964 1154 δὲ
985 1113 1118 1161 δεξιᾶς
1138 1116 1195 1169 τῷ
1217 1112 1313 1167 ἱερεῖ
1329 1109 1607 1167 ἀτρεμούσης,
1649 1110 1671 1165 ἦ

219 1184 385 1235 γλῶσσα
408 1180 518 1236 φέρει
538 1180 611 1234 τὴν
632 1180 782 1222 ἱκεσίαν
803 1182 869 1221 καὶ
891 1184 948 1238 τῷ
967 1180 1205 1238 λυπουμένῳ
1227 1182 1336 1234 ζητεῖ
1349 1178 1422 1235 τὴν
1441 1178 1568 1223 λύσιν.
1616 1177 1672 1221 εἷ-

164 1258 205 1291 15
220 1250 282 1297 δες
304 1247 355 1290 ἂν
375 1247 465 1290 τότε
483 1255 664 1303 γενναῖον
682 1245 932 1303 παράστημα
951 1252 1103 1302 ψυχῆς,
1124 1253 1199 1290 τοῦ
1217 1250 1290 1302 μὲν
1309 1245 1555 1297 ἱκετεύοντος
1575 1249 1674 1290 δοῦ-

218 1334 284 1358 ναι
314 1316 388 1371 τὴν
421 1314 558 1368 λύσιν,
596 1318 662 1358 καὶ
689 1320 761 1358 τοῦ
783 1316 857 1370 μὲν
879 1318 934 1365 εἷς
956 1315 1096 1371 καιρὸν
1119 1316 1377 1371 ἅναρτῶντος
1399 1313 1454 1364 ὥς
1474 1315 1532 1371 μὴ
1555 1315 1673 1365 ὄντος

218 1385 368 1426 ἐκείνου
398 1389 542 1440 καιροῦ
568 1382 742 1436 λύσεως,
780 1388 853 1426 τοῦ
887 1385 930 1426 δὲ
964 1386 1029 1426 καὶ
1051 1387 1208 1437 μᾶλλον
1234 1382 1288 1433 ὥς
1311 1383 1426 1432 ὄντος
1447 1382 1670 1439 ἔξανακρά-

219 1454 357 1504 ζοντος
389 1451 476 1507 ἅμα
505 1454 578 1507 μὲν
608 1450 808 1508 ἆγιασμοῧ
832 1454 875 1495 ἐκ
895 1456 996 1495 θεοῦ
1021 1450 1107 1507 ἅμα
1129 1453 1172 1494 δὲ
1194 1454 1258 1494 καὶ
1285 1453 1545 1506 συμπαθείας
1567 1451 1669 1509 πρὸς
1692 1460 1720 1494 Β

308 1571 374 1627 152
395 1574 474 1653 {pte
504 1570 730 1614 ἱκετεύοντος
759 1571 844 1606 haec
879 1572 953 1607 fere
977 1570 1191 1606 exciderunt:
1225 1571 1423 1617 ζητοῦντος
1445 1569 1488 1606 τὸ
1511 1568 1668 1616 κλάσμα,

303 1629 371 1653 του
439 1644 449 1655 .

212 1719 278 1753 iam
313 1719 415 1762 longa
447 1719 599 1765 adeoque
630 1719 762 1754 infinita
792 1718 975 1753 videbatur
1004 1729 1108 1764 saepe
1138 1719 1268 1753 frustra
1288 1718 1403 1764 rogati
1424 1717 1539 1753 auxilii
1560 1729 1666 1754 mora.

213 1765 333 1809 arripit
353 1766 457 1809 igitur
478 1766 686 1801 occasionem
707 1766 920 1805 intercessor,
945 1776 1043 1809 quam
1065 1776 1086 1798 a
1109 1765 1271 1808 religione
1292 1767 1368 1799 sore
1388 1765 1523 1809 putavit
1545 1765 1665 1799 effica-

215 1822 298 1844 cem.
344 1812 465 1845 festum
503 1813 671 1855 agebatur
693 1811 894 1857 perillustris
916 1810 1005 1843 inter
1027 1815 1196 1854 martyras
1220 1811 1383 1855 Georgii,
1421 1815 1456 1844 et
1479 1814 1666 1844 conventus

213 1860 289 1890 erat
311 1867 377 1890 non
401 1856 550 1891 modicae
572 1857 792 1891 multitudinis
815 1856 904 1901 apud
925 1856 1042 1889 aedem
1057 1867 1189 1890 sacram
1203 1855 1394 1890 monasterii
1408 1855 1666 1900 Manganorum,

211 1902 421 1936 incruentum
443 1902 490 1936 ibi
513 1903 716 1937 sacrificium
739 1902 904 1936 offerente
927 1901 1132 1946 patriarcha.
1176 1902 1358 1947 imperator
1374 1901 1481 1935 sacris
1497 1902 1666 1936 adstabat.

211 1947 270 1981 ubi
310 1960 390 1982 vero
423 1949 578 1993 perfecta
611 1949 779 1983 oblatione
808 1948 969 1982 donorum
1000 1952 1132 1992 tempus
1164 1947 1273 1981 adfuit
1305 1959 1372 1992 quo
1396 1958 1437 1981 ex
1462 1958 1554 1980 more
1575 1947 1664 1981 lotus

210 1992 395 2038 imperator
416 1996 577 2028 accedere
598 1996 746 2028 debebat
768 1994 811 2028 ad
834 1992 1082 2039 perceptionem
1110 1994 1206 2038 panis
1228 1992 1414 2034 benedicti,
1451 2004 1550 2038 quem
1574 1993 1665 2026 anti-

211 2038 328 2073 dorum
351 2045 492 2081 vocant,
522 2045 558 2074 et
579 2040 742 2084 eulogiam
766 2051 786 2073 a
809 2039 1002 2073 celebrante
1024 2038 1201 2083 accipere,
1234 2039 1452 2072 recluduntur
1476 2038 1662 2072 anteriores

211 2084 388 2128 adytorum
419 2087 528 2127 fores,
567 2091 603 2120 et
635 2086 747 2131 prodit
777 2085 834 2131 qui
864 2086 950 2118 bene
982 2089 1182 2129 precaturus
1202 2083 1398 2129 imperatori
1420 2083 1515 2117 iuxta
1537 2093 1662 2117 morem

211 2131 297 2163 erat.
342 2135 478 2175 praesto
502 2136 555 2165 est
577 2133 769 2176 Augustus,
798 2135 833 2164 et
856 2141 971 2164 manus
994 2129 1139 2174 porrigit
1159 2141 1290 2163 sacrum
1313 2133 1505 2172 sumpturus
1529 2140 1662 2174 panem.

212 2175 347 2208 cohibet
368 2175 539 2210 dexteram
563 2178 743 2220 sacerdos,
784 2188 851 2222 qua
882 2177 1104 2219 fragmentum
1128 2175 1216 2209 sacri
1239 2175 1336 2220 panis
1359 2175 1508 2209 tenebat.
1555 2178 1590 2208 et
1612 2174 1661 2208 sic

212 2221 360 2254 extensis
380 2220 592 2265 imperatoris
617 2223 752 2268 palmis,
780 2233 878 2256 manu
901 2233 980 2254 vero
1004 2222 1216 2265 patriarchae
1239 2220 1347 2265 rigide
1369 2231 1552 2264 suspensa,
1594 2219 1659 2253 lin-

212 2276 279 2309 gua
302 2265 375 2299 eius
397 2267 497 2300 toties
521 2275 620 2302 antea
643 2268 804 2302 reiectam
828 2266 1102 2312 supplicationem
1135 2266 1294 2307 iteravit,
1334 2268 1369 2299 et
1399 2265 1524 2299 homini
1556 2276 1661 2309 aegre

212 2310 369 2350 habenti,
401 2316 440 2344 ut
462 2313 506 2346 ab
528 2313 729 2357 imperatore
752 2313 840 2358 quod
864 2313 1029 2358 optabat,
1062 2312 1272 2355 contingeret
1293 2313 1434 2356 precata
1456 2315 1519 2345 est.
1565 2310 1658 2345 vide-

212 2368 265 2390 res
288 2356 344 2390 hic
365 2356 526 2410 utrinque
549 2358 702 2392 obnixam
723 2359 757 2392 in
781 2358 951 2403 proposito
984 2357 1203 2391 constantiam
1233 2357 1372 2390 duorum
1395 2355 1514 2391 invicti
1537 2355 1660 2400 rigoris

211 2402 402 2435 animorum.
447 2403 528 2436 mhi!
560 2403 646 2437 enim
677 2404 720 2438 de
751 2403 920 2438 sententia
941 2403 1086 2437 dimotus
1115 2402 1296 2447 imperator
1318 2403 1540 2447 fragmentum
1562 2407 1659 2447 pete-

211 2449 294 2490 bat,
331 2446 525 2492 patriarcha
549 2449 694 2482 vicissim
717 2449 847 2484 veniam
869 2449 990 2482 orabat
1016 2448 1169 2493 pauperi.
1196 2451 1319 2493 'atque
1339 2447 1533 2493 imperatori
1555 2459 1660 2482 excu-

211 2493 300 2527 santi
320 2504 386 2526 non
409 2504 483 2526 esse
505 2493 540 2527 id
564 2498 677 2539 aptum
701 2495 820 2528 veniae
842 2494 899 2527 isti
921 2493 1154 2527 concedendae
1175 2497 1330 2539 tempus,
1370 2499 1405 2528 et
1434 2493 1564 2527 differri
1597 2505 1658 2527 ne-

211 2538 339 2582 gotium
373 2539 547 2583 poscenti‚
586 2539 780 2584 patriarcba
813 2544 930 2573 contra
952 2539 1138 2584 reponebat
1158 2540 1282 2585 optime
1305 2539 1459 2583 coniungi
1482 2550 1555 2573 cum
1577 2550 1658 2584 per-

212 2584 367 2628 ceptione
389 2585 526 2627 gratiae
546 2597 588 2618 ex
612 2585 674 2619 deo
696 2584 934 2628 indulgentiam
957 2583 992 2617 in
1015 2585 1176 2619 hominem
1202 2585 1339 2627 veniae;
1377 2590 1446 2618 tum
1480 2595 1656 2618 assevera-

211 2629 272 2662 bat
293 2640 459 2674 nunquam
482 2641 519 2664 se
541 2630 742 2664 tributurum
764 2641 893 2664 sacrum
917 2641 1058 2674 panem,
1080 2630 1144 2664 nisi
1165 2631 1253 2676 quod
1277 2631 1457 2676 petebatur
1476 2629 1657 2674 largiretur

212 2674 406 2719 imperator.
453 2675 554 2709 finem
577 2682 747 2710 certamen
767 2687 833 2709 non
855 2676 1020 2718 habebat,
1048 2677 1158 2721 quoad
1181 2677 1313 2711 tandem
1334 2675 1509 2710 intentiori
1529 2674 1658 2720 suppli-

214 2721 346 2754 catione
376 2720 499 2755 institit
528 2723 698 2766 Augustus
730 2727 767 2756 ut
799 2721 861 2755 sibi
892 2722 989 2767 panis
1017 2721 1175 2764 daretur,
1212 2734 1277 2756 non
1308 2726 1377 2755 tam
1404 2722 1445 2755 ad
1467 2731 1562 2754 usum
1584 2721 1657 2754 fru-

215 2770 367 2808 ctumve,
406 2770 443 2800 ut
473 2767 605 2809 aiebat,
643 2767 813 2813 proprium
837 2778 935 2812 quam
959 2767 1002 2801 ad
1025 2767 1241 2802 offensionem
1264 2766 1448 2813 spectantis
1471 2765 1585 2811 populi
1605 2765 1657 2799 vi-

214 2810 370 2854 tandam,
407 2813 496 2858 apud
519 2825 617 2859 quem
639 2811 897 2855 existimationis
917 2812 1083 2849 iacturam
1110 2814 1238 2850 subiret
1253 2839 1264 2859 ,
1303 2813 1332 2847 si
1362 2823 1489 2847 vacuus
1512 2816 1548 2847 et
1568 2811 1658 2846 sacri
