1846 3262
446 240 521 284 DE
555 241 837 307 MICHAELE
863 244 1240 291 PALAEOLOGO
1275 247 1324 291 L.
1349 246 1386 291 I.
1547 261 1553 265 ·
1583 248 1644 293 19

179 371 261 411 γειν
282 354 384 412 πρὸς
400 355 453 398 τὰ
473 360 555 399 τῶν
580 355 686 413 ὀρῶν
709 354 944 415 ὀχυρώτερα
962 360 1028 401 καὶ
1050 358 1103 402 τὰ
1124 360 1297 416 πλησίον
1318 361 1645 417 κατατρέχοντας

179 421 294 482 νόμῳ
324 428 485 482 λῃστῶν
517 425 686 481 ἀποζῆν.
756 425 778 470 ὃ
809 428 876 469 καὶ
904 427 1066 483 γεγονὸς
1089 428 1343 485 συνέστησαν
1373 430 1469 474 κατ’
1493 430 1645 481 αὐτοὺς
1667 437 1695 472 Ρ
1719 437 1750 472 9v

180 497 383 546 πλεῖστοι,
425 495 493 536 καὶ
521 492 712 549 συχνάκις
740 496 900 552 ἲσχυροὶ
931 496 1165 540 ἐπετίθεντο
1194 496 1386 542 ἀσθενέσι
1418 500 1644 556 γενομένοις

180 569 268 612 τοῖς
286 560 518 620 ἡμετέροις,
555 565 621 606 καὶ
637 561 840 619 περιόντες
862 563 956 606 κατ’
976 564 1112 620 ὀλίγον
1136 565 1450 611 ἀδυνατούντων
1469 566 1643 612 ὗπείκειν

148 637 169 673 5
182 631 356 675 ἐποίουν.
426 634 493 675 καὶ
514 629 619 687 τάχα
650 631 701 674 ἂν
720 633 992 688 ἐσχωροῦντες
1012 624 1211 689 ὁσημέραι
1234 642 1319 685 τοῖς
1347 636 1544 688 ἐναντίοις
1561 641 1644 681 τῶν

179 705 361 757 θριγκῶν
383 698 705 757 παρεχώρησαν,
739 703 773 744 εἲ
789 699 846 756 μή
865 718 908 758 γε
926 704 1167 757 ταχθείσαις
1191 701 1331 760 ῥόγαις
1352 705 1421 762 (τὰ
1442 704 1520 762 γὰρ
1542 706 1644 763 σφέ-

179 776 277 822 τερα
313 769 388 812 οὗκ
420 768 526 825 εἶχον
555 768 752 825 κατέχειν)
782 769 902 827 μόγις
926 769 1092 814 ὖπεΐκον
1119 777 1434 828 προσοικοῦντες
1453 773 1643 829 ἀντέχειν.

179 841 245 881 καὶ
268 838 450 893 ἀντεῖχον
472 838 596 892 τέως,
633 838 687 881 τὰ
702 844 872 882 πλεῖστα
898 840 972 894 μὲν
992 841 1060 882 καὶ
1084 842 1127 891 ἐξ
1145 839 1302 884 ἑαυτῶν
1311 873 1326 894 ,
1361 837 1413 897 ἦν
1434 842 1477 885 δ’
1506 837 1554 886 οὗ
1574 845 1644 885 καὶ

151 940 155 944 .
177 911 339 951 πολλῶν
367 905 693 964 ἐπεισφρούντων
717 913 800 951 τῶν
831 909 1023 952 ἐναντίων
1043 911 1149 964 δῆλα
1178 909 1361 960 τιθέντες
1379 915 1438 970 τῷ
1459 909 1641 972 ἡμετέρῳ
1665 919 1695 954 Β

124 984 167 1018 10
180 973 454 1033 στρατεύματι
476 978 542 1019 καὶ
563 975 772 1032 ἄπρακτον
794 975 989 1028 πολλάκις
1011 978 1086 1033 τὴν
1106 979 1265 1022 ἐκείνων
1283 977 1548 1023 ἐπισῦστασιν
1568 998 1645 1023 κα-

176 1049 415 1095 θιστῶντες.
487 1047 553 1088 καὶ
576 1046 700 1089 ταῦτ’
722 1042 829 1102 ἦσαν
854 1047 929 1096 ἕως
949 1048 1129 1090 ἐδίδοντο
1150 1045 1267 1104 ῥόγαι
1287 1055 1442 1104 καιροῖς
1468 1041 1645 1105 ὡρισμέ-

176 1131 262 1164 νοις
299 1114 406 1158 κατά
438 1114 486 1157 τὸ
514 1111 706 1169 σύνηθες.
763 1115 868 1170 πλὴν
902 1114 1195 1172 φυλάσσεσθαι
1222 1114 1350 1171 μόνον
1377 1112 1427 1172 ἦν
1448 1117 1495 1160 τό
1518 1118 1642 1160 κακὸν

176 1181 311 1236 ἐπιόν,
356 1184 422 1226 καὶ
448 1182 507 1238 μὴ
536 1191 796 1241 προσχωρεῖν
821 1189 932 1242 σφᾶς
952 1184 1009 1228 ἔτι
1035 1186 1141 1240 μηδὲ
1169 1186 1492 1242 περιγίγνεσθαι,
1531 1186 1638 1241 μηδ’

177 1252 329 1302 αὐτοὺς
361 1254 491 1308 ζητεῖν
514 1257 666 1297 κακοῦν
696 1253 771 1309 τὴν
793 1254 950 1297 ἐκείνων
986 1253 1383 1311 καταστρέψαντας,
1421 1253 1518 1297 ἀλλ’
1543 1253 1642 1298 ἔαυ-

123 1327 164 1363 15
177 1321 273 1371 τοὺς
304 1328 516 1378 συντηρεῖν
546 1323 610 1364 ἐπὶ
638 1326 712 1378 τῆς
745 1324 894 1372 οἷκείας
926 1323 1148 1378 μένοντας,
1195 1321 1251 1373 ὥς
1278 1323 1547 1378 μαχουμένων
1566 1326 1642 1379 μὲν

176 1389 242 1434 ὅτε
262 1391 402 1433 ἐκεῖνοι
423 1392 486 1433 ἐπὶ
504 1390 631 1445 μέσου
656 1396 729 1447 τῆς
765 1390 962 1448 ἡμετέρας
990 1392 1062 1435 τὸν
1088 1389 1266 1446 πόλεμον
1286 1392 1545 1448 ἓξενέγκαιεν,
1581 1393 1640 1447 μὴ

173 1460 442 1514 μαχουμένων
463 1461 507 1502 δὲ
528 1462 561 1502 εἶ
582 1461 639 1515 μὴ
664 1462 804 1503 ἐκεῖνοι
832 1461 991 1503 θέλοιεν
1024 1464 1223 1515 πολεμεῖν.
1293 1461 1375 1503 ἐπεὶ
1397 1462 1441 1503 δὲ
1461 1463 1526 1503 καὶ
1547 1463 1635 1518 περὶ
1662 1467 1692 1502 C

174 1527 332 1578 ταύτας
361 1529 400 1570 οἶ
429 1527 622 1583 ἄρχοντες
652 1527 979 1585 ε’γλισχρεύοντο,
1028 1531 1096 1572 καὶ
1128 1519 1247 1583 μδλις
1287 1531 1354 1572 καὶ
1385 1527 1642 1587 ὑπερήμερον

175 1599 243 1640 καὶ
274 1597 388 1654 παρὰ
419 1597 466 1643 τὸ
496 1597 667 1652 ἀρχαῖον
696 1605 809 1653 μεΐον
843 1594 892 1652 ἦν
919 1598 966 1641 τὸ
999 1595 1236 1652 διδόμενον,
1285 1597 1354 1655 ἐφ’
1383 1592 1491 1656 ᾧπερ
1511 1601 1577 1641 καὶ
1598 1599 1638 1642 οἱ

119 1666 281 1712 zonat&
300 1665 467 1721 καιροὺς
489 1670 571 1709 τῶν
593 1663 912 1723 στρατευμάτων
930 1664 1122 1722 ἡγεμόνες
1141 1668 1310 1722 μερίτας
1329 1666 1372 1709 ἔκ
1393 1664 1635 1721 κλεμμάτων

174 1733 349 1786 ἑαυτοὺς
375 1736 558 1791 εἰσῆγον,
596 1733 781 1779 ἀπώλετο
808 1736 884 1790 μὲν
911 1733 1125 1791 ἡπληθῦς
1149 1737 1332 1790 ἐκείνων,
1370 1739 1452 1778 τῶν
1468 1737 1542 1790 μὲν
1566 1736 1634 1793 ἴρ-

266 1858 322 1894 17.
346 1854 388 1894 δὲ
408 1856 541 1893 deerat.

173 1960 217 1995 ad
249 1960 398 1995 claustra
431 1961 640 2007 castellaque
671 1961 849 2004 montium,
890 1963 1039 1998 et.inde
1067 1962 1183 1997 vicina
1221 1960 1428 1996 incursando
1459 1963 1560 2007 raptu
1592 1970 1634 1995 ac

173 2007 313 2052 praedis
344 2007 472 2042 victum
505 2019 683 2054 quaerere·
730 2009 765 2042 id
791 2009 966 2044 consilium
998 2021 1064 2055 quo
1088 2007 1281 2043 executioni
1303 2006 1526 2050 mandarent,
1552 2019 1635 2042 con-

172 2057 340 2087 venerunt
363 2054 518 2107 plurixmi,
551 2054 734 2100 validaque
755 2055 940 2090 identidem
962 2055 1111 2091 conflata
1134 2065 1231 2089 manu
1256 2053 1458 2088 infirmiores
1481 2054 1547 2087 iam
1571 2065 1634 2087 no-

172 2106 263 2134 stros
285 2104 364 2133 sunt
388 2100 524 2142 adorti,
559 2104 595 2135 et
627 2101 790 2146 paulatim
821 2102 1117 2137 circumveniendo
1149 2106 1272 2135 tenues
1294 2099 1416 2146 opibus
1450 2105 1485 2134 et
1508 2099 1633 2144 prioris

172 2150 271 2191 parte
294 2146 382 2180 haud
408 2147 557 2181 modica
575 2146 750 2192 potentiae
774 2147 959 2183 destitutos
990 2148 1091 2183 facile
1114 2150 1302 2191 coegerunt
1326 2145 1392 2179 sibi
1416 2145 1550 2180 cedere.
1598 2151 1635 2179 et

172 2202 272 2226 arces
304 2192 438 2237 quidem
471 2192 566 2238 ipsas
597 2205 663 2239 quo
693 2193 799 2228 minus
831 2194 1039 2240 quotidianis
1077 2193 1300 2228 valentiorum
1323 2191 1507 2226 insultibus
1531 2191 1636 2226 fracti

173 2238 374 2272 desererent
397 2239 621 2284 hostibusque
645 2239 832 2283 dederent,
856 2240 929 2274 sola
953 2239 1128 2285 prohibuit
1151 2239 1396 2284 stipendiorum
1420 2238 1464 2272 ab
1487 2237 1636 2283 impera-

171 2289 249 2317 tore
273 2285 400 2319 solutio
414 2311 425 2328 ‚
464 2291 607 2319 eatenus
630 2286 715 2320 satis
737 2291 831 2320 certa
853 2286 921 2321 fide
953 2287 1056 2321 facta.
1105 2297 1178 2320 cum
1203 2285 1290 2320 enim
1313 2283 1456 2330 propria
1477 2283 1543 2318 iam
1568 2295 1635 2318 non

172 2331 340 2364 haberent
364 2341 452 2376 quae
475 2331 720 2375 defenderent,
745 2333 816 2367 solo
840 2332 896 2366 illo
921 2338 1015 2367 recte
1039 2332 1206 2366 numerati
1229 2329 1393 2375 stipendii
1417 2329 1553 2364 vinculo
1578 2336 1634 2364 ut-

171 2387 315 2420 cumque
339 2376 374 2410 in
398 2377 511 2411 officio
533 2378 807 2420 continebantur,
832 2383 972 2413 eatenus
994 2383 1123 2412 tantum
1148 2381 1185 2412 ut
1207 2382 1328 2412 contra
1351 2381 1589 2422 oppugnantes
1613 2387 1634 2410 e

170 2423 285 2456 vicino
319 2423 442 2458 Persas
474 2425 732 2469 propugnacula
763 2424 972 2470 castellaque
1007 2428 1203 2464 tuerentur3
1231 2434 1274 2457 ac
1297 2422 1327 2457 si
1351 2424 1487 2468 quando
1512 2422 1633 2456 maiori

172 2481 213 2503 ea
237 2469 273 2502 vi
300 2469 428 2504 Persae
461 2473 622 2504 coeuntes
646 2471 882 2513 adorirentur,
916 2471 1112 2505 necessaria
1134 2482 1154 2504 e
1176 2474 1367 2504 nostrorum
1391 2468 1514 2503 castris
1536 2467 1634 2503 auxi·

170 2514 219 2548 lia
243 2519 446 2557 evocarent,
477 2516 600 2561 quibus
631 2528 736 2563 saepe
759 2516 794 2551 in
817 2522 971 2562 tempore
994 2517 1103 2551 adiuti
1129 2521 1271 2550 conatus
1302 2514 1447 2549 hostium
1471 2514 1635 2548 reddide-

170 2565 252 2595 runt
275 2561 406 2597 irritos.
454 2573 510 2595 res
535 2574 575 2596 eo
609 2562 684 2598 loco
716 2564 877 2605 fuerunt,
903 2563 1063 2608 quamdiu
1087 2566 1326 2607 processerunt
1348 2572 1393 2595 ex
1416 2560 1632 2606 imperatoris

170 2606 255 2641 fisco
289 2607 389 2641 statis
422 2608 640 2653 pensionibus
664 2614 921 2655 repraesentata
953 2608 1124 2655 stipendia
1147 2608 1191 2643 de
1214 2619 1317 2642 more.
1362 2610 1436 2641 toto
1460 2606 1546 2641 enim
1572 2605 1631 2640 illo

170 2659 327 2698 tempore
350 2654 567 2699 praesidiarii
593 2666 660 2690 non
692 2655 825 2701 quidem
860 2660 900 2690 ut
924 2657 1092 2701 quondam
1115 2655 1216 2700 longe
1239 2654 1483 2688 submovebant
1505 2653 1632 2686 Persas

170 2703 207 2733 et
230 2699 350 2734 damna
373 2700 457 2745 ipsis
480 2701 713 2746 reponebant,
737 2707 958 2736 excurrentes
981 2702 1017 2736 in
1040 2707 1151 2736 terras
1174 2711 1288 2735 eorum
1313 2703 1349 2734 et
1371 2699 1633 2742 illorum-agros

168 2745 397 2791 regionesque
420 2752 616 2781 vastantes:
640 2752 776 2790 tamen,
800 2753 840 2782 ut
863 2747 954 2790 dixi,
979 2748 1053 2782 loca
1075 2748 1276 2782 obtinebant
1295 2745 1381 2793 ipsis
1403 2745 1548 2784 credita,
1571 2754 1630 2778 ca-

168 2791 320 2836 strisque
344 2804 385 2827 ac
407 2793 496 2827 vallo
521 2793 629 2827 clausi
652 2794 790 2828 fortiter
813 2794 995 2829 obstabant
1018 2793 1317 2840 oppugnantibus,
1343 2790 1568 2831 cessantibus,
1593 2793 1629 2823 et

170 2837 344 2881 negotium
366 2850 432 2873 non
455 2839 705 2874 facessentibus
719 2840 763 2874 de
785 2844 921 2874 caetero
945 2852 1012 2875 non
1035 2839 1182 2874 molesti.
1228 2842 1265 2874 at
1286 2842 1467 2884 postquam
1491 2835 1629 2881 parcius

167 2881 290 2919 deinde
313 2895 355 2919 ac
377 2885 557 2939 malignius
581 2891 768 2933 coeperunt
797 2886 968 2933 stipendia
1000 2885 1171 2933 persolvi,
1196 2888 1233 2921 et
1255 2895 1366 2930 neque
1388 2882 1433 2919 ad
1456 2882 1545 2917 diem
1569 2893 1630 2915 ne-
