1884 3262
203 198 298 243 328
567 242 569 244 ,
616 194 865 239 GEORGH·
882 194 1230 241 PAGHYMERIS

204 309 317 358 δενὸς
340 309 422 350 τῶν
455 305 583 349 αὐτοῦ
613 303 769 356 εἶδότος
803 305 927 364 (οὐδὲ
948 306 1024 363 γὰρ
1045 306 1084 350 οἳ
1105 305 1220 350 ἔνδον
1237 311 1418 363 Πατρῶν
1438 308 1544 362 πλὴν
1568 311 1651 351 τῶν

205 377 356 419 οἶκείων
387 374 453 417 καὶ
475 372 534 428 οἷς
555 374 757 418 ἐπίστευεν
776 373 949 431 ᾔδεσαν,
986 374 1030 419 οἳ
1046 374 1097 430 δὴ
1117 376 1183 417 καὶ
1205 374 1274 431 ἐφ’
1298 373 1465 433 ἡμέραις
1486 375 1652 430 ἔμελλον

206 439 429 494 συσκιάζειν
458 442 505 485 τὸ
533 443 676 498 δρᾶμα
700 449 785 492 τοῖς
807 443 849 485 ἔν
870 446 920 499 τῇ
941 441 1054 486 πόλει
1071 442 1130 498 μὴ
1152 442 1397 499 φαινομένου
1421 448 1495 486 τοῦ
1513 441 1653 487 Ἰωάν-

210 509 335 567 νου),
385 510 507 553 ἐκεῖσε
534 512 670 554 τοίνυν
704 510 776 554 τὸν
801 510 927 567 μέγαν
957 509 1095 567 κύριον
1126 507 1454 565 καταλαμβάνει,
1491 509 1654 566 ὁμωνυ-

66 591 94 624 Ρ
119 589 183 622 221
207 574 365 636 μοῦντά
394 578 433 620 οἶ
470 576 762 636 (Συριωάννης
790 578 869 635 γὰρ
898 579 1002 622 κατὰ
1029 582 1213 635 γλῶτταν
1244 577 1449 634 ἐλέγετο),
1498 581 1566 621 καὶ
1601 579 1686 634 δὴὸ

205 650 475 703 προσλιπαρεῒ
506 651 702 701 βοηθεῖν,
750 648 805 696 εἰς
835 647 970 691 πίστιν
996 648 1040 690 δὲ
1069 651 1151 689 τῶν
1184 648 1373 693 σπονδῶν
1405 645 1563 696 ἑαυτοῖς
1588 648 1656 690 καὶ

204 716 329 770 κῆδος
356 715 481 758 ἐτίθει
509 715 699 771 γενέσθαι
714 747 727 767 ,
765 713 820 764 ὠς
843 719 982 769 λαβεῖν
1011 714 1157 758 ἐκεῖνον
1176 714 1363 770 γαμβρὸν
1382 715 1444 757 ἐπὶ
1463 714 1673 771 θυγατρί,

206 782 226 827 ὅ
254 783 298 826 δὲ
323 781 447 838 μέγας
476 781 613 839 κύριος
636 781 827 837 Ἰωάννης
855 783 908 826 τὰ
938 782 1043 826 καθ’
1075 781 1199 825 αὑτὸν
1226 783 1299 836 μὲν
1331 789 1572 839 παρῃτεῖτο,
1602 780 1670 832 ὥς,

205 850 311 906 μηδ’
337 849 440 893 εἶναι’
459 851 496 893 οἳ
516 851 690 894 δυνατὸν
715 849 778 893 ἐπὶ
800 852 965 911 συζυγίᾳ
989 855 1306 906 καταληφθῆναι
1329 850 1499 893 ἀσθενεῖ
1511 867 1553 906 γε
1573 849 1658 893 {zm

210 921 277 962 καὶ
296 917 482 979 ποδάγρα
505 921 612 976 δεινῇ
630 920 949 975 προσπαλαιόντι
959 951 972 972 ,
1010 918 1185 975 ἀδελφὸν
1205 918 1252 962 δέ
1266 918 1305 961 οἶ
1324 916 1423 960 εἶναι
1440 917 1511 961 τὸν
1530 919 1658 961 παῖδα
1670 927 1714 962 1ο

212 990 253 1030 Γ
250 988 460 1041 ουλιέλμον
471 1019 484 1039 ,
533 986 580 1030 ὃν
609 989 676 1030 καὶ
703 988 757 1035 εἷς
784 989 907 1040 κῆδος
940 984 1026 1030 οἷον
1056 987 1202 1037 ἐκεῖνος
1239 984 1446 1041 προύτεινε
1474 988 1539 1029 καὶ
1569 987 1660 1028 λίαν

210 1051 412 1111 χρήσιμον
447 1055 697 1110 παρεδείκνυ.
769 1053 873 1106 ἀλλὰ
906 1054 958 1097 τὰ
991 1054 1064 1109 μέν
1095 1058 1169 1096 τοῦ
1200 1052 1349 1108 κήδους
1383 1056 1450 1096 καὶ
1490 1053 1661 1110 ὕστερον

162 1129 191 1163 Β
215 1123 321 1178 ἔλεγε
350 1120 676 1177 τέλεσθήσεσθαι
707 1125 791 1164 τῶν
822 1119 1169 1178 συναλλαγμάτων
1198 1121 1410 1176 κειμένων,
1459 1120 1481 1163 ὃ
1514 1122 1563 1175 δὴ
1594 1122 1662 1163 καὶ

213 1190 368 1247 γέγονε·
419 1187 511 1233 τότε
549 1191 593 1232 δὲ
629 1189 886 1246 τριακοσίους
915 1190 1215 1245 καβαλλαρίους
1241 1189 1338 1239 δοὺς
1365 1189 1496 1247 αὐτῷ,
1537 1188 1562 1243 ἢ
1593 1190 1661 1231 καὶ

216 1258 400 1311 πλείους,
436 1256 492 1307 ὡς
513 1258 664 1314 λέγεται
672 1289 686 1309 ,
724 1259 765 1308 ἐξ
786 1257 912 1312 αὐτῆς
932 1257 1178 1312 ἀποπέμπει,
1213 1249 1366 1312 ἄνδρας
1390 1256 1572 1312 ἀρεϊκοὺς
1594 1257 1660 1299 καὶ
1673 1266 1715 1302 15

215 1329 376 1368 πολλῶν
411 1330 530 1367 τινῶν
570 1329 990 1380 καθυπερτεροῢντας.
1058 1323 1129 1373 οὓς
1158 1323 1296 1376 λαβὼν
1324 1325 1390 1368 καὶ
1419 1331 1504 1374 τοῖς
1532 1324 1661 1367 αὐτοῦ

215 1395 441 1450 προσμίξας
460 1392 527 1435 διὰ
545 1375 719 1446 ταχέων,
759 1390 813 1442 ὥς
828 1394 969 1447 μηδενὶ
988 1393 1227 1448 φωραθείη,
1262 1391 1401 1447 καιρὸν
1418 1390 1673 1447 ἐπιτηρήσας,

217 1461 399 1515 ἐμπίπτει
425 1465 507 1503 τῶν
528 1460 795 1517 πραχθέντων
821 1461 876 1516 μὴ
901 1459 1161 1514 αἰσθομένοις
1185 1459 1293 1514 μηδέ
1310 1476 1347 1501 τι
1367 1461 1668 1514 προσδοκῶσιν,

218 1527 313 1571 ἀλλ’
335 1530 378 1571 ἐν
398 1527 527 1571 ἀνέσει
551 1529 722 1587 παντοίᾳ
746 1525 930 1585 διάγουσι
949 1532 1152 1584 λογισμῶν
1181 1525 1235 1576 ὥς
1261 1527 1375 1569 ἔνδον
1397 1526 1665 1582 ἐγκεκλεισμέ-

170 1608 199 1641 C
222 1614 309 1641 νου.
351 1595 451 1647 τέως
472 1597 517 1639 δὲ
537 1595 593 1646 ὥς
614 1593 814 1651 εἰσβάλλει
835 1597 931 1640 ποτὲ
948 1595 1123 1654 στρατὸς
1144 1593 1387 1644 ἀκούσαντες
1404 1595 1547 1651 σχεδὸν
1570 1596 1720 1641 ἐπα-20

221 1728 291 1761 eius
314 1726 459 1761 adventu
482 1726 662 1772 potuisset,
686 1737 783 1772 quem
805 1737 848 1760 ne
870 1727 1050 1761 Patrenses
1073 1724 1204 1772 quidem
1227 1725 1338 1760 Patris
1359 1724 1543 1760 excessisse
1557 1725 1667 1760 adhuc

221 1777 405 1814 noverant,
438 1772 556 1817 paucis
578 1772 642 1806 ini·
664 1772 921 1806 domesticorum
943 1773 1089 1814 factum,
1122 1771 1216 1805 cuius
1240 1772 1302 1805 soli
1323 1776 1421 1806 erant
1444 1771 1597 1813 conscii,
1621 1771 1667 1806 si-

221 1817 316 1851 lentii
347 1817 437 1862 quod
470 1822 589 1852 saincte
621 1817 842 1862 promiserant
872 1817 941 1851 fide
971 1828 1098 1851 summa
1120 1817 1326 1857 celantibus,
1361 1821 1397 1850 et
1419 1822 1520 1861 prout
1543 1827 1667 1851 conve-

222 1867 320 1897 nerat
340 1863 476 1897 Ioannis
498 1863 683 1897 absentiam
707 1863 896 1906 tegentibus
919 1863 1063 1896 artificio
1098 1862 1199 1896 facile
1228 1867 1406 1896 avertente
1436 1861 1586 1896 curiosas
1607 1873 1667 1896 su-

222 1908 389 1954 spiciones
412 1907 566 1942 solicitae
588 1908 788 1953 praesertim
810 1913 846 1941 et
868 1906 935 1941 alio
957 1912 1108 1941 attentae
1129 1908 1189 1941 tali
1209 1912 1302 1940 statu
1317 1906 1480 1940 civitatis.
1513 1911 1550 1940 at
1569 1907 1669 1940 Ioan-

223 1965 282 1988 nes
305 1965 457 1997 magnum
479 1954 608 1987 Thebis
631 1953 794 1987 dominum
816 1952 947 1987 invenit
968 1953 1033 1986 sibi
1051 1952 1295 1996 cognominem:
1318 1951 1523 1995 Syrioannes
1540 1953 1668 1998 quippe

222 2000 335 2043 lingua
364 1998 433 2032 illic
462 1999 588 2033 usitata
618 1999 816 2033 vocabatur.
862 1998 949 2031 huuc
982 1998 1097 2032 adiens
1119 1997 1241 2032 intimis
1262 1998 1421 2042 precibus
1442 2002 1520 2031 orat
1541 2003 1580 2031 ut
1601 1997 1669 2032 sibi

223 2045 423 2085 auxilietur,
458 2044 572 2078 oblata
602 2044 636 2078 in
667 2044 789 2088 pignus
823 2043 969 2077 foederis
1001 2042 1142 2090 propria
1171 2042 1242 2077 filia
1272 2043 1335 2088 ipsi
1357 2047 1514 2088 nuptura.
1560 2043 1603 2077 ad
1626 2054 1669 2078 ea

224 2100 363 2134 magnus
396 2089 549 2123 dominus
578 2089 721 2123 Ioannes
755 2089 901 2132 negabat
922 2100 959 2122 se
983 2094 1098 2133 aptum
1130 2087 1276 2132 nuptiis,
1309 2088 1433 2133 quippe
1464 2099 1538 2122 cum
1571 2088 1671 2122 malis

225 2134 395 2179 desperati
428 2134 568 2169 remedii
603 2134 701 2174 aliis,
733 2139 805 2168 tum
826 2133 1000 2168 incurabili
1033 2134 1231 2179 praesertim
1258 2133 1486 2167 conflictatum
1508 2133 1670 2178 podagra.

226 2180 285 2214 sed
310 2182 450 2214 fratrem
473 2179 536 2216 sibi
561 2191 634 2214 esse
658 2179 901 2214 adolescentem
925 2179 1149 2220 Gulielmum,
1174 2191 1271 2224 quem
1293 2178 1328 2212 in
1351 2179 1450 2212 istam
1471 2178 1670 2213 affinitatem

227 2225 292 2259 sibi
316 2225 412 2290 valde
435 2226 609 2274 probatam
633 2230 669 2259 et
690 2225 858 2270 utrimque
879 2224 1059 2259 iudicatam
1086 2225 1199 2258 utilem
1220 2224 1370 2258 offerret.
1395 2220 1536 2259 “Uerum
1550 2224 1668 2267 haec,''

228 2271 359 2315 inquit,
385 2274 396 2291 ⁴
418 2272 484 2305 iam
507 2282 595 2305 nuuc
616 2270 704 2304 inter
725 2282 785 2304 uos
809 2275 972 2304 conventa
996 2281 1056 2304 suo
1079 2269 1237 2304 videlicet
1259 2270 1464 2304 curabuntur
1481 2270 1669 2314 tempore,”

227 2322 330 2360 prout
358 2321 412 2351 est
438 2327 560 2350 revera
591 2317 738 2359 factum,
768 2315 842 2350 istis
871 2315 990 2350 deinde
1022 2315 1088 2349 rite
1111 2315 1291 2350 celebratis
1313 2315 1459 2360 nuptiis:
1492 2318 1610 2350 “nuuc
1631 2317 1672 2350 ut

228 2361 318 2406 quod
340 2361 446 2396 instat
467 2369 740 2406 praevertamus,
763 2361 881 2406 accipe
911 2373 932 2395 a
957 2373 1010 2396 me
1032 2360 1156 2395 auxilia
1178 2373 1264 2406 quae
1285 2360 1468 2405 postulas.”
1513 2360 1672 2406 datisque

227 2407 275 2440 illi
303 2407 494 2441 caballariis
515 2407 697 2449 trecentis,
731 2411 790 2441 aut
811 2413 850 2440 ut
870 2407 1003 2452 quidam
1025 2411 1180 2441 asserunt
1211 2407 1385 2452 pluribus,
1418 2417 1492 2440 eum
1515 2405 1671 2440 continuo

230 2451 364 2486 dimisit.
410 2456 507 2486 erant
537 2452 571 2486 hi
602 2453 782 2487 bellatores
810 2452 980 2487 lectissimi
1009 2463 1140 2494 omnes,
1173 2452 1383 2497 pluriumque
1411 2450 1516 2485 instar
1538 2450 1671 2496 singuli.

231 2497 292 2531 hos
325 2497 395 2531 suis
428 2497 592 2532 admixtos
622 2509 748 2532 summa
779 2498 954 2534 celeritate
982 2498 1125 2543 parique
1155 2497 1306 2540 silentio,
1339 2509 1382 2531 ne
1410 2497 1478 2531 ullo
1499 2507 1599 2530 sensu
1622 2495 1677 2529 rei·

232 2553 321 2588 quae
343 2543 527 2587 parabatur
548 2542 661 2577 hostes
684 2544 959 2586 admonerentur,
983 2543 1106 2579 castris
1131 2543 1174 2578 ad
1196 2544 1318 2578 Patras
1339 2542 1457 2587 positis
1480 2541 1674 2584 admovens,

232 2588 267 2622 in
298 2599 339 2622 ea
369 2594 556 2634 opportuno
587 2593 723 2633 captato
745 2593 896 2634 tempore
917 2589 999 2624 totis
1020 2588 1147 2624 viribus
1169 2588 1336 2633 irrumpit.
1383 2586 1524 2622 omnium
1554 2586 1674 2621 borum

233 2644 371 2679 prorsus
392 2633 500 2678 ignari
522 2633 661 2667 Romani
683 2639 798 2675 erant,
831 2635 914 2669 nihil
935 2639 1005 2670 tum
1028 2635 1133 2669 minus
1156 2646 1255 2679 quam
1277 2633 1345 2668 tale
1367 2632 1534 2678 quidpiam
1569 2642 1674 2676 expe-

235 2684 375 2715 ctantes.
423 2679 524 2724 quin,
559 2683 598 2713 ut
628 2679 664 2713 in
697 2680 817 2724 supina
849 2682 1033 2716 securitate
1055 2678 1130 2714 fieri
1151 2684 1260 2721 amat,
1291 2679 1326 2713 iu
1356 2677 1461 2713 omnis
1481 2688 1520 2711 se
1541 2676 1676 2721 generis

234 2725 446 2759 remissiones
470 2726 722 2767 relaxaverant,
752 2736 850 2759 curas
872 2726 1022 2760 solvente
1045 2729 1184 2760 cunctas
1206 2723 1382 2770 opinione,
1413 2721 1470 2757 cui
1491 2727 1530 2756 ut
1551 2722 1676 2756 certis-

233 2770 337 2804 simae
369 2770 619 2815 acquiescentes
650 2770 936 2815 persuasissimum
965 2772 1134 2806 habebant
1162 2769 1455 2815 Ioannem-utique
1481 2767 1619 2809 ducem,
1653 2778 1677 2803 ι

236 2827 301 2860 quo
324 2828 390 2851 uno
413 2815 709 2861 metuere‘aliquid
732 2820 902 2861 poterant,
930 2817 1119 2853 conclusum
1141 2816 1251 2851 teneri
1273 2826 1365 2859 arce,
1386 2824 1485 2860 quam
1507 2813 1678 2848 artissima
