1884 3262
309 204 409 262 746
694 193 1014 256 ‘OBSERVAR
1044 197 1357 256 PAcHrnOER.
1397 197 1400 229 2

304 322 415 364 obiit.
472 305 543 360 θεῖ’
558 327 688 360 autem
705 321 939 361 incredibile
956 320 1164 360 fecundam
1186 320 1332 372 alioqui
1349 322 1551 362 mulierem
1568 322 1657 362 viro
1675 322 1763 362 aevi

306 380 433 433 pleni,
463 378 605 442 quippe
637 392 832 417 annorum
848 378 1148 429 duodetriginta
1175 391 1265 415 cum
1295 378 1412 416 duxit
1428 392 1594 418 uxorem
1611 379 1760 427 iuveni,

306 449 377 474 sex
402 435 495 472 totis
521 434 656 485 primis
671 435 847 485 coniugii
868 434 980 472 annis
1002 430 1152 472 nullam
1165 434 1323 498 *prolem
1347 434 1523 474 edidisse.
1577 435 1762 486 quocirca

305 492 484 530 existimo
511 490 731 529 Manu'clem
756 490 1081 545 primogenitum,
1108 491 1177 542 qui
1204 490 1344 529 deinde
1369 490 1499 529 infans
1521 490 1641 540 obiit,
1668 491 1762 543 ipsis

302 555 441 587 natum
460 561 563 586 anno
582 547 727 586 Christi
747 548 875 595 1256,
905 546 1177 585 Andronicum
1190 559 1287 586 vero
1307 547 1465 585 biennio
1488 552 1596 599 post,
1625 546 1761 597 primis

303 605 520 653 mensibus,
549 610 596 642 ut
619 603 720 650 dixi,
750 603 842 641 anni
866 603 1012 642 Christi
1035 605 1155 645 1258.
1211 616 1290 653 quo
1316 603 1444 654 posito
1473 614 1600 655 prona
1620 602 1760 642 deinde

299 661 485 701 ‘facilitate
501 666 594 712 apta
612 666 855 698 caeterorum
873 660 1091 699 Andronici
1112 663 1291 697 actorum
1309 659 1351 697 in
1372 659 1471 698 serie
1492 658 1610 697 huius
1629 657 1759 698 histo-

303 718 386 756 riae
416 717 617 769 dispositio
645 716 830 759 succedit.
888 730 980 755 nam
1000 715 1107 766 quod
1125 722 1215 754 ante
1234 716 1472 754 mentionem
1490 716 1599 755 electi
1619 715 1660 752 in
1684 728 1760 766 pa-

300 788 394 827 pam
424 773 656 825 GregoriiX
685 774 806 811 refert
832 787 866 814 c.
882 773 978 815 281.
998 774 1025 813 4
1049 771 1327 824 Pachymeres,
1356 772 1585 810 Andronico
1613 771 1690 810 iam
1715 771 1759 810 in

301 831 433 869 'virum
460 830 621 880 adulto,
650 829 727 868 hoc
755 835 813 867 est
837 830 879 868 in
907 829 1094 885 puberem
1118 834 1158 867 et
1186 829 1364 880 coniugio
1391 834 1587 867 maturam
1613 827 1757 866 educto

301 893 489 936 aetatem,
519 892 671 937 patrem
694 887 774 924 eius
796 899 900 924 uxoi
903 899 963 923 em
981 898 1168 936 quaerere
1187 885 1377 936 coepisse,
1406 885 1505 923 bene
1528 883 1727 935 quadrat
1714 896 1758 922 m

301 957 449 981 annum
467 942 611 981 Christi
632 945 751 991 1271,
786 943 886 981 sedis
905 942 1079 981 vacantis
1098 948 1188 1006 post
1206 947 1374 979 mortem
1392 942 1599 979 Clementis
1614 940 1759 989 Quarti

300 1002 460 1038 tertium
470 1013 481 1050 3
499 1013 577 1049 quo
591 998 776 1036 nimirum
788 999 1036 1037 Andronicus
1053 998 1236 1048 quintum
1254 998 1448 1036 decimum
1467 999 1605 1049 agebat
1621 996 1759 1034 aetatis

301 1070 463 1098 annum,
521 1056 678 1106 nuptias
704 1056 805 1106 ipsas
823 1054 1040 1093 Andronici
1058 1068 1145 1092 cum
1168 1055 1282 1092 Anna
1301 1055 1402 1104 regis
1423 1054 1645 1092 Pannoniae
1663 1053 1758 1102 filia,

301 1113 427 1163 capite
445 1111 582 1149 eodem
599 1117 852 1159 memoratas,
883 1110 935 1148 ad
955 1124 1102 1148 annum
1120 1116 1343 1160 sequentem
1361 1109 1505 1147 Christi
1525 1113 1632 1153 1272
1650 1110 1756 1147 refe-

301 1169 437 1207 rimus.
493 1167 599 1204 unde
633 1167 841 1216 assumptio
862 1166 1085 1204 Andronici
1102 1166 1272 1204 eiusdem
1289 1167 1330 1204 in
1346 1166 1587 1204 consortium
1603 1166 1758 1216 imperii

302 1238 325 1261 a
348 1221 460 1275 patre
483 1222 658 1272 Augusto
681 1223 804 1270 facta,
833 1228 873 1260 et
900 1222 1081 1259 solemnis
1105 1222 1307 1259 coronatio
1328 1221 1542 1260 Andronici
1563 1227 1602 1259 et
1619 1222 1756 1260 Annae

301 1292 500 1318 novorum
529 1278 817 1328 Augustorum,
846 1291 963 1328 quam
988 1277 1246 1328 Pachymeres
1276 1278 1399 1315 altero
1429 1290 1451 1314 a
1483 1277 1631 1328 nuptiis
1650 1291 1757 1316 anno*

302 1336 536 1374 celebratam
553 1334 696 1372 ibidem
714 1333 857 1385 tradit,
887 1333 939 1372 ad
959 1347 1107 1373 annum
1127 1333 1272 1373 Christi
1291 1329 1398 1379 1273
1419 1332 1634 1374 Andronici
1651 1333 1754 1381 duce

301 1391 579 1449 devigesimum
596 1390 782 1443 pertinet.

711 1522 1129 1577 ‚CAPUT
1199 1521 1291 1572 IX.

357 1618 565 1655 Statuitur
590 1623 745 1668 tempus
774 1615 906 1653 obitus
933 1614 1150 1653 Mchae'ilis·
1167 1615 1409 1666 Palaeologi
1438 1620 1475 1651 et
1503 1626 1695 1651 numerus

299 1676 496 1712 annorum
526 1674 615 1710 eius·
643 1673 814 1728 imperii.
871 1670 1074 1723 appendix
1099 1669 1148 1708 (le
1175 1685 1282 1710 anno
1304 1677 1446 1723 captae
1462 1683 1490 1708 a
1507 1670 1645 1707 Persis
1660 1669 1749 1707 He-

867 1728 1025 1765 racleae
1048 1729 1184 1766 Ponti.

408 1830 438 1868 Ι.
496 1831 715 1879 Utrumque
733 1834 851 1881 caput
871 1829 922 1867 ad
941 1828 1216 1868 discussionem
1236 1826 1302 1866 hic
1319 1828 1563 1879 propositum
1585 1826 1749 1864 molesta

296 1886 527 1935 opinionum
553 1886 743 1924 varietate
767 1886 998 1936 perplexum
1031 1891 1099 1922 est.
1155 1891 1203 1923 ut
1237 1885 1341 1922 enim
1368 1884 1545 1921 omittam
1572 1883 1748 1933 vulgaria

299 1942 504 1989 chronica,
534 1955 702 1992 quorum
730 1942 773 1978 in
799 1941 1032 1991 quibusdam
1060 1940 1142 1978 vidi
1161 1940 1396 1991 principium
1416 1939 1568 1991 imperii
1587 1938 1748 1976 Andro-

298 1998 378 2035 nici
406 1998 595 2047 Senioris,
625 1996 733 2047 quod
762 1997 898 2036 statim
928 2011 950 2034 a
975 2002 1102 2035 morte
1122 1996 1319 2034 Michaelis
1337 1995 1419 2033 eius
1442 1995 1566 2047 patris
1586 1994 1745 2045 incepit,

299 2055 570 2105 consignatum
600 2066 701 2091 anno
735 2052 880 2091 Christi
907 2052 1036 2102 1294,
1067 2058 1106 2090 et
1129 2053 1203 2103 ipsi
1227 2051 1406 2090 Micha‘eli
1431 2064 1500 2089 sex
1529 2056 1567 2088 et
1583 2050 1746 2100 triginta

298 2111 350 2148 im
357 2110 453 2161 perii
469 2123 590 2148 annos
608 2110 830 2158 attributos,
858 2108 1093 2160 Spondanus
1108 2108 1245 2146 obiisse
1262 2107 1488 2146 Micha‘elem
1507 2120 1610 2145 anno
1629 2105 1746 2144 Chri·-

301 2168 353 2204 sti
377 2169 480 2209 1283
499 2166 629 2217 ponit,
657 2172 696 2203 et
722 2165 983 2217 principatum
1010 2165 1179 2203 tenuisse
1205 2165 1316 2203 annis
1332 2163 1471 2215 viginti
1487 2169 1657 2214 quatuor
1675 2175 1744 2201 re-

300 2223 379 2261 sert
405 2235 455 2259 ex
476 2223 667 2273 Gregora‚
696 2228 744 2260 ut
772 2222 846 2271 ait3
875 2221 982 2273 apud
999 2234 1114 2272 quem
1130 2226 1261 2259 tamen
1283 2221 1370 2259 loco
1389 2221 1437 2258 ab
1459 2233 1504 2258 eo
1522 2219 1684 2258 laudato
1700 2218 1743 2256 id

301 2291 382 2316 non
406 2279 578 2329 reperio,
607 2251 674 2316 sed
694 2284 849 2316 tantum
872 2283 1074 2316 mortuum
1098 2277 1325 2315 Micha'elem
1346 2290 1449 2315 anno
1470 2276 1608 2315 mundi
1628 2276 1744 2313 iuxta

300 2341 527 2385 computum
550 2335 788 2373 Graecorum
808 2337 940 2382 6791,
968 2333 1105 2371 aetatis
1123 2347 1214 2372 suae
1233 2334 1298 2376 58.
1355 2331 1377 2374 ὁ
1397 2330 1469 2384 μὲν
1488 2330 1537 2384 δή
1558 2328 1742 2399 βασιλεύς

300 2390 446 2460 (verba
474 2397 566 2428 sunt
582 2390 638 2428 Gr
640 2389 774 2441 egorae
790 2390 838 2427 de
852 2363 1039 2428 Michaele
1055 2390 1280 2441 Palaeologo
1296 2387 1526 2439 scribentis)
1553 2386 1644 2440 περὶ
1669 2403 1741 2435 ους

287 2441 522 2498 εἰρήκειμεν
540 2443 688 2494 τόπους
711 2462 790 2499 παρ
798 2443 966 2487 ’ἐλπίδα
989 2449 1062 2499 τῆς
1081 2446 1228 2494 οἰκείας
1252 2446 1358 2496 ἔτυχε
1377 2446 1572 2511 τελευτῆς
1574 2458 1672 2483 κατα
1694 2458 1740 2484 το

297 2500 624 2553 ἓξακισχιλιοστόν
647 2500 950 2543 ἓπτακοσιοστόν
969 2499 1227 2554 ἐνενηκοστον
1244 2516 1403 2554 πρωτον
1422 2500 1525 2548 ἔτος,
1553 2494 1650 2540 ὀκτώ
1670 2497 1738 2545 καὶ

297 2573 543 2608 πεντηκοντα
573 2557 671 2598 ἐτῶν
697 2556 912 2612 τυγχάνων.
967 2557 1045 2596 hoe
1076 2564 1152 2596 est:
1180 2560 1396 2610 imperator
1413 2558 1473 2595 cir
1474 2570 1523 2594 ca
1537 2556 1616 2593 illa
1634 2567 1738 2606 quae

298 2612 476 2650 diximus
496 2614 587 2651 loca
605 2622 765 2664 praeter
782 2629 890 2665 spem
907 2615 1016 2652 vitae
1035 2628 1134 2652 suae
1141 2616 1269 2666 finem
1289 2615 1458 2662 invenit,
1487 2625 1593 2650 anno
1614 2611 1736 2650 sexies

296 2670 506 2706 millesimo
526 2671 864 2721 septincentesimo
886 2673 1142 2723 nonagesimo
1163 2685 1216 2722 pr
1217 2672 1321 2720 imo,
1352 2682 1474 2722 agens
1491 2669 1637 2708 aetatis
1658 2679 1734 2704 an-

290 2739 391 2763 num
411 2727 788 2777 quinquagesimam
808 2734 1006 2766 octavum.
1060 2727 1117 2765 ita
1137 2727 1339 2778 Gregoras.

406 2792 452 2830 11.
509 2791 563 2830 At
588 2797 721 2830 noster
748 2792 1004 2843 Pachymeres
1026 2794 1051 2834 l.
1073 2798 1098 2837 6
1117 2808 1150 2833 c.
1167 2797 1220 2835 36
1247 2793 1365 2832 huius
1381 2791 1507 2844 operis
1525 2789 1580 2828 sic
1598 2789 1734 2828 scribit

297 2846 346 2885 de
361 2847 422 2886 die
439 2848 568 2888 obitus
585 2847 793 2888 Michaelis.
849 2847 976 2903 ἡμέρα
994 2844 1049 2902 ἦν
1068 2849 1296 2903 παρασκευή
1317 2844 1503 2900 ἑνδεκάτη
1520 2858 1735 2901 σκιρροφο-
