1884 3262
440 162 516 221 DE
549 176 820 221 MchAELE
853 177 1220 227 PALAEOLoco
1256 181 1302 222 L.
1328 179 1402 223 w.
1538 178 1637 234 437

193 290 272 344 ἤδη
291 291 348 340 εἷς
365 294 509 347 ψῆφον
526 289 586 333 ’ὢν
604 292 911 348 πατριαρχειόυ·
948 289 970 334 ὁ
993 291 1071 347 γὰρ
1090 289 1302 345 Εὖθῦμιος
1329 287 1533 346 ἐτεθνήκει
1561 295 1636 344 τῆς

195 356 470 408 Θεουπόλεως.
537 359 584 402 τὸ
608 359 651 401 δ’
676 358 785 409 ὅπως
804 358 851 402 οὗ
868 365 1003 415 χεῖρον
1031 361 1166 402 εἰπεῖν.
1233 355 1434 414 κεχήρωτο
1460 360 1535 412 μὲν
1559 354 1633 402 οἶν
1655 367 1687 401 D

190 425 239 468 τό
259 433 540 482 πατριαρχεῖον
549 460 562 479 ,
598 429 664 470 καὶ
683 428 823 469 πολλοὶ
841 431 924 469 τῶν
944 431 1019 481 τῆς
1035 426 1236 480 ἀνατολῆς
1255 424 1480 469 ἐπισκόπων
1499 431 1635 481 παρῆ·
1652 477 1657 482 .>

191 509 293 546 σαν,
331 494 370 536 οἶ
390 496 463 548 μὲν
486 496 638 537 ἐκεῖθεν
661 493 801 548 ι’όντες,
837 495 876 537 οἶ
895 495 938 536 δὲ
957 497 1023 536 καὶ
1041 495 1224 537 ἐνταῦθα
1245 501 1335 542 ταῖς
1356 496 1507 537 ἐκείνου
1528 512 1633 549 προ-

155 568 360 616 5τροπαῒς
378 560 598 617 γενόμενοι·
633 562 775 619 ἤρεσκε
794 562 870 618 γὰρ
891 563 954 604 ἐπὶ
970 559 1130 611 τούτοις
1157 564 1223 603 καὶ
1245 560 1270 615 ἡ
1290 566 1364 604 τοῦ
1378 561 1630 618 Ἀναζάρβου
1651 607 1656 614 ,

191 628 460 685 Θεοδωρήτου
487 627 642 684 βουλή,
679 632 733 680 εἷς
764 627 884 677 νόσον
912 629 992 684 ἤδη
1017 629 1226 679 κλιθέντος
1255 634 1328 671 τοῦ
1359 628 1628 686 πατριάρχου,

186 697 283 746 τοὺς
311 697 473 748 ἶκανοῦς
498 700 541 740 ἐκ
565 702 800 754 προτροπῆς
824 698 972 740 ἐκείνου
1010 699 1216 753 γίνεσθαι,
1272 697 1345 754 ἐφ’
1379 691 1412 755 ᾧ
1435 698 1506 743 τὸν
1529 698 1627 752 μετ’

184 765 333 807 ἐκεῖνον
359 764 772 821 προσκληθησόμενον
800 763 1076 819 ἀνεπιλήπτως
1109 763 1163 815 ὥς
1194 765 1341 815 ἱκανῶς
1371 767 1628 821 ψηφίζοιντο.

184 830 239 881 ὥς
257 837 353 886 γοῦν
376 834 547 887 ἐζητεῖτο
571 833 592 876 ὃ
610 832 915 889 χρησιμεύσων,
950 835 1015 876 καὶ
1036 834 1168 883 οὐδεὶς
1187 838 1260 876 τοῦ
1283 835 1510 889 Πρίγκιπος
1528 833 1626 876 ἇπε-
1648 840 1677 874 Ρ
1699 840 1767 875 299

130 901 390 954 ιογίνωσκεν,
419 897 469 955 ἧν
500 897 572 944 οὖν
598 902 724 950 εὐθὺς
752 903 817 944 καὶ
845 903 1100 957 ψηφίζεσθαι
1123 903 1189 943 καὶ
1209 906 1531 956 προσκαλεῖσθαι
1555 901 1627 946 τὸν

182 966 327 1024 ἄνδρα.
379 968 475 1011 ἀλλ’
498 967 519 1012 ὅ
538 969 729 1022 βασιλεὺς
745 967 874 1024 σοφόν
894 986 932 1011 τι
954 973 1138 1023 συνορῶν
1156 970 1219 1011 ἐπὶ
1238 967 1397 1018 τούτοις
1414 967 1626 1013 ὑπώπτευε

177 1035 252 1089 τὴν
266 1034 437 1090 χλεύην,
474 1038 542 1078 καὶ
562 1036 632 1079 τὸν
654 1035 903 1093 κρεμάμενον
929 1037 972 1078 ἔκ
999 1041 1073 1090 τῆς
1090 1034 1274 1090 ὑποψίας
1294 1035 1523 1091 κατάγελων
1541 1034 1624 1092 μή-

175 1119 263 1152 πως
280 1101 662 1160 ὂφλήσῃπρουνόει..
727 1104 798 1147 τὸν
815 1104 892 1160 γὰρ
910 1103 1118 1159 Πρίγκιπα
1135 1104 1191 1159 μὴ
1210 1103 1270 1146 δι’
1291 1103 1388 1147 ὅλου
1407 1109 1458 1161 τῇ
1481 1106 1623 1160 ἔκκλη-

175 1173 246 1229 σίᾳ
277 1169 490 1224 ἑνούμενον
519 1172 587 1214 διὰ
615 1172 665 1214 τὰ
697 1170 912 1226 συμβάντα
933 1171 1027 1215 οὐδ’
1048 1170 1163 1222 ,ὅλως
1179 1170 1309 1227 ἠγνόει
1318 1205 1332 1224 ,
1368 1171 1414 1215 τὸ
1434 1174 1478 1215 δὲ
1497 1191 1622 1215 συνυ-

116 1255 164 1290 ,15
175 1241 437 1281 ποκλίνεσθαι
457 1239 560 1282 κατὰ
581 1241 698 1294 τιμὴν
719 1238 947 1296 ὑπερτάτην
968 1242 1275 1295 προτεινομένην
1291 1240 1390 1299 ᾤετο
1410 1241 1484 1293 μέν
1497 1274 1510 1292 ,
1547 1241 1622 1283 οὐκ

174 1304 250 1359 εἶχε
284 1306 332 1349 δ’
364 1306 576 1363 ἀραρότως
603 1305 813 1351 πιστεύειν.
883 1310 917 1350 εἰ
938 1313 1037 1364 γοῦν
1057 1309 1286 1365 ψηφισθεὶς
1315 1308 1460 1364 ἀπερεῖ
1461 1340 1474 1360 ,
1513 1307 1612 1351 εἶναι
1634 1318 1664 1353 Β

169 1375 244 1428 μὲν
262 1375 396 1434 ἐκείνῳ
417 1375 489 1430 τὴν
508 1375 569 1418 ὅτι
588 1377 654 1418 καὶ
677 1374 910 1431 ἀξιούμενος
930 1375 1004 1430 οὐχ
1023 1374 1249 1432 ὑπήκουσεν
1278 1374 1460 1433 αὐτάρκη
1479 1375 1615 1431 τιμήν,

169 1518 250 1560 pote
271 1515 360 1551 iusto
382 1516 616 1560 suffragiorum
647 1528 783 1552 numero
814 1517 1021 1563 designatum
1053 1518 1281 1564 patriarcham
1311 1518 1346 1552 in
1366 1517 1473 1552 locum
1497 1517 1615 1551 Theo-

170 1561 309 1606 politani
331 1561 503 1606 Euthymii
526 1561 590 1596 iam
615 1563 747 1597 mortui.
792 1575 858 1609 quo
881 1565 923 1598 de
949 1567 1021 1598 toto
1044 1564 1179 1608 negotio
1202 1576 1267 1599 non
1290 1565 1350 1598 abs
1375 1575 1411 1597 re
1434 1563 1538 1597 suerit
1561 1563 1615 1596 di-

167 1606 322 1640 stinctius
344 1608 398 1640 hic
421 1608 546 1651 aliquid
570 1620 703 1653 ponere.
751 1609 890 1644 viduata
912 1613 1048 1654 pastore
1072 1609 1287 1655 patriarchali
1313 1608 1511 1643 Antiochiae
1531 1609 1613 1642 sede

166 1652 308 1685 aderant
335 1653 429 1686 multi
459 1653 682 1688 Orientalium
715 1655 919 1696 antistitum,
951 1655 1086 1700 quidam
1117 1667 1159 1690 ea
1193 1666 1295 1690 causa
1318 1667 1337 1689 e
1367 1654 1436 1688 suis
1459 1654 1614 1688 ecclesiis

167 1697 491 1743 Constantinopolim
523 1700 693 1743 profecti,
726 1700 873 1734 nonnulli
900 1700 967 1734 iam
1000 1706 1101 1736 antea
1123 1713 1143 1736 a
1165 1702 1308 1744 degente
1338 1700 1408 1734 illic
1432 1700 1612 1743 Euthymio

165 1743 301 1777 vocati:
334 1744 410 1778 huic
433 1744 518 1777 enim
542 1757 584 1779 ex
607 1746 721 1779 morbo
744 1758 811 1790 quo
834 1746 980 1780 decessit
998 1746 1208 1781 decumbenti
1231 1750 1447 1791 persuaserat
1470 1746 1500 1778 ei
1525 1745 1611 1779 assi-

164 1795 257 1822 stens
290 1789 518 1823 Theodoritus
556 1790 733 1835 episcopus
763 1792 950 1832 Anazarbi‚
983 1804 1003 1825 e
1033 1793 1085 1827 sui
1115 1792 1364 1838 patriarchatus
1396 1791 1611 1835 praesulibus

160 1833 314 1868 idoneum
347 1835 390 1868 ad
421 1846 497 1869 sese
525 1836 590 1869 iam
626 1848 715 1870 nunc
744 1848 887 1871 evocare
909 1849 1101 1879 numerum,
1130 1838 1187 1892 qui
1211 1837 1388 1878 videlicet,
1411 1837 1441 1870 si
1468 1836 1550 1880 quid
1573 1837 1606 1870 ei

161 1878 286 1913 deinde
314 1881 512 1924 contigisset
539 1881 747 1922 humanitus,
778 1883 849 1916 eius
880 1894 1106 1917 successorem
1138 1884 1237 1918 iustis
1268 1887 1406 1928 possent
1435 1881 1608 1927 suffragiis

159 1924 294 1968 eligere.
339 1925 427 1959 inter
448 1926 510 1960 hos
532 1927 711 1971 Euthymio
732 1928 797 1961 iam
820 1934 950 1963 mortuo
972 1929 1014 1962 de
1037 1929 1269 1963 substituendo
1293 1928 1323 1961 ei
1344 1928 1416 1961 viro
1438 1927 1511 1960 loco
1537 1928 1606 1961 isto

159 1969 262 2014 digno
293 1970 522 2015 disceptantes
550 1973 632 2006 satis
667 1975 845 2008 constabat
874 1977 1067 2009 cunctorum
1096 1974 1223 2008 iudicio
1256 1973 1412 2008 concordi
1440 1972 1603 2006 neminem
1637 2010 1641 2014 .

159 2014 310 2061 Principi
330 2017 440 2050 videri
462 2019 727 2063 praeferendum.
772 2031 836 2053 nec
856 2020 925 2054 ulla
947 2032 1008 2064 per
1026 2031 1222 2065 quemquam
1243 2020 1388 2063 ipsorum
1411 2029 1504 2052 mora
1527 2022 1603 2051 erat

158 2059 239 2105 quin
266 2061 417 2106 protinus
448 2064 658 2116 perferretur
693 2065 864 2099 decretum
898 2066 1081 2100 evectionis
1105 2066 1177 2099 eius
1207 2066 1243 2099 in
1273 2063 1466 2108 dignitatem
1488 2062 1601 2104 istam,

159 2105 256 2150 isque
277 2107 310 2140 in
334 2119 407 2141 eam
430 2112 496 2142 nte
518 2114 658 2143 vocatus
679 2110 957 2154 inauguraretur,
986 2111 1051 2145 nisi
1079 2111 1250 2156 paulisper
1271 2108 1484 2154 supersederi
1514 2108 1601 2141 deli-

157 2150 431 2197 berationemque
461 2155 619 2198 suspendi
647 2155 800 2190 iussisset
829 2156 1024 2201 imperator.
1081 2157 1262 2190 verebatur
1293 2156 1343 2196 is,
1374 2166 1436 2198 pro
1467 2165 1508 2186 ea
1531 2164 1600 2198 qua

157 2196 288 2230 solebat
317 2197 466 2232 intimum
495 2210 607 2234 rerum
638 2202 882 2236 occurrentium
913 2202 1075 2246 profunde
1104 2201 1297 2246 perspicere
1325 2199 1524 2245 prudentia,
1556 2210 1599 2232 ne

157 2241 222 2274 sibi
244 2242 360 2287 obrepi
381 2243 541 2288 illudique
562 2245 596 2278 in
628 2246 693 2280 hoc
715 2247 848 2291 negotio
881 2248 1027 2290 sineret,
1059 2246 1244 2291 meritoque
1265 2245 1472 2291 sapientibus
1494 2244 1597 2278 risum

155 2285 318 2329 deberet,
349 2287 380 2321 si
410 2288 572 2323 hominem
607 2290 698 2325 circa
730 2304 802 2326 eam
830 2304 916 2338 quae
938 2298 1019 2327 tunc
1040 2293 1205 2336 flagraret
1234 2291 1270 2325 in
1292 2290 1438 2326 ecclesia
1461 2294 1596 2324 contro-

155 2332 298 2366 versiam
332 2344 353 2366 a
385 2343 423 2367 se
452 2334 585 2369 diversa
614 2337 830 2380 sentientem,
860 2341 975 2372 contra
1008 2349 1046 2373 se
1077 2350 1118 2371 ac
1140 2348 1238 2382 quam
1270 2341 1407 2383 putaret
1427 2335 1594 2369 meliorem

155 2389 315 2419 causam,
348 2380 444 2412 tanta
482 2383 622 2424 repente
652 2383 773 2416 armari
803 2383 1006 2418 auctoritate
1038 2384 1259 2428 permitteret.
1315 2387 1483 2416 caeterum
1516 2381 1594 2426 quia

154 2423 294 2456 eundem
315 2422 405 2457 illum
427 2423 614 2470 Principem
643 2426 692 2461 ita
722 2427 858 2463 videbat
880 2440 945 2462 non
977 2428 1203 2463 dissimulasse
1233 2428 1479 2462 inclinationem
1513 2438 1593 2471 pro-

152 2468 261 2521 priam
285 2469 319 2502 in
351 2469 527 2504 factionem
559 2472 737 2506 schismate
769 2477 920 2508 avulsam
936 2499 947 2516 ,
977 2478 1016 2508 ut
1044 2478 1155 2508 tamen
1182 2486 1248 2509 non
1279 2479 1348 2508 tam
1378 2474 1412 2507 in
1434 2485 1475 2507 eo
1505 2474 1594 2506 fixus

150 2513 446 2559 irrevocabilisque
476 2516 645 2550 videretur
677 2518 758 2562 quin
781 2519 910 2564 sperari
933 2523 1048 2565 posset
1069 2519 1222 2555 transitio
1244 2520 1318 2554 eius
1339 2520 1372 2553 in
1395 2524 1512 2565 partes
1534 2531 1592 2553 eo-

151 2569 224 2592 rum
246 2559 303 2604 qui
326 2560 469 2604 supremi
502 2561 575 2595 eius
607 2562 740 2596 honoris
773 2565 962 2599 voluntaria
993 2565 1160 2600 delatione
1190 2566 1270 2601 nibil
1299 2577 1366 2600 non
1390 2567 1432 2600 ab
1456 2577 1497 2599 eo
1519 2577 1591 2599 me-

150 2603 318 2647 ruissent,
343 2606 567 2640 necessarium
590 2619 664 2641 esse
687 2609 831 2643 credidit
852 2611 950 2644 huius
971 2611 1045 2657 spei
1066 2612 1188 2656 pignus
1210 2618 1412 2657 antecapere
1433 2623 1495 2646 nec
1517 2623 1587 2645 rem

151 2652 280 2684 tantam
303 2650 402 2685 nimis
431 2652 638 2696 periculosae
669 2653 763 2687 aleae
795 2656 1007 2691 committere.
1053 2657 1134 2702 quid
1158 2658 1187 2692 si
1210 2658 1298 2692 enim
1321 2658 1420 2692 aliter
1440 2657 1498 2691 ille
1520 2656 1586 2691 iam

149 2695 374 2747 proclamatus
401 2699 436 2731 et
465 2697 683 2742 inauguratus
714 2700 907 2744 patriarcha
939 2713 1037 2747 quam
1067 2707 1238 2748 speratum
1272 2708 1348 2738 erat
1369 2706 1526 2748 saperet;
1550 2706 1586 2736 et

148 2739 322 2792 diguitatis
343 2753 508 2785 summae,
538 2755 636 2788 quam
666 2756 687 2778 a
709 2746 812 2780 stulte
836 2747 1079 2783 confidentibus
1102 2749 1310 2794 accepisset,
1343 2753 1415 2782 toto
1438 2748 1585 2793 pondere

147 2786 354 2822 incumberet
374 2787 411 2822 in
436 2789 683 2835 depressionem
705 2789 851 2837 ipsorum
872 2794 1060 2829 eorumdem
1082 2795 1139 2841 qui
1162 2795 1219 2842 sic·
1242 2795 1352 2840 ipsum
1373 2793 1582 2839 inexplorato
