1884 3262
91 695 121 729 P
143 692 211 728 522

237 226 370 303 738ζ
601 266 622 302 4
639 220 952 275 OBSERVAT.
984 221 1301 287 PACHYMER.
1334 247 1342 275 ἲ,

237 352 335 392 tolle
357 352 508 388 motum
518 340 823 398 respondentem
833 334 1003 389 tempori
1013 346 1089 387 pa-

294 403 495 446 rallactico
518 404 702 438 accurato
1140 389 1195 430 29
1317 379 1363 426 ’7

238 468 362 504 restat
380 461 490 499 locus
506 457 623 496 lunae
640 455 682 494 in
700 449 854 506 synodo
870 448 956 491 visa
972 459 1091 486 accu-
1157 446 1196 482 S.
1313 440 1363 478 G.

293 524 382 558 rata
432 531 433 534 ¹
1166 502 1196 541 2
1334 499 1363 538 9

238 589 289 615 ex
305 575 382 613 hoc
399 573 493 611 tolle
510 571 642 609 locum
657 565 754 606 nodi
773 566 815 604 Ω,
1166 559 1194 598 8
1308 551 1360 594 14

236 637 362 672 restat
379 643 499 669 verus
522 633 652 666 motus
672 619 893 661 latitudinis
1168 611 1195 654 5
1307 607 1363 651 25

237 688 343 728 unde
369 699 465 726 vera
493 681 664 722 latitudo
692 676 859 718 borealis
876 675 958 714 sive
977 684 1092 711 arcus

292 746 396 783 inter
418 747 555 780 centra
1144 727 1199 766 27
1315 723 1368 762 10

239 815 261 840 e
276 800 392 838 tertia
413 793 605 850 parallaxi
620 787 842 831 latitudinis
1144 780 1199 822 24
1315 774 1369 818 48

239 855 430 897 tollenda:
459 860 499 891 et
515 855 639 891 restat
655 847 740 888 visa
754 841 924 885 latitudo
941 853 1010 879 seu
1026 851 1094 877 ar-

299 926 368 952 cus
386 911 491 950 inter
513 912 650 947 centra
1172 895 1201 933 2
1313 890 1370 930 22

689 1047 989 1100 Quantitas
1028 1039 1272 1091 eclipsis.

243 1163 306 1203 Ex
325 1171 477 1199 summa
497 1152 880 1194 semidiametrorum
1150 1142 1202 1182 31
1317 1135 1368 1177 41

244 1219 339 1258 tolle
359 1217 483 1256 visam
500 1208 752 1251 latitudinem
772 1197 1012 1242 sive-arcum
1030 1197 1097 1235 in-

267 1298 270 1302 ·
301 1280 364 1311 ter
383 1276 519 1309 centra
751 1295 753 1298 ⁴
871 1295 878 1301 .
1179 1253 1208 1293 2
1318 1249 1375 1288 22

246 1334 369 1370 restat
388 1324 586 1378 quantitas
605 1317 755 1371 eclipsis
1151 1309 1207 1349 29
1234 1324 1238 1328 ·
1322 1303 1375 1343 19

247 1387 292 1425 in
312 1382 505 1434 scrupulis
525 1377 632 1420 1759
1070 1402 1072 1405 .

249 1455 349 1494 quae
368 1436 626 1489 multiplicata
642 1443 712 1484 per
733 1430 757 1470 6
775 1426 926 1466 faciunt
946 1419 1084 1466 10554

249 1510 350 1550 quae
371 1495 494 1534 divisa
514 1504 583 1543 per
602 1482 933 1527 semidiametrum
950 1477 1040 1519 solis
1059 1479 1143 1520 900

251 1556 348 1594 dant
367 1551 507 1602 digitos
530 1549 580 1588 11

250 1615 404 1650 restant
427 1604 508 1649 654

253 1678 352 1717 quae
373 1663 524 1702 faciunt
546 1656 656 1709 digiti
675 1653 792 1695 unius
811 1655 944 1701 partes
964 1645 1020 1690 40

1475 492 1531 536 42
1643 491 1697 532 19

1473 552 1530 591 26
1641 549 1696 588 33

1478 603 1530 647 15
1641 601 1698 644 46

311 1721 455 1759 a‘ntitas
481 1729 572 1768 ergo
600 1711 749 1764 eclipsis
776 1714 835 1757 est
863 1704 974 1757 digiti
994 1699 1179 1743 undecim
1196 1708 1288 1736 cum
1307 1690 1566 1746 quadraginta
1581 1685 1708 1741 parti-
1726 1678 1731 1707 {-

309 1778 383 1816 bus
402 1771 634 1814 duodecimi.

727 1910 967 1951 Duratio
1009 1903 1247 1956 eclipsie.

371 2017 537 2058 Duratio
562 2014 683 2056 huius
711 2011 860 2064 eclipsis
883 2012 1020 2047 exacte
1048 2003 1256 2044 definietur
1277 1984 1330 2040 ex
1353 1998 1547 2051 scrupulis
1563 1995 1712 2035 mediae

263 2075 481 2129 durationis
537 2075 587 2113 31
648 2069 702 2112 35
757 2081 829 2121 per
847 2063 1053 2104 horarium
1071 2062 1190 2100 lunae
1206 2063 1361 2099 motum
1377 2058 1420 2096 in
1441 2053 1654 2095 incidentia
1672 2056 1713 2090 et
1729 2077 1736 2084 -

264 2133 477 2173 emersione
496 2126 738 2181 compositis,
765 2130 813 2163 ut
830 2120 1095 2172 consequitur.

788 2247 843 2286 In
880 2241 1184 2284 incidentia.
1249 2236 1251 2238 ’

268 2334 379 2373 locus
400 2332 516 2371 lunae
532 2342 613 2370 una
629 2313 728 2368 hora
745 2332 838 2370 ante
854 2325 979 2367 visam
992 2336 1114 2376 syno-
1179 2321 1218 2359 S.
1339 2319 1375 2357 G

327 2389 423 2446 dum
440 2383 662 2426 accusatam
1189 2378 1219 2419 2
1356 2376 1385 2416 9

272 2506 426 2552 tempus
445 2496 537 2537 Maii
799 2534 802 2536 μ
1024 2471 1027 2474 .
1163 2434 1221 2533 ξὸ
1339 2431 1392 2532 ξ

799 2614 856 2657 In
894 2614 1202 2656 emersione.

274 2701 385 2741 locus
401 2698 519 2738 lunae
534 2709 614 2736 una
630 2693 729 2735 hora
746 2701 834 2750 post
852 2696 976 2737 visam
992 2703 1113 2747 syno-
1179 2689 1220 2731 S.
1344 2689 1393 2727 G.

332 2757 428 2795 dum
446 2759 667 2793 accuratam
1174 2750 1227 2841 „2
1339 2747 1392 2838 11?
1475 2777 1478 2779 -

276 2875 430 2920 tempus
447 2865 539 2905 Maii
1172 2858 1226 2901 25
1339 2858 1389 2898 11

1524 2377 1552 2416 8
1690 2370 1718 2412 4

1528 2487 1552 2528 1
1663 2482 1721 2527 60

1507 2742 1558 2782 16
1668 2734 1723 2778 84

1535 2853 1556 2891 1
1670 2847 1727 2890 50
