<?xml version="1.0" encoding="UTF-8"?>
<!DOCTYPE html PUBLIC "-//W3C//DTD XHTML 1.0 Transitional//EN"
    "http://www.w3.org/TR/xhtml1/DTD/xhtml1-transitional.dtd">
<html xmlns="http://www.w3.org/1999/xhtml" xml:lang="en" lang="en">
 <head>
  <title>
</title>
<meta http-equiv="Content-Type" content="text/html;charset=utf-8" />
  <meta name='ocr-system' content='tesseract 3.04.00' />
  <meta name='ocr-capabilities' content='ocr_page ocr_carea ocr_par ocr_line ocrx_word'/>
</head>
<body>
  <div class='ocr_page' id='page_1' title='image "./corpusscriptorum17niebuoft_0601.png"; bbox 0 0 1884 3262; ppageno 0'>
   <div class='ocr_carea' id='block_1_1' title="bbox 674 203 1667 252">
    <p class='ocr_par' dir='ltr' id='par_1_1' title="bbox 674 203 1667 252">
     <span class='ocr_line' id='line_1_1' title="bbox 674 203 1667 252; baseline 0.001 -2"><span class='ocrx_word' id='word_1_1' title='bbox 674 205 782 252; x_wconf 86' lang='lat' dir='ltr'><strong>LIB.</strong></span> <span class='ocrx_word' id='word_1_2' title='bbox 798 204 834 251; x_wconf 86' lang='lat'><strong>1.</strong></span> <span class='ocrx_word' id='word_1_3' title='bbox 890 203 1257 251; x_wconf 83' lang='lat' dir='ltr'><strong>GLOSSARIUM.</strong></span> <span class='ocrx_word' id='word_1_4' title='bbox 1570 206 1667 252; x_wconf 87' lang='grc'><strong>583</strong></span> 
     </span>
    </p>
   </div>
   <div class='ocr_carea' id='block_1_2' title="bbox 200 316 1803 877">
    <p class='ocr_par' dir='ltr' id='par_1_2' title="bbox 200 316 1803 877">
     <span class='ocr_line' id='line_1_2' title="bbox 208 316 1668 370; baseline -0.003 -11"><span class='ocrx_word' id='word_1_5' title='bbox 208 319 382 359; x_wconf 66' lang='lat' dir='ltr'><strong>chaelem</strong></span> <span class='ocrx_word' id='word_1_6' title='bbox 394 317 669 370; x_wconf 50' lang='lat' dir='ltr'><strong>¹Palaeologum</strong></span> <span class='ocrx_word' id='word_1_7' title='bbox 684 317 826 368; x_wconf 84' lang='lat' dir='ltr'><strong>legioni</strong></span> <span class='ocrx_word' id='word_1_8' title='bbox 844 316 1081 356; x_wconf 82' lang='lat' dir='ltr'><strong>Halizonum</strong></span> <span class='ocrx_word' id='word_1_9' title='bbox 1096 316 1352 356; x_wconf 85' lang='lat' dir='ltr'><strong>Mesothiniae</strong></span> <span class='ocrx_word' id='word_1_10' title='bbox 1372 317 1490 368; x_wconf 84' lang='lat' dir='ltr'><strong>vulgo</strong></span> <span class='ocrx_word' id='word_1_11' title='bbox 1504 330 1668 358; x_wconf 76' lang='lat' dir='ltr'><strong>nuncu-</strong></span> 
     </span>
     <span class='ocr_line' id='line_1_3' title="bbox 207 373 1661 428; baseline 0 -14"><span class='ocrx_word' id='word_1_12' title='bbox 207 383 323 428; x_wconf 83' lang='lat' dir='ltr'><strong>patae</strong></span> <span class='ocrx_word' id='word_1_13' title='bbox 344 376 401 424; x_wconf 80' lang='grc' dir='ltr'><strong>εἶς</strong></span> <span class='ocrx_word' id='word_1_14' title='bbox 420 373 603 428; x_wconf 72' lang='grc' dir='ltr'><strong><em>κεφαλήν</em></strong></span> <span class='ocrx_word' id='word_1_15' title='bbox 620 374 767 424; x_wconf 76' lang='grc' dir='ltr'><strong><em>ἔταξεν,</em></strong></span> <span class='ocrx_word' id='word_1_16' title='bbox 796 376 891 412; x_wconf 81' lang='lat' dir='ltr'><strong>meit</strong></span> <span class='ocrx_word' id='word_1_17' title='bbox 910 389 955 412; x_wconf 86' lang='lat' dir='ltr'><strong>en</strong></span> <span class='ocrx_word' id='word_1_18' title='bbox 975 381 1081 424; x_wconf 78' lang='lat' dir='ltr'><strong>teste,</strong></span> <span class='ocrx_word' id='word_1_19' title='bbox 1110 380 1158 412; x_wconf 86' lang='lat' dir='ltr'><strong>ut</strong></span> <span class='ocrx_word' id='word_1_20' title='bbox 1176 374 1278 412; x_wconf 80' lang='lat' dir='ltr'><strong>Galli</strong></span> <span class='ocrx_word' id='word_1_21' title='bbox 1295 373 1412 412; x_wconf 87' lang='lat' dir='ltr'><strong>hodie</strong></span> <span class='ocrx_word' id='word_1_22' title='bbox 1426 375 1661 423; x_wconf 81' lang='lat' dir='ltr'><strong>loquuntur,</strong></span> 
     </span>
     <span class='ocr_line' id='line_1_4' title="bbox 205 429 1664 484; baseline -0.002 -13"><span class='ocrx_word' id='word_1_23' title='bbox 205 432 286 471; x_wconf 86' lang='lat' dir='ltr'><strong>hoc</strong></span> <span class='ocrx_word' id='word_1_24' title='bbox 315 439 387 482; x_wconf 81' lang='lat' dir='ltr'><strong>est,</strong></span> <span class='ocrx_word' id='word_1_25' title='bbox 417 433 556 471; x_wconf 90' lang='lat' dir='ltr'><strong>ducem</strong></span> <span class='ocrx_word' id='word_1_26' title='bbox 577 431 822 484; x_wconf 63' lang='lat' dir='ltr'><strong>praeposuitx,</strong></span> <span class='ocrx_word' id='word_1_27' title='bbox 851 430 921 469; x_wconf 83' lang='lat' dir='ltr'><strong>sed</strong></span> <span class='ocrx_word' id='word_1_28' title='bbox 941 431 1070 478; x_wconf 79' lang='lat' dir='ltr'><strong>etiam,</strong></span> <span class='ocrx_word' id='word_1_29' title='bbox 1100 430 1210 480; x_wconf 84' lang='lat' dir='ltr'><strong>quod</strong></span> <span class='ocrx_word' id='word_1_30' title='bbox 1230 429 1555 470; x_wconf 69' lang='lat' dir='ltr'><strong>honorificentius</strong></span> <span class='ocrx_word' id='word_1_31' title='bbox 1573 431 1664 479; x_wconf 89' lang='lat' dir='ltr'><strong>suit,</strong></span> 
     </span>
     <span class='ocr_line' id='line_1_5' title="bbox 206 483 1664 539; baseline -0.002 -12"><span class='ocrx_word' id='word_1_32' title='bbox 206 490 363 528; x_wconf 76' lang='lat' dir='ltr'>subesse</span> <span class='ocrx_word' id='word_1_33' title='bbox 389 489 517 527; x_wconf 85' lang='lat' dir='ltr'><strong>eidem</strong></span> <span class='ocrx_word' id='word_1_34' title='bbox 540 487 899 528; x_wconf 79' lang='lat' dir='ltr'><strong>voluitcohortem</strong></span> <span class='ocrx_word' id='word_1_35' title='bbox 928 483 1157 539; x_wconf 77' lang='grc' dir='ltr'><strong><em>ὄπτιμᾶτων</em></strong></span> <span class='ocrx_word' id='word_1_36' title='bbox 1187 486 1358 535; x_wconf 89' lang='lat' dir='ltr'><strong>dictam,</strong></span> <span class='ocrx_word' id='word_1_37' title='bbox 1388 487 1437 525; x_wconf 88' lang='lat' dir='ltr'><strong>de</strong></span> <span class='ocrx_word' id='word_1_38' title='bbox 1463 500 1541 538; x_wconf 87' lang='lat' dir='ltr'><strong>qua</strong></span> <span class='ocrx_word' id='word_1_39' title='bbox 1564 499 1664 526; x_wconf 84' lang='lat' dir='ltr'><strong>voce</strong></span> 
     </span>
     <span class='ocr_line' id='line_1_6' title="bbox 204 543 1662 596; baseline -0.001 -11"><span class='ocrx_word' id='word_1_40' title='bbox 204 546 298 590; x_wconf 82' lang='lat' dir='ltr'><strong>vide</strong></span> <span class='ocrx_word' id='word_1_41' title='bbox 320 546 389 595; x_wconf 86' lang='lat' dir='ltr'><strong>sis,</strong></span> <span class='ocrx_word' id='word_1_42' title='bbox 418 546 564 593; x_wconf 87' lang='lat' dir='ltr'><strong>lector,</strong></span> <span class='ocrx_word' id='word_1_43' title='bbox 595 557 695 595; x_wconf 88' lang='lat' dir='ltr'><strong>quae</strong></span> <span class='ocrx_word' id='word_1_44' title='bbox 711 544 828 596; x_wconf 80' lang='lat' dir='ltr'><strong>paulo</strong></span> <span class='ocrx_word' id='word_1_45' title='bbox 852 544 1013 582; x_wconf 83' lang='lat' dir='ltr'><strong>inferius</strong></span> <span class='ocrx_word' id='word_1_46' title='bbox 1035 543 1322 582; x_wconf 80' lang='lat' dir='ltr'><strong>annotabimus.</strong></span> <span class='ocrx_word' id='word_1_47' title='bbox 1379 557 1460 583; x_wconf 86' lang='lat' dir='ltr'><strong>non</strong></span> <span class='ocrx_word' id='word_1_48' title='bbox 1480 543 1662 583; x_wconf 81' lang='lat' dir='ltr'><strong>omittam</strong></span> 
     </span>
     <span class='ocr_line' id='line_1_7' title="bbox 203 599 1661 654; baseline -0.003 -12"><span class='ocrx_word' id='word_1_49' title='bbox 203 602 417 642; x_wconf 79' lang='lat' dir='ltr'><strong>admonere</strong></span> <span class='ocrx_word' id='word_1_50' title='bbox 438 601 545 654; x_wconf 83' lang='lat' dir='ltr'><strong>apud</strong></span> <span class='ocrx_word' id='word_1_51' title='bbox 563 601 832 653; x_wconf 88' lang='lat' dir='ltr'><strong>Acropolitam</strong></span> <span class='ocrx_word' id='word_1_52' title='bbox 863 614 896 638; x_wconf 91' lang='lat' dir='ltr'><strong>c.</strong></span> <span class='ocrx_word' id='word_1_53' title='bbox 917 599 972 641; x_wconf 83' lang='lat'><strong>64</strong></span> <span class='ocrx_word' id='word_1_54' title='bbox 1000 600 1101 638; x_wconf 86' lang='lat' dir='ltr'><strong>Hist.</strong></span> <span class='ocrx_word' id='word_1_55' title='bbox 1121 601 1387 652; x_wconf 80' lang='grc' dir='ltr'><strong><em>μεσοθυνίαν,</em></strong></span> <span class='ocrx_word' id='word_1_56' title='bbox 1418 600 1466 638; x_wconf 87' lang='lat' dir='ltr'><strong>de</strong></span> <span class='ocrx_word' id='word_1_57' title='bbox 1491 613 1569 650; x_wconf 86' lang='lat' dir='ltr'><strong>qua</strong></span> <span class='ocrx_word' id='word_1_58' title='bbox 1595 599 1661 638; x_wconf 88' lang='lat' dir='ltr'><strong>hic</strong></span> 
     </span>
     <span class='ocr_line' id='line_1_8' title="bbox 203 655 1660 709; baseline -0.003 -11"><span class='ocrx_word' id='word_1_59' title='bbox 203 665 361 709; x_wconf 83' lang='lat' dir='ltr'><strong>aetum,</strong></span> <span class='ocrx_word' id='word_1_60' title='bbox 390 672 481 698; x_wconf 89' lang='lat' dir='ltr'><strong>cum</strong></span> <span class='ocrx_word' id='word_1_61' title='bbox 500 674 526 698; x_wconf 88' lang='lat' dir='ltr'><strong><em>v</em></strong></span> <span class='ocrx_word' id='word_1_62' title='bbox 543 658 673 697; x_wconf 89' lang='lat' dir='ltr'><strong>scribi.</strong></span> <span class='ocrx_word' id='word_1_63' title='bbox 729 657 883 695; x_wconf 88' lang='lat' dir='ltr'><strong>codices</strong></span> <span class='ocrx_word' id='word_1_64' title='bbox 908 655 1093 708; x_wconf 89' lang='lat' dir='ltr'><strong>Pachym.</strong></span> <span class='ocrx_word' id='word_1_65' title='bbox 1120 669 1211 694; x_wconf 86' lang='lat' dir='ltr'><strong>cum</strong></span> <span class='ocrx_word' id='word_1_66' title='bbox 1241 672 1256 697; x_wconf 89' lang='grc' dir='ltr'><strong><em>ι</em></strong></span> <span class='ocrx_word' id='word_1_67' title='bbox 1289 656 1530 708; x_wconf 81' lang='grc' dir='ltr'><strong><em>μεσοθινίαν</em></strong></span> <span class='ocrx_word' id='word_1_68' title='bbox 1560 669 1660 694; x_wconf 89' lang='lat' dir='ltr'><strong>con-</strong></span> 
     </span>
     <span class='ocr_line' id='line_1_9' title="bbox 202 712 1661 765; baseline -0.003 -11"><span class='ocrx_word' id='word_1_69' title='bbox 202 722 354 754; x_wconf 79' lang='lat' dir='ltr'><strong>stanter</strong></span> <span class='ocrx_word' id='word_1_70' title='bbox 366 715 572 756; x_wconf 71' lang='lat' dir='ltr'><strong>scribunt.</strong></span> <span class='ocrx_word' id='word_1_71' title='bbox 626 714 700 752; x_wconf 88' lang='lat' dir='ltr'><strong>hos</strong></span> <span class='ocrx_word' id='word_1_72' title='bbox 718 728 790 752; x_wconf 89' lang='lat' dir='ltr'><strong>nos</strong></span> <span class='ocrx_word' id='word_1_73' title='bbox 808 713 1080 765; x_wconf 83' lang='lat' dir='ltr'><strong>expressimus.</strong></span> <span class='ocrx_word' id='word_1_74' title='bbox 1136 712 1192 750; x_wconf 92' lang='lat' dir='ltr'><strong>sic</strong></span> <span class='ocrx_word' id='word_1_75' title='bbox 1211 718 1251 751; x_wconf 85' lang='lat' dir='ltr'><strong>et</strong></span> <span class='ocrx_word' id='word_1_76' title='bbox 1268 713 1310 751; x_wconf 89' lang='lat' dir='ltr'><strong>in</strong></span> <span class='ocrx_word' id='word_1_77' title='bbox 1330 712 1603 751; x_wconf 82' lang='lat' dir='ltr'>Tocharorum</span> <span class='ocrx_word' id='word_1_78' title='bbox 1620 718 1661 750; x_wconf 89' lang='lat' dir='ltr'><strong>et</strong></span> 
     </span>
     <span class='ocr_line' id='line_1_10' title="bbox 201 767 1803 823; baseline -0.003 -13"><span class='ocrx_word' id='word_1_79' title='bbox 201 772 286 811; x_wconf 85' lang='lat' dir='ltr'><strong>aliis</strong></span> <span class='ocrx_word' id='word_1_80' title='bbox 311 772 545 823; x_wconf 86' lang='lat' dir='ltr'><strong>quibusdam</strong></span> <span class='ocrx_word' id='word_1_81' title='bbox 570 771 771 811; x_wconf 86' lang='lat' dir='ltr'><strong>vocabulis</strong></span> <span class='ocrx_word' id='word_1_82' title='bbox 797 770 1025 821; x_wconf 86' lang='lat' dir='ltr'><strong>Acropolita</strong></span> <span class='ocrx_word' id='word_1_83' title='bbox 1050 783 1072 806; x_wconf 91' lang='lat' dir='ltr'><strong>a</strong></span> <span class='ocrx_word' id='word_1_84' title='bbox 1098 775 1235 807; x_wconf 87' lang='lat' dir='ltr'><strong>nostro</strong></span> <span class='ocrx_word' id='word_1_85' title='bbox 1256 769 1410 817; x_wconf 80' lang='lat' dir='ltr'><strong>differt,</strong></span> <span class='ocrx_word' id='word_1_86' title='bbox 1438 781 1513 807; x_wconf 88' lang='lat' dir='ltr'><strong>nec</strong></span> <span class='ocrx_word' id='word_1_87' title='bbox 1532 769 1662 807; x_wconf 78' lang='lat' dir='ltr'><strong>nostri</strong></span> <span class='ocrx_word' id='word_1_88' title='bbox 1682 768 1711 804; x_wconf 90' lang='lat' dir='ltr'>P</span> <span class='ocrx_word' id='word_1_89' title='bbox 1733 767 1803 803; x_wconf 76' lang='lat'><strong>402</strong></span> 
     </span>
     <span class='ocr_line' id='line_1_11' title="bbox 200 825 1660 877; baseline -0.003 -10"><span class='ocrx_word' id='word_1_90' title='bbox 200 829 336 867; x_wconf 82' lang='lat' dir='ltr'><strong>iudicii</strong></span> <span class='ocrx_word' id='word_1_91' title='bbox 363 835 422 867; x_wconf 89' lang='lat' dir='ltr'><strong>est</strong></span> <span class='ocrx_word' id='word_1_92' title='bbox 449 828 613 867; x_wconf 87' lang='lat' dir='ltr'><strong>definire</strong></span> <span class='ocrx_word' id='word_1_93' title='bbox 632 834 724 866; x_wconf 90' lang='lat' dir='ltr'><strong>uter</strong></span> <span class='ocrx_word' id='word_1_94' title='bbox 747 826 951 866; x_wconf 76' lang='lat' dir='ltr'><strong>erraverit.</strong></span> <span class='ocrx_word' id='word_1_95' title='bbox 1008 838 1130 877; x_wconf 86' lang='lat' dir='ltr'><strong>quare</strong></span> <span class='ocrx_word' id='word_1_96' title='bbox 1152 838 1238 865; x_wconf 88' lang='lat' dir='ltr'><strong>rem</strong></span> <span class='ocrx_word' id='word_1_97' title='bbox 1259 826 1446 877; x_wconf 78' lang='lat' dir='ltr'><strong>integram</strong></span> <span class='ocrx_word' id='word_1_98' title='bbox 1463 825 1660 876; x_wconf 86' lang='lat' dir='ltr'><strong>relinqui—</strong></span> 
     </span>
    </p>
   </div>
   <div class='ocr_carea' id='block_1_3' title="bbox 199 884 1658 993">
    <p class='ocr_par' dir='ltr' id='par_1_3' title="bbox 199 884 1658 993">
     <span class='ocr_line' id='line_1_12' title="bbox 199 884 1298 937; baseline -0.005 -12"><span class='ocrx_word' id='word_1_99' title='bbox 199 899 310 925; x_wconf 83' lang='lat' dir='ltr'><strong>mus:</strong></span> <span class='ocrx_word' id='word_1_100' title='bbox 337 885 446 936; x_wconf 85' lang='lat' dir='ltr'><strong>quod</strong></span> <span class='ocrx_word' id='word_1_101' title='bbox 462 885 678 937; x_wconf 86' lang='lat' dir='ltr'><strong>reperimus</strong></span> <span class='ocrx_word' id='word_1_102' title='bbox 699 884 850 922; x_wconf 81' lang='lat' dir='ltr'><strong>damus.</strong></span> <span class='ocrx_word' id='word_1_103' title='bbox 1295 923 1298 925; x_wconf 15' lang='grc' dir='ltr'><strong>Α</strong></span> 
     </span>
     <span class='ocr_line' id='line_1_13' title="bbox 312 937 1658 993; baseline -0.005 -10"><span class='ocrx_word' id='word_1_104' title='bbox 312 944 370 982; x_wconf 89' lang='lat' dir='ltr'><strong><em>M</em></strong></span> <span class='ocrx_word' id='word_1_105' title='bbox 375 941 460 983; x_wconf 76' lang='grc' dir='ltr'><strong>ἐπε</strong></span> <span class='ocrx_word' id='word_1_106' title='bbox 486 955 526 993; x_wconf 88' lang='lat' dir='ltr'><strong>p.</strong></span> <span class='ocrx_word' id='word_1_107' title='bbox 543 944 627 983; x_wconf 79' lang='lat'><strong>216</strong></span> <span class='ocrx_word' id='word_1_108' title='bbox 645 955 685 980; x_wconf 82' lang='lat' dir='ltr'><strong>v.</strong></span> <span class='ocrx_word' id='word_1_109' title='bbox 703 940 768 984; x_wconf 87' lang='lat'><strong>15.</strong></span> <span class='ocrx_word' id='word_1_110' title='bbox 824 939 880 977; x_wconf 88' lang='lat' dir='ltr'><strong>ait</strong></span> <span class='ocrx_word' id='word_1_111' title='bbox 897 938 1009 990; x_wconf 86' lang='lat' dir='ltr'><strong>Mepe</strong></span> <span class='ocrx_word' id='word_1_112' title='bbox 1022 937 1172 977; x_wconf 86' lang='lat' dir='ltr'><strong>Iberiae</strong></span> <span class='ocrx_word' id='word_1_113' title='bbox 1187 937 1330 977; x_wconf 85' lang='lat' dir='ltr'><strong>Davidi</strong></span> <span class='ocrx_word' id='word_1_114' title='bbox 1347 937 1478 975; x_wconf 84' lang='lat' dir='ltr'><strong>datam</strong></span> <span class='ocrx_word' id='word_1_115' title='bbox 1493 938 1535 976; x_wconf 89' lang='lat' dir='ltr'><strong>in</strong></span> <span class='ocrx_word' id='word_1_116' title='bbox 1551 951 1658 976; x_wconf 83' lang='lat' dir='ltr'><strong>uxo-</strong></span> 
     </span>
    </p>
   </div>
   <div class='ocr_carea' id='block_1_4' title="bbox 194 994 1657 1276">
    <p class='ocr_par' dir='ltr' id='par_1_4' title="bbox 194 994 1657 1276">
     <span class='ocr_line' id='line_1_14' title="bbox 197 994 1657 1050; baseline -0.004 -13"><span class='ocrx_word' id='word_1_117' title='bbox 197 1011 284 1038; x_wconf 90' lang='lat' dir='ltr'><strong>rem</strong></span> <span class='ocrx_word' id='word_1_118' title='bbox 309 998 428 1036; x_wconf 89' lang='lat' dir='ltr'><strong>filiam</strong></span> <span class='ocrx_word' id='word_1_119' title='bbox 456 997 630 1050; x_wconf 84' lang='lat' dir='ltr'><strong>spuriam</strong></span> <span class='ocrx_word' id='word_1_120' title='bbox 656 996 829 1047; x_wconf 86' lang='lat' dir='ltr'><strong>coniugis</strong></span> <span class='ocrx_word' id='word_1_121' title='bbox 849 995 1033 1047; x_wconf 87' lang='lat' dir='ltr'><strong>despotae</strong></span> <span class='ocrx_word' id='word_1_122' title='bbox 1051 994 1218 1032; x_wconf 84' lang='lat' dir='ltr'><strong>Ioannis.</strong></span> <span class='ocrx_word' id='word_1_123' title='bbox 1275 994 1345 1032; x_wconf 84' lang='lat' dir='ltr'><strong>ubi</strong></span> <span class='ocrx_word' id='word_1_124' title='bbox 1367 994 1463 1043; x_wconf 83' lang='lat' dir='ltr'><strong>quid</strong></span> <span class='ocrx_word' id='word_1_125' title='bbox 1481 995 1657 1046; x_wconf 84' lang='lat' dir='ltr'><strong>suspice-</strong></span> 
     </span>
     <span class='ocr_line' id='line_1_15' title="bbox 198 1050 1656 1105; baseline -0.003 -12"><span class='ocrx_word' id='word_1_126' title='bbox 198 1068 291 1094; x_wconf 85' lang='lat' dir='ltr'><strong>mur</strong></span> <span class='ocrx_word' id='word_1_127' title='bbox 309 1055 418 1093; x_wconf 86' lang='lat' dir='ltr'><strong>aliud</strong></span> <span class='ocrx_word' id='word_1_128' title='bbox 438 1068 556 1105; x_wconf 80' lang='lat' dir='ltr'><strong>quam</strong></span> <span class='ocrx_word' id='word_1_129' title='bbox 575 1066 799 1105; x_wconf 74' lang='lat' dir='ltr'><strong>supremam</strong></span> <span class='ocrx_word' id='word_1_130' title='bbox 820 1052 862 1090; x_wconf 83' lang='lat' dir='ltr'><strong>in</strong></span> <span class='ocrx_word' id='word_1_131' title='bbox 881 1051 1004 1090; x_wconf 80' lang='lat' dir='ltr'><strong>Iberia</strong></span> <span class='ocrx_word' id='word_1_132' title='bbox 1021 1055 1254 1102; x_wconf 89' lang='lat' dir='ltr'><strong>potestatem</strong></span> <span class='ocrx_word' id='word_1_133' title='bbox 1269 1050 1463 1088; x_wconf 87' lang='lat' dir='ltr'><strong>vocabulo</strong></span> <span class='ocrx_word' id='word_1_134' title='bbox 1482 1050 1561 1089; x_wconf 89' lang='lat' dir='ltr'><strong>isto</strong></span> <span class='ocrx_word' id='word_1_135' title='bbox 1582 1051 1656 1088; x_wconf 86' lang='lat' dir='ltr'><strong>de—</strong></span> 
     </span>
     <span class='ocr_line' id='line_1_16' title="bbox 196 1106 1657 1162; baseline -0.005 -12"><span class='ocrx_word' id='word_1_136' title='bbox 196 1111 364 1162; x_wconf 85' lang='lat' dir='ltr'><strong>signari,</strong></span> <span class='ocrx_word' id='word_1_137' title='bbox 393 1117 441 1149; x_wconf 87' lang='lat' dir='ltr'><strong>ut</strong></span> <span class='ocrx_word' id='word_1_138' title='bbox 468 1110 570 1149; x_wconf 90' lang='lat' dir='ltr'><strong>sicut</strong></span> <span class='ocrx_word' id='word_1_139' title='bbox 599 1109 714 1148; x_wconf 88' lang='lat' dir='ltr'><strong>cralis</strong></span> <span class='ocrx_word' id='word_1_140' title='bbox 739 1110 781 1147; x_wconf 89' lang='lat' dir='ltr'><strong>in</strong></span> <span class='ocrx_word' id='word_1_141' title='bbox 802 1108 960 1156; x_wconf 84' lang='lat' dir='ltr'><strong>Serbia,</strong></span> <span class='ocrx_word' id='word_1_142' title='bbox 989 1107 1120 1145; x_wconf 83' lang='lat' dir='ltr'><strong>sultan</strong></span> <span class='ocrx_word' id='word_1_143' title='bbox 1143 1107 1183 1145; x_wconf 89' lang='lat' dir='ltr'><strong>in</strong></span> <span class='ocrx_word' id='word_1_144' title='bbox 1204 1106 1362 1145; x_wconf 83' lang='lat' dir='ltr'><strong>Perside</strong></span> <span class='ocrx_word' id='word_1_145' title='bbox 1381 1112 1477 1144; x_wconf 86' lang='lat' dir='ltr'><strong>tunc</strong></span> <span class='ocrx_word' id='word_1_146' title='bbox 1497 1107 1657 1144; x_wconf 83' lang='lat' dir='ltr'><strong>diceba-</strong></span> 
     </span>
     <span class='ocr_line' id='line_1_17' title="bbox 196 1163 1656 1218; baseline -0.003 -12"><span class='ocrx_word' id='word_1_147' title='bbox 196 1172 290 1217; x_wconf 63' lang='lat' dir='ltr'><strong>tun,</strong></span> <span class='ocrx_word' id='word_1_148' title='bbox 328 1167 398 1218; x_wconf 87' lang='lat' dir='ltr'><strong>qui</strong></span> <span class='ocrx_word' id='word_1_149' title='bbox 426 1167 546 1205; x_wconf 89' lang='lat' dir='ltr'><strong>rebus</strong></span> <span class='ocrx_word' id='word_1_150' title='bbox 572 1166 653 1204; x_wconf 88' lang='lat' dir='ltr'><strong>illic</strong></span> <span class='ocrx_word' id='word_1_151' title='bbox 683 1170 881 1218; x_wconf 85' lang='lat' dir='ltr'><strong>praeerat,</strong></span> <span class='ocrx_word' id='word_1_152' title='bbox 911 1164 967 1203; x_wconf 83' lang='lat' dir='ltr'><strong>sic</strong></span> <span class='ocrx_word' id='word_1_153' title='bbox 992 1164 1199 1202; x_wconf 75' lang='lat' dir='ltr'><strong>[berorum</strong></span> <span class='ocrx_word' id='word_1_154' title='bbox 1227 1163 1490 1201; x_wconf 82' lang='lat' dir='ltr'><strong>Asiaticorum</strong></span> <span class='ocrx_word' id='word_1_155' title='bbox 1522 1170 1656 1202; x_wconf 86' lang='lat' dir='ltr'><strong>rector</strong></span> 
     </span>
     <span class='ocr_line' id='line_1_18' title="bbox 194 1219 1657 1276; baseline -0.003 -14"><span class='ocrx_word' id='word_1_156' title='bbox 194 1225 309 1276; x_wconf 84' lang='lat' dir='ltr'><strong>Mepe</strong></span> <span class='ocrx_word' id='word_1_157' title='bbox 327 1229 552 1262; x_wconf 83' lang='lat' dir='ltr'><strong>vocaretur.</strong></span> <span class='ocrx_word' id='word_1_158' title='bbox 595 1223 652 1261; x_wconf 77' lang='lat' dir='ltr'><strong>de</strong></span> <span class='ocrx_word' id='word_1_159' title='bbox 671 1236 750 1274; x_wconf 90' lang='lat' dir='ltr'><strong>quo</strong></span> <span class='ocrx_word' id='word_1_160' title='bbox 768 1227 902 1260; x_wconf 87' lang='lat' dir='ltr'><strong>tamen</strong></span> <span class='ocrx_word' id='word_1_161' title='bbox 919 1220 1084 1273; x_wconf 86' lang='lat' dir='ltr'><strong>amplius</strong></span> <span class='ocrx_word' id='word_1_162' title='bbox 1101 1220 1332 1272; x_wconf 85' lang='lat' dir='ltr'><strong>pronuntio,</strong></span> <span class='ocrx_word' id='word_1_163' title='bbox 1361 1219 1494 1270; x_wconf 82' lang='lat' dir='ltr'><strong>quoad</strong></span> <span class='ocrx_word' id='word_1_164' title='bbox 1510 1220 1657 1258; x_wconf 83' lang='lat' dir='ltr'><strong>certius</strong></span> 
     </span>
    </p>
   </div>
   <div class='ocr_carea' id='block_1_5' title="bbox 192 1275 1653 1390">
    <p class='ocr_par' dir='ltr' id='par_1_5' title="bbox 192 1275 1653 1390">
     <span class='ocr_line' id='line_1_19' title="bbox 192 1275 925 1330; baseline -0.003 -11"><span class='ocrx_word' id='word_1_165' title='bbox 192 1279 278 1319; x_wconf 77' lang='lat' dir='ltr'><strong>eius</strong></span> <span class='ocrx_word' id='word_1_166' title='bbox 294 1279 355 1319; x_wconf 84' lang='lat' dir='ltr'><strong>rei</strong></span> <span class='ocrx_word' id='word_1_167' title='bbox 371 1279 642 1318; x_wconf 83' lang='lat' dir='ltr'><strong>testimonium</strong></span> <span class='ocrx_word' id='word_1_168' title='bbox 658 1284 843 1330; x_wconf 83' lang='lat' dir='ltr'><strong>suppetat</strong></span> <span class='ocrx_word' id='word_1_169' title='bbox 859 1275 883 1302; x_wconf 87' lang='lat'><strong>*</strong></span> <span class='ocrx_word' id='word_1_170' title='bbox 893 1276 925 1330; x_wconf 88' lang='lat'><strong>).</strong></span> 
     </span>
     <span class='ocr_line' id='line_1_20' title="bbox 310 1331 1653 1390; baseline -0.005 -13"><span class='ocrx_word' id='word_1_171' title='bbox 310 1333 567 1390; x_wconf 76' lang='grc' dir='ltr'><strong><em>μετάληψι</em></strong></span> <span class='ocrx_word' id='word_1_172' title='bbox 579 1351 599 1384; x_wconf 87' lang='grc' dir='ltr'><strong><em>ς</em></strong></span> <span class='ocrx_word' id='word_1_173' title='bbox 626 1349 666 1387; x_wconf 89' lang='lat' dir='ltr'><strong>p.</strong></span> <span class='ocrx_word' id='word_1_174' title='bbox 682 1338 760 1376; x_wconf 82' lang='lat'><strong>361</strong></span> <span class='ocrx_word' id='word_1_175' title='bbox 782 1347 822 1374; x_wconf 83' lang='lat' dir='ltr'><strong>v.</strong></span> <span class='ocrx_word' id='word_1_176' title='bbox 843 1337 881 1375; x_wconf 86' lang='lat'><strong>3.</strong></span> <span class='ocrx_word' id='word_1_177' title='bbox 937 1333 993 1370; x_wconf 84' lang='lat' dir='ltr'><strong>ait</strong></span> <span class='ocrx_word' id='word_1_178' title='bbox 1016 1332 1204 1370; x_wconf 85' lang='lat' dir='ltr'><strong>admissos</strong></span> <span class='ocrx_word' id='word_1_179' title='bbox 1222 1331 1273 1370; x_wconf 87' lang='lat' dir='ltr'><strong>ad</strong></span> <span class='ocrx_word' id='word_1_180' title='bbox 1295 1343 1450 1370; x_wconf 87' lang='lat' dir='ltr'><strong>omnem</strong></span> <span class='ocrx_word' id='word_1_181' title='bbox 1471 1345 1653 1371; x_wconf 88' lang='lat' dir='ltr'><strong>commu-</strong></span> 
     </span>
    </p>
   </div>
   <div class='ocr_carea' id='block_1_6' title="bbox 185 1388 1654 2795">
    <p class='ocr_par' dir='ltr' id='par_1_6' title="bbox 185 1388 1654 2795">
     <span class='ocr_line' id='line_1_21' title="bbox 194 1388 1654 1440; baseline -0.004 -8"><span class='ocrx_word' id='word_1_182' title='bbox 194 1392 354 1432; x_wconf 83' lang='lat' dir='ltr'><strong>nionem</strong></span> <span class='ocrx_word' id='word_1_183' title='bbox 367 1405 582 1434; x_wconf 66' lang='lat' dir='ltr'><strong>,sacrorum</strong></span> <span class='ocrx_word' id='word_1_184' title='bbox 597 1391 758 1430; x_wconf 87' lang='lat' dir='ltr'><strong>Latinos</strong></span> <span class='ocrx_word' id='word_1_185' title='bbox 778 1404 801 1428; x_wconf 84' lang='lat' dir='ltr'><strong>a</strong></span> <span class='ocrx_word' id='word_1_186' title='bbox 823 1389 979 1428; x_wconf 86' lang='lat' dir='ltr'><strong>Graecis</strong></span> <span class='ocrx_word' id='word_1_187' title='bbox 994 1389 1104 1427; x_wconf 89' lang='lat' dir='ltr'><strong>iussu</strong></span> <span class='ocrx_word' id='word_1_188' title='bbox 1124 1388 1391 1440; x_wconf 86' lang='lat' dir='ltr'><strong>imperatoris,</strong></span> <span class='ocrx_word' id='word_1_189' title='bbox 1419 1388 1654 1426; x_wconf 79' lang='lat' dir='ltr'><strong>reconcilia-</strong></span> 
     </span>
     <span class='ocr_line' id='line_1_22' title="bbox 193 1440 1651 1500; baseline -0.004 -12"><span class='ocrx_word' id='word_1_190' title='bbox 193 1450 345 1488; x_wconf 81' lang='lat' dir='ltr'><strong>tionem</strong></span> <span class='ocrx_word' id='word_1_191' title='bbox 369 1449 617 1488; x_wconf 77' lang='lat' dir='ltr'><strong>ecclesiarum</strong></span> <span class='ocrx_word' id='word_1_192' title='bbox 641 1447 911 1500; x_wconf 82' lang='lat' dir='ltr'><strong>procurantis,</strong></span> <span class='ocrx_word' id='word_1_193' title='bbox 951 1451 1114 1497; x_wconf 86' lang='lat' dir='ltr'><strong>excepta</strong></span> <span class='ocrx_word' id='word_1_194' title='bbox 1149 1440 1390 1497; x_wconf 80' lang='grc' dir='ltr'><strong><em>μεταλήψει,</em></strong></span> <span class='ocrx_word' id='word_1_195' title='bbox 1426 1457 1545 1494; x_wconf 89' lang='lat' dir='ltr'><strong>quam</strong></span> <span class='ocrx_word' id='word_1_196' title='bbox 1569 1458 1651 1482; x_wconf 91' lang='lat' dir='ltr'><strong>non</strong></span> 
     </span>
     <span class='ocr_line' id='line_1_23' title="bbox 194 1500 1651 1557; baseline -0.005 -13"><span class='ocrx_word' id='word_1_197' title='bbox 194 1506 448 1557; x_wconf 83' lang='lat' dir='ltr'><strong>quaerebant.</strong></span> <span class='ocrx_word' id='word_1_198' title='bbox 505 1511 545 1543; x_wconf 86' lang='lat' dir='ltr'><strong>et</strong></span> <span class='ocrx_word' id='word_1_199' title='bbox 569 1511 701 1543; x_wconf 78' lang='lat' dir='ltr'><strong>tamen</strong></span> <span class='ocrx_word' id='word_1_200' title='bbox 733 1509 849 1543; x_wconf 84' lang='lat' dir='ltr'><strong>antea</strong></span> <span class='ocrx_word' id='word_1_201' title='bbox 878 1502 1034 1540; x_wconf 84' lang='lat' dir='ltr'><strong>dixerat</strong></span> <span class='ocrx_word' id='word_1_202' title='bbox 1057 1514 1122 1539; x_wconf 88' lang='lat' dir='ltr'><strong>eos</strong></span> <span class='ocrx_word' id='word_1_203' title='bbox 1147 1500 1452 1539; x_wconf 83' lang='lat' dir='ltr'><strong>communicasse</strong></span> <span class='ocrx_word' id='word_1_204' title='bbox 1471 1501 1585 1538; x_wconf 82' lang='lat' dir='ltr'><strong>etiam</strong></span> <span class='ocrx_word' id='word_1_205' title='bbox 1606 1500 1651 1541; x_wconf 75' lang='grc' dir='ltr'><strong>ἐν</strong></span> 
     </span>
     <span class='ocr_line' id='line_1_24' title="bbox 193 1554 1650 1615; baseline -0.005 -12"><span class='ocrx_word' id='word_1_206' title='bbox 193 1558 416 1615; x_wconf 76' lang='grc' dir='ltr'><strong><em>μεταλήψει</em></strong></span> <span class='ocrx_word' id='word_1_207' title='bbox 440 1564 513 1603; x_wconf 86' lang='grc' dir='ltr'><strong>τοῦ</strong></span> <span class='ocrx_word' id='word_1_208' title='bbox 538 1563 656 1603; x_wconf 82' lang='grc' dir='ltr'><strong><em>θείου</em></strong></span> <span class='ocrx_word' id='word_1_209' title='bbox 685 1558 806 1612; x_wconf 78' lang='grc' dir='ltr'><strong><em>ὂὶρτου</em></strong></span> <span class='ocrx_word' id='word_1_210' title='bbox 826 1556 875 1600; x_wconf 76' lang='grc' dir='ltr'><strong>ὃν</strong></span> <span class='ocrx_word' id='word_1_211' title='bbox 896 1554 1115 1612; x_wconf 77' lang='grc' dir='ltr'><strong><em>ἇντίδωρον</em></strong></span> <span class='ocrx_word' id='word_1_212' title='bbox 1136 1556 1317 1610; x_wconf 78' lang='grc' dir='ltr'><strong><em>λέγουσιν</em></strong></span> <span class='ocrx_word' id='word_1_213' title='bbox 1341 1557 1384 1594; x_wconf 79' lang='lat' dir='ltr'><strong>in</strong></span> <span class='ocrx_word' id='word_1_214' title='bbox 1401 1558 1650 1608; x_wconf 60' lang='lat' dir='ltr'><strong>perceptione</strong></span> 
     </span>
     <span class='ocr_line' id='line_1_25' title="bbox 191 1613 1647 1670; baseline -0.005 -14"><span class='ocrx_word' id='word_1_215' title='bbox 191 1621 304 1656; x_wconf 70' lang='lat' dir='ltr'><strong>sacri</strong></span> <span class='ocrx_word' id='word_1_216' title='bbox 319 1620 446 1670; x_wconf 72' lang='lat' dir='ltr'><strong>panis</strong></span> <span class='ocrx_word' id='word_1_217' title='bbox 470 1632 584 1670; x_wconf 79' lang='lat' dir='ltr'><strong>quem</strong></span> <span class='ocrx_word' id='word_1_218' title='bbox 614 1616 852 1656; x_wconf 80' lang='lat' dir='ltr'><strong>antidorum</strong></span> <span class='ocrx_word' id='word_1_219' title='bbox 885 1614 1039 1653; x_wconf 76' lang='lat' dir='ltr'><strong>dicunt.</strong></span> <span class='ocrx_word' id='word_1_220' title='bbox 1097 1614 1166 1665; x_wconf 77' lang='lat' dir='ltr'><strong>qui</strong></span> <span class='ocrx_word' id='word_1_221' title='bbox 1184 1613 1295 1665; x_wconf 85' lang='lat' dir='ltr'><strong>panis</strong></span> <span class='ocrx_word' id='word_1_222' title='bbox 1313 1626 1402 1651; x_wconf 88' lang='lat' dir='ltr'><strong>cum</strong></span> <span class='ocrx_word' id='word_1_223' title='bbox 1417 1625 1647 1663; x_wconf 84' lang='lat' dir='ltr'><strong>repraesen-</strong></span> 
     </span>
     <span class='ocr_line' id='line_1_26' title="bbox 190 1669 1646 1723; baseline -0.003 -11"><span class='ocrx_word' id='word_1_224' title='bbox 190 1681 299 1714; x_wconf 82' lang='lat' dir='ltr'><strong>taret</strong></span> <span class='ocrx_word' id='word_1_225' title='bbox 317 1674 606 1723; x_wconf 83' lang='lat' dir='ltr'><strong>eucharistiam,</strong></span> <span class='ocrx_word' id='word_1_226' title='bbox 626 1673 816 1713; x_wconf 79' lang='lat' dir='ltr'><strong>videntur</strong></span> <span class='ocrx_word' id='word_1_227' title='bbox 836 1672 954 1710; x_wconf 81' lang='lat' dir='ltr'><strong>etiam</strong></span> <span class='ocrx_word' id='word_1_228' title='bbox 968 1670 1098 1709; x_wconf 80' lang='lat' dir='ltr'><strong>Latini</strong></span> <span class='ocrx_word' id='word_1_229' title='bbox 1112 1683 1194 1708; x_wconf 88' lang='lat' dir='ltr'><strong>non</strong></span> <span class='ocrx_word' id='word_1_230' title='bbox 1214 1669 1431 1710; x_wconf 87' lang='lat' dir='ltr'><strong>recusaturi</strong></span> <span class='ocrx_word' id='word_1_231' title='bbox 1449 1681 1534 1707; x_wconf 82' lang='lat' dir='ltr'><strong>eam</strong></span> <span class='ocrx_word' id='word_1_232' title='bbox 1555 1682 1646 1707; x_wconf 86' lang='lat' dir='ltr'><strong>cum</strong></span> 
     </span>
     <span class='ocr_line' id='line_1_27' title="bbox 193 1725 1646 1783; baseline -0.006 -13"><span class='ocrx_word' id='word_1_233' title='bbox 193 1732 350 1770; x_wconf 86' lang='lat' dir='ltr'><strong>Graecis</strong></span> <span class='ocrx_word' id='word_1_234' title='bbox 366 1733 576 1783; x_wconf 83' lang='lat' dir='ltr'><strong>percipere.</strong></span> <span class='ocrx_word' id='word_1_235' title='bbox 618 1730 805 1768; x_wconf 87' lang='lat' dir='ltr'><strong>nimirum</strong></span> <span class='ocrx_word' id='word_1_236' title='bbox 825 1725 1046 1781; x_wconf 80' lang='grc' dir='ltr'><strong><em>μετάληψις</em></strong></span> <span class='ocrx_word' id='word_1_237' title='bbox 1065 1739 1115 1765; x_wconf 76' lang='lat' dir='ltr'><strong>ex</strong></span> <span class='ocrx_word' id='word_1_238' title='bbox 1131 1739 1209 1765; x_wconf 89' lang='lat' dir='ltr'><strong>usu</strong></span> <span class='ocrx_word' id='word_1_239' title='bbox 1227 1727 1468 1764; x_wconf 85' lang='lat' dir='ltr'><strong>Graecorum</strong></span> <span class='ocrx_word' id='word_1_240' title='bbox 1485 1727 1646 1777; x_wconf 79' lang='lat' dir='ltr'><strong>proprie</strong></span> 
     </span>
     <span class='ocr_line' id='line_1_28' title="bbox 191 1782 1645 1839; baseline -0.004 -13"><span class='ocrx_word' id='word_1_241' title='bbox 191 1788 386 1839; x_wconf 82' lang='lat' dir='ltr'><strong>significat</strong></span> <span class='ocrx_word' id='word_1_242' title='bbox 413 1787 674 1839; x_wconf 80' lang='lat' dir='ltr'><strong>sumptionem</strong></span> <span class='ocrx_word' id='word_1_243' title='bbox 699 1786 781 1825; x_wconf 84' lang='lat' dir='ltr'><strong>vini</strong></span> <span class='ocrx_word' id='word_1_244' title='bbox 809 1785 1046 1832; x_wconf 87' lang='lat' dir='ltr'><strong>consecrati,</strong></span> <span class='ocrx_word' id='word_1_245' title='bbox 1083 1783 1168 1822; x_wconf 74' lang='lat' dir='ltr'><strong>sive</strong></span> <span class='ocrx_word' id='word_1_246' title='bbox 1200 1783 1415 1835; x_wconf 86' lang='lat' dir='ltr'><strong>specierum</strong></span> <span class='ocrx_word' id='word_1_247' title='bbox 1447 1782 1645 1833; x_wconf 81' lang='lat' dir='ltr'><strong>sanguinis</strong></span> 
     </span>
     <span class='ocr_line' id='line_1_29' title="bbox 190 1838 1647 1894; baseline -0.005 -12"><span class='ocrx_word' id='word_1_248' title='bbox 190 1844 357 1893; x_wconf 85' lang='lat' dir='ltr'><strong>Christi,</strong></span> <span class='ocrx_word' id='word_1_249' title='bbox 387 1857 505 1894; x_wconf 88' lang='lat' dir='ltr'><strong>quam</strong></span> <span class='ocrx_word' id='word_1_250' title='bbox 530 1843 620 1883; x_wconf 90' lang='lat' dir='ltr'><strong>ideo</strong></span> <span class='ocrx_word' id='word_1_251' title='bbox 646 1843 689 1881; x_wconf 88' lang='lat' dir='ltr'><strong>in</strong></span> <span class='ocrx_word' id='word_1_252' title='bbox 718 1842 991 1881; x_wconf 86' lang='lat' dir='ltr'><strong>communione</strong></span> <span class='ocrx_word' id='word_1_253' title='bbox 1013 1840 1111 1878; x_wconf 84' lang='lat' dir='ltr'><strong>laica</strong></span> <span class='ocrx_word' id='word_1_254' title='bbox 1137 1839 1263 1877; x_wconf 79' lang='lat' dir='ltr'><strong>Latini</strong></span> <span class='ocrx_word' id='word_1_255' title='bbox 1289 1853 1369 1877; x_wconf 84' lang='lat' dir='ltr'><strong>non</strong></span> <span class='ocrx_word' id='word_1_256' title='bbox 1388 1838 1647 1889; x_wconf 72' lang='lat' dir='ltr'><strong>quaerebant,</strong></span> 
     </span>
     <span class='ocr_line' id='line_1_30' title="bbox 191 1894 1647 1956; baseline -0.008 -14"><span class='ocrx_word' id='word_1_257' title='bbox 191 1897 266 1942; x_wconf 72' lang='grc' dir='ltr'><strong>οὐκ</strong></span> <span class='ocrx_word' id='word_1_258' title='bbox 292 1900 474 1956; x_wconf 72' lang='grc' dir='ltr'><strong><em>ἔχρῃζον,</em></strong></span> <span class='ocrx_word' id='word_1_259' title='bbox 504 1900 612 1950; x_wconf 84' lang='lat' dir='ltr'><strong>quod</strong></span> <span class='ocrx_word' id='word_1_260' title='bbox 635 1912 680 1937; x_wconf 86' lang='lat' dir='ltr'><strong>ea</strong></span> <span class='ocrx_word' id='word_1_261' title='bbox 706 1900 778 1937; x_wconf 90' lang='lat' dir='ltr'><strong>sibi</strong></span> <span class='ocrx_word' id='word_1_262' title='bbox 805 1898 979 1936; x_wconf 85' lang='lat' dir='ltr'><strong>sciebant</strong></span> <span class='ocrx_word' id='word_1_263' title='bbox 998 1895 1256 1935; x_wconf 75' lang='lat' dir='ltr'><strong>interdictum</strong></span> <span class='ocrx_word' id='word_1_264' title='bbox 1279 1895 1363 1934; x_wconf 83' lang='lat' dir='ltr'><strong>ritu</strong></span> <span class='ocrx_word' id='word_1_265' title='bbox 1382 1894 1647 1932; x_wconf 74' lang='lat' dir='ltr'><strong>Occidentalis</strong></span> 
     </span>
     <span class='ocr_line' id='line_1_31' title="bbox 191 1949 1643 2007; baseline -0.005 -13"><span class='ocrx_word' id='word_1_266' title='bbox 191 1957 380 1997; x_wconf 85' lang='lat' dir='ltr'><strong>ecclesiae.</strong></span> <span class='ocrx_word' id='word_1_267' title='bbox 441 1956 577 1995; x_wconf 78' lang='lat' dir='ltr'><strong>docuit</strong></span> <span class='ocrx_word' id='word_1_268' title='bbox 599 1969 662 1994; x_wconf 88' lang='lat' dir='ltr'><strong>me</strong></span> <span class='ocrx_word' id='word_1_269' title='bbox 681 1955 786 1994; x_wconf 85' lang='lat' dir='ltr'><strong>hanc</strong></span> <span class='ocrx_word' id='word_1_270' title='bbox 806 1954 1086 2007; x_wconf 87' lang='lat' dir='ltr'><strong>proprietatem</strong></span> <span class='ocrx_word' id='word_1_271' title='bbox 1107 1952 1216 1992; x_wconf 80' lang='lat' dir='ltr'><strong>vocis</strong></span> <span class='ocrx_word' id='word_1_272' title='bbox 1231 1949 1452 2003; x_wconf 78' lang='grc' dir='ltr'><strong><em>μετάληψις</em></strong></span> <span class='ocrx_word' id='word_1_273' title='bbox 1467 1951 1530 1989; x_wconf 87' lang='lat' dir='ltr'><strong>vir</strong></span> <span class='ocrx_word' id='word_1_274' title='bbox 1547 1964 1643 2002; x_wconf 88' lang='lat' dir='ltr'><strong>per-</strong></span> 
     </span>
     <span class='ocr_line' id='line_1_32' title="bbox 190 2007 1641 2065; baseline -0.004 -13"><span class='ocrx_word' id='word_1_275' title='bbox 190 2013 370 2052; x_wconf 83' lang='lat' dir='ltr'><strong>eruditus</strong></span> <span class='ocrx_word' id='word_1_276' title='bbox 390 2018 428 2051; x_wconf 87' lang='lat' dir='ltr'><strong>et</strong></span> <span class='ocrx_word' id='word_1_277' title='bbox 444 2013 487 2052; x_wconf 80' lang='lat' dir='ltr'><strong>iu</strong></span> <span class='ocrx_word' id='word_1_278' title='bbox 502 2012 636 2065; x_wconf 88' lang='lat' dir='ltr'><strong>primis</strong></span> <span class='ocrx_word' id='word_1_279' title='bbox 653 2013 776 2051; x_wconf 83' lang='lat' dir='ltr'><strong>sciens</strong></span> <span class='ocrx_word' id='word_1_280' title='bbox 794 2012 1033 2049; x_wconf 84' lang='lat' dir='ltr'><strong>Graecorum</strong></span> <span class='ocrx_word' id='word_1_281' title='bbox 1052 2009 1214 2048; x_wconf 84' lang='lat' dir='ltr'><strong>Rituum</strong></span> <span class='ocrx_word' id='word_1_282' title='bbox 1231 2008 1393 2046; x_wconf 84' lang='lat' dir='ltr'><strong>Iacobus</strong></span> <span class='ocrx_word' id='word_1_283' title='bbox 1411 2008 1517 2045; x_wconf 90' lang='lat' dir='ltr'><strong>Goar</strong></span> <span class='ocrx_word' id='word_1_284' title='bbox 1537 2008 1582 2045; x_wconf 92' lang='grc' dir='ltr'><strong>Ο.</strong></span> <span class='ocrx_word' id='word_1_285' title='bbox 1597 2007 1641 2054; x_wconf 87' lang='lat' dir='ltr'><strong>P,</strong></span> 
     </span>
     <span class='ocr_line' id='line_1_33' title="bbox 191 2062 1640 2120; baseline -0.007 -12"><span class='ocrx_word' id='word_1_286' title='bbox 191 2070 259 2120; x_wconf 84' lang='lat' dir='ltr'><strong>qui</strong></span> <span class='ocrx_word' id='word_1_287' title='bbox 288 2069 394 2108; x_wconf 88' lang='lat' dir='ltr'><strong>notis</strong></span> <span class='ocrx_word' id='word_1_288' title='bbox 417 2070 468 2107; x_wconf 85' lang='lat' dir='ltr'><strong>ad</strong></span> <span class='ocrx_word' id='word_1_289' title='bbox 484 2069 697 2120; x_wconf 83' lang='lat' dir='ltr'><strong>Liturgiam</strong></span> <span class='ocrx_word' id='word_1_290' title='bbox 722 2071 760 2107; x_wconf 92' lang='lat' dir='ltr'><strong>S.</strong></span> <span class='ocrx_word' id='word_1_291' title='bbox 780 2067 934 2106; x_wconf 86' lang='lat' dir='ltr'><strong>loannis</strong></span> <span class='ocrx_word' id='word_1_292' title='bbox 958 2067 1157 2117; x_wconf 80' lang='lat' dir='ltr'><strong>Chrysost.</strong></span> <span class='ocrx_word' id='word_1_293' title='bbox 1179 2079 1218 2116; x_wconf 80' lang='lat' dir='ltr'><strong>p.</strong></span> <span class='ocrx_word' id='word_1_294' title='bbox 1242 2064 1321 2106; x_wconf 88' lang='lat'><strong>150</strong></span> <span class='ocrx_word' id='word_1_295' title='bbox 1340 2062 1553 2113; x_wconf 80' lang='lat' dir='ltr'><strong>Eucholog.</strong></span> <span class='ocrx_word' id='word_1_296' title='bbox 1572 2075 1640 2100; x_wconf 85' lang='lat' dir='ltr'><strong>re·-</strong></span> 
     </span>
     <span class='ocr_line' id='line_1_34' title="bbox 188 2118 1639 2177; baseline -0.006 -14"><span class='ocrx_word' id='word_1_297' title='bbox 188 2127 268 2163; x_wconf 77' lang='lat' dir='ltr'><strong>sert</strong></span> <span class='ocrx_word' id='word_1_298' title='bbox 288 2126 456 2163; x_wconf 84' lang='lat' dir='ltr'><strong>Graecos</strong></span> <span class='ocrx_word' id='word_1_299' title='bbox 473 2126 514 2164; x_wconf 89' lang='lat' dir='ltr'><strong>in</strong></span> <span class='ocrx_word' id='word_1_300' title='bbox 531 2126 614 2177; x_wconf 86' lang='lat' dir='ltr'><strong>ipsa</strong></span> <span class='ocrx_word' id='word_1_301' title='bbox 633 2125 767 2164; x_wconf 79' lang='lat' dir='ltr'><strong>altaris</strong></span> <span class='ocrx_word' id='word_1_302' title='bbox 785 2123 934 2162; x_wconf 87' lang='lat' dir='ltr'><strong>concha</strong></span> <span class='ocrx_word' id='word_1_303' title='bbox 953 2123 1163 2174; x_wconf 82' lang='lat' dir='ltr'><strong>depingere·</strong></span> <span class='ocrx_word' id='word_1_304' title='bbox 1177 2120 1381 2170; x_wconf 85' lang='lat' dir='ltr'><strong>imaginem</strong></span> <span class='ocrx_word' id='word_1_305' title='bbox 1399 2118 1544 2156; x_wconf 78' lang='lat' dir='ltr'><strong>Christi</strong></span> <span class='ocrx_word' id='word_1_306' title='bbox 1563 2118 1639 2155; x_wconf 87' lang='lat' dir='ltr'><strong>do-</strong></span> 
     </span>
     <span class='ocr_line' id='line_1_35' title="bbox 189 2176 1637 2233; baseline -0.006 -14"><span class='ocrx_word' id='word_1_307' title='bbox 189 2181 284 2219; x_wconf 87' lang='lat' dir='ltr'><strong>mini</strong></span> <span class='ocrx_word' id='word_1_308' title='bbox 300 2181 507 2233; x_wconf 83' lang='lat' dir='ltr'><strong>pontificiis</strong></span> <span class='ocrx_word' id='word_1_309' title='bbox 526 2182 699 2221; x_wconf 78' lang='lat' dir='ltr'><strong>vestibus</strong></span> <span class='ocrx_word' id='word_1_310' title='bbox 723 2181 875 2230; x_wconf 85' lang='lat' dir='ltr'><strong>ornati,</strong></span> <span class='ocrx_word' id='word_1_311' title='bbox 909 2178 1120 2218; x_wconf 88' lang='lat' dir='ltr'><strong>decussatis</strong></span> <span class='ocrx_word' id='word_1_312' title='bbox 1137 2176 1316 2215; x_wconf 83' lang='lat' dir='ltr'><strong>manibus</strong></span> <span class='ocrx_word' id='word_1_313' title='bbox 1337 2187 1476 2226; x_wconf 82' lang='lat' dir='ltr'><strong>panem</strong></span> <span class='ocrx_word' id='word_1_314' title='bbox 1498 2187 1637 2212; x_wconf 84' lang='lat' dir='ltr'><strong>conse-</strong></span> 
     </span>
     <span class='ocr_line' id='line_1_36' title="bbox 189 2230 1635 2287; baseline -0.006 -12"><span class='ocrx_word' id='word_1_315' title='bbox 189 2243 343 2275; x_wconf 84' lang='lat' dir='ltr'><strong>cratum</strong></span> <span class='ocrx_word' id='word_1_316' title='bbox 373 2237 534 2287; x_wconf 83' lang='lat' dir='ltr'><strong>dextra,</strong></span> <span class='ocrx_word' id='word_1_317' title='bbox 569 2238 728 2275; x_wconf 86' lang='lat' dir='ltr'><strong>calicem</strong></span> <span class='ocrx_word' id='word_1_318' title='bbox 764 2250 859 2276; x_wconf 86' lang='lat' dir='ltr'><strong>vero</strong></span> <span class='ocrx_word' id='word_1_319' title='bbox 887 2235 1043 2274; x_wconf 71' lang='lat' dir='ltr'><strong>sinistra</strong></span> <span class='ocrx_word' id='word_1_320' title='bbox 1069 2232 1323 2285; x_wconf 75' lang='lat' dir='ltr'><strong>proferentis,</strong></span> <span class='ocrx_word' id='word_1_321' title='bbox 1364 2230 1553 2281; x_wconf 79' lang='lat' dir='ltr'><strong>inscripto</strong></span> <span class='ocrx_word' id='word_1_322' title='bbox 1583 2230 1635 2268; x_wconf 74' lang='lat' dir='ltr'><strong>ad</strong></span> 
     </span>
     <span class='ocr_line' id='line_1_37' title="bbox 190 2283 1634 2344; baseline -0.006 -13"><span class='ocrx_word' id='word_1_323' title='bbox 190 2293 396 2331; x_wconf 74' lang='lat' dir='ltr'><strong>dexteram</strong></span> <span class='ocrx_word' id='word_1_324' title='bbox 418 2299 457 2331; x_wconf 81' lang='lat' dir='ltr'><strong>et</strong></span> <span class='ocrx_word' id='word_1_325' title='bbox 480 2306 635 2332; x_wconf 85' lang='lat' dir='ltr'><strong>sacrum</strong></span> <span class='ocrx_word' id='word_1_326' title='bbox 665 2293 811 2332; x_wconf 86' lang='lat' dir='ltr'><strong>Christi</strong></span> <span class='ocrx_word' id='word_1_327' title='bbox 839 2305 981 2344; x_wconf 84' lang='lat' dir='ltr'><strong>corpus</strong></span> <span class='ocrx_word' id='word_1_328' title='bbox 1007 2289 1201 2330; x_wconf 73' lang='lat' dir='ltr'><strong>vocabulo</strong></span> <span class='ocrx_word' id='word_1_329' title='bbox 1229 2283 1453 2341; x_wconf 68' lang='grc' dir='ltr'><strong><em>μετάδοσις,</em></strong></span> <span class='ocrx_word' id='word_1_330' title='bbox 1481 2286 1532 2323; x_wconf 84' lang='lat' dir='ltr'><strong>ad</strong></span> <span class='ocrx_word' id='word_1_331' title='bbox 1549 2286 1634 2324; x_wconf 84' lang='lat' dir='ltr'><strong>lae-</strong></span> 
     </span>
     <span class='ocr_line' id='line_1_38' title="bbox 187 2341 1633 2399; baseline -0.006 -10"><span class='ocrx_word' id='word_1_332' title='bbox 187 2363 281 2389; x_wconf 78' lang='lat' dir='ltr'><strong>vam</strong></span> <span class='ocrx_word' id='word_1_333' title='bbox 305 2362 402 2388; x_wconf 86' lang='lat' dir='ltr'><strong>vero</strong></span> <span class='ocrx_word' id='word_1_334' title='bbox 431 2355 471 2387; x_wconf 84' lang='lat' dir='ltr'><strong>et</strong></span> <span class='ocrx_word' id='word_1_335' title='bbox 501 2350 658 2388; x_wconf 85' lang='lat' dir='ltr'><strong>calicem</strong></span> <span class='ocrx_word' id='word_1_336' title='bbox 685 2355 821 2388; x_wconf 87' lang='lat' dir='ltr'><strong>nostra</strong></span> <span class='ocrx_word' id='word_1_337' title='bbox 838 2348 913 2386; x_wconf 87' lang='lat' dir='ltr'><strong>hac</strong></span> <span class='ocrx_word' id='word_1_338' title='bbox 931 2359 1029 2386; x_wconf 85' lang='lat' dir='ltr'><strong>voce</strong></span> <span class='ocrx_word' id='word_1_339' title='bbox 1047 2342 1276 2399; x_wconf 80' lang='grc' dir='ltr'><strong><em>μετάληψις.</em></strong></span> <span class='ocrx_word' id='word_1_340' title='bbox 1330 2342 1426 2381; x_wconf 83' lang='lat' dir='ltr'><strong>hinc</strong></span> <span class='ocrx_word' id='word_1_341' title='bbox 1443 2341 1633 2381; x_wconf 77' lang='lat' dir='ltr'><strong>habemus</strong></span> 
     </span>
     <span class='ocr_line' id='line_1_39' title="bbox 188 2399 1629 2458; baseline -0.008 -12"><span class='ocrx_word' id='word_1_342' title='bbox 188 2402 445 2458; x_wconf 75' lang='grc' dir='ltr'><strong><em>μεταλήψεως</em></strong></span> <span class='ocrx_word' id='word_1_343' title='bbox 471 2406 709 2444; x_wconf 80' lang='lat' dir='ltr'><strong>vocabulum</strong></span> <span class='ocrx_word' id='word_1_344' title='bbox 736 2404 944 2455; x_wconf 85' lang='lat' dir='ltr'><strong>aliquando</strong></span> <span class='ocrx_word' id='word_1_345' title='bbox 974 2403 1131 2454; x_wconf 79' lang='lat' dir='ltr'><strong>proprie</strong></span> <span class='ocrx_word' id='word_1_346' title='bbox 1159 2399 1445 2439; x_wconf 81' lang='lat' dir='ltr'><strong>accommodari</strong></span> <span class='ocrx_word' id='word_1_347' title='bbox 1464 2399 1514 2437; x_wconf 84' lang='lat' dir='ltr'><strong>ad</strong></span> <span class='ocrx_word' id='word_1_348' title='bbox 1534 2412 1629 2450; x_wconf 88' lang='lat' dir='ltr'><strong>per-</strong></span> 
     </span>
     <span class='ocr_line' id='line_1_40' title="bbox 187 2455 1630 2513; baseline -0.005 -13"><span class='ocrx_word' id='word_1_349' title='bbox 187 2462 405 2513; x_wconf 88' lang='lat' dir='ltr'><strong>ceptionem</strong></span> <span class='ocrx_word' id='word_1_350' title='bbox 431 2462 532 2501; x_wconf 77' lang='lat' dir='ltr'><strong>sacri</strong></span> <span class='ocrx_word' id='word_1_351' title='bbox 556 2463 695 2501; x_wconf 87' lang='lat' dir='ltr'><strong>calicis.</strong></span> <span class='ocrx_word' id='word_1_352' title='bbox 753 2460 837 2499; x_wconf 83' lang='lat' dir='ltr'><strong>dixi</strong></span> <span class='ocrx_word' id='word_1_353' title='bbox 861 2458 1109 2512; x_wconf 78' lang='lat' dir='ltr'><strong>aliquando,</strong></span> <span class='ocrx_word' id='word_1_354' title='bbox 1147 2457 1240 2509; x_wconf 78' lang='lat' dir='ltr'><strong>quia</strong></span> <span class='ocrx_word' id='word_1_355' title='bbox 1264 2461 1421 2509; x_wconf 80' lang='lat' dir='ltr'><strong>praeter</strong></span> <span class='ocrx_word' id='word_1_356' title='bbox 1449 2455 1492 2494; x_wconf 75' lang='lat' dir='ltr'><strong>id</strong></span> <span class='ocrx_word' id='word_1_357' title='bbox 1521 2455 1630 2506; x_wconf 83' lang='lat' dir='ltr'><strong>quod</strong></span> 
     </span>
     <span class='ocr_line' id='line_1_41' title="bbox 187 2512 1630 2570; baseline -0.004 -14"><span class='ocrx_word' id='word_1_358' title='bbox 187 2518 386 2570; x_wconf 85' lang='lat' dir='ltr'><strong>superius,</strong></span> <span class='ocrx_word' id='word_1_359' title='bbox 412 2523 461 2555; x_wconf 83' lang='lat' dir='ltr'><strong>ut</strong></span> <span class='ocrx_word' id='word_1_360' title='bbox 490 2518 609 2557; x_wconf 85' lang='lat' dir='ltr'><strong>modo</strong></span> <span class='ocrx_word' id='word_1_361' title='bbox 638 2517 917 2566; x_wconf 79' lang='lat' dir='ltr'><strong>admonebam,</strong></span> <span class='ocrx_word' id='word_1_362' title='bbox 947 2512 1166 2568; x_wconf 77' lang='grc' dir='ltr'><strong><em>μετάληψις</em></strong></span> <span class='ocrx_word' id='word_1_363' title='bbox 1194 2513 1419 2563; x_wconf 76' lang='lat' dir='ltr'><strong>adiungitur</strong></span> <span class='ocrx_word' id='word_1_364' title='bbox 1442 2515 1500 2566; x_wconf 76' lang='grc' dir='ltr'><strong>τῷ</strong></span> <span class='ocrx_word' id='word_1_365' title='bbox 1526 2512 1630 2565; x_wconf 77' lang='grc' dir='ltr'><strong><em>θείῳ</em></strong></span> 
     </span>
     <span class='ocr_line' id='line_1_42' title="bbox 186 2565 1629 2628; baseline -0.006 -13"><span class='ocrx_word' id='word_1_366' title='bbox 186 2572 303 2628; x_wconf 74' lang='grc' dir='ltr'><strong><em>ἄρτῳ.</em></strong></span> <span class='ocrx_word' id='word_1_367' title='bbox 361 2573 477 2611; x_wconf 78' lang='lat' dir='ltr'><strong>etiam</strong></span> <span class='ocrx_word' id='word_1_368' title='bbox 502 2575 605 2614; x_wconf 81' lang='lat' dir='ltr'><strong>infra</strong></span> <span class='ocrx_word' id='word_1_369' title='bbox 632 2588 665 2613; x_wconf 90' lang='lat' dir='ltr'><strong>c.</strong></span> <span class='ocrx_word' id='word_1_370' title='bbox 683 2577 736 2615; x_wconf 84' lang='grc'><strong>86</strong></span> <span class='ocrx_word' id='word_1_371' title='bbox 757 2574 785 2612; x_wconf 85' lang='lat'><strong>1.</strong></span> <span class='ocrx_word' id='word_1_372' title='bbox 803 2576 829 2616; x_wconf 88' lang='lat'><strong>6</strong></span> <span class='ocrx_word' id='word_1_373' title='bbox 861 2572 1074 2623; x_wconf 82' lang='lat' dir='ltr'><strong>imperator</strong></span> <span class='ocrx_word' id='word_1_374' title='bbox 1096 2569 1356 2609; x_wconf 78' lang='lat' dir='ltr'><strong>moribundus</strong></span> <span class='ocrx_word' id='word_1_375' title='bbox 1386 2569 1530 2607; x_wconf 84' lang='lat' dir='ltr'><strong>dicitur</strong></span> <span class='ocrx_word' id='word_1_376' title='bbox 1553 2565 1629 2618; x_wconf 81' lang='grc' dir='ltr'><strong>τὴν</strong></span> 
     </span>
     <span class='ocr_line' id='line_1_43' title="bbox 187 2623 1626 2683; baseline -0.008 -12"><span class='ocrx_word' id='word_1_377' title='bbox 187 2629 307 2683; x_wconf 69' lang='grc' dir='ltr'><em>ἁγίαν</em></span> <span class='ocrx_word' id='word_1_378' title='bbox 337 2625 559 2683; x_wconf 78' lang='grc' dir='ltr'><strong><em>μετάληψιν</em></strong></span> <span class='ocrx_word' id='word_1_379' title='bbox 595 2630 788 2682; x_wconf 77' lang='grc' dir='ltr'><strong><em>δέχεσθαι.</em></strong></span> <span class='ocrx_word' id='word_1_380' title='bbox 843 2629 1002 2668; x_wconf 79' lang='lat' dir='ltr'><strong>videtur</strong></span> <span class='ocrx_word' id='word_1_381' title='bbox 1021 2633 1152 2666; x_wconf 86' lang='lat' dir='ltr'><strong>autem</strong></span> <span class='ocrx_word' id='word_1_382' title='bbox 1170 2626 1347 2666; x_wconf 79' lang='lat' dir='ltr'><strong>indicare</strong></span> <span class='ocrx_word' id='word_1_383' title='bbox 1362 2625 1441 2664; x_wconf 84' lang='lat' dir='ltr'><strong>illic</strong></span> <span class='ocrx_word' id='word_1_384' title='bbox 1462 2623 1626 2662; x_wconf 85' lang='lat' dir='ltr'><strong>histori-</strong></span> 
     </span>
     <span class='ocr_line' id='line_1_44' title="bbox 185 2679 1627 2739; baseline -0.006 -15"><span class='ocrx_word' id='word_1_385' title='bbox 185 2700 256 2725; x_wconf 89' lang='lat' dir='ltr'><strong>cus</strong></span> <span class='ocrx_word' id='word_1_386' title='bbox 284 2686 475 2737; x_wconf 83' lang='lat' dir='ltr'><strong>voluisse,</strong></span> <span class='ocrx_word' id='word_1_387' title='bbox 502 2687 706 2739; x_wconf 86' lang='lat' dir='ltr'><strong>sumpsisse</strong></span> <span class='ocrx_word' id='word_1_388' title='bbox 728 2692 827 2724; x_wconf 88' lang='lat' dir='ltr'><strong>tunc</strong></span> <span class='ocrx_word' id='word_1_389' title='bbox 851 2685 963 2724; x_wconf 87' lang='lat' dir='ltr'><strong>illum</strong></span> <span class='ocrx_word' id='word_1_390' title='bbox 987 2683 1258 2724; x_wconf 84' lang='lat' dir='ltr'><strong>eucharistiam</strong></span> <span class='ocrx_word' id='word_1_391' title='bbox 1285 2695 1365 2734; x_wconf 83' lang='lat' dir='ltr'><strong>quo</strong></span> <span class='ocrx_word' id='word_1_392' title='bbox 1384 2681 1505 2719; x_wconf 85' lang='lat' dir='ltr'><strong>modo</strong></span> <span class='ocrx_word' id='word_1_393' title='bbox 1524 2679 1627 2717; x_wconf 86' lang='lat' dir='ltr'><strong>sole-</strong></span> 
     </span>
     <span class='ocr_line' id='line_1_45' title="bbox 185 2735 1627 2795; baseline -0.01 -7"><span class='ocrx_word' id='word_1_394' title='bbox 185 2742 283 2781; x_wconf 67' lang='lat' dir='ltr'><strong>bant</strong></span> <span class='ocrx_word' id='word_1_395' title='bbox 310 2755 464 2787; x_wconf 71' lang='lat' dir='ltr'><strong>,Sumere</strong></span> <span class='ocrx_word' id='word_1_396' title='bbox 491 2743 675 2784; x_wconf 83' lang='lat' dir='ltr'><strong>morituri</strong></span> <span class='ocrx_word' id='word_1_397' title='bbox 704 2741 810 2795; x_wconf 87' lang='lat' dir='ltr'><strong>apud</strong></span> <span class='ocrx_word' id='word_1_398' title='bbox 827 2742 1017 2793; x_wconf 81' lang='lat' dir='ltr'><strong>Graecos,</strong></span> <span class='ocrx_word' id='word_1_399' title='bbox 1042 2740 1121 2780; x_wconf 83' lang='lat' dir='ltr'><strong>hoc</strong></span> <span class='ocrx_word' id='word_1_400' title='bbox 1137 2746 1197 2780; x_wconf 83' lang='lat' dir='ltr'><strong>est</strong></span> <span class='ocrx_word' id='word_1_401' title='bbox 1216 2739 1290 2780; x_wconf 89' lang='lat' dir='ltr'><strong>sub</strong></span> <span class='ocrx_word' id='word_1_402' title='bbox 1307 2744 1474 2789; x_wconf 82' lang='lat' dir='ltr'><strong>utraque</strong></span> <span class='ocrx_word' id='word_1_403' title='bbox 1489 2735 1627 2788; x_wconf 80' lang='lat' dir='ltr'><strong>speeie.</strong></span> 
     </span>
    </p>
   </div>
   <div class='ocr_carea' id='block_1_7' title="bbox 185 2824 460 2835">
    <p class='ocr_par' dir='ltr' id='par_1_7' title="bbox 185 2824 460 2835">
     <span class='ocr_line' id='line_1_46' title="bbox 185 2824 460 2835; baseline 0 427"><span class='ocrx_word' id='word_1_404' title='bbox 185 2824 460 2835; x_wconf 95' lang='lat' dir='ltr'><strong> </strong></span> 
     </span>
    </p>
   </div>
   <div class='ocr_carea' id='block_1_8' title="bbox 275 2863 814 2915">
    <p class='ocr_par' dir='ltr' id='par_1_8' title="bbox 275 2863 814 2915">
     <span class='ocr_line' id='line_1_47' title="bbox 275 2863 814 2915; baseline -0.002 -14"><span class='ocrx_word' id='word_1_405' title='bbox 275 2863 316 2908; x_wconf 72' lang='lat' dir='ltr'><strong>*J</strong></span> <span class='ocrx_word' id='word_1_406' title='bbox 346 2888 348 2890; x_wconf 91' lang='lat'><em>-</em></span> <span class='ocrx_word' id='word_1_407' title='bbox 362 2866 406 2915; x_wconf 72' lang='lat' dir='ltr'><strong>cf.</strong></span> <span class='ocrx_word' id='word_1_408' title='bbox 418 2865 638 2901; x_wconf 76' lang='lat' dir='ltr'><strong>Glossarium</strong></span> <span class='ocrx_word' id='word_1_409' title='bbox 660 2865 814 2900; x_wconf 74' lang='lat' dir='ltr'><strong>alterum.</strong></span> 
     </span>
    </p>
   </div>
  </div>
 </body>
</html>
