1884 3262
614 227 716 270 LlB.
751 223 1633 277 1.GLOSSAR1UM.561

178 332 426 373 Barberinus
471 333 591 375 habet
627 333 1004 390 ἐπαικτησοὲμενος,
1053 337 1273 377 Anatianus
1314 335 1634 392 ἔπιπτησοῖμενος.

183 391 413 440 Vaticanus,
443 398 491 430 ut
506 392 545 430 in
567 392 756 431 similibus
772 394 897 443 solet,
926 408 1000 446 pro
1019 406 1063 432 eo
1085 395 1194 445 quod
1212 408 1292 432 non
1313 395 1528 446 intellexit,
1556 396 1636 435 alia

183 449 316 486 'omnia
344 462 417 486 nec
442 450 658 487 sententiae
699 457 958 488 consentanea
992 451 1168 492 subiecit.
1223 451 1470 490 manifestum
1503 459 1636 492 autem

184 510 244 542 est
272 511 451 543 neutram
476 505 633 543 illarum
656 519 801 545 vocum
828 505 908 545 huc
934 507 1140 557 quadi-‚are
1209 521 1286 548 nec
1318 508 1424 545 aliud
1463 511 1636 548 occurrit

185 561 293 611 quod
321 562 370 598 ad
411 568 580 600 mentem
616 563 787 601 auctoris
823 563 1081 602 tolerabiliter
1118 577 1160 603 se
1192 565 1481 615 accommodet,
1517 578 1637 616 quam

181 613 532 670 ἐπευκτησᾶμενος.
1242 638 1245 641 »

297 684 406 725 ἕπίὁ
421 697 531 733 οσις
557 699 594 737 Ρ.
612 687 694 727 286
716 697 756 728 v.
792 688 857 727 16.
915 683 1017 726 κατὰ
1034 682 1152 739 λόγον
1172 682 1397 733 ἐπιδόσεως.
1443 685 1636 736 significat

183 755 265 779 non
291 741 534 778 ordinarium
571 750 609 779 et
641 741 844 794 proprium
875 742 993 780 fuisse
1019 741 1127 780 hunc
1155 742 1438 780 Proconnesiae
1455 744 1637 781 ecclesiae

179 803 400 849 pastorem,
434 797 503 834 sed
519 796 597 834 hoc
618 798 660 835 in
684 811 728 835 ea
744 813 818 850 pro
837 804 1012 850 tempore
1027 799 1197 838 officium
1216 799 1435 837 exercuisse
1454 811 1504 837 ex
1524 814 1636 839 com-

180 854 363 893 missione
386 859 455 891 aut
484 854 742 906 delegatione,
780 862 828 893 ut
847 855 1084 906 loquuntur,
1114 856 1292 907 precario
1316 862 1356 894 et
1377 857 1636 908 concessione,

183 924 282 960 quae
309 910 375 948 hic
391 909 579 976 ¹s’2r1n'606t5·
600 917 789 961 vocatur,
826 912 886 949 uti
906 919 945 949 et
965 925 1001 963 p.
1022 915 1104 953 360
1132 926 1169 951 v.
1194 915 1260 961 11,
1283 913 1365 950 ubi
1384 912 1433 950 de
1461 914 1635 963 quodam

180 966 319 1005 Latino
341 967 521 1018 episcopo
549 962 750 1016 quondam
778 968 971 1005 Crotonae
993 968 1202 1017 scribitur,
1232 968 1401 1007 voluisse
1415 969 1636 1021 imperato-

181 1036 266 1062 rem
297 1022 366 1062 καὶ
395 1022 606 1073 ἐκκλησίαν
634 1019 792 1064 διδόναι
812 1020 855 1064 οἷ
881 1040 936 1063 τω
958 1021 1062 1078 λόγῳ
1088 1027 1161 1076 τῆς
1184 1021 1402 1073 ἐπιδόσεως
1420 1041 1475 1073 ως
1493 1023 1638 1079 σχολά-

182 1081 288 1127 ζοντι
305 1081 378 1130 τῆς
394 1075 612 1130 λαχούσης,
643 1065 951 1118 commendare
934 1083 1015 1132 apsi
1032 1081 1242 1118 eccle-siam
1263 1080 1638 1121 administrandam

181 1148 227 1172 ex
247 1134 516 1187 delegatione,
543 1149 622 1172 non
645 1135 855 1174 ordinaria
865 1144 1091 1189 potestate,
1120 1151 1213 1176 cum
1244 1139 1282 1175 is
1305 1138 1492 1178 ecclesiae
1512 1154 1638 1192 quam

179 1190 340 1229 dudum
349 1193 455 1242 fuer
457 1199 502 1228 at
519 1193 711 1242 σοιτί-ίαν,
741 1208 844 1231 cura
864 1196 950 1231 iam
967 1202 1143 1234 vacaret

293 1267 579 1322 ἐπικόμπια
615 1284 653 1322 p.
685 1271 768 1312 294
796 1284 835 1310 v.
868 1274 903 1312 1.
960 1271 1015 1310 ita
1049 1272 1135 1311 cod.
1159 1271 1290 1322 Anat„
1319 1285 1370 1310 ex
1401 1286 1479 1323 quo
1498 1275 1638 1325 putavi

180 1327 457 1378 corrigendum
473 1326 644 1375 Ba1·.,ber
665 1326 737 1380 qui
751 1323 959 1394 ἐπιγκόπια
978 1327 1149 1366 exhibet.
1206 1329 1330 1368 Vatic.
1348 1330 1451 1368 clare
1471 1330 1639 1369 Allatia-

179 1399 232 1424 no
251 1384 456 1422 consentit.
514 1389 607 1420 sunt
634 1389 764 1421 autem
791 1380 1005 1436 ἔπικὸμπια
1030 1397 1074 1422 ea
1101 1397 1200 1434 quae
1232 1385 1281 1422 ab
1312 1386 1395 1423 aliis
1425 1385 1639 1440 ἕπικόμβια

178 1446 378 1480 vocantur
394 1453 415 1477 a
434 1438 605 1478 Mem-sio
632 1439 804 1478 laudatis
824 1453 870 1479 eo
893 1441 1042 1491 verbo,
1074 1454 1215 1492 nempe
1233 1441 1433 1480 sudariola
1449 1449 1520 1481 aut
1538 1444 1641 1482 linea

180 1503 396 1548 segmenta,
425 1508 524 1547 quae
544 1495 671 1546 ligatis
697 1496 803 1534 intus
835 1502 943 1534 certo
959 1510 1124 1535 numero
1142 1498 1352 1535 nummulis
1371 1500 1556 1537 materiae
1575 1501 1639 1538 di-

178 1566 317 1592 vessae
347 1554 388 1590 in
413 1553 564 1604 plebem
573 1526 807 1590 t'confertam
827 1553 1071 1591 iaciebantur
1087 1553 1400 1592 solemnitatibus
1421 1557 1548 1594 certis.
1583 1557 1639 1595 Io.

182 1610 477 1648 Cantacuzenus
505 1609 530 1647 l.
555 1613 574 1650 1
609 1622 641 1647 c.
659 1609 710 1650 41
736 1622 773 1660 Ρ.
798 1609 875 1650 125
908 1610 968 1648 cd.
987 1610 1080 1661 Reg.
1112 1613 1164 1666 τῇ
1180 1609 1311 1665 ημέρᾳ
1328 1607 1432 1650 καθ’
1453 1609 1508 1664 ’ἠν
1526 1610 1550 1653 o‘
1568 1614 1640 1665 βα-

181 1663 314 1714 σιλεῦς
334 1665 513 1718 χρισθεις
532 1665 649 1714 ἔξεισι
664 1668 737 1705 τοῦ
754 1667 879 1715 ναοῦ,
909 1664 1018 1720 παρά
1037 1681 1144 1714 τινος
1163 1670 1244 1707 τῶν
1263 1670 1556 1719 συγκλητικων,
1588 1666 1640 1711 ὃν

181 1720 235 1763 ἂν
255 1719 442 1787 βασιλευς
455 1721 611 1770 ἐθέλοι,
643 1721 712 1790 εἷς
722 1719 791 1762 τὸν
825 1723 954 1774 δῆμον
984 1723 1200 1791 ῤ’ίπτονται
1218 1720 1246 1763 ἃ
1268 1723 1450 1776 λέγουσιν
1476 1722 1639 1778 ἐπικάμ-

180 1781 269 1833 βια·
301 1775 468 1821 δυναται
487 1775 530 1818 δὲ
547 1780 664 1819 τοῦτο
686 1773 941 1831 ἄποδὲσμους
969 1795 1083 1827 τινας
1111 1779 1154 1820 ἐν
1176 1775 1358 1821 ὀθονίων
1386 1777 1559 1834 τμήμασι
1577 1784 1639 1822 δε-

181 1835 390 1901 δεμένους,
422 1834 578 1876 ἓ”’νὸον
556 1850 714 1887 εχοντας
729 1836 950 1888 νομίσματα
966 1838 1094 1904 χρυσοῖ
1115 1838 1198 1876 τοῖν
1215 1838 1434 1905 βασιλικῶν
1460 1838 1549 1891 τρία
1567 1837 1637 1878 καὶ

181 1892 222 1942 ἐξ
241 1888 418 1947 ἀργύρου
437 1893 610 1932 τοσαῦτα
630 1888 661 1944 ἢ
679 1891 746 1932 καὶ
770 1894 912 1941 πλείω,
943 1891 1012 1932 καὶ
1032 1888 1203 1945 ὀβολοῦς
1225 1889 1307 1935 ἄπο
1327 1897 1476 1945 χαλκοῦ
1496 1892 1639 1935 τοσού-

180 1965 286 1997 τους.
347 1948 426 1986 hoc
454 1954 514 1986 est
543 1961 593 1986 ex
612 1949 790 1987 versione
824 1949 993 1987 Pontani
1018 1950 1170 1988 nostri:
1212 1949 1278 1987 dte
1307 1964 1386 2001 quo
1419 1952 1638 2002 imperator

182 2014 330 2044 unctus·
349 2020 376 2043 a
395 2005 539 2057 templo
559 2006 637 2042 exit
649 2035 662 2055 ,
691 2005 743 2044 ab
761 2006 902 2057 aliquo
925 2008 1012 2044 eius
1031 2008 1311 2058 optimatium,
1342 2021 1460 2057 quem
1480 2007 1540 2044 ad
1560 2008 1637 2045 hoc

181 2064 363 2114 elegerit,
399 2064 444 2100 in
464 2062 666 2114 populum
696 2063 907 2100 iaciuntur
936 2077 1040 2115 quae
1071 2070 1216 2100 vocant
1249 2063 1482 2114 epicombia.
1540 2071 1637 2101 sunt

183 2126 319 2156 autem
333 2120 538 2168 fasciculi
569 2121 782 2171 segmentis
806 2120 942 2157 linteis
975 2119 1146 2170 illigata
1173 2119 1359 2156 habentes
1389 2121 1636 2158 numismata

183 2189 310 2213 aurea
338 2176 598 2226 imperatoria
628 2177 732 2225 tria,
773 2176 936 2213 totidem
959 2183 1150 2227 argentea
1174 2182 1247 2212 aut
1264 2176 1414 2226 plura,
1446 2182 1482 2212 et
1499 2177 1635 2214 obolo-s

183 2245 318 2269 aereos·
336 2230 512 2270 totidem.
568 2230 666 2269 haec
680 2232 757 2272 ille.
813 2245 864 2271 ex
883 2232 1024 2283 quibus
1044 2231 1170 2269 obiter
1200 2231 1333 2282 collige
1353 2244 1425 2269 cur
1444 2232 1531 2270 auri
1553 2247 1637 2271 non

182 2288 256 2326 fiat
281 2288 323 2325 in
350 2293 485 2325 nostro
502 2286 809 2339 Pacliyifieriano
837 2290 925 2327 loco
945 2288 1111 2337 mentio,
1140 2288 1209 2325 sed
1225 2293 1496 2339 argenteorum
1516 2289 1637 2327 <lum-

182 2350 298 2382 taxat
315 2356 595 2393 aex-eorumque
615 2346 920 2384 nummulorum.
978 2345 1088 2383 aurci
1115 2345 1262 2383 scilicet
1288 2345 1438 2383 nummi
1456 2346 1636 2398 largitio-

183 2401 300 2439 nibus
326 2401 611 2451 imperatorum
638 2414 751 2439 causa
781 2408 820 2439 et
844 2401 1003 2439 nomine
1038 2401 1152 2439 factis
1176 2402 1502 2441 reservabantur:
1538 2402 1636 2440 haec

184 2463 314 2496 autem
338 2456 599 2508 patriarchica
629 2463 735 2508 erat,
764 2472 846 2497 non
870 2458 1120 2510 imperatoria
1147 2458 1454 2510 epicombiorum
1472 2460 1634 2512 sparsio.

299 2532 638 2588 ἕπιλυγαζειν
664 2550 704 2587 Ρ.
725 2536 806 2578 353
836 2550 875 2576 v.
892 2539 931 2579 9.
986 2535 1035 2577 τοὶ
1068 2534 1355 2604 οἷμολογημὲνα
1372 2534 1633 2591 ἔπιλυγοὶζετο.

187 2591 268 2631 duo
284 2593 424 2631 ultima
440 2593 562 2631 verba
582 2593 704 2632 Vatic.
728 2593 776 2631 de
794 2607 904 2632 more
923 2589 1192 2647 παραφράζων
1209 2593 1271 2632 his
1298 2595 1381 2633 aliis
1400 2600 1636 2633 commutat:

185 2665 234 2690 τα
256 2649 601 2701 συμπεφωνημένα
624 2646 913 2698 ἐπεσκεπαζετο.
968 2650 1159 2702 significat
1179 2657 1318 2690 auctor
1339 2651 1447 2689 hunc
1464 2651 1636 2701 legatum

188 2706 303 2743 cralis
329 2706 485 2744 Serbiae
513 2707 771 2745 dissimulasse
796 2707 839 2746 in
868 2707 1075 2746 tractando
1097 2708 1434 2759 priusconventa
1450 2713 1487 2744 et
1505 2707 1635 2758 stipu-

187 2762 266 2799 lata
286 2763 390 2800 inter
411 2763 689 2814 imperatorem
707 2769 745 2801 et
765 2763 927 2812 cralem,
957 2770 1088 2802 astuto
1107 2763 1174 2801 illa
1195 2764 1350 2803 silentio
1371 2763 1558 2815 tegendo,
1587 2775 1637 2801 ne

186 2819 386 2857 mentione
403 2820 506 2858 facta
526 2820 686 2858 illorum
705 2833 749 2858 ea
769 2826 858 2859 rata
876 2820 1020 2860 habere
1038 2821 1257 2861 videretur.
1314 2817 1415 2874 λύγη
1442 2821 1640 2871 interpre-

186 2874 294 2914 tibus
313 2875 474 2914 Homeri
495 2882 552 2914 est
569 2876 612 2917 ἐν
631 2877 704 2933 ἴσῳ
724 2880 778 2933 τῷ
794 2874 945 2932 ἤλύγη,
975 2874 1000 2921 ὅ
1017 2877 1096 2921 ἔστι
1118 2877 1262 2931 σκέπη,
1294 2874 1400 2918 σκιά.
1458 2875 1566 2916 unde
1583 2882 1642 2914 est

243 2937 419 2982 Georgius
447 2937 672 2983 pachymeres
701 2939 732 2975 Ι.
1312 2936 1368 2977 86
