1846 3262
405 191 483 234 DE
514 190 792 234 MICHAELE
825 191 1203 237 PALAEOLOGO
1238 194 1286 237 L.
1315 193 1391 238 ΠΙ.
1537 195 1630 243 181

150 302 424 362 ἓνδημῆσαντι
435 338 448 358 ,
486 305 563 360 τὴν
595 306 642 349 δὲ
665 304 861 364 δευτέραν
877 306 1056 366 Λατίνῳ
1075 311 1284 364 μεγιστᾶνι
1293 340 1308 362 ,
1347 306 1395 353 ὃν
1415 308 1467 352 ἂν
1487 310 1631 354 ε’κεΐνοι

149 383 268 434 φαῖεν
296 373 563 430 σεμνύνοντες
597 372 764 428 κόντον,
813 373 946 429 ὄνομα
989 378 1247 431 Rampiana,
1294 376 1376 421 ἀπὸ
1416 382 1458 422 Γ
1453 377 1622 431 εννούας
1645 395 1677 431 1)

152 444 244 488 τότε
259 441 538 502 προσελθόντι
572 444 677 487 κατὰ
706 441 850 501 φήμην
871 447 930 502 τῷ
948 448 1133 498 βασιλεῖ,
1171 448 1228 495 εἷς
1246 443 1379 502 γάμον
1396 448 1541 499 ἐκδοὺς
1563 451 1632 492 καὶ

152 512 302 572 δώροις
322 514 375 557 τὰ
393 511 530 557 εἰκότα
548 510 958 570 φιλοφρονησάμενος
975 511 1205 567 ἀποπέμπει
1225 513 1382 570 συνάμ’
1405 515 1534 575 ἐκείνῃ
1554 535 1632 561 συ-

116 589 138 625 5
153 581 256 643 ζύγῳ
271 616 284 636 ,
322 582 398 639 τὴν
418 583 463 625 δὲ
481 583 623 639 τρίτην
645 579 874 640 Βουλγάρῳ
893 585 953 640 τῷ
969 580 1305 641 Σφεντισθλάβῳ
1325 585 1432 627 κατὰ
1454 587 1631 630 Μυσίαν

147 657 231 696 τῶν
253 652 362 695 κατὰ
384 651 456 695 τὸν
478 649 620 706 Αἶμον
641 651 807 707 ὀρεινῶν
835 649 1005 706 ἄρχοντι
1037 652 1196 695 δίδωσι.
1269 653 1336 695 καὶ
1370 652 1503 704 οὕτως
1530 657 1633 698 ἐκεί-

147 740 230 765 νων
248 721 495 777 ἀπαλλαγεὶς
514 722 582 763 καὶ
609 723 694 763 τῶν
719 720 953 777 φροντίδων
983 723 1068 764 τῶν
1086 720 1152 763 ἐπὶ
1169 716 1343 772 ταύταις
1368 721 1519 780 ῥαΐσας
1543 722 1630 767 ἑτέ-

149 808 242 848 ραις
263 788 459 845 πράξεσιν
479 786 753 843 ἐπιβάλλεται.

285 860 334 905 7.
407 855 569 901 Φθάνει
595 859 671 912 μὲν
701 853 775 901 οὖν
796 861 856 917 τῷ
874 856 978 914 πρὸς
988 854 1227 913 Ἀλαμάναν
1240 857 1414 912 Ἄνναν,
1451 858 1504 914 ἢν
1521 876 1621 904 συν-
1649 864 1677 900 Ρ
1703 866 1765 901 121

94 931 344 971 ΙΟοικοῦσαν
389 926 458 970 ἔπ’
490 926 624 982 ὀλίγον
655 924 756 981 εἶχεν
787 924 809 970 ὅ
849 931 925 970 τοῦ
960 925 1163 984 Λάσκαρι
1200 928 1338 986 πατὴρ
1367 927 1557 984 Ἰωάννης
1586 931 1629 973 ἐν

147 995 307 1054 ἐσχάτῳ
335 994 468 1055 γήρᾳ,
519 997 769 1051 Φερδερίχου
809 1000 885 1038 τοῦ
916 999 991 1051 τῆς
1028 996 1217 1046 Σικελίας
1245 996 1446 1054 ἄρχοντος
1472 1001 1625 1051 παῖδα,

147 1070 222 1109 τοῦ
244 1065 407 1121 Μαφρὲ
429 1063 476 1106 δ’
509 1063 720 1121 ἀδελφήν,
759 1063 810 1119 ἣν
833 1065 884 1120 δὴ
907 1066 973 1107 καὶ
998 1065 1042 1108 ἐκ
1063 1066 1283 1122 πρεσβείας
1303 1067 1515 1110 ἐλθοῦσαν
1535 1085 1628 1111 ται-

147 1132 299 1184 νιώσας
319 1132 341 1176 ὃ
363 1134 568 1189 δηλωθεὶς
594 1133 790 1188 βασιλεὺς
812 1131 1006 1189 Ἰωάννης
1026 1132 1279 1190 Αὖγούσταν
1304 1136 1463 1187 δεικνὺς
1489 1134 1629 1180 σύνὸι-

147 1222 219 1246 κον
251 1201 328 1257 εἶχε
356 1204 423 1245 καὶ
447 1202 629 1259 ἔστεργε,
650 1227 719 1236 -
737 1206 796 1262 τῷ
831 1207 932 1258 γοῦν
964 1203 1069 1260 πρὸς
1087 1203 1216 1260 αὐτὴν
1245 1203 1406 1261 ε’ρωτιὸ
1433 1206 1629 1258 βασιλεὺς

92 1277 134 1313 15
149 1272 324 1327 Μιχαὴλ
355 1269 482 1321 ἁλοὺς
510 1271 551 1314 ἔν
583 1272 767 1329 ἀσφαλεῖ
789 1272 864 1326 μὲν
891 1269 993 1327 εἶχεν
1023 1271 1098 1329 ἐφ’
1124 1266 1158 1331 ᾧ
1182 1270 1291 1328 τάχα
1308 1274 1366 1329 μὴ
1387 1273 1619 1331 ἀποδρᾶναι
1645 1283 1676 1319 Β

147 1341 250 1398 πρὸς
269 1340 367 1391 τοῦς
386 1341 581 1393 οῗκειόυς,
619 1339 733 1396 ὅμως
752 1342 776 1383 δ
782 1340 794 1356 ³
822 1341 950 1398 ἐκείνῃ
971 1344 1268 1399 προνοῶν.τῶν
1286 1344 1521 1398 ἐπιτηδείων
1542 1349 1626 1399 βα-

147 1414 312 1459 σιλικῶς
340 1407 478 1452 πάντα
498 1407 651 1465 τρόπον
672 1410 811 1466 ἐπείρα
833 1414 908 1464 τῆς
927 1408 1202 1467 σωφροσύνης
1221 1412 1520 1467 περιγενέσθαι.
1569 1410 1626 1462 ὥς

147 1482 174 1521 δ
181 1479 193 1495 ’
215 1479 291 1522 οὐκ
323 1478 460 1521 ἔπειθε
487 1478 621 1521 πολλὰ
653 1476 849 1535 πράττων
873 1480 941 1521 καὶ
960 1476 1215 1533 δεξιούμενος
1234 1480 1358 1538 (μηδὲ
1377 1481 1456 1538 γὰρ
1478 1480 1529 1524 ἂν
1548 1499 1624 1524 κα-

147 1547 220 1591 λὸν
250 1545 352 1590 εἶναι
388 1546 414 1601 ἢ
448 1546 640 1602 εὐπρεπὲς
667 1546 871 1600 βασιλέως
899 1543 1139 1589 ἀκούσασαν
1164 1545 1358 1604 δάμαρτα
1379 1548 1489 1592 οὕτω
1511 1551 1625 1606 μεγί-

90 1609 248 1664 2οστου
268 1617 337 1658 καὶ
355 1619 540 1673 φοβεροῦ
560 1615 602 1657 ἓν
617 1612 779 1675 ὑστέρῳ
801 1614 850 1658 τὸ
875 1614 991 1670 λέχος
1010 1616 1200 1671 αἰσχῦναι
1229 1618 1298 1659 καὶ
1317 1621 1376 1677 τῷ
1392 1615 1529 1679 δούλῳ
1539 1651 1553 1672 ,
1590 1620 1627 1661 εἲ

239 1760 294 1795 19.
317 1755 366 1804 ἢ]
390 1755 433 1794 τὸ
457 1756 498 1792 Ρ.

144 1874 267 1909 licurto
292 1875 487 1919 nuncupato
500 1897 512 1915 ‚
540 1871 602 1919 qui
624 1883 668 1907 ex
690 1871 834 1916 Mareu,
858 1871 949 1907 unde
967 1876 1063 1908 ortus
1086 1877 1183 1918 erat,
1208 1875 1536 1922 Constantinopolim
1559 1876 1621 1912 ad-

145 1923 311 1962 venerat,
335 1918 549 1954 matrimonio
573 1919 771 1960 coniunxit;
794 1918 937 1953 alteram
960 1919 1084 1955 Latino
1107 1921 1187 1956 item
1210 1922 1408 1968 megistani‚
1444 1935 1544 1968 quem
1568 1923 1620 1958 sui

144 1966 394 2013 per-honorifico
418 1965 509 2011 apud
531 1965 624 2010 ipsos
648 1965 815 2000 vocabulo
839 1969 973 2000 contum
997 1967 1237 2012 appellabant,
1260 1968 1395 2003 nomine
1421 1968 1621 2011 Vintimilia,

145 2013 207 2059 qui
229 2016 311 2047 tunc
332 2013 457 2046 famam
481 2015 620 2046 secutus
644 2023 687 2046 ex
710 2012 797 2045 urbe
821 2011 945 2046 Genua
968 2013 1012 2046 ad
1037 2013 1256 2059 imperatoris
1282 2015 1478 2050 comitatum
1502 2026 1622 2050 acces·

144 2064 262 2103 serat,
285 2069 425 2092 uxorem
450 2057 568 2101 dedit,
601 2063 638 2092 et
660 2057 759 2092 donis
781 2069 857 2092 eum
878 2058 1067 2104 magnificis
1090 2060 1290 2095 honoratum
1317 2061 1352 2095 in
1375 2060 1521 2106 patriam
1546 2073 1621 2096 cum

145 2117 234 2140 nova
257 2104 390 2138 remisit
408 2104 561 2150 coniuge.
608 2104 747 2139 tertiam
770 2103 950 2139 collocavit
980 2105 1131 2150 Bulgaro
1153 2106 1454 2152 Sphentisthlabo,
1486 2112 1621 2142 monta-

145 2162 211 2185 nae
234 2151 327 2185 circa
350 2150 516 2184 Haemum
539 2150 688 2195 regionis
710 2150 746 2184 in
771 2150 885 2194 Mysia
906 2150 1068 2197 principi.
1112 2152 1232 2198 sicque
1253 2153 1307 2188 his
1325 2153 1536 2198 imperatorii
1559 2158 1641 2198 ges

145 2196 240 2231 neris
272 2196 469 2230 mulieribus
501 2197 620 2241 procul
652 2196 864 2238 amandatis,
898 2197 1028 2244 solutus
1060 2209 1103 2232 ea
1125 2205 1227 2244 parte
1249 2211 1407 2234 curarum
1421 2224 1433 2242 ,
1456 2199 1532 2234 aliis
1556 2210 1621 2246 pro

146 2242 291 2278 arbitrio
314 2242 472 2287 gerendis
495 2242 561 2276 iam
584 2243 789 2277 securiorem
811 2242 978 2289 applicuit
999 2244 1155 2278 animum.

238 2289 272 2323 7.
288 2289 410 2323 ..Ante
433 2287 545 2322 omnia
578 2289 829 2324 memorandum
850 2293 905 2323 est
936 2289 1019 2335 quid
1043 2290 1087 2324 de
1118 2292 1216 2325 Anna
1238 2287 1400 2326 Alamau‘a
1420 2290 1619 2328 tentaverit.

145 2336 263 2369 fuerat
293 2333 380 2368 haec
417 2334 540 2379 exiguo
581 2338 738 2380 tempore
771 2334 895 2369 coniux
926 2335 1064 2370 loannis
1095 2337 1267 2381 Augusti,
1299 2337 1409 2382 patris
1443 2337 1619 2372 Theodori

146 2379 308 2415 Lascaris
321 2405 333 2424 ,
361 2380 404 2414 ab
437 2391 477 2415 eo
508 2380 614 2415 ducta
641 2381 679 2415 in
709 2385 863 2415 extremo
893 2381 1008 2422 senio,
1042 2381 1214 2416 Friderici
1243 2383 1383 2418 Siciliae
1417 2383 1508 2428 regis
1534 2383 1618 2425 filia,

145 2426 319 2462 Manfredi
341 2437 459 2469 soror,
493 2437 595 2471 quam
618 2438 639 2460 a
661 2427 787 2472 legatis
810 2427 854 2461 ad
883 2439 957 2462 eam
982 2428 1220 2462 accersendam
1243 2429 1350 2463 missis
1377 2429 1557 2464 deductam
1581 2433 1618 2463 et

146 2472 289 2507 solemni
328 2471 558 2507 coronationis
599 2472 671 2507 ritu
714 2475 902 2518 Augustam
947 2473 1154 2509 declaratam
1195 2479 1400 2510 memoratus
1429 2476 1618 2521 imperator

145 2519 291 2553 Ioannes
321 2529 481 2560 uxorem,
515 2530 658 2564 eamque
687 2530 888 2565 percaram,
917 2519 1097 2554 habuerat.
1140 2520 1240 2556 huius
1261 2533 1376 2556 amore
1411 2526 1533 2568 captus
1555 2522 1616 2556 im-

146 2570 287 2610 perator
320 2565 470 2599 Michaffl
504 2563 690 2599 custodivit
720 2577 795 2600 eam
817 2565 999 2610 diligenter
1021 2577 1066 2600 ne
1087 2566 1220 2602 rediret
1241 2568 1286 2602 ad
1311 2578 1411 2611 suos,
1434 2567 1616 2613 magnifice

146 2615 262 2645 tamen
283 2610 351 2656 ipsi
375 2623 417 2645 ac
447 2610 546 2655 regie
577 2622 668 2656 quae
690 2622 775 2656 opus
799 2610 867 2656 ipsi
889 2614 988 2646 erant
1010 2612 1054 2646 ad
1079 2612 1206 2648 victum
1230 2615 1426 2660 cultumque
1452 2614 1615 2660 suppedi-

147 2661 246 2699 tans,
270 2661 308 2692 at
330 2657 457 2691 nullam
479 2668 546 2691 non
567 2656 704 2691 interim
726 2657 908 2692 admovens
929 2658 1119 2693 machinam
1140 2660 1185 2694 ad
1209 2659 1302 2703 eius,
1334 2660 1365 2694 si
1388 2671 1459 2706 qua
1480 2660 1616 2694 ratione

147 2706 287 2757 posset,
311 2703 508 2749 pudicitiam
541 2703 808 2749 expugnandam.
854 2702 892 2738 in
922 2715 990 2749 quo
1012 2705 1146 2740 frustra
1168 2706 1257 2749 fuit,
1281 2710 1378 2741 artes
1401 2706 1476 2740 eius
1499 2716 1616 2740 omnes

147 2748 395 2795 1nsidiosasque
416 2748 601 2784 blanditias
632 2753 788 2784 matrona
818 2749 1027 2795 repellente,
1055 2751 1183 2798 quippe
1205 2764 1295 2799 quae
1316 2752 1489 2798 sapienter
1511 2763 1616 2797 repu-

147 2796 240 2829 taret
262 2806 363 2840 quam
386 2799 586 2840 probrosum
608 2796 701 2830 foret
723 2805 761 2830 se
782 2795 844 2830 tali
865 2800 976 2831 ortam
999 2797 1119 2840 domo,
1138 2798 1214 2833 vita
1236 2799 1273 2832 in
1296 2809 1424 2833 summa
1448 2797 1616 2842 dignitate

149 2851 212 2885 per
234 2839 432 2877 inoffensam
455 2842 621 2877 hactenus
641 2842 768 2877 famam
790 2845 988 2886 transacta,
1015 2844 1152 2880 viduam
1175 2844 1310 2880 maximi
1332 2849 1370 2879 et
1390 2843 1616 2890 potentissimi
