1884 3262
271 209 379 256 ⁴238
691 201 926 250 GEORGH
971 203 1327 250 PACHYMERIS

278 323 392 381 αὐτῷ
411 320 463 365 τὰ
486 315 618 363 πάντα
649 320 717 362 καὶ
734 318 902 369 αὐτοὺς
933 315 1202 373 κινδυνεύειν,
1240 320 1279 362 οἱ
1299 320 1343 364 δὲ
1366 320 1437 364 τὸν
1460 320 1503 363 ἔκ
1527 323 1600 363 τοῦ
1620 325 1746 375 βασι-

277 392 376 441 λὲως
393 390 636 432 ιὶντετίθουν
659 385 818 445 φόβον,
857 389 924 430 καὶ
954 386 1009 439 ὥς
1036 387 1316 444 ὗπομονητὲον
1343 387 1494 445 ἔλεγον·
1530 387 1639 444 τάχα
1665 389 1744 446 γὰρ

276 459 462 502 κάκεῖθεν
481 461 810 514 προσαποστελεΐ
822 454 995 512 δύναμιν
1021 458 1144 516 (μηδὲ
1161 457 1239 515 γὰρ
1259 455 1470 512 ἀμελήσειν
1491 455 1626 501 τόσων
1639 475 1746 515 χρη-

226 541 258 576 D
279 524 442 584 μάτων)
476 527 542 568 καὶ
574 523 887 582 προσβοηθήσει
914 526 981 568 διὰ
1004 524 1226 582 θαλάσσης
1253 527 1321 568 καὶ
1343 524 1440 582 ἡμῖν
1460 527 1661 581 ἐπαμυνεῒ
1674 526 1747 569 τὸν

277 596 479 638 κίνδυνον.
548 595 584 637 εἲ
613 594 655 636 δ’
692 590 788 647 οὖν,
826 594 932 637 ἀλλὰ
961 595 1037 650 τὴν
1072 599 1147 637 τοῦ
1177 594 1358 637 σουλτάν
1387 595 1567 652 κεφαλὴν
1596 595 1781 638 εἴποτε-5

277 662 433 719 μόντας
460 661 536 713 ἔξω
564 666 639 705 τοῦ
671 664 829 718 τείχους
856 670 943 713 τοῖς
974 665 1141 720 ἐχθροῖς
1170 663 1346 721 ῥιπτεῖν,
1385 662 1441 714 ὥς
1460 663 1486 718 ἢ
1516 661 1751 720 καραδοκή-

278 749 400 775 σασιν
427 731 675 787 ἀποχωρεῖν,
714 731 740 786 ἢ
769 731 1036 790 ὅρμηθέντων
1072 730 1304 787 ἀμύνεσθαι
1338 730 1449 788 ἡμᾶς
1478 731 1655 787 ἀντέχειν
1676 732 1752 782 ἕως

279 798 497 853 θανάτου,
534 802 601 843 καὶ
622 798 646 856 ἢ
668 804 771 843 θεοῦ
792 818 872 843 που
902 802 1092 861 συνεργία
1113 800 1395 857 περιγενέσθαι
1424 800 1450 857 ἢ
1474 802 1630 844 πίπτειν
1646 798 1750 856 ὑπὲρ

280 873 354 925 τῆς
382 871 438 919 εἲς
469 868 641 924 βασιλέα
673 870 861 920 πίστεως.
929 874 1064 913 ταῦτα
1091 869 1401 924 βουλευομένων
1434 867 1594 925 ἐκράτει
1621 869 1696 924 μὲν
1723 866 1749 923 ἦ

284 937 454 994 δευτέρα
487 934 644 993 βουλή,
683 944 890 994 καρτερεῖν
917 940 983 981 καὶ
1014 938 1072 981 ἔτι
1098 939 1384 994 ἐκδεχομένους
1409 936 1638 994 βοήθειαν,
1682 938 1750 980 καὶ
1763 940 1807 976 10

233 1014 266 1048 E
289 1013 375 1057 τοῖς
393 1007 468 1062 μὲν
488 1006 564 1057 ἔξω
594 1005 776 1062 ἀναρτᾶν
804 1007 971 1057 ἐλπίδας
1001 1006 1056 1057 ὥς
1079 1008 1393 1060 ἓκδωσείοντας,
1431 1007 1584 1057 αὖτοὺς
1612 1007 1658 1049 δὲ
1675 1006 1753 1061 μέ-

282 1093 429 1126 νοντας
448 1070 491 1118 εὗ
512 1075 565 1118 τὰ
585 1075 689 1118 κατὰ
710 1079 821 1132 σφᾶς
842 1073 898 1125 ὥς
927 1072 1012 1119 οἶόν
1033 1093 1076 1119 τε
1105 1077 1330 1130 τίθεσθαι,
1364 1074 1420 1125 ὥς
1448 1074 1752 1129 ἀνθεξομένους

283 1144 353 1202 ἐφ’
376 1143 474 1188 ὅσον
495 1144 671 1199 παρείκει
690 1146 756 1200 καὶ
779 1143 837 1199 μὴ
859 1145 1062 1201 βοηθείας
1079 1146 1287 1202 φανείσης.
1359 1146 1394 1188 εἴ
1416 1145 1461 1187 δὲ
1483 1140 1750 1187 κινδυνεύοιεν

283 1211 466 1257 πλεόνων
494 1209 793 1268 ἐπιβρισάντων
819 1216 902 1255 τῶν
930 1217 1143 1268 χαλεπῶν,
1178 1212 1358 1270 κεφαλὴν
1378 1214 1454 1268 μὲν
1471 1217 1547 1255 τοῦ
1570 1211 1752 1255 σουλτὰν

279 1279 386 1339 μήτ’
411 1279 616 1324 ἐκκόπτειν
634 1278 737 1336 μήτε
759 1281 932 1338 ῥιπτεῖν·
968 1279 1220 1339 παραβόλων
1238 1281 1317 1338 γὰρ
1337 1281 1498 1347 ἀνδρῶν
1520 1283 1588 1323 καὶ
1610 1285 1806 1323 θανα-’15

282 1349 448 1394 τώντων
478 1349 524 1392 τὸ
557 1346 751 1404 τόλμημα
781 1347 906 1401 εἶναι,
958 1349 1006 1392 τὸ
1037 1350 1081 1392 δ’
1114 1351 1157 1393 ἓν
1185 1352 1385 1400 σπονδαῖς
1418 1346 1660 1393 ἀποδιδόναι
1675 1352 1751 1392 τοῦ

281 1417 489 1471 σώζεσθαι
507 1417 559 1459 τὰ
579 1419 701 1459 λοιπὰ
723 1414 925 1471 εὐβούλου
945 1418 1062 1474 ἐγγὺς
1082 1419 1291 1475 προνοίας.
1338 1416 1500 1468 τούτοις
1521 1433 1751 1474 συγκροτη-

280 1488 424 1537 θέντες
443 1493 528 1535 τοῖς
548 1483 682 1541 λόγοις
699 1485 901 1540 πέμπουσι
931 1486 1006 1541 τὴν
1025 1488 1221 1543 ταχίστην
1240 1489 1308 1530 καὶ
1335 1486 1627 1542 ὑπισχνοῦνται
1647 1491 1753 1540 βου-

140 1568 169 1602 P
195 1567 260 1604 158
285 1555 559 1607 λευσαμὲνους
589 1554 661 1611 ἐφ’
699 1554 837 1598 ἱκανὸν
864 1552 1042 1606 ε’ξανῦειν
1076 1554 1099 1599 ὅ
1118 1573 1155 1599 τι
1176 1557 1343 1612 ζητοῖεν.
1415 1557 1482 1599 καὶ
1503 1550 1554 1612 ἦν
1572 1555 1648 1611 μὲν
1672 1553 1751 1598 αὗ-

281 1703 339 1739 sit.
389 1712 496 1747 quare
522 1700 659 1735 aiebant
680 1698 925 1734 obfirmandum
949 1699 1095 1735 animum
1124 1700 1160 1735 in
1183 1700 1364 1737 resistendi
1393 1698 1607 1741 constantia,
1630 1700 1668 1733 et
1689 1707 1755 1743 pa-

285 1749 412 1783 tienter
436 1747 663 1792 expectandas
687 1745 802 1791 copias
824 1745 1040 1791 imperatoris
1062 1746 1147 1792 ipsis
1169 1747 1244 1782 sine
1268 1747 1371 1782 dubio
1395 1758 1461 1781 non
1484 1746 1537 1780 ita
1555 1745 1660 1779 multo
1674 1748 1755 1789 post

284 1794 410 1829 auxilio
443 1798 623 1828 venturas:
663 1804 730 1826 non
760 1791 848 1826 enim
893 1793 1126 1837 neglecturum
1163 1794 1361 1838 prudentem
1395 1792 1582 1838 principem
1621 1795 1754 1824 tantam

284 1852 380 1876 suam
403 1839 578 1884 pecuniam
612 1849 774 1882 servare,
807 1837 911 1872 missa
940 1843 1079 1873 strenue
1112 1839 1220 1874 classe
1242 1851 1332 1885 quae
1360 1842 1499 1883 patente
1521 1836 1605 1871 mari
1628 1834 1755 1870 auxilia

286 1889 443 1932 portaret
476 1884 645 1919 obsidioni
676 1883 861 1919 solvendae
892 1884 1089 1920 suffectura.
1135 1885 1170 1919 id
1193 1885 1250 1919 vel
1283 1885 1312 1920 si
1334 1885 1487 1926 deforet,
1511 1893 1654 1918 censere
1676 1891 1754 1915 sese

286 1931 475 1967 abscissum
499 1930 651 1964 Sultanis
674 1934 777 1975 caput
800 1930 844 1964 ad
867 1930 984 1965 hostes
1007 1943 1027 1965 e
1048 1942 1143 1965 muro
1167 1943 1314 1977 superne
1334 1930 1550 1965 iactandum:
1581 1931 1643 1963 aut
1663 1926 1752 1961 enim

287 1988 373 2024 quos
396 1977 445 2010 ibi
467 1976 668 2010 detinuisset
690 1979 831 2010 eatenus
854 1976 978 2021 cupida
1001 1978 1194 2022 expectatio
1216 1977 1403 2023 recipiendi
1424 1974 1597 2017 Sultanis‚
1628 1973 1753 2018 despe-

286 2029 363 2058 rato
385 2022 453 2056 iam
487 2022 561 2056 eius
595 2022 669 2056 voti
702 2022 828 2056 effectu
859 2023 1028 2057 recessuri
1060 2023 1235 2058 confestim
1259 2028 1377 2065 erant3
1410 2026 1471 2056 aut
1492 2021 1578 2067 ipsis
1608 2018 1752 2054 irritatis

287 2068 388 2105 amici
411 2068 516 2102 caede
539 2072 574 2102 et
596 2067 731 2102 saevius
754 2067 789 2101 in
816 2079 877 2102 nos
902 2069 945 2102 ad
968 2069 1127 2103 ultionem
1152 2069 1376 2115 expetendam
1398 2067 1594 2108 ruentibus,
1617 2063 1754 2111 optabi-

285 2116 352 2150 lem
374 2114 472 2149 nobis
496 2115 701 2148 occasionem
724 2113 841 2149 datum
862 2113 906 2147 iri
935 2115 990 2149 vel
1019 2115 1100 2149 fidei
1135 2127 1219 2160 erga
1238 2115 1476 2161 imperatorem
1498 2116 1638 2148 nostrae
1658 2110 1753 2145 obita

287 2174 351 2207 pro
375 2173 416 2195 eo
452 2160 633 2206 pugnando
663 2165 775 2194 morte
805 2161 1051 2204 obsignandae,
1083 2162 1138 2196 vel
1168 2161 1362 2207 gloriosae,
1399 2161 1429 2195 si
1453 2161 1537 2194 deus
1567 2156 1754 2198 adiuverit,

285 2206 463 2242 victoriae.
508 2205 593 2241 talia
615 2205 676 2240 ubi
701 2205 906 2240 altercantes
927 2207 1097 2253 utrimque
1120 2207 1314 2254 aliquandiu
1335 2208 1518 2247 iactarunt,
1541 2203 1654 2239 media
1671 2207 1754 2237 tan-

287 2254 363 2287 dem
387 2252 557 2287 sententia
575 2251 779 2297 praevaluit,
803 2253 988 2287 decernens
1011 2254 1293 2299 perseverandum
1318 2254 1429 2288 adhuc
1451 2255 1487 2286 et
1508 2249 1754 2296 expectandum

287 2299 449 2334 auxilium
472 2298 698 2343 imperatoris,
722 2309 784 2333 nec
805 2303 917 2333 tamen
940 2300 1042 2344 plane
1063 2300 1323 2344 praecidendum
1339 2299 1429 2333 hosti
1447 2296 1628 2332 deditionis
1644 2305 1753 2341 spem,

287 2345 369 2391 quin
393 2356 466 2378 eam
489 2344 601 2389 potius
625 2344 778 2379 alendam
800 2345 970 2379 industria
989 2351 1025 2379 et
1055 2346 1287 2388 simulatione,
1322 2357 1389 2392 quo
1413 2343 1482 2390 ipsi
1504 2341 1755 2389 suspendantur

287 2390 430 2431 animis,
464 2395 500 2423 et
539 2390 697 2424 extremis
730 2394 962 2437 temperantes
992 2393 1168 2427 conatibus
1202 2403 1241 2426 re
1274 2392 1310 2426 in
1345 2393 1480 2436 longum
1510 2394 1624 2424 tracta
1647 2387 1753 2421 otium

287 2436 424 2472 auxiliis
455 2439 646 2470 nostrorum
683 2437 749 2470 huc
785 2448 823 2472 se
857 2437 1058 2472 admovendi
1089 2439 1288 2484 praebeant.
1333 2438 1437 2472 rebus
1469 2431 1754 2470 interimuostris

288 2494 389 2528 quam
414 2481 490 2516 fieri
513 2481 641 2526 poterit
672 2483 797 2527 optime
828 2483 1096 2528 providendum,
1129 2488 1169 2519 ut
1201 2496 1300 2530 quam
1332 2482 1521 2518 diutissime
1542 2480 1754 2522 resistamus,

289 2529 447 2563 tardante
469 2528 715 2573 quantumlibet
738 2529 884 2572 auxili03
909 2541 951 2564 ac
972 2530 1003 2565 si
1025 2530 1078 2564 vis
1100 2530 1232 2565 interea
1253 2530 1360 2565 maior
1379 2527 1562 2573 ingruerit,
1583 2534 1751 2570 nunquam

290 2586 331 2609 eo
354 2578 470 2608 tamen
493 2573 740 2607 deveniendum
762 2579 801 2608 ut
824 2580 884 2609 aut
918 2575 1154 2610 abscindamus
1187 2580 1247 2611 aut
1276 2575 1493 2622 proiiciamus
1515 2572 1669 2607 sultanis
1692 2581 1751 2604 ca-

290 2625 374 2667 put=
397 2631 474 2654 nam
497 2619 531 2653 id
555 2619 688 2654 facinus
717 2626 808 2654 esset
834 2627 961 2655 temere
994 2622 1176 2656 furentium
1199 2627 1236 2657 et
1256 2623 1377 2657 insana
1398 2619 1638 2666 desperatione
1658 2627 1752 2650 mor-

289 2671 359 2701 tem
382 2665 446 2701 sibi
476 2665 738 2709 vituperabilem
768 2668 1024 2702 accersentium.
1070 2679 1160 2714 quae
1191 2680 1295 2715 porro
1318 2666 1430 2714 quoad
1462 2665 1556 2699 vires
1577 2660 1753 2708 suppetie-

290 2712 363 2747 rint
385 2711 579 2746 defenderis
613 2711 768 2753 fortiter,
799 2724 861 2755 ea,
892 2713 947 2747 vel
980 2714 1094 2758 potius
1120 2714 1283 2761 reliquias
1315 2724 1430 2748 eorum
1452 2710 1753 2753 semiconsumpto-

292 2769 389 2800 rum,
413 2757 607 2792 defensione
626 2757 701 2803 ipsa
723 2761 874 2792 extremo
897 2758 966 2792 iam
988 2759 1182 2795 discrimine
1202 2763 1345 2806 urgente
1366 2770 1430 2805 pro
1448 2757 1560 2792 salute
1581 2767 1623 2790 ac
1637 2752 1752 2800 capite

294 2804 440 2849 pacisci,
464 2803 632 2849 sapientis
653 2802 757 2838 affine
777 2804 1015 2849 providentiae
1039 2811 1207 2841 censetur.
1229 2806 1263 2840 in
1287 2806 1372 2840 haec
1394 2805 1535 2839 decreta
1557 2801 1616 2836 ubi
1637 2809 1753 2835 omnes

294 2850 565 2892 consensissent,
594 2849 733 2885 mittunt
760 2849 877 2886 statim
907 2850 967 2897 qui
1001 2850 1155 2887 hostibus
1183 2851 1381 2898 promittant
1409 2852 1562 2886 facturos
1587 2859 1626 2884 se
1660 2844 1753 2892 quod
