1846 3262
452 222 530 266 DE
558 220 836 264 MICHAELE
866 216 1244 262 PALAEOLOGO
1274 217 1320 261 L.
1347 215 1404 259 ΙΙ.
1597 213 1663 260 93

187 338 356 395 ἔχοντας
383 335 731 392 ἐπιδεικνυμένους
751 333 804 378 τὰ
824 330 1064 390 ὑπάρχοντα
1086 334 1346 389 κυδροῢσθαι
1368 331 1436 374 καὶ
1454 328 1503 373 τὸ
1526 326 1666 386 παροί-

186 427 270 452 παν
296 407 356 462 μὴ
386 406 570 450 δεδιέναι.
642 406 706 447 ἐπὶ
725 408 849 447 πᾶσιν
870 400 1093 445 ὖπακοῦειν
1115 406 1190 457 τῆς
1209 402 1424 456 ἐκκλησίας
1436 433 1450 453 ,
1486 400 1553 442 καὶ
1580 417 1663 454 μη-

188 477 288 534 τέρα
307 474 463 531 ταύτην
485 473 541 526 ὥς
561 474 666 525 εἰκὸς
689 472 891 529 ἡγεῖσθαι,
931 473 997 514 καὶ
1019 475 1101 514 πᾶν
1121 471 1165 514 τὸ
1189 472 1245 520 εἷς
1263 467 1516 513 κατάστασιν
1535 467 1665 523 αὐτῆς

188 543 568 603 πραγματεύεσθαι.
636 548 770 586 ταῦτα
797 542 842 585 δὲ
869 542 1130 598 προσετίθει,
1166 538 1229 584 ὅτι
1254 541 1321 582 καὶ
1348 540 1390 582 ἓν
1410 536 1623 587 ὖπονοῖαις
1642 535 1664 580 ὅ

154 612 500 673 5προβασιλεῦων
531 609 583 669 ἦν
622 616 696 656 τοῦ
728 617 1002 667 καταφρονεῖν
1038 613 1120 652 τῶν
1151 609 1302 663 ἐκείνης
1332 608 1567 664 προνομίων
1596 609 1666 649 καὶ

185 689 412 741 βασιλικῶς
438 683 760 738 κατεπαίρεσθαι
772 713 786 734 ,
826 678 931 723 ὥστε
948 680 1016 722 καὶ
1037 679 1101 721 ἐπὶ
1125 681 1292 726 πολλοῖς
1313 676 1386 720 τὸν
1408 674 1665 733 πατριάρχην

186 759 408 797 λυπεῖσθαι
433 754 501 796 καὶ
521 751 594 807 τὴν
612 755 687 794 τοῦ
706 754 808 793 λαοῦ
837 749 1096 805 προστασίαν
1120 747 1520 803 ἅποπροσποιεῖσθαι
1532 779 1545 798 ,
1578 764 1663 801 μη-
1686 757 1718 791 Ε

186 825 256 866 dev
287 822 364 865 κᾶν
396 822 563 871 δικαίως
594 818 698 876 ὑπέρ
727 837 850 862 τινων
880 818 986 875 λε’γοι
1014 815 1340 870 εἷσακουόμενον.
1409 810 1461 870 ἦν
1480 810 1552 858 οὖν
1571 813 1663 858 τότε

185 897 244 951 τῷ
265 888 521 948 πατριάρχῃ,
559 891 626 932 καὶ
645 886 706 939 οἷς
723 893 807 932 τῶν
830 886 1047 944 ἀρχιερέων
1067 886 1115 930 τὸ
1137 887 1193 936 εἷς
1209 885 1256 928 τὸ
1274 886 1424 939 με’λλον
1446 885 1665 941 προμηθὲς

132 971 176 1005 10
188 957 258 1018 ἦν,
288 961 422 1003 διττοί
439 976 542 1009 τινες
567 959 754 1014 λογισμοὶ
773 957 877 1014 πρὸς
895 954 1110 1013 ἀμφότερα
1132 952 1345 1012 κρούοντες
1367 955 1435 996 καὶ
1460 952 1664 1009 ἑκατέρω-

185 1036 261 1074 θεν
283 1030 457 1086 ἰσχυροί.
517 1027 583 1072 ὅτε
607 1028 686 1085 γὰρ
708 1026 812 1084 πρὸς
837 1026 912 1083 τὴν
933 1031 1009 1080 τῆς
1027 1026 1239 1086 βασιλείας
1260 1023 1459 1067 ἔντε’λειαν
1479 1022 1662 1076 ἀποβλέ-

183 1111 332 1154 ψαιεν,
370 1099 438 1141 καὶ
467 1097 516 1141 τὸ
548 1097 654 1154 παρ’
688 1096 844 1154 ἀμφοῖν
869 1095 1101 1150 βασιλέοιν,
1137 1098 1211 1138 τοῦ
1238 1094 1313 1148 μὲν
1337 1092 1661 1147 νεοκομουμένου

186 1173 260 1212 τοῦ
293 1167 335 1211 δ’
369 1168 628 1225 ἐνεργοῦντος
639 1199 653 1219 ,
690 1166 896 1224 ἄρχεσθαι
925 1163 981 1215 ὥς
1009 1163 1134 1207 καλὸν
1167 1161 1272 1217 ὁμοῦ
1302 1163 1370 1205 καὶ
1396 1166 1456 1221 τῷ
1489 1159 1660 1220 ὑπηκόῳ

184 1234 388 1295 σωτήριον
407 1234 641 1280 κατενόουν.
710 1235 815 1292 πρὸς
837 1235 966 1279 δὲκαὶ
991 1234 1042 1277 τὰ
1059 1234 1262 1288 μέλλοντα
1285 1228 1656 1289 προσγενήσεσθαι,

130 1314 174 1351 15
186 1306 272 1362 ἅμα
289 1308 364 1362 μὲν
387 1307 429 1357 ἐξ
448 1300 506 1350 ὧν
524 1305 599 1361 τὴν
622 1305 763 1360 ἱκανὴν
790 1305 1077 1361 πληροφορίαν
1098 1303 1162 1345 ἐπὶ
1185 1301 1330 1359 τάνδρὶ
1354 1299 1459 1356 εἶχον
1479 1301 1523 1343 ἔκ
1542 1301 1656 1343 πλεί-
1678 1307 1708 1342 Ρ
1732 1307 1776 1343 59

182 1393 309 1429 στου,
347 1374 436 1431 ἅμα
461 1376 506 1419 δὲ
525 1376 592 1418 καὶ
613 1375 655 1426 ἐξ
677 1368 733 1418 ὧν
755 1371 848 1417 τότε
877 1371 1202 1427 ὑπισχνουμένου
1231 1368 1486 1426 κατήκουον,
1532 1367 1659 1425 ὕπερ-

183 1445 497 1500 αποδεχομένοις
513 1442 688 1503 ἐῴκεσαν
705 1443 758 1486 τὰ
778 1442 882 1485 κατὰ
901 1441 1060 1497 βουλὴν
1079 1438 1419 1497 πραχθησόμενα.
1458 1437 1525 1481 ὅτε
1546 1438 1582 1481 δ’
1605 1434 1659 1481 αὖ

182 1512 305 1558 πάλιν
336 1510 441 1572 πρός
468 1530 511 1556 τε
539 1513 587 1556 τὸ
616 1517 689 1556 τοῦ
711 1510 801 1562 ἕνός
824 1508 1131 1570 ἄφιλονείκητόν
1150 1527 1194 1553 τε
1218 1511 1284 1552 καὶ
1305 1508 1571 1566 ἆνερίθευτον
1590 1509 1658 1550 καὶ

182 1649 324 1692 egentes
354 1645 423 1681 iam
456 1648 588 1680 tantum
617 1645 850 1688 abundarent,
882 1647 922 1679 ut
952 1655 1016 1686 nec
1037 1642 1123 1689 ipsis
1153 1643 1288 1677 deforet
1310 1641 1456 1677 facultas
1479 1643 1655 1676 ostentan-

184 1694 304 1728 darum
332 1704 434 1738 opum
457 1697 493 1727 et
515 1703 552 1727 se
574 1692 804 1738 familiamque
827 1691 1013 1726 domestica
1035 1690 1135 1735 copia
1158 1689 1378 1733 honestandi,
1404 1688 1494 1722 omni
1516 1698 1656 1733 prorsus

180 1744 274 1774 metu
307 1740 437 1773 vacuis.
484 1749 588 1785 super
618 1739 728 1773 omnia
764 1737 1071 1773 obedientissimum
1097 1748 1196 1779 sese,
1231 1740 1270 1770 nt
1293 1747 1358 1781 par
1380 1740 1455 1777 est,
1491 1734 1657 1769 ecclesiae

179 1785 427 1831 praebiturum,
452 1788 488 1820 et
509 1785 630 1820 matris
651 1785 743 1819 illam
766 1785 840 1819 loco
863 1785 1054 1826 ducturum,
1082 1783 1234 1829 nihilque
1257 1793 1323 1816 non
1346 1781 1540 1816 moliturum
1561 1780 1653 1826 quod

180 1832 226 1867 ad
256 1832 330 1866 eius
364 1834 491 1866 statum
521 1843 706 1877 pacemque
741 1831 942 1866 servandam
975 1830 1151 1864 videretur
1181 1828 1401 1863 conducibile.
1449 1828 1485 1862 in
1517 1838 1583 1873 quo
1615 1831 1654 1860 ut

178 1877 406 1913 abundantius
429 1878 624 1923 religionem
647 1881 857 1922 ostentaret,
881 1877 1089 1912 incitabatur
1111 1887 1172 1921 spe
1201 1874 1459 1920 comparationis
1482 1885 1503 1908 a
1526 1873 1651 1919 populo

175 1924 405 1959 instituendae
436 1926 604 1959 factorum
634 1936 771 1960 suorum
794 1924 868 1959 eius
899 1923 1036 1969 generis
1059 1934 1133 1956 cum
1157 1921 1337 1956 contrariis
1360 1919 1520 1965 exemplis
1543 1919 1653 1964 impe-

177 1970 302 2006 ratoris
325 1982 435 2017 nuper
458 1971 633 2014 defuncti,
656 1971 700 2005 de
721 1983 789 2016 quo
813 1971 945 2006 sciebat
966 1969 1152 2003 invaluisse
1175 1967 1399 2013 suspicionem
1422 1966 1511 2001 baud
1536 1965 1649 2009 magni

177 2029 254 2051 eum
275 2018 393 2051 facere
414 2017 580 2052 ecclesiae
603 2017 857 2061 auctoritatem,
882 2017 1074 2061 efferreque
1095 2026 1134 2049 se
1155 2014 1191 2048 iu
1214 2026 1288 2049 eam
1311 2015 1402 2048 fastu
1425 2012 1532 2057 regio.
1554 2011 1648 2046 unde

177 2067 215 2098 et
244 2063 439 2108 contigerat
468 2076 509 2098 eo
541 2070 708 2109 regnante
740 2065 864 2098 multas
895 2062 1098 2098 offensiones
1120 2066 1156 2095 et
1180 2061 1314 2095 dolendi
1345 2070 1465 2094 causas
1497 2057 1649 2104 patriar-

177 2109 264 2144 chae
295 2109 434 2152 offerri‚
467 2109 553 2145 adeo
584 2114 623 2144 ut
649 2110 680 2144 is
709 2110 775 2145 iam
807 2121 876 2144 non
909 2109 1053 2144 auderet
1074 2107 1247 2153 suscipere
1268 2106 1490 2152 patrocinium
1514 2104 1643 2150 populi,

177 2167 242 2190 nec
268 2156 526 2201 deprecatorem
548 2168 586 2191 se
608 2156 767 2202 ingerere
789 2156 825 2190 in
849 2156 1008 2202 periculis
1038 2154 1257 2195 miserorum,
1291 2152 1447 2199 quoniam
1477 2162 1544 2184 non
1567 2161 1645 2195 spe-

176 2205 272 2236 raret
302 2214 341 2236 se
371 2203 520 2236 auditum
550 2203 613 2246 iri,
647 2202 864 2248 quantumvis
898 2213 1010 2247 aequa
1031 2201 1171 2235 diceret.
1218 2203 1299 2233 tunc
1322 2210 1424 2245 porro
1448 2196 1646 2242 patriarcha

177 2253 213 2281 et
236 2247 260 2281 ii
284 2259 326 2282 ex
351 2248 562 2283 antistitibus
586 2249 646 2294 qui
671 2249 777 2283 futuri
802 2248 1046 2294 providentiam
1076 2247 1267 2286 habebant,
1301 2243 1562 2289 cogitationibus
1591 2242 1645 2275 in—

174 2293 285 2327 vicem
316 2294 473 2329 adversis
505 2300 541 2330 et
570 2295 682 2330 valide
714 2294 884 2340 utrimque
915 2294 950 2329 in
984 2293 1157 2328 contraria
1192 2291 1443 2327 incurrentibus
1474 2288 1646 2323 distrahe-

175 2340 311 2374 bantur.
359 2340 493 2386 quando
516 2340 604 2375 enim
629 2342 752 2376 bonum
775 2340 919 2386 imperii·
932 2345 1058 2375 statum
1081 2340 1307 2385 reputabant,
1328 2336 1540 2382 praeclarum
1562 2334 1646 2380 ipsis

178 2389 215 2420 et
237 2386 362 2432 populo
387 2387 538 2421 salutare
559 2387 764 2430 videbatur,
785 2386 1012 2421 administrari
1034 2385 1273 2431 rempublicam
1297 2384 1431 2418 nomine
1454 2386 1559 2427 atque
1581 2392 1646 2414 au-

173 2432 340 2474 ctoritate
361 2432 461 2467 simul
483 2433 608 2468 iunctis
629 2433 820 2479 principum
842 2433 1003 2474 duorum,
1033 2432 1176 2467 alterius
1198 2430 1317 2476 pupilli
1339 2435 1377 2464 et
1397 2429 1432 2462 in
1454 2429 1645 2474 perfectam

173 2481 326 2513 aetatem
348 2478 465 2513 debita
488 2490 571 2513 cura
595 2480 777 2521 educandi,
808 2479 949 2514 alterius
971 2490 1035 2524 per
1057 2490 1096 2512 se
1118 2476 1262 2512 valentis
1285 2487 1409 2521 resque
1432 2485 1538 2520 opera
1562 2484 1644 2507 con-

172 2523 317 2570 silioque
349 2525 498 2570 propriis
532 2525 696 2570 gerentis.
742 2535 858 2560 rursus
890 2536 964 2559 cum
997 2524 1227 2558 extendebant
1249 2522 1394 2558 animum
1418 2522 1453 2555 in
1477 2519 1644 2566 provisio-

171 2581 248 2604 nem
278 2582 394 2604 rerum
421 2572 632 2613 futurarum,
664 2572 743 2606 hinc
771 2571 907 2617 quidem
941 2571 1146 2606 occurrebat
1178 2574 1340 2615 quantum
1364 2566 1539 2613 expectari
1562 2564 1642 2599 boni

171 2619 292 2662 posset
313 2628 355 2651 ex
378 2617 518 2664 imperio
542 2618 759 2663 Palaeologi,
794 2616 839 2652 de
873 2617 969 2652 euius
991 2622 1028 2651 et
1050 2616 1221 2662 sapientia
1246 2621 1282 2650 et
1303 2615 1456 2649 bonitate
1480 2616 1516 2647 et
1538 2611 1641 2646 forti-

171 2662 292 2696 tudine
323 2663 422 2708 plene
451 2663 517 2698 sibi
549 2663 703 2710 persuasi
731 2663 958 2707 videbantur3
987 2674 1098 2708 eoque
1120 2667 1288 2696 momento
1321 2661 1411 2695 haud
1434 2658 1535 2693 dubie
1557 2668 1640 2702 pro-

170 2709 366 2753 pendebant
394 2709 430 2743 in
461 2721 535 2744 eam
567 2715 719 2756 partem,
750 2720 840 2756 quae
866 2710 929 2744 tali
963 2713 1100 2754 tamque
1123 2709 1266 2754 probato
1291 2713 1326 2742 et
1347 2710 1470 2753 parato
1492 2704 1643 2749 impera-

170 2753 261 2797 tori,
283 2759 355 2790 tam
377 2755 493 2791 fausta
515 2759 551 2791 et
573 2769 592 2790 o
619 2756 736 2790 tabilia
757 2760 826 2790 tum
849 2755 1063 2801 promittenti
1087 2758 1159 2790 tum
1181 2754 1302 2789 idoneo
1326 2759 1526 2799 praestare,
1561 2760 1639 2783 oer-

169 2804 241 2854 tam
264 2803 300 2835 et
322 2806 522 2847 perpetuam
546 2768 662 2837 collati
685 2802 751 2836 iam
772 2801 909 2836 honoris
930 2801 1179 2847 possessionem
1202 2801 1357 2846 optabat.
1400 2798 1503 2831 iidem
1525 2799 1639 2830 tamen

169 2846 230 2899 ubi
251 2846 375 2881 deinde
397 2849 605 2894 reputabant
626 2859 740 2883 secum
762 2859 864 2893 quam
886 2848 1094 2893 tranquilla,
1118 2858 1280 2889 concors,
1304 2858 1327 2881 a
1348 2842 1499 2879 dissidiis
1522 2844 1558 2876 et
1580 2842 1639 2875 fa-

169 2891 339 2928 cuom'bus
362 2904 485 2931 secura
506 2894 727 2941 seiunctaque
748 2895 795 2930 sit
816 2894 1036 2940 singularitas
1057 2893 1275 2941 imperantis,
1299 2904 1319 2927 e
1342 2892 1514 2927 contrario
1535 2898 1638 2935 quam
