1884 3262
442 223 517 266 DE
551 222 826 266 MICHAELE
859 222 1228 266 PALAEOLOGO
1264 224 1311 265 L.
1348 224 1402 266 V.
1562 223 1660 268 357

206 351 280 378 σιν.
351 333 419 376 ἐπ’
440 334 514 377 οὐκ
543 333 677 389 ὀλίγον
705 329 777 377 οὖν
806 337 881 377 τοῦ
913 338 1080 388 σεισμοῦ
1097 330 1414 389 κρατήσαντος,
1452 331 1509 384 ὥς
1527 337 1655 390 μηδὲν

205 402 320 451 ἓστός
347 403 737 458 ἐγκαταλειφθῆναι,
778 401 882 444 ἀλλὰ
911 407 992 444 πᾶν
1010 402 1057 445 τὸ
1081 401 1194 451 ε’ντός
1209 409 1447 444 καταπεσεῖν
1467 404 1533 444 καὶ
1553 403 1650 454 τοὺς
1673 410 1702 444 Β

204 467 454 524 ἀνθρώπους
479 475 815 526 συγκαταχῶσαι,
860 469 972 522 παρὰ
996 467 1128 524 μόνην
1167 469 1296 525 αὐτὴν
1326 469 1402 523 τὴν
1433 468 1652 527 ἀκρόπολιν

205 537 349 595 (ἐκείνη
369 538 445 593 γὰρ
467 541 532 579 καὶ
559 538 722 591 ἀντέσχε
743 539 811 580 καὶ
833 536 907 591 οὐχ
925 535 1100 591 ὑπήκουε
1119 541 1178 594 τῷ
1200 536 1370 596 σεισμῷ)
1384 569 1398 590 ,
1435 535 1588 595 ἡμέρας
1609 540 1654 583 δὲ

171 614 191 649 5
205 607 397 660 φανείσης
417 607 702 662 συντρέχουσιν
717 606 755 648 οἱ
775 607 963 660 περίοικοι
992 603 1078 658 ἅμα
1106 605 1325 658 μακέλλαις
1356 622 1400 647 τε
1430 608 1497 647 καὶ
1519 608 1650 649 δικέλ-

201 676 292 722 λαις
320 675 386 714 καὶ
415 676 534 716 παντὶ
565 678 621 732 τῷ
653 670 920 729 προστυχόντι
947 669 1106 731 ὀργάνῳ
1134 671 1238 728 πρὸς
1266 672 1417 728 ὄρυγὴν
1433 672 1649 728 χρώμενοι,

201 742 268 783 καὶ
297 740 593 796 προσπεσόντες
623 740 830 795 ὤρυττον,
863 741 932 781 ’ἵνα
961 744 1060 796 γοῖν
1085 740 1157 782 καί
1181 756 1261 782 τισι
1291 739 1564 794 ταλαιπώροις
1593 743 1650 784 ἔτι

202 809 320 859 ζῶσιν
339 807 591 862 ἀπαμύναιεν
607 814 681 851 τοῦ
703 806 912 860 κινδύνου,
948 808 995 850 τὸ
1014 808 1060 850 δὲ
1089 807 1210 850 πλέον
1239 805 1295 857 ὥς
1316 807 1367 850 ἂν
1384 810 1450 850 καὶ
1470 813 1647 853 πλοῦτον
1670 817 1700 851 C

201 877 461 919 παντοδαπὸν
483 875 780 933 ἕκφορήσαντες
805 882 892 924 τοῖς
917 875 1102 931 ἐρειπίοις
1130 876 1474 919 κατασπασθέντα
1497 875 1650 930 λαβόν-

149 957 191 989 10
202 960 267 993 τες
287 943 431 998 ἔχοιεν·
460 942 551 986 τότε
572 944 650 999 γὰρ
671 951 757 993 τοῖς
778 941 1008 998 πράγμασιν
1024 947 1106 986 τῶν
1127 942 1333 986 πεσόντων
1354 947 1420 985 καὶ
1441 945 1481 986 οἱ
1499 949 1650 1002 κληρο-

199 1009 316 1064 νόμοι
337 1010 654 1067 συγκατεδῦοντο
665 1043 679 1064 ‚
717 1013 783 1053 καὶ
801 1009 822 1053 ὅ
842 1008 1051 1064 λαγχάνειν
1071 1010 1146 1060 τὰς
1163 1008 1329 1065 ἐξούλης
1356 1013 1471 1061 δίκας
1489 1012 1651 1063 ἐκείνοις

202 1078 275 1120 οὐκ
293 1074 356 1132 ἦν.
426 1079 496 1134 ἐφ’
517 1078 686 1134 ἡμέραις
705 1073 777 1120 οὖν
807 1075 917 1119 ἅπαν
942 1078 988 1119 τὸ
1014 1077 1176 1133 γεγονὸς
1197 1079 1253 1126 εἷς
1272 1077 1425 1134 ἔδαφος
1441 1079 1649 1122 κατασκά-

198 1157 352 1199 ψαντες
370 1147 435 1187 καὶ
451 1150 631 1202 χρυσοῦν
652 1144 883 1200 ἀμήσαντες
901 1145 1027 1199 θέρος
1039 1144 1234 1198 Ἀλβανοί
1255 1162 1298 1188 τε
1327 1148 1395 1188 καὶ
1423 1147 1463 1188 οἱ
1495 1149 1648 1203 neffa-

198 1230 282 1265 κοι,
330 1211 386 1262 ὥς
411 1211 536 1278 ἄμαις
559 1211 759 1268 χρώμενοι
786 1219 876 1262 ταῖς
905 1213 1126 1265 δικέλλαις,
1173 1213 1288 1263 τέλος
1319 1213 1470 1268 ἔρημον
1499 1214 1643 1271 ἀφιᾶσι
1668 1221 1699 1256 Ι)

144 1292 186 1326 15
199 1280 273 1335 τήν
292 1297 389 1323 ποτε
408 1278 523 1323 πόλιν
553 1282 702 1335 ἐκείνην
711 1314 724 1334 ,
771 1281 1063 1336 γνωριζομένην
1097 1285 1275 1334 σημείοις
1301 1284 1405 1323 τισὶν
1433 1282 1646 1339 ἀμυδροῖς,

197 1350 239 1390 ἐν
259 1344 350 1391 οὖσι
383 1350 702 1403 καταλεγομένην
731 1347 779 1390 οὗ
809 1353 867 1404 τῷ
895 1346 992 1388 εἶναι
1023 1347 1128 1388 ἀλλὰ
1145 1347 1258 1405 μόνῳ
1277 1352 1336 1405 τῷ
1357 1347 1646 1401 ὀνομάζεσθαι.

198 1413 219 1457 ὃ
245 1417 269 1457 δ
278 1415 288 1430 '
322 1417 470 1469 ἐκείνης
502 1415 709 1469 ἀρχιερεὺς
730 1412 914 1467 Νικήτας
943 1412 1122 1469 εὑρεθεὶς
1149 1414 1328 1464 κάκεῖνος
1350 1420 1409 1473 τῷ
1426 1414 1541 1467 τότε,
1577 1419 1645 1460 καὶ

196 1484 424 1539 φυλαχθεὶς
441 1483 514 1536 μὲν
530 1482 631 1526 ,ἀλλ’
661 1483 702 1525 ἐν
727 1486 892 1531 πολλοῖς
926 1486 1008 1524 τῶν
1025 1485 1158 1535 μελῶν
1189 1482 1240 1524 τὰ
1260 1481 1447 1537 σύμβολα
1469 1489 1543 1526 τοῦ
1559 1502 1643 1527 κιν-

197 1648 380 1680 extremum
403 1657 515 1680 rerum
538 1645 753 1680 humanarum
779 1644 816 1680 'et
837 1646 972 1680 fataiem
995 1646 1078 1680 coeli
1101 1657 1142 1680 ac
1163 1650 1277 1681 terrae
1299 1646 1518 1682 destructioni
1541 1648 1640 1682 diem.

195 1692 259 1725 hac
282 1692 442 1726 violentia
465 1702 527 1736 per
549 1691 695 1736 spatium
717 1692 878 1736 temporis
901 1704 966 1726 non
989 1692 1142 1736 exiguum
1168 1697 1342 1735 grassatus
1364 1693 1398 1726 in
1422 1694 1506 1727 urbe
1528 1698 1641 1728 terrae

194 1741 303 1772 motus
326 1737 407 1771 nihii
427 1737 478 1771 ibi
499 1736 565 1770 iam
588 1737 622 1770 in
646 1737 735 1782 qnod
765 1742 926 1782 pergeret
958 1737 1093 1771 saevire
1123 1737 1288 1783 reliquum
1322 1739 1469 1772 fecerat:
1501 1744 1641 1784 praeter

194 1793 328 1824 arcem,
351 1793 439 1827 quae
461 1793 526 1815 una
550 1781 667 1816 illaesa
690 1783 808 1826 stetit,
842 1782 951 1817 omnia
974 1782 1129 1817 aedificia
1159 1783 1308 1828 collapsa
1330 1794 1443 1817 omnes
1463 1783 1497 1818 in
1520 1784 1561 1818 iis
1584 1795 1640 1818 re-

194 1831 310 1873 pertos
333 1827 478 1861 homines
508 1828 672 1861 communi
702 1828 856 1873 sepulcro
883 1828 1141 1862 tumulaverant.
1188 1840 1260 1862 eam
1288 1829 1453 1872 tragicam
1483 1830 1541 1863 nbi
1569 1829 1639 1864 lato

194 1873 343 1907 ostendit
363 1873 468 1907 oculis·
489 1873 632 1917 speciem
663 1880 756 1907 ortus
779 1873 866 1916 diei,
897 1885 985 1918 quae
1007 1879 1077 1907 tam
1099 1873 1207 1907 diram
1230 1874 1535 1919 excepitnoctem,
1557 1886 1639 1910 con-

194 1922 372 1952 currerunt
405 1930 448 1952 ex
478 1918 569 1963 agris
598 1918 744 1963 undique
772 1930 871 1965 quam
899 1919 1042 1953 maximo
1073 1930 1229 1962 numero,
1259 1920 1398 1965 sumptis
1429 1920 1462 1954 in
1485 1921 1638 1955 manibus

193 1963 362 2008 ligonibus
394 1969 430 1998 et
459 1964 581 1998 marris
611 1965 766 2010 omnique
794 1971 910 1999 terrae
940 1965 1125 1999 movendae
1159 1970 1240 2011 apto
1273 1966 1514 2007 instrumento,
1546 1966 1637 2012 quod

194 2009 316 2054 cuique
347 2009 382 2043 in
411 2021 541 2043 manum
571 2010 750 2055 quaerenti
779 2015 931 2045 venerat.
976 2022 1050 2044 cum
1082 2010 1135 2044 his
1167 2021 1324 2045 acervum
1348 2011 1439 2045 illum
1461 2011 1637 2046 immanem

193 2055 387 2096 ruinarum,
417 2055 476 2100 qui
504 2054 610 2100 pridie
643 2057 724 2090 urbs
754 2056 887 2100 suerat,
920 2056 1067 2101 undique
1102 2056 1255 2100 aggressi
1287 2056 1403 2090 fodore
1438 2061 1635 2101 coeperunt,

192 2100 264 2134 sive
286 2105 428 2145 urgente
451 2102 616 2143 caritate,
640 2101 669 2134 si
691 2113 788 2147 quem
817 2102 908 2135 forte
929 2102 1086 2136 miserum
1109 2103 1219 2136 adhuc
1240 2101 1421 2147 spirantem
1445 2101 1534 2135 inter
1556 2106 1636 2136 ruta

192 2150 227 2180 et
256 2157 357 2179 caesa
385 2146 569 2180 dirutarum
601 2146 731 2181 aedium
762 2146 931 2182 vindicare
958 2148 1001 2181 ab
1031 2147 1169 2182 interitu
1210 2152 1366 2192 possent,
1406 2146 1504 2188 sive,
1547 2157 1639 2192 quae

192 2190 335 2225 maxima
357 2202 437 2235 pars
459 2196 551 2231 erat,
585 2192 741 2226 instinctu
776 2204 902 2234 avarae
933 2193 1148 2238 cupiditatis,
1185 2200 1224 2226 ut
1253 2196 1305 2226 tot
1334 2191 1470 2225 divitias
1489 2190 1538 2225 ibi
1560 2203 1635 2227 cum

192 2236 441 2282 possessoribus
459 2238 608 2282 sepultas
630 2248 692 2271 nec
715 2238 815 2272 aiium
837 2238 901 2272 ism
923 2238 1086 2272 habentes
1119 2237 1299 2282 legitimum
1323 2237 1499 2280 heredem,
1528 2237 1635 2271 domi-

192 2281 243 2315 nis
266 2292 339 2314 cum
372 2282 487 2315 soboie
518 2287 555 2315 et
589 2283 786 2326 cognatione
813 2284 973 2318 universa
1003 2283 1132 2329 pariter
1162 2283 1454 2325 occumbentibus,
1486 2282 1520 2316 in
1553 2293 1637 2317 suos

191 2327 257 2372 ipsi
279 2337 360 2360 usus
383 2327 572 2367 auferrent,
602 2328 711 2362 securi
740 2329 919 2363 forensium
942 2329 1103 2363 tricarum
1125 2340 1189 2362 nec
1210 2331 1397 2362 metuentes
1417 2327 1633 2362 interdictum

190 2373 281 2406 unde
302 2371 349 2406 vi.
394 2372 449 2405 hic
469 2372 595 2417 aliquot
626 2373 753 2408 dierum
783 2374 878 2408 labor
899 2374 985 2416 suit,
1016 2385 1082 2419 quo
1115 2374 1174 2408 illa
1194 2374 1360 2408 versando
1382 2373 1632 2418 scrutandoque

192 2418 329 2452 evoluta
353 2417 528 2462 congeries
551 2421 586 2451 et
607 2417 643 2452 in
674 2430 772 2453 unam
794 2426 964 2464 utcunque
985 2423 1161 2464 aequatam
1185 2419 1395 2465 complanata
1418 2419 1631 2464 superficiem

190 2467 254 2498 est.
300 2473 342 2497 ex
365 2474 406 2497 eo
440 2463 534 2497 muiti
567 2475 681 2508 campo
712 2475 880 2498 messuere
909 2470 1057 2508 segetem
1092 2475 1249 2508 auream,
1278 2464 1445 2510 ligonibus
1477 2462 1531 2499 usi
1553 2464 1628 2498 vico

157 2544 167 2551 ,
188 2508 324 2542 falcium
340 2533 351 2551 ,
381 2509 559 2543 Albanitae
593 2509 784 2554 caeterique
803 2510 923 2544 circum
947 2510 1159 2551 habitantes,
1183 2510 1380 2556 demumque
1401 2521 1473 2544 cum
1497 2509 1627 2554 praeda

188 2554 388 2588 recedentes
409 2555 507 2599 piane
529 2554 697 2588 desertam
717 2555 925 2599 reliquerunt
943 2556 1034 2590 iiiam
1056 2555 1132 2589 oiim
1154 2557 1292 2599 urbem,
1321 2555 1379 2590 ubi
1396 2555 1500 2589 suerit
1522 2554 1630 2599 signis

190 2610 278 2633 nunc
308 2604 438 2633 tantum
469 2599 611 2634 exilibus
642 2603 898 2643 monstrantem,
930 2601 967 2634 in
997 2600 1139 2635 urbibus
1168 2606 1373 2635 numeratam
1395 2601 1478 2634 dicis
1497 2604 1629 2634 tantum

189 2655 314 2686 causa,
337 2650 373 2679 et
394 2646 525 2679 nomine
548 2650 668 2687 tenus,
692 2657 765 2679 cum
788 2646 885 2680 modo
906 2647 987 2680 urbs
1010 2657 1075 2680 non
1097 2648 1153 2682 sit.
1199 2651 1238 2681 at
1258 2647 1332 2681 eius
1360 2646 1501 2680 antistes
1523 2645 1630 2679 Nice-

189 2693 244 2723 tas
265 2701 350 2724 unus
372 2697 579 2736 repertorum
600 2691 689 2725 inter
710 2691 842 2731 ruinas,
865 2695 900 2725 et
921 2697 1081 2726 servatus
1100 2697 1272 2738 superstes
1292 2692 1350 2726 iile
1373 2691 1525 2736 quidem,
1549 2700 1629 2723 cae-

188 2739 297 2769 terum
325 2735 359 2770 in
390 2735 504 2770 multis
541 2736 755 2771 cicatricibus
788 2735 928 2782 reliquis
968 2748 1011 2771 ex
1047 2738 1156 2783 plagis
1191 2748 1277 2783 quus
1313 2737 1436 2782 iiiapsu
1472 2745 1629 2769 saxorum

189 2781 424 2828 tignorumque
453 2787 655 2827 acceperat,
689 2783 859 2816 luculenta
889 2782 1033 2827 vestigia
1055 2783 1254 2818 mirabiliter
1274 2782 1376 2817 vitati
1402 2780 1541 2827 periculi
1562 2780 1631 2813 cir-
1660 2790 1664 2793 “

189 2827 396 2872 cumferens‚
427 2828 585 2862 memoria
615 2829 690 2874 ipsa
723 2827 848 2870 cladis,
887 2839 986 2874 quam
1015 2827 1151 2864 viderat
1180 2832 1216 2867 et
1245 2833 1400 2863 senserat
1430 2825 1631 2861 atrociorem
