1884 3262
447 201 522 243 DE
549 198 825 244 MIGHAELE
854 189 1227 239 PALAEOLOGO
1262 194 1308 236 L.
1343 193 1403 235 V.
1557 191 1653 235 353

209 331 284 371 γαν
301 312 581 364 καθίσταντο,
616 311 674 366 μὴ
706 312 773 354 καὶ
803 311 1051 364 νεωτερισθῇ
1072 325 1114 350 τι
1141 307 1259 363 σφίσι
1286 309 1370 349 τῶν
1400 302 1653 359 ἀνηκέστων·

209 382 306 431 τοὺς
330 381 408 437 γὰρ
428 379 536 424 οὕτω
552 382 618 422 καὶ
636 386 720 428 τοῖς
737 380 854 427 ι’δίοις
874 379 942 420 καὶ
971 380 1128 431 μᾶλλον
1163 382 1250 424 τοῖς
1276 370 1452 423 ἐνδόξοις
1476 373 1548 414 ,καὶ
1582 372 1659 428 ἆρ-

206 466 352 504 χουσιν
380 447 665 505 ἐνεδρεύοντας
698 451 824 502 σχολῇ
862 449 960 502 γοῦν
999 444 1258 498 ἀποσχέσθαι
1279 446 1382 485 -τῶν
1418 439 1656 496 ἀλλοτρίων.

209 517 358 570 ἤκουον
388 517 433 559 δὲ
467 519 534 559 καὶ
565 515 677 573 παρὰ
708 518 749 558 Γ
745 515 911 570 εωργίου
944 512 996 555 τὰ
1021 513 1095 566 μὲν
1126 513 1181 561 εἷς
1205 511 1420 566 πρεσβείαν
1449 507 1582 566 πάντῃ
1601 513 1661 566 τῷ

174 589 349 643 -5σκοπῷ
376 589 458 628 τῶν
490 585 691 638 βασιλέων
721 579 867 641 ἀπῳδά
895 598 939 623 τε
966 582 1031 622 καὶ
1058 579 1191 630 ἄλλως
1221 575 1385 633 σαθρά·
1422 577 1562 620 ἓιιεΐνοι
1578 577 1657 634 γὰρ
1679 582 1713 618 Ε

209 655 277 696 καὶ
298 651 352 703 ὥς
369 652 543 709 ἄρξοντα
562 652 667 706 μετὰ
696 651 768 693 τὸν
797 649 954 704 πατέρα
979 650 1034 699 εἷς
1067 650 1190 702 κῆδος
1218 648 1428 701 προσίεντο
1458 645 1528 687 τὸν
1555 644 1660 698 υἱόν,

196 726 283 765 ,τοῦ
305 721 504 777 προτέρου
536 725 618 763 τῶν
650 720 806 762 παίδων
833 715 1045 773 Στεφάνου
1074 717 1122 758 τὸ
1157 715 1299 764 σκέλος
1327 711 1570 769 κατεαγότος
1597 716 1666 756 καὶ

209 792 301 844 βίον
326 791 476 841 ζῶντος
505 786 771 844 ἀπράγμονα·
808 783 829 828 ὅ
859 786 904 828 δὲ
929 784 1025 827 ἄλλ’
1047 783 1152 827 ἄττα
1172 781 1305 841 κύκλῳ
1324 779 1665 837 περιβαλλόμενος

211 858 264 900 τὰ
284 855 572 912 ὡμολογημένα
594 852 874 909 ἐπηλυγάζετο.
943 853 995 896 τὰ
1029 851 1071 894 δ’
1106 854 1161 901 εἰς
1191 851 1264 906 τὴν
1295 849 1392 894 ὁδὸν
1421 851 1595 906 δυσχερῆ
1620 867 1664 892 τε

157 937 202 971 10
211 925 345 975 ἄλλως
355 957 369 977 ,
402 926 467 967 καὶ
484 922 539 974 ὥς
557 917 679 972 aizo:
700 924 851 966 ἐδείκνυ
871 921 1101 974 ζημιωθείς.
1166 915 1272 974 ἦσαν
1292 918 1337 961 δ’
1361 917 1440 960 ἀνὰ
1457 918 1582 974 μέρος
1597 920 1664 960 καὶ

212 993 352 1048 οἱπερὶ
370 992 442 1035 τὸν
458 989 753 1048 χαρτοφύλακα
786 989 857 1043 (αἱ
886 989 964 1043 γὰρ
993 993 1064 1042 τῆς
1086 989 1299 1041 δεσποίνης
1318 988 1578 1042 παραγγελίαι
1598 988 1667 1028 καὶ

214 1059 397 1112 ἀξιώσεις
414 1062 538 1102 δειναὶ
561 1061 616 1108 εἷς
648 1058 695 1100 τὸ
724 1063 850 1099 ποιεῖν
878 1057 1034 1098 ἐκείνων
1062 1048 1309 1111 φροντίζειν,
1346 1053 1478 1103 οὕτως
1503 1052 1663 1107 ἰδόντα)

211 1130 448 1177 ἐπικλῶντες
465 1127 540 1177 τὰς
556 1126 793 1183 προθυμίας
809 1128 866 1183 τῷ
886 1121 1118 1181 πατριάρχῃ
1136 1125 1203 1167 καὶ
1235 1129 1320 1173 τοῖς
1339 1121 1534 1179 ἄρχουσιν
1542 1154 1557 1174 ,
1592 1122 1661 1179 ἐφ’
1687 1130 1715 1164 Ρ
1739 1131 1802 1164 241

301 1236 335 1271 6.
355 1235 553 1280 nocolone
576 1233 615 1268 P.

211 1328 432 1369 horruerant,
469 1326 519 1360 ita
541 1324 623 1359 facti
647 1326 789 1368 accepta
812 1321 1066 1356 confirmatione
1088 1320 1298 1355 moestissimi
1321 1323 1500 1355 senserunt
1522 1333 1589 1366 quo
1616 1322 1667 1357 le-

196 1371 325 1407 *corum
347 1374 576 1415 malorumque
610 1370 841 1403 devenissent:
878 1366 959 1411 quid
990 1366 1076 1400 enim
1107 1377 1173 1399 non
1206 1366 1279 1399 iure
1303 1370 1493 1399 metuerent
1514 1366 1547 1399 in
1571 1371 1666 1402 tanta

210 1417 392 1453 barbariae
414 1416 578 1450 licentia?
600 1419 659 1447 aut
681 1414 846 1459 quomodo
868 1403 1045 1457 sperare-ni
1068 1410 1258 1456 parcituros
1281 1412 1407 1445 exteris
1430 1423 1472 1445 ac
1495 1415 1667 1457 tempera-

211 1468 304 1497 turos
342 1462 458 1496 avidas
490 1471 606 1495 manus
636 1471 657 1493 a
690 1471 776 1504 gaza
812 1458 992 1503 peregrina
1023 1468 1082 1490 eos
1104 1457 1162 1502 qui
1187 1468 1228 1490 ne
1248 1468 1267 1489 a
1291 1457 1508 1501 popularibus
1531 1458 1667 1503 quidem

211 1508 304 1549 suis,
326 1507 510 1551 iisdemque
532 1504 651 1539 illustri
688 1505 886 1548 magistratu
919 1502 1106 1547 conspicuis
1119 1527 1130 1542 ‚
1164 1502 1372 1535 abstinerent
1393 1502 1532 1537 iniurias
1554 1507 1669 1537 extre-

199 1554 310 1588 mas?
333 1559 503 1586 caeteruin
526 1551 571 1586 de
596 1551 731 1592 negotio
754 1551 828 1594 ipso
854 1561 894 1582 ac
915 1549 1052 1583 foedere
1076 1547 1264 1592 principum
1288 1548 1427 1581 duorum
1462 1554 1531 1582 tam
1554 1549 1670 1584 incon-

210 1603 392 1644 sequenter
422 1603 526 1642 atque
561 1596 716 1640 ambigue
756 1595 927 1638 Georgius
962 1594 1026 1627 iste
1051 1593 1180 1626 locutus
1205 1598 1280 1633 est,
1315 1598 1354 1626 ut
1376 1604 1469 1637 spem
1494 1605 1670 1629 successus

209 1655 339 1678 omnem
363 1642 586 1688 prudentibus
607 1645 791 1675 excuteret.
838 1641 978 1685 primum
1003 1639 1145 1673 omnium
1177 1638 1419 1683 deprehensum
1444 1644 1498 1672 est
1521 1651 1669 1674 errorem

209 1690 405 1734 imperatori
436 1689 585 1722 oblatum
614 1687 647 1720 in
679 1698 717 1720 re
748 1686 824 1730 ipsa
862 1697 902 1719 ac
934 1684 1127 1718 substantia
1151 1683 1302 1725 negotii,
1326 1683 1404 1717 dum
1427 1684 1456 1718 is
1480 1685 1583 1718 filiam
1608 1686 1671 1720 de-

212 1736 378 1779 spondere
401 1745 439 1767 se
461 1745 555 1767 suam
578 1732 721 1766 credidit
743 1730 857 1765 minori
881 1730 1015 1775 quidem
1039 1730 1108 1763 fiaio
1132 1729 1252 1770 cralis,
1276 1740 1392 1762 verum
1416 1738 1558 1775 propter
1580 1742 1671 1766 mor-

209 1781 287 1814 bum
310 1778 526 1813 incurabilem
550 1778 683 1811 maioris
704 1777 820 1811 heredi
844 1775 934 1810 haud
968 1776 1069 1809 dubio
1095 1778 1130 1808 et
1160 1774 1349 1809 successori
1373 1775 1550 1820 designato
1573 1776 1672 1820 regni

208 1825 364 1860 Serbiae.
407 1835 496 1859 nunc
519 1830 632 1858 autem
653 1823 906 1866 intelligebatur
930 1832 972 1855 ex
997 1820 1138 1865 Georgii
1160 1820 1368 1855 sermonibus
1390 1832 1478 1855 vana
1502 1821 1562 1856 illa
1584 1823 1670 1857 fuis-

208 1882 267 1913 se,
291 1882 380 1924 quae
402 1869 528 1904 iactata
552 1870 686 1903 fuerant
709 1870 751 1902 de
775 1870 884 1902 fracto
916 1879 1015 1901 crure
1038 1878 1079 1900 ac
1103 1866 1286 1911 desperata
1319 1866 1512 1901 valetudine
1543 1867 1671 1912 primo-

208 1917 340 1962 geniti,
361 1915 420 1961 qui
442 1915 544 1949 filiam
566 1915 657 1959 regis
680 1914 870 1948 Pannoniae
893 1913 928 1946 in
952 1912 1162 1947 matrimonio
1187 1912 1345 1946 habebat.
1393 1913 1435 1946 de
1454 1912 1599 1947 caeteris
1625 1913 1669 1948 ad

209 1974 280 1997 rem
313 1973 401 2007 quae
431 1961 596 2006 agebatur
627 1960 881 2006 spectantibus,
916 1959 1004 1992 idem
1039 1959 1171 2001 legatus
1202 1969 1268 1992 non
1290 1950 1400 1992 iiiiuus
1433 1957 1610 2003 inopinate
1633 1965 1670 1993 et

210 2008 368 2052 ambigua
393 2007 548 2046 ferebat,
583 2005 650 2040 alia
672 2007 859 2051 quaedam,
888 2015 1028 2049 quorum
1053 2003 1145 2038 nulla.
1166 2009 1243 2038 erat
1265 2014 1411 2048 uuquam
1435 2005 1551 2040 auditu
1575 2004 1668 2049 prius

211 2054 358 2094 mentio,
375 2063 602 2098 proponens,
634 2051 861 2095 circuitusque
892 2051 987 2084 vafre
1019 2056 1184 2094 captans,
1217 2061 1325 2094 eaque
1359 2049 1401 2083 de
1424 2050 1547 2094 quibus
1572 2057 1667 2084 certo

213 2103 417 2133 convenerat
439 2103 551 2132 astuto
574 2097 747 2131 involvens
769 2095 916 2131 silentio.
962 2107 1050 2140 quae
1072 2094 1182 2129 omnia
1204 2094 1402 2129 mirantibus
1426 2095 1548 2128 nostris
1571 2095 1669 2129 simul

213 2144 436 2178 occurrebant
460 2143 610 2197 pericula
631 2143 775 2177 infestae
798 2141 984 2176 latrociniis
1009 2140 1107 2182 viae,
1139 2151 1227 2185 quae
1251 2152 1350 2185 quam
1373 2151 1438 2174 non
1460 2140 1534 2174 sine
1566 2152 1670 2175 causa

213 2190 433 2231 timerentur,
463 2200 538 2234 ipse
570 2189 702 2233 legatus
731 2199 792 2222 sua
815 2188 887 2222 eius
910 2186 1044 2232 generis
1074 2196 1192 2220 recens
1214 2191 1358 2230 accepta
1379 2185 1500 2220 damna
1524 2197 1670 2221 comme·

213 2245 347 2269 morans
370 2235 500 2278 plenam
522 2234 672 2268 faciebat
693 2234 805 2268 fidem.
852 2238 981 2279 partem
1004 2231 1104 2266 etiam
1136 2231 1312 2270 momenti,
1346 2242 1409 2264 nec
1442 2242 1517 2265 eam
1550 2230 1670 2274 levem,

215 2281 259 2315 ad
282 2290 406 2314 novum
429 2279 666 2314 inclinantibus
689 2278 860 2314 consilium
884 2279 1064 2318 addebant,
1089 2288 1176 2322 quae
1197 2275 1440 2320 chartophylax
1455 2287 1568 2312 coram
1588 2288 1670 2322 per-

213 2331 334 2370 specta
355 2324 520 2358 retulerat
542 2325 586 2358 de
608 2325 762 2359 sordibus
784 2330 820 2358 et
842 2324 975 2358 miseria
998 2322 1183 2357 domestica
1206 2322 1296 2365 regis
1317 2321 1480 2365 Serbiae,
1514 2334 1671 2368 quaeque

213 2371 301 2405 idem
326 2369 392 2404 sibi
414 2370 513 2404 enixe
535 2371 767 2405 commendata
789 2370 926 2404 dicebat
941 2370 984 2403 ab
1009 2370 1162 2412 Augusta
1185 2366 1228 2400 de
1251 2367 1483 2412 prospiciendo
1508 2367 1670 2412 dignitati

215 2428 258 2452 ιο
281 2415 462 2450 commodis
484 2415 597 2458 filiae,
617 2427 740 2460 quam,
763 2415 812 2449 uti
835 2427 874 2450 se
896 2426 950 2449 res
973 2415 1143 2448 habebant
1159 2438 1170 2456 ,
1193 2412 1404 2448 manifestum
1423 2418 1514 2456 erat,
1537 2414 1567 2449 si
1588 2425 1672 2459 per-

216 2462 399 2496 duceretur
430 2472 497 2506 quo
519 2460 758 2503 intenderant,
791 2473 857 2495 nou
879 2461 916 2495 in
937 2470 1075 2504 regnum
1098 2463 1158 2493 aut
1186 2457 1282 2503 regni
1303 2469 1396 2512 spem
1419 2459 1538 2494 sedin
1560 2460 1669 2494 servi-

215 2512 323 2542 tutem
346 2505 527 2541 transcribi
555 2506 792 2540 tristissimam.
838 2506 923 2540 haec
956 2503 1171 2550 patriarchae
1204 2515 1245 2538 ac
1273 2503 1412 2558 reliquis
1441 2505 1477 2540 in
1500 2516 1541 2540 eo
1564 2505 1670 2540 eomi-

217 2557 293 2587 tatu
315 2552 501 2598 praecipua
524 2552 688 2596 dignitate
712 2551 899 2597 conspicuis
928 2562 1056 2585 omnem
1089 2549 1319 2594 infringebant
1347 2556 1505 2596 impetum
1528 2549 1671 2585 ulterius

218 2598 406 2644 pergendi,
444 2597 562 2642 utique
593 2598 830 2643 reputantibus
866 2596 991 2631 nullum
1022 2602 1212 2640 coeptorum
1243 2597 1447 2631 commodum
1469 2599 1530 2631 aut
1551 2596 1671 2630 saltem

219 2644 425 2678 tolerabilem
447 2643 572 2677 exitum
585 2670 596 2688 ,
618 2643 742 2678 nullum
765 2643 885 2687 longae
907 2653 949 2676 ac
978 2641 1166 2676 laboriosae
1187 2641 1264 2676 viae
1290 2643 1436 2676 fructum
1466 2641 1670 2687 sperandum

219 2701 399 2735 apparere.
444 2700 488 2723 ne
510 2689 620 2734 pactis
642 2689 775 2734 quidem
797 2688 903 2722 videri
940 2689 1157 2722 constitutam
1179 2687 1303 2731 fidem,
1333 2687 1364 2723 si
1385 2689 1500 2722 futura
1523 2699 1543 2721 e
1566 2698 1670 2731 prae-

219 2735 372 2770 sentibus
397 2735 666 2771 aestimarentur.
711 2734 791 2780 quid
813 2734 915 2778 igitur
938 2733 1100 2768 attineret
1119 2733 1155 2767 in
1176 2733 1366 2778 ambiguum
1384 2738 1420 2767 et
1441 2732 1585 2778 obliquis
1608 2743 1670 2767 an-

221 2779 388 2814 fractibus
410 2781 582 2815 confusum
603 2779 771 2826 negotium
795 2780 888 2814 velut
918 2778 952 2814 in
983 2790 1119 2814 caecum
1151 2779 1413 2826 perplexamque
1444 2778 1668 2822 labyrinthum

220 2836 298 2861 sese
319 2825 420 2869 altius
442 2830 479 2861 et
498 2826 750 2861 irrevocabilius
769 2825 978 2871 immergere,
1000 2828 1037 2860 et
1056 2836 1124 2861 non
1143 2824 1267 2872 potius,
1279 2825 1493 2870 deprehensa.
1512 2825 1569 2858 vel
1590 2834 1680 2858 sero.

277 2877 452 2923 Georgius
481 2878 704 2923 pachymeres
734 2879 764 2914 Ι.
1338 2875 1392 2915 23
1539 2878 1543 2881 ’
