1846 3262
206 203 301 250 126
621 199 858 244 GEORGII
890 200 1242 248 PACHYMERIS

201 315 345 369 δύσιν,
384 314 478 370 ι’ἱχρι
511 315 577 356 καὶ
597 312 863 371 Ὀρεστιάδος
893 315 961 357 καὶ
989 314 1036 357 τὸ
1073 315 1252 358 ἐπέκεινα
1275 312 1676 374 προφθασάσηςτῆς

202 385 404 442 βασιλέως
426 381 567 441 φήμης
591 385 658 425 καὶ
677 382 1031 438 καταστελλοῦσης
1051 384 1097 426 τὸ
1121 384 1341 438 ἀνορμοῦν.

147 460 181 496 Ε
343 454 421 497 22.
492 450 832 506 Καταλαβόντων
865 453 910 495 δὲ
939 452 1014 494 σῦν
1048 457 1187 511 πολλῷ
1214 451 1324 507 τάχει
1353 453 1400 497 τὸ
1422 449 1672 508 ’Νύμφαιοη

204 522 225 566 ὅ
251 519 559 578 πατριαρχεύων
594 521 728 564 συνὼν
760 525 819 579 τῷ
849 525 1089 575 κρατοῦντι,
1129 523 1210 564 ε’πεὶ
1237 520 1256 564 ὃ
1287 519 1590 576 Θεσσαλονίκης
1609 523 1677 563 καὶ

206 590 227 635 ὃ
258 595 340 634 τῶν
370 588 566 645 Σάρδεων
596 596 683 640 τοῖς
718 588 933 642 δοξάζουσι
962 594 1101 647 σφίσιν
1138 590 1407 644 ἀμεταθέτως
1440 590 1711 644 ἓμμένοντεςό

208 659 393 703 ἐκποδών
425 655 531 713 ἦσαν
573 659 854 714 ἕξωρισμένοι,
901 659 1177 719 ἀντικαθιστᾷ
1208 657 1364 702 τούτων
1396 658 1557 714 ἑτέρους
1591 665 1681 708 ταῖς

210 729 439 784 ἐκκλησίαις
455 761 467 781 ,
514 729 579 770 καὶ
618 728 689 770 τὸν
717 728 791 782 μὲν
819 726 1022 783 Κυδώνην
1040 728 1286 771 Ἰωαννίκιον
1307 733 1381 782 τῆς
1400 731 1482 771 τῶν
1505 725 1680 770 Σωσάν-

91 809 120 844 Ρ
144 808 189 843 82
213 800 322 855 δρων
342 801 470 852 μονῆς
492 795 716 853 ἐξάρχοντα
741 799 1064 853 Θεσσαλονίκης,
1103 797 1174 840 τὸν
1203 798 1252 840 δέ
1265 815 1307 853 γε
1330 793 1681 848 ΧαλαζᾶνἾάκω-

210 873 288 923 βον
307 868 350 909 ἐκ
370 865 524 916 δύσεως
543 864 898 922 προσχωρήσαντα
917 871 974 924 τῷ
995 871 1211 922 κρατοῦντι
1229 865 1423 922 Σάρδεων
1442 865 1684 908 ἀποδείκνυ-

212 954 290 980 σιν.
364 934 440 990 εἶχε
464 936 508 978 δὲ
530 936 595 977 καὶ
622 937 676 984 εἷς
695 939 841 990 ψῆφον
865 933 1055 990 Σμύρνης
1077 936 1146 978 τὸν
1162 934 1327 987 Ἰσαάκ,
1364 934 1496 990 ἄνδρα
1521 935 1586 976 καὶ
1605 932 1682 976 αὖ·
1695 942 1739 977 10

213 1005 285 1049 τὸν
312 1002 511 1061 γεραρόν,
548 1005 590 1045 ἐκ
620 1008 693 1058 τῆς
725 1003 829 1046 κατὰ
858 1003 932 1059 τὴν
962 1002 1078 1046 δύσιν
1109 1008 1183 1047 τοῦ
1216 1002 1525 1060 Ξηροποτάμου
1552 1006 1683 1057 μονῆς

216 1072 466 1130 ὁρμώμενον.
539 1071 636 1115 ἀλλ’
675 1074 715 1115 ἔν
747 1070 935 1131 τοσούτῳ
966 1077 1040 1127 τῆς
1074 1074 1223 1115 ἐκείνου
1254 1074 1507 1128 χειροτονίας
1531 1069 1685 1127 φθάνει

215 1143 350 1186 πεσὼν
371 1145 425 1192 εἲς
449 1139 571 1184 νόσον
594 1139 615 1184 ὅ
638 1139 892 1197 πατριάρχης
907 1139 924 1194 ,“
958 1143 1025 1183 καὶ
1050 1149 1302 1198 προτροπαΐς
1327 1144 1448 1192 ἰδίαις
1467 1140 1492 1196 ’ἢ
1515 1139 1598 1195 μὴν
1618 1141 1686 1182 καὶ

216 1216 292 1256 τοῦ
320 1213 663 1267 ἔξυπηρετοῦντος
691 1210 803 1268 αὐτῷ
832 1212 918 1264 (καὶ
951 1215 1072 1253 τοῦτο
1107 1211 1184 1266 γὰρ
1214 1211 1389 1266 λέγεται·
1436 1211 1582 1259 ἐκεῖνος
1607 1209 1685 1265 γὰρ

165 1280 195 1315 Β
221 1277 462 1337 ἠναισθήτει
482 1279 532 1322 τὰ
554 1281 723 1322 λοίσθια
741 1278 890 1333 πνίων)
922 1276 942 1321 ὅ
969 1280 1012 1321 ἐκ
1039 1281 1342 1334 Θεσσαλονίκης
1361 1277 1547 1335 Νικήτας
1567 1279 1688 1334 Δυρ-
1700 1286 1743 1322 15
1788 1318 1789 1321 ,

218 1350 361 1407 ραχίου
379 1354 681 1405 χειροτονεῖται.
750 1346 845 1389 ἀλλ’
871 1345 896 1402 ἦ
921 1349 1039 1403 κυρία
1061 1346 1152 1390 τότε
1171 1352 1244 1390 τοῦ
1262 1346 1452 1390 θανάτου
1474 1348 1690 1403 ἐφίσταται

218 1423 278 1477 τῷ
312 1414 676 1474 πατριαρχεύοντι,
725 1417 792 1458 καὶ
824 1414 844 1458 ὅ
876 1416 918 1458 ἐκ
947 1420 1022 1470 τῆς
1053 1421 1126 1459 τοῦ
1159 1416 1352 1466 Πέλοπος
1383 1417 1426 1458 ἐκ
1451 1416 1691 1473 Πριγκίπων

218 1486 398 1542 μοναχὸς
433 1484 677 1538 Θεοδόσιος,
727 1484 830 1542 ἀνὴρ
868 1484 1046 1539 εὐλαβὴς
1079 1486 1145 1528 καὶ
1186 1487 1250 1527 ἐπὶ
1291 1486 1494 1534 πλείστοις
1528 1481 1693 1541 χρόνοις

223 1554 433 1611 ἀσκήσας,
473 1553 530 1596 ἔτι
567 1546 611 1597 δὲ
640 1555 707 1596 καὶ
737 1553 812 1608 τὴν
842 1555 1061 1596 συνουσίαν
1084 1552 1184 1608 ἡδὺς
1213 1555 1278 1596 καὶ
1293 1555 1448 1611 χαρίεις
1470 1555 1537 1595 καὶ
1560 1554 1692 1595 ποικί-

174 1627 205 1661 0
228 1629 299 1675 λος
321 1624 394 1680 τὴν
415 1622 574 1678 ὁμιλίαν
587 1656 601 1676 ,
636 1621 692 1672 ὥς
713 1620 841 1677 μόνον
862 1624 1009 1664 ἐκεῖνον
1033 1622 1175 1665 ῗὸὸντα
1204 1620 1318 1674 τινά,
1358 1621 1432 1665 κᾶν
1451 1621 1503 1664 τὰ
1522 1621 1692 1678 μέγιστα
1702 1632 1749 1668 20

226 1698 421 1745 λυποῖτο,
457 1696 591 1747 χαρᾶς
626 1691 810 1746 ἔμπλεων
837 1689 1133 1752 ἀπαλλάττειν,
1173 1693 1240 1733 καὶ
1271 1689 1326 1741 ὥς
1345 1687 1388 1734 εὖ
1412 1690 1513 1744 ἔχων
1532 1695 1607 1734 τοῦ
1628 1690 1696 1746 γέ-

226 1779 325 1813 νους
351 1767 468 1811 θεῖος
493 1765 567 1803 τοῦ
601 1764 850 1817 κρατοῦντος
884 1758 1202 1814 ὀνομαζόμενος,
1248 1760 1321 1815 τὴν
1354 1761 1590 1814 οἲκονομίαν
1619 1762 1695 1802 τοῦ

231 1830 329 1875 ὅσον
342 1829 456 1874 οὔπω
470 1829 771 1886 τεθνηξομένου
790 1828 904 1887 παρὰ
915 1833 990 1872 τοῦ
1011 1828 1186 1879 ἄνακτος
1199 1829 1467 1886 ἐπιτρέπεται,
1490 1829 1637 1871 ἐπείτοι
1653 1845 1695 1884 γε.

233 1974 333 2021 quasi
355 1973 573 2009 adventantis
609 1971 822 2019 imperatoris
851 1972 943 2006 fama
974 1972 1114 2006 multum
1145 1971 1255 2007 valuit
1285 1971 1330 2006 ad
1353 1970 1620 2017 comprimendos
1641 1970 1713 2005 in-.

235 2021 371 2068 quietos
392 2026 502 2054 motus
523 2020 654 2054 illarum
677 2019 836 2064 gentium.

329 2068 386 2102 22.
422 2066 507 2100 Cum
523 2071 635 2100 autem
649 2077 769 2109 magna
784 2064 959 2099 celeritate
972 2063 1208 2110 Nymphaeum
1222 2064 1469 2109 pervenissent,
1478 2063 1701 2109 'patriarcha,

239 2113 298 2158 qui
320 2124 394 2147 cum
417 2112 621 2157 imperatore
644 2112 742 2146 simul
764 2115 858 2152 erat,
881 2111 999 2145 videns
1021 2109 1356 2145 Thessalonicensem
1380 2114 1416 2144 et
1438 2111 1642 2144 Sardensem
1665 2110 1700 2142 in

237 2159 308 2194 suis
332 2159 474 2203 privatis
497 2158 688 2192 obstinatos
712 2157 887 2192 sententiis
911 2163 1040 2191 amotos
1063 2169 1083 2190 e
1105 2156 1215 2191 medio
1239 2157 1393 2194 exulare,
1417 2155 1595 2190 substituit
1617 2155 1700 2200 ipsis

238 2205 325 2239 alios
349 2205 384 2238 in
408 2205 539 2238 illarum
568 2215 681 2238 curam
704 2204 941 2245 ecclesiarum,
966 2209 1001 2236 et
1024 2203 1198 2247 Cydonem
1219 2203 1354 2247 quidem
1377 2202 1604 2245 Ioannicium,
1628 2211 1702 2234 mo·-

237 2251 388 2285 nasterio
420 2251 667 2284 Sosandrorum
690 2254 791 2284 antea
813 2249 1064 2295 praepositum,
1089 2248 1406 2289 Thessalonicensi,
1435 2249 1595 2283 Iacobum
1617 2257 1702 2281 vero

240 2297 446 2338 Chaiazam,
481 2296 541 2341 qui
565 2308 607 2330 ex
630 2296 820 2330 Occidente
844 2300 1036 2330 accesserat
1058 2295 1297 2340 imperatorem
1314 2320 1326 2337 ‚
1357 2295 1523 2329 Sardensi
1543 2292 1704 2339 praeficit

240 2343 415 2377 ecclesiae.
462 2345 613 2386 elegerat
645 2343 750 2376 etiam
778 2343 814 2376 in
846 2342 1084 2384 Smyrnensem
1107 2341 1303 2386 episcopum
1326 2341 1503 2383 Isaacum,
1535 2340 1643 2374 virum
1666 2341 1704 2372 et

239 2389 350 2433 ipsum
375 2389 594 2432 honoratum,
620 2388 678 2433 qui
713 2400 732 2422 e
767 2388 970 2422 monasterio
993 2386 1217 2432 Xeropotami
1234 2414 1243 2428 ‚
1268 2387 1335 2421 sito
1359 2386 1393 2420 in
1420 2386 1575 2432 partibus
1598 2384 1704 2418 Occi-

240 2434 339 2476 duis‚
365 2434 549 2479 prodierat.
596 2434 656 2467 sed
690 2444 763 2468 cum
786 2439 876 2468 esset
898 2433 934 2467 in
957 2435 1135 2478 procinctu
1160 2433 1202 2467 ad
1226 2433 1315 2467 hunc
1338 2432 1555 2466 ordinandum
1572 2456 1583 2473 ‚
1617 2429 1705 2464 inci-

241 2479 293 2514 dit
310 2481 344 2514 in
369 2480 520 2513 morbum
544 2480 761 2525 patriarcha,
785 2479 881 2514 cuius
903 2480 1042 2514 consilio
1066 2491 1106 2514 ac
1129 2479 1321 2520 voluntate,
1343 2478 1400 2512 vel
1422 2478 1534 2523 potius
1556 2475 1705 2511 ministri

242 2526 316 2560 eius
341 2526 433 2571 (nam
457 2531 493 2559 et
516 2526 579 2559 hoc
602 2525 746 2570 dicitur)
772 2537 847 2560 cum
871 2526 937 2559 iam
969 2525 1042 2571 ipse
1065 2526 1247 2560 destitutus
1270 2524 1383 2559 officio
1406 2534 1563 2558 sensuum
1586 2526 1708 2566 ageret

244 2572 411 2615 animam,
437 2571 754 2606 Thessalonicensis
778 2571 920 2606 Nicetas
951 2571 984 2606 in
1008 2571 1315 2615 Dyrrhachiensem
1337 2574 1513 2615 promotus
1536 2572 1590 2602 est
1612 2569 1708 2602 thro-

245 2629 334 2652 num.
382 2621 551 2651 caeterum
582 2618 799 2663 patriarchae
831 2617 1013 2652 constituta
1036 2617 1136 2652 morti
1160 2618 1232 2652 dies
1261 2618 1442 2657 iunxerat,
1477 2621 1514 2649 et
1535 2615 1708 2658 Pelopon-

246 2664 360 2698 nesius
389 2663 570 2698 monachus
606 2675 649 2697 ex
678 2662 872 2708 Principum
907 2663 954 2698 ibi
985 2663 1223 2698 dominantium
1253 2662 1362 2707 stirpe
1391 2659 1624 2701 Theodosius,
1654 2660 1709 2694 vit

248 2710 323 2755 pius
337 2735 347 2752 ‚
370 2709 497 2755 quique
522 2720 566 2743 ex
587 2708 686 2753 longo
711 2709 777 2743 iam
799 2715 953 2754 tempore
976 2710 1079 2744 vitam
1102 2709 1294 2754 religiosam
1323 2711 1542 2748 exercuerat,
1565 2716 1711 2740 consue-

248 2756 366 2789 tudine
399 2767 480 2789 vero
512 2759 581 2789 tam
616 2755 702 2789 comi
728 2767 769 2789 ac
803 2756 918 2790 faceta
938 2756 1173 2801 varietateque
1194 2753 1330 2789 iucundi
1349 2753 1512 2788 sermonis
1527 2756 1648 2796 grata,
1671 2753 1711 2784 ut

249 2801 362 2846 quivis
386 2801 598 2846 quantumvis
620 2806 767 2835 moestus
791 2812 833 2835 eo
856 2801 930 2836 viso
948 2802 1155 2836 exhilaratus
1171 2805 1206 2835 et
1223 2800 1373 2846 gaudens
1389 2798 1508 2840 abiret,
1532 2800 1712 2843 praeterea

250 2847 460 2882 nobilissimo
483 2858 628 2893 genere,
657 2847 707 2882 ita
730 2851 769 2882 ut
790 2852 933 2893 patruus
964 2847 1178 2894 imperatoris
1199 2847 1450 2888 nominaretur,
1472 2843 1714 2880 administran-
