1846 3262
175 189 199 236 1
209 190 268 236 18
593 187 829 231 GEORGII
862 187 1214 233 PACHYMERIS

174 299 379 360 τριάρχης.
451 299 498 344 ὃν
532 301 583 356 δὴ
617 302 684 344 καὶ
713 301 755 345 ἓν
777 306 875 360 τιμῇ
892 303 1062 359 μεγίστῃ
1087 299 1108 344 ὃ
1126 301 1320 356 βασιλεὺς
1339 301 1442 358 πρὸς
1465 301 1644 344 Νίκαιαν

175 373 442 422 ἀποστείλας,
476 368 602 420 αὐτὸς
628 369 810 426 ἠπείγετο
842 372 944 428 πρὸς
971 371 1045 425 τὴν
1073 368 1323 425 Λάμψακον
1353 368 1646 427 περαιωθησό-

176 451 296 494 μενος
324 439 426 495 πρὸς
458 437 534 493 τὴν
571 437 791 495 ἀντιπέραν
822 438 1154 483 Καλλιούπολιν·
1205 437 1435 495 συνεκρότει
1467 438 1545 495 γὰρ
1578 439 1645 480 καὶ

180 506 369 561 δυνάμεις
396 506 470 550 οὗκ
498 506 636 563 ὀλίγας
663 508 758 551 κατ’
788 508 957 552 Ἰταλῶν
992 507 1063 562 ἐφ’
1096 502 1129 566 ᾧ
1158 509 1449 563 προσκαθίσας
1471 511 1655 565 πειρῷτο

178 574 394 632 κρατήσειν
412 575 459 618 τὸ
481 576 726 635 καταντικρὺ
745 581 819 634 τῆς
837 578 1091 630 Βυζαντίδος
1109 574 1308 634 φρούριον
1317 609 1330 630 ,
1364 575 1411 619 τὸ
1435 574 1543 619 οὕτω
1561 590 1647 625 πως
1659 585 1691 621 5r

180 643 391 702 λεγόμενον
412 648 621 691 Γαλατᾶν.
684 650 689 654 ’

130 727 158 761 Β
321 713 398 759 17.
470 711 575 757 Τότε
601 714 738 757 τοίνυν
774 712 796 758 ὁ
826 712 1019 771 Σάρδεων
1052 710 1311 770 Ἀνδρόνικος
1342 713 1409 755 καὶ
1440 709 1460 755 ὅ
1486 713 1651 755 Θεσσα-

183 782 346 838 λονίκης
377 781 585 837 Μανουὴλ
614 781 654 841 (ὃ
685 782 764 839 γὰρ
789 781 1040 841 Καλόηφόρος
1059 780 1253 838 Σμύρνης
1273 783 1307 824 εἴ
1324 782 1392 823 καὶ
1412 785 1647 837 παρῃτεῖτο,

183 849 280 894 ἀλλ’
314 845 386 893 οὖν
412 852 545 901 αἲτίας
575 849 715 908 ἑτέρας
741 851 1024 908 προυβάλλετο
1058 848 1237 902 δοξάσας
1259 849 1400 899 ἱκανὰς
1423 850 1477 899 εἲς
1499 849 1653 904 παραί-

185 918 321 976 τησιν)
354 919 394 962 οἳ
420 921 464 962 δὲ
498 925 686 977 φανερῶς
719 920 971 973 ἀντέτεινον,
1023 922 1088 962 καὶ
1114 924 1173 978 τῷ
1206 923 1339 962 δοκεῖν
1358 918 1432 973 μὲν
1450 915 1552 974 ὑπὲρ
1574 919 1650 959 τοῦ
1665 929 1710 963 10

185 985 442 1045 πατριάρχου
462 993 597 1039 κακῶς
616 990 908 1047 παροφθέντος
926 987 1093 1045 ἐζήλουν
1103 1022 1116 1042 ,
1153 992 1211 1047 τῷ
1231 989 1275 1030 δὲ
1300 985 1564 1044 κρυπτομένῳ
1587 985 1655 1027 καὶ

185 1055 288 1113 ὖπέρ
323 1051 379 1100 ὧν
411 1055 432 1100 ὃ
467 1056 720 1115 πατριάρχης
746 1062 875 1113 ζηλῶν
909 1056 965 1108 ὥς
998 1057 1099 1107 τέως
1133 1057 1207 1100 οὐκ
1238 1056 1424 1099 ἀνυστῶν
1443 1051 1653 1110 ὑπεχώρει.

140 1129 171 1163 C
196 1124 216 1169 ὅ
237 1125 376 1181 μέντοι
403 1143 444 1182 γε
471 1123 563 1169 τότε
585 1125 893 1184 πατριαρχεύων
921 1123 1199 1183 Νικηφόροςὸ
1232 1124 1308 1168 ἀπ’
1326 1123 1520 1181 Ἐφέσου,
1557 1138 1658 1178 συγ-

192 1192 464 1250 κροτούμενος
494 1196 568 1250 μὲν
589 1200 640 1253 τῇ
672 1194 834 1254 συνόδῳ
850 1228 863 1248 ,
901 1199 1040 1254 πολλῷ
1073 1196 1117 1237 δὲ
1136 1194 1256 1237 πλέον
1276 1195 1342 1236 καὶ
1365 1196 1416 1250 τῇ
1439 1195 1514 1234 τοῦ
1533 1195 1658 1246 βασι-

193 1263 294 1313 λέως
314 1261 502 1319 θελήσει,
537 1264 639 1320 ἔχων
668 1266 735 1307 καὶ
758 1264 889 1307 πολὺν
918 1263 1178 1318 συναχθέντα
1206 1264 1248 1305 ἐκ
1269 1266 1343 1317 τῆς
1358 1260 1530 1318 Ἐφέσου
1552 1276 1657 1315 χρυ-
1670 1270 1714 1307 15

194 1331 268 1374 σὸν
293 1332 509 1388 ἐφίσταται
532 1337 584 1390 τῇ
614 1334 783 1392 Νικαία.
853 1334 919 1376 καὶ
953 1336 1117 1388 πρῶτον
1146 1332 1220 1386 μὲν
1252 1332 1447 1387 ἐπειρᾶτο,
1468 1331 1660 1377 ποικίλως

194 1404 277 1443 τῶν
296 1401 539 1456 σχιζομένων
560 1401 776 1459 ἀρχιερέων
797 1400 866 1458 ἐφ’
891 1395 922 1460 ᾧ
941 1399 1178 1444 συνέλθοιεν
1199 1400 1245 1442 τέ
1262 1399 1299 1442 οἶ
1318 1400 1383 1440 καὶ
1405 1395 1658 1454 εἲρηνεύοιεν,

198 1470 266 1512 καὶ
299 1469 427 1519 πολὺς
451 1465 501 1525 ἧν
534 1470 688 1520 αὐτοὺς
717 1468 1007 1527 μετερχόμενος
1042 1469 1249 1518 ἀπειλαῖς·
1287 1466 1384 1510 ἀλλ’
1413 1466 1487 1509 οὐκ
1509 1465 1660 1517 ἔπειθε,

198 1537 320 1580 πλέον
343 1539 388 1581 δὲ
405 1538 612 1596 παρέθηγε
632 1539 704 1582 τὸν
737 1541 856 1595 ζῆλον
884 1540 1045 1589 ἐκείνοις
1054 1571 1068 1591 ,
1106 1539 1172 1580 καὶ
1196 1536 1418 1592 κατεγέλων
1438 1538 1522 1577 τῶν
1540 1551 1663 1589 μηνι-

149 1617 182 1651 D
205 1604 360 1661 μάτων.
431 1605 487 1657 ὥς
519 1607 563 1650 δ’
594 1607 668 1651 οὐκ
696 1608 832 1651 ἔπειθε
860 1605 994 1651 πάντα
1033 1604 1219 1663 πράξας,
1249 1601 1494 1660 ἀντεισάγειν
1514 1602 1721 1651 ἄλλουςρο

204 1682 294 1726 ταῖς
314 1676 543 1732 ἐκκλησίαις
559 1677 793 1732 ἐσκέπτετο,
832 1675 855 1721 ὃ
879 1677 930 1731 δὴ
950 1678 1016 1720 καὶ
1046 1675 1202 1733 γέγονεν
1219 1672 1404 1733 ὕστερον.
1477 1671 1602 1721 αὐτὸς
1622 1671 1666 1713 δὲ

205 1818 249 1854 ad
280 1818 315 1854 id
346 1823 503 1864 cogeret,
534 1820 643 1855 locum
677 1819 851 1866 accipere,
884 1820 1082 1866 patriarcha
1111 1817 1323 1854 renuntiatus
1354 1820 1430 1860 est3
1461 1826 1559 1862 quem
1592 1825 1667 1850 cum

205 1877 332 1900 summo
357 1866 481 1901 honore
502 1866 687 1912 imperator
710 1867 874 1901 Nicaeam
898 1867 1090 1908 dimittens,
1122 1866 1198 1911 ipse
1227 1865 1450 1909 Lampsacum
1481 1861 1668 1902 contendit,

208 1911 416 1946 traiecturus
449 1912 528 1948 inde
557 1913 591 1947 in
622 1913 799 1948 adversam
825 1913 1044 1958 Calliopolim.
1091 1910 1242 1946 collectis
1264 1911 1353 1944 enim
1377 1908 1483 1954 copiis
1506 1907 1542 1941 in
1565 1907 1669 1941 Italos

210 1968 278 1991 non
301 1958 418 2002 paucis
441 1970 481 1993 eo
506 1958 720 2002 condixerat,
758 1960 866 1993 animo
880 1959 1072 1996 [tentandae
1095 1956 1327 2003 occupationis
1349 1955 1438 1989 arcis
1460 1965 1502 1988 ex
1526 1953 1670 1988 adverso

208 2003 370 2047 Byzantii
392 2004 478 2039 sitae
491 2030 503 2047 ‚
536 2005 590 2038 cui
613 2007 740 2039 Galata
761 2016 891 2042 nomen.

306 2050 360 2084 17.
407 2051 506 2085 Tunc
540 2051 647 2096 igitur
681 2051 862 2086 Sardensis
895 2049 1105 2085 Andronicus
1129 2053 1165 2083 et
1194 2047 1334 2082 Manuel
1355 2043 1672 2081 Thessalonicensis

213 2093 366 2140 episcopi
388 2098 498 2141 palam
523 2097 740 2132 declararunt
762 2108 800 2132 se
822 2108 888 2132 non
905 2098 1051 2142 probare
1072 2097 1162 2142 'quae
1183 2095 1277 2128 facta
1295 2095 1443 2137 fuerant,
1467 2097 1672 2137 praetexen-

215 2145 270 2174 tes
294 2143 421 2184 zelum,
460 2154 500 2177 ac
530 2155 615 2188 prae
648 2155 685 2178 se
717 2144 867 2178 ferentes
900 2142 1115 2177 miseratione
1143 2152 1181 2175 se
1213 2139 1340 2174 moveri
1365 2137 1581 2174 exauctorati
1603 2147 1671 2171 non

214 2186 305 2220 iuste
327 2187 550 2233 patriarchae.
597 2189 787 2234 Calophoro
811 2201 946 2235 quoque
971 2188 1168 2233 smyrnensi
1191 2186 1391 2231 displicebat
1411 2186 1559 2219 factum:
1593 2194 1673 2217 cae-

215 2235 326 2266 terum
352 2234 408 2268 ille
431 2235 538 2277 alias,
572 2239 611 2269 ut
632 2235 699 2280 ipsi
730 2232 932 2278 videbatur,
963 2235 1103 2268 idoneas
1126 2234 1225 2268 istius
1248 2233 1299 2267 sui
1323 2230 1441 2266 iudicii
1465 2240 1586 2264 causas
1607 2230 1672 2263 ob·-

215 2278 359 2313 tendens
375 2305 386 2321 ,
417 2292 496 2316 suas
518 2281 583 2316 sibi
606 2281 788 2326 separatim
810 2292 867 2315 res
889 2282 1024 2325 agebat.
1070 2280 1128 2314 alii
1158 2280 1223 2313 duo
1248 2277 1434 2312 concordes
1464 2276 1497 2310 in
1521 2275 1565 2310 iis
1586 2285 1676 2320 quae

214 2323 318 2358 retuli
348 2326 482 2371 publice
512 2327 714 2372 allegandis,
747 2327 838 2362 aliud
868 2327 1026 2373 quiddam
1057 2327 1140 2360 clam
1173 2325 1382 2370 coquebant:
1416 2333 1492 2357 nam
1527 2332 1568 2355 ea
1600 2322 1677 2366 ipsa

217 2381 359 2415 quorum
381 2372 619 2418 desperatione
641 2373 913 2418 corrigendorum
935 2372 1098 2406 Arsenius
1122 2376 1332 2411 recesserat,
1354 2368 1571 2415 impatienter
1585 2368 1677 2401 ferre

217 2417 436 2461 putabantur.
483 2423 519 2453 at
541 2430 647 2454 novus
671 2430 714 2453 ex
736 2419 864 2465 Ephesi
886 2418 1045 2464 episcopo
1069 2418 1264 2463 patriarcha
1285 2416 1523 2460 Nicephorus‚
1552 2413 1677 2446 iudicio

219 2462 340 2505 synodi
362 2474 451 2509 quae
473 2464 582 2509 ipsum
607 2465 776 2510 elegerat,
808 2470 847 2500 et
867 2465 972 2500 multo
995 2465 1102 2508 magis
1124 2462 1339 2509 imperatoris
1361 2461 1535 2496 voluntate
1555 2460 1678 2502 fretus,

219 2518 303 2542 auro
328 2510 428 2544 etiam
452 2511 625 2545 abundans
648 2511 743 2546 cuius
765 2510 834 2546 vim
856 2522 1010 2555 magnam
1035 2511 1172 2556 Epheso
1196 2509 1388 2549 extulerat,
1410 2506 1575 2542 Nicaeam
1598 2515 1680 2549 per-

220 2554 334 2596 venit;
357 2556 473 2602 ibique
495 2557 599 2591 multa
628 2557 726 2591 varie
749 2561 890 2592 conatus
913 2558 956 2591 ad
988 2557 1195 2591 revocandos
1218 2556 1252 2589 in
1275 2553 1488 2589 concordiam
1510 2551 1679 2585 dissiden-

221 2602 276 2633 tes
300 2601 499 2647 episcopos‚
533 2603 576 2637 ad
609 2606 792 2637 extremum
825 2603 981 2637 incubuit
1003 2603 1037 2637 in
1060 2603 1166 2636 minas
1180 2627 1191 2644 ,
1223 2599 1392 2641 deterreri
1414 2609 1473 2633 eos
1495 2608 1597 2644 posse
1619 2597 1681 2650 de-

222 2647 433 2682 nuntiatione
460 2649 622 2683 malorum
644 2660 847 2694 magnopere
870 2660 1022 2693 sperans.
1057 2649 1119 2683 sed
1142 2650 1271 2682 frustra
1291 2647 1326 2680 in
1349 2647 1414 2679 hoc
1435 2644 1571 2690 quidem
1592 2643 1680 2676 fu1t=

223 2692 351 2738 quippe
373 2693 426 2729 ira
446 2693 578 2729 illorum
596 2694 645 2729 sic
667 2696 773 2739 magis
794 2696 949 2736 irritata,
972 2694 1142 2729 obfirmati
1166 2694 1277 2728 acrius
1299 2693 1333 2726 in
1356 2690 1530 2737 proposito
1543 2714 1554 2732 ,
1578 2688 1682 2723 etiam

225 2739 394 2774 adversus
417 2751 501 2786 quas
524 2740 591 2775 iste
613 2740 808 2775 intentabat
838 2752 967 2785 poenas
990 2751 1038 2775 se*
1051 2741 1122 2775 risu
1147 2742 1407 2784 contemptuque
1429 2746 1568 2770 securos
1591 2735 1684 2768 fere·-

225 2782 320 2836 bant.
367 2786 485 2832 itaque
508 2797 583 2821 cum
606 2785 672 2821 alia
694 2797 761 2820 non
784 2787 1026 2832 procederent,
1058 2786 1102 2820 de
1124 2785 1369 2820 transferendis
1392 2793 1507 2817 eorum
1530 2779 1684 2815 ecclesiis

225 2838 260 2862 ln
283 2831 366 2868 alios
390 2832 543 2878 cogitare
565 2833 691 2879 coepit,
716 2836 804 2878 quod
829 2837 866 2867 et
887 2837 1008 2879 postea
1031 2833 1183 2878 contigit.
1229 2830 1365 2866 interim
1381 2828 1466 2865 alios
1479 2827 1545 2863 sibi
1563 2827 1684 2862 adiun-
