1884 3262
682 199 787 245 LIB.
803 199 860 246 Π.
911 199 1116 246 NOTAE.
1525 200 1621 247 651

294 320 334 359 p·
351 307 433 351 259
452 322 491 349 v.
509 313 548 352 7.
604 321 687 348 vox
716 307 951 351 ἕκκλείοιντο
977 307 1180 349 emendata
1203 319 1228 346 a
1249 318 1313 352 me
1338 312 1398 347 est
1417 319 1469 348 ex
1487 308 1624 348 conie-
1644 311 1674 347 P
1694 310 1762 349 456

184 368 317 412 ctum,
350 377 441 402 cum
462 365 549 403 cod.
570 365 600 403 B
619 364 780 404 haberet
799 365 1039 419 ἐγκλείοντο,
1070 366 1106 403 Δ
1135 377 1230 404 vero
1252 363 1518 416 ἐκκλίνοιντο,
1543 365 1623 405 Va-

182 418 339 457 ticanus
357 434 477 472 porro
498 421 680 460 libertate
697 421 813 459 solita
832 435 906 473 pro
927 435 971 460 eo
990 420 1111 462 verbo
1132 426 1301 474 poneret
1319 415 1623 474 ἀποστήσονται.

183 476 373 514 sententia
390 490 486 516 vero
502 478 584 516 loci
598 477 802 516 manifeste
820 478 997 529 postulat
1019 476 1268 518 ἔκκλείοιντο.

292 546 332 583 p.
352 535 431 575 261
449 546 487 572 v.
511 534 553 575 4.
609 534 840 585 imperatori
863 533 992 571 tribui
1006 534 1232 584 prinoipem
1261 531 1395 569 locum
1418 532 1464 569 in
1482 532 1624 584 cogni-

182 588 289 624 tione
318 602 452 626 rerum
476 590 844 628 ecclesiasticarum.
905 589 985 628 iam
1021 589 1159 628 monui
1194 587 1237 626 in
1266 588 1469 626 Glossario
1499 588 1622 627 verbo

181 641 519 697 ἔπιστημονοὶρχης
544 645 806 696 cognitionem
827 645 943 684 istam
969 645 1066 684 meri
1086 646 1167 684 fere
1189 643 1427 692 testimonii,
1453 657 1536 682 non
1554 644 1626 683 in-

178 698 423 738 risdictionis
450 707 518 739 aut
536 701 729 740 decisivae
757 701 963 754 potestatis
992 714 1086 740 esse.
1141 699 1199 738 sic
1221 699 1327 739 enim
1345 699 1624 738 Constantinus

181 754 345 806 Magnus
365 756 575 807 Mesenae,
605 757 827 797 Marcianus
850 756 1183 804 Chalcedonensi,
1212 755 1280 793 alii
1303 755 1390 793 aliis
1406 756 1623 807 imperato-

180 823 245 849 res
265 812 424 862 synodis
443 813 761 864 intervenerunt,
791 812 917 852 missis
943 813 1080 863 etiam,
1108 825 1201 851 cum
1231 811 1417 850 interesse
1445 812 1524 863 ipsi
1540 825 1623 850 non

179 873 385 919 poterant,
415 868 598 920 delegatis
621 883 642 907 a
659 883 725 920 se;
753 869 861 921 quod
878 871 921 907 in
938 868 1222 908 recentioribus
1250 880 1407 919 quoque
1427 867 1621 918 conciliis,

179 928 277 974 puta
298 924 550 975 Tridentino,
579 932 778 964 servatum
797 925 964 975 scimus,
991 931 1038 963 ut
1054 924 1099 963 in
1123 937 1169 962 eo
1192 923 1330 973 legatis
1355 923 1621 974 imperatoris,

179 991 315 1029 regum
345 993 393 1017 ac
422 987 664 1019 caeterorum
689 981 915 1032 principum
945 979 1205 1019 saecularium
1231 979 1344 1017 locus
1362 979 1619 1029 tribueretur,

178 1047 262 1073 non
284 1048 374 1073 cum
392 1035 478 1074 iure
496 1037 648 1074 ferendi
673 1037 723 1074 ad
750 1036 986 1075 decisionem
1007 1036 1234 1086 dogmatum
1259 1033 1457 1085 suffragii,
1485 1034 1553 1072 sed
1572 1041 1621 1073 ut

177 1095 296 1129 testes
321 1098 449 1129 essent
477 1098 656 1131 actorum
678 1091 875 1144 primique
904 1097 1185 1142 cognoscerent
1213 1090 1409 1140 vulganda
1438 1096 1620 1142 postmo-

178 1145 273 1184 dum
297 1146 341 1184 in
365 1148 559 1202 populos,
596 1148 832 1199 interimque
859 1148 1094 1187 auctoritate
1117 1161 1163 1186 ac
1188 1151 1385 1198 potestate
1402 1145 1619 1198 principali

176 1201 395 1241 libertatem
433 1203 683 1242 securitatem
723 1205 848 1242 otium
878 1202 1180 1242 decernentibus
1217 1201 1396 1254 patribus
1430 1202 1620 1242 facerent.

177 1257 235 1297 sic
252 1258 295 1296 in
311 1259 522 1298 collatione
541 1259 858 1310 Carthaginensi,
886 1260 953 1298 ubi
977 1273 1092 1297 causa
1117 1257 1408 1296 Donatistarum
1421 1258 1620 1296 tractaba-

176 1319 265 1364 tur,
294 1328 386 1352 cum
404 1317 595 1367 episcopis
618 1317 823 1367 ingressus
850 1322 906 1352 est
933 1313 1067 1367 (verba
1092 1321 1186 1353 sunt
1205 1314 1395 1365 epitomae
1419 1314 1619 1352 Baronia-

181 1383 256 1408 nae
278 1371 480 1422 Spondani
505 1385 594 1412 ann.
627 1371 705 1414 411
728 1385 770 1410 n.
788 1368 845 1424 4)
886 1373 1009 1408 etiam
1034 1370 1300 1409 Marcellinus
1329 1371 1375 1408 in
1402 1369 1535 1407 locum
1561 1367 1621 1407 ad

176 1427 656 1479 collationemparatum3
685 1428 758 1479 qui
784 1425 944 1479 quidem
959 1441 1037 1465 non
1059 1427 1190 1464 solum
1219 1425 1407 1463 tribunus
1425 1427 1621 1464 militaris

176 1490 263 1520 erat
276 1513 287 1532 ‚
317 1483 388 1520 sed
401 1490 437 1522 et
455 1486 661 1534 notarius,
690 1484 765 1521 lios
789 1490 848 1521 est
869 1497 896 1521 a
918 1485 1075 1522 secretis
1090 1483 1364 1534 imperatoris,
1393 1488 1440 1519 ut
1462 1488 1620 1519 constat

176 1552 222 1576 ex
258 1540 378 1577 titulo
413 1540 603 1591 epistolae
647 1540 933 1578 catholicorum
967 1538 1026 1577 ad
1060 1541 1195 1591 ipsum
1231 1545 1325 1575 ante
1365 1538 1618 1576 collationem

174 1596 361 1645 scriptae.
417 1610 488 1633 nec
517 1603 651 1634 tamen
684 1597 730 1633 in
759 1596 835 1633 illa
853 1596 1066 1634 collatione
1093 1594 1243 1632 iudicis
1262 1594 1517 1645 simpliciter,
1546 1592 1619 1631 sed

175 1653 393 1702 cognitoris
420 1666 563 1689 nomen
584 1665 688 1706 prae
713 1666 754 1688 se
784 1652 894 1692 tulit.
950 1653 1012 1690 ita
1046 1653 1147 1689 enim
1183 1651 1390 1688 nominare
1416 1651 1619 1688 consuevit

173 1708 402 1758 antiquitas
423 1707 578 1745 iudices
605 1708 846 1756 saeculares,
884 1721 1054 1758 quorum
1074 1707 1242 1744 arbitrio
1272 1713 1414 1744 cuncta
1433 1705 1618 1757 dispone-

173 1770 327 1811 rentur,
359 1762 431 1801 sed
448 1766 508 1801 ita
529 1771 576 1801 ut
596 1765 796 1815 integrum
816 1763 1012 1801 iudicium
1033 1764 1228 1815 episcopis
1247 1763 1519 1814 relinquerent,
1549 1775 1619 1799 neo

172 1817 339 1869 aliquid
355 1821 436 1871 ipsi
458 1820 538 1858 sibi
550 1827 789 1871 usurparent
807 1821 889 1857 nisi
904 1818 1016 1870 quod
1032 1818 1090 1857 ad
1099 1833 1243 1870 pacem
1261 1832 1311 1856 ac
1326 1820 1503 1869 quietum
1522 1831 1620 1855 con,-v

171 1888 359 1925 gressum
370 1878 586 1927 pertineret
599 1905 611 1924 ,
640 1883 763 1927 utque
784 1877 826 1913 in
848 1876 1032 1913 omnibus
1048 1883 1173 1927 pacta
1195 1881 1386 1913 conventa
1404 1887 1615 1911 conserva-

172 1939 309 1968 rentur
315 1945 330 1979 ,·
361 1933 405 1969 in
430 1932 576 1984 quibus
602 1933 678 1969 rite
700 1931 940 1969 ordinandis
972 1930 1096 1970 eidem
1123 1928 1415 1982 interloquendi
1426 1930 1616 1982 facultas

172 1994 293 2035 esset5
326 1994 446 2040 atque
465 1987 624 2026 demum
643 1989 764 2025 cuius
779 1989 1018 2026 alterutrius
1028 1990 1166 2039 partis
1177 1989 1343 2038 potiora
1357 1988 1453 2023 iura
1473 1993 1611 2034 essent,

175 2055 220 2083 ex
242 2056 366 2093 aequo
384 2046 652 2095 pronuntiare
671 2043 857 2082 deberent.
915 2051 962 2081 ut
984 2043 1031 2081 de
1049 2044 1115 2081 lu‘s
1133 2042 1317 2081 omnibus
1342 2047 1498 2080 constat
1516 2054 1611 2081 cum

171 2110 217 2134 ex
236 2099 338 2149 ipsis
354 2102 459 2136 actis
467 2101 691 2151 praesentis
712 2100 961 2147 collationis,
990 2106 1075 2136 tum
1093 2113 1139 2136 ex
1150 2099 1248 2136 aliis
1268 2096 1516 2135 diversarum
1534 2110 1611 2146 sy-

170 2152 390 2203 nodorum,
430 2168 481 2193 ao
495 2158 736 2206 praesertim
763 2156 1113 2196 Oecumenicarum
1136 2155 1272 2206 gestis.
1335 2153 1391 2190 ita
1416 2152 1609 2191 Batonius

171 2209 279 2260 apud
299 2222 415 2247 suum
435 2210 740 2261 epitomatorem.
795 2225 846 2250 ex
873 2211 1012 2262 quibus
1037 2211 1160 2248 cuivis
1181 2222 1262 2248 esse
1279 2209 1442 2261 planum
1462 2207 1611 2260 poterit

171 2270 363 2314 quatenus
381 2278 422 2303 se
444 2267 629 2304 extendat
649 2266 746 2306 haee
769 2266 1116 2319 ἐπιστημοναρχία,
1144 2265 1328 2317 princeps
1353 2263 1526 2315 cognitio
1541 2276 1607 2302 re-

169 2332 259 2359 rum
289 2321 638 2360 ecclesiasticarum
671 2323 784 2360 laicis
809 2322 1054 2374 principibus
1078 2334 1259 2360 concessa
1290 2333 1364 2374 per
1378 2332 1547 2359 canones
1567 2325 1607 2360 et

171 2375 375 2427 antiquum
390 2390 530 2427 usum,
561 2377 610 2416 de
627 2391 704 2428 qua
727 2378 795 2416 hic
815 2379 974 2419 mentio.

281 2445 320 2483 p.
338 2435 421 2475 272
437 2445 475 2472 v.
496 2434 561 2474 18.
616 2435 683 2470 oui
707 2447 749 2471 se
764 2436 898 2484 ipsum
917 2447 1044 2471 manu
1059 2434 1230 2485 propria
1244 2432 1522 2471 Athanasium
1538 2433 1606 2470 in·-

171 2488 395 2538 scripserat.
440 2488 674 2526 Athanasius
695 2503 834 2527 nomen
855 2496 939 2527 erat
957 2489 1063 2540 quod
1080 2489 1327 2528 Andronicus
1345 2489 1419 2528 iste
1437 2487 1608 2526 Sardea-

170 2543 222 2580 sis
241 2543 447 2594 episcopus
467 2551 749 2596 assumpserat,
778 2558 866 2583 cum
888 2545 1068 2584 abdicato
1097 2545 1324 2598 episcopatu
1346 2543 1606 2583 monasticum

168 2597 345 2636 habitum
365 2599 569 2647 induerat,
604 2607 727 2651 prout
746 2601 924 2652 superius
941 2608 1140 2640 narratum
1159 2608 1216 2639 est
1235 2615 1269 2641 c.
1291 2601 1381 2644 181,
1398 2603 1437 2642 2-
1483 2612 1604 2651 Porro

169 2653 203 2691 is
232 2661 457 2705 speraverat
485 2655 578 2694 fieri
598 2669 714 2707 posse
746 2662 793 2694 ut
825 2670 916 2695 suae
941 2657 1053 2695 istius
1084 2657 1318 2696 monasticae
1351 2653 1606 2707 professionis

170 2709 314 2748 abolita
335 2711 521 2750 memoria
538 2711 581 2749 in
601 2718 754 2750 coetum
768 2741 781 2762 ,
809 2719 855 2750 ut
873 2712 997 2764 prius,
1025 2713 1297 2766 episcoporum
1316 2711 1606 2749 admitteretur:

169 2777 243 2802 nec
267 2766 369 2804 enim
388 2773 473 2806 erat
490 2767 605 2806 facile
622 2780 707 2807 rem
725 2768 798 2806 sub
821 2769 956 2820 paucis
980 2775 1105 2808 actam
1123 2769 1287 2808 testibus
1305 2766 1486 2819 probare.
1530 2778 1603 2805 ve-

168 2832 255 2858 rum
276 2822 434 2874 prolata
451 2823 616 2877 epistola
637 2837 753 2876 quam
774 2824 900 2877 ipsius
920 2838 1003 2864 esse
1032 2831 1128 2864 nota
1144 2837 1284 2864 manus
1300 2822 1506 2877 proderet,
1534 2833 1608 2860 cu·-
