1884 3262
509 203 614 248 LIB.
637 201 722 248 111..
769 198 1262 248 CHRONOLOGIGUS.
1526 198 1623 244 735

606 366 964 418 CAPUT
1033 338 1195 418 vn.-

194 463 262 501 De
278 462 420 515 eclipsi
435 461 536 500 solis
553 474 581 499 a
601 460 785 512 Gregora
801 467 1044 509 memorata,
1075 472 1162 511 qua
1185 455 1376 495 stabilita
1391 453 1589 494 hactenus

649 517 914 570 chronologia
923 517 1137 569 firmatur.

269 599 301 639 Ι.
358 597 558 640 Hactenus
585 597 885 649 chronologiam
916 601 1094 636 nostram
1118 591 1304 633 indicatis
1335 606 1359 630 a
1379 591 1624 645 Pacbymere

158 655 454 694 characteribus
473 690 485 708 ‚
526 663 720 710 quantum
756 654 874 694 licuit
890 683 904 704 ,
947 652 1204 693 munivimus.
1267 664 1352 689 non
1395 655 1456 688 est
1486 656 1620 689 autem

157 712 386 764 negligenda
410 714 686 767 opportunitas
713 724 833 765 quam
856 711 971 749 nobis
992 709 1198 762 benignam
1230 707 1346 747 offert
1368 706 1528 758 insignis
1554 706 1624 745 Ni-

158 769 322 821 cephori
351 770 548 823 Gregorae
576 772 686 810 locus
714 768 889 809 eiusdem
917 767 1077 807 coelesti
1108 778 1266 817 quoque
1296 764 1433 803 solaris
1457 763 1622 802 maximi

158 825 320 877 deliquii
341 827 523 881 suffragio
542 828 802 867 roborandae.
858 824 995 865 scribit
1011 824 1045 863 is
1062 829 1202 862 auctor
1221 821 1420 861 Historiae
1439 833 1531 859 suae
1547 820 1575 861 l.
1592 819 1623 862 4

156 897 196 936 p.
219 885 272 926 51
286 883 346 922 ed.
358 885 487 935 Basil„
503 893 712 938 postquam
730 883 910 923 narravit
928 881 1218 920 abdicationem
1236 878 1434 926 Germani,
1463 876 1622 929 losephi

157 941 478 992 subrogationem
503 944 547 982 in
570 943 653 981 eius
679 942 811 980 locum
822 969 834 990 ,
863 945 904 979 et
920 939 969 980 ab
983 938 1062 978 hoc
1079 937 1279 977 indultam
1296 935 1527 987 imperatori
1541 934 1624 972 Mi·-

158 998 284 1036 ehaeli
312 999 540 1051 Palaeologo
567 999 805 1038 solutionem
829 995 1089 1035 anathematis
1118 1007 1199 1046 quo
1229 992 1384 1032 dudum
1413 992 1547 1030 fuerat
1570 991 1621 1029 ab

157 1055 323 1094 Arsenio
346 1055 556 1095 devinctus
575 1057 627 1094 ob
648 1059 903 1094 excaecatum
920 1053 1106 1091 loannem
1121 1050 1338 1103 pupillum,
1366 1048 1524 1098 scribit,
1552 1047 1622 1091 in·->

158 1125 297 1163 quam,
326 1113 377 1150 in.
394 1112 504 1151 hunc
532 1113 716 1151 modum:
748 1108 848 1152 κατοὶ
872 1105 1127 1150 τοῦτον-τὸνι
1146 1102 1292 1160 χρόνον
1312 1101 1570 1156 ἐπεσκότησεν
1588 1103 1620 1157 ἦ

158 1165 304 1220 σελήνη
327 1166 397 1210 τόν
413 1167 530 1222 ἥλιον
549 1168 638 1223 ἄρτι
666 1165 742 1221 τήν
770 1170 853 1208 τοῖν
877 1162 1060 1218 διδύμων
1077 1161 1268 1215 τετάρτην
1284 1159 1621 1216 παραλλάττοντα,

156 1225 248 1278 περὶ
275 1223 384 1277 ὤραν
411 1224 488 1279 πρὸ
515 1226 761 1278 μεσημβρίας
787 1223 926 1278 τρίτην
956 1225 1030 1275 τῆς
1063 1221 1247 1271 εἰκοστῆς
1270 1217 1451 1271 πέμπτης
1468 1216 1620 1271 ἡμέρας

155 1285 234 1323 τοῦ
252 1283 387 1335 μαΐου,
417 1286 490 1323 τοῦ
508 1279 632 1337 ,ςψοέ
663 1281 788 1330 ἔτους.
843 1273 900 1330 ἦν
911 1276 984 1332 μὲν
1004 1271 1081 1319 οὖν
1100 1276 1131 1330 ἦ
1148 1279 1259 1318 πᾶσα
1278 1274 1454 1326 ἔκλειψις
1474 1271 1622 1315 δακτύ-

158 1342 240 1380 λων
271 1338 427 1393 ἔγγιστα
454 1339 722 1389 δυωκαίδεκα,
762 1335 956 1377 τοσοῦτον
986 1333 1031 1376 δὲ
1051 1330 1151 1375 κατοέ
1179 1329 1247 1374 τὸν
1268 1331 1389 1384 μέσον
1407 1334 1482 1383 τῆς
1500 1331 1622 1372 ἐκλεί-

158 1406 270 1445 ψεως
286 1392 432 1448 χρόνον
448 1393 621 1449 ἐγεγόνει
638 1393 682 1436 τὸ
709 1389 850 1441 σκότος
872 1391 964 1445 περὶ
988 1389 1063 1444 τήν
1089 1392 1168 1444 γῆν
1191 1388 1248 1437 οἷς
1262 1387 1332 1429 καὶ
1351 1386 1524 1436 πολλούς
1541 1391 1626 1428 τῶν

158 1448 333 1504 ἀστέρων
353 1454 545 1504 φανῆναι.
602 1452 677 1490 sub
697 1455 772 1489 ltoc
792 1457 949 1501 tempus
970 1448 1205 1486 obscuravit
1228 1447 1332 1499 luna
1354 1445 1476 1483 solem
1493 1459 1626 1497 quar-

158 1516 249 1547 tum
268 1509 881 1548 Geminorumtransmittentem
895 1504 1095 1558 gradum,
1124 1506 1238 1542 circa
1263 1502 1407 1544 horam
1435 1510 1528 1540 ante
1546 1516 1625 1546 mef

159 1565 304 1604 ridiem
325 1567 487 1604 tertiam
512 1568 680 1618 quintae
695 1579 744 1602 ac
766 1565 983 1616 vigesimae
1000 1561 1083 1600 diei
1100 1563 1222 1611 Maii,
1253 1561 1354 1598 anni
1368 1559 1493 1601 6785.
1525 1559 1623 1610 suit

150 1637 278 1675 porro
299 1630 386 1661 tota
413 1624 572 1674 eclipsis
595 1621 822 1675 digitorum
838 1622 1023 1673 proxime
1047 1617 1272 1656 duodecim.
1329 1621 1470 1654 tantae
1489 1623 1623 1654 autem

158 1680 233 1718 sub
254 1679 432 1718 medium
453 1679 625 1733 deliquii
638 1687 790 1731 tempus
808 1678 990 1716 tenebrae
1012 1678 1124 1714 circa
1144 1683 1294 1713 terram
1320 1675 1552 1722 extiterunt,
1578 1679 1625 1711 ut

159 1743 197 1775 et
212 1738 365 1775 multae
384 1737 596 1775 stellarum
616 1742 867 1789 apparerent.
922 1734 978 1772 ita
1004 1733 1198 1784 Gregoras
1218 1730 1407 1769 describit
1431 1730 1624 1781 insignem

157 1807 322 1846 prorsus
355 1800 397 1832 et
428 1793 671 1833 horrendam
707 1793 798 1831 solis
833 1791 1088 1830 desectionem
1119 1787 1457 1840 Constantinopoli
1495 1787 1623 1826 visam

157 1850 276 1903 paulo
294 1856 505 1901 antequam
525 1855 853 1889 exauctoraretur
881 1848 1100 1888 Germanus
1122 1851 1163 1885 et
1180 1844 1368 1896 Iosephus
1388 1844 1431 1882 in
1454 1844 1535 1882 eius
1554 1843 1621 1882 lo·-

158 1919 249 1946 cum
277 1907 578 1946 substituendus
605 1908 824 1959 eligeretur.
881 1905 990 1956 quod
1006 1910 1222 1957 utrumque
1252 1902 1321 1940 illo
1347 1915 1451 1939 anno
1471 1914 1494 1938 a
1515 1901 1621 1939 Gre-

157 1978 251 2016 gora
266 1965 442 2004 indicato
462 1978 574 2003 aerae
595 1965 838 2003 Graecorum
860 1962 985 2011 6785,
1007 1961 1086 2000 hoc
1104 1966 1164 1999 est
1181 1972 1295 1998 aerae
1311 1964 1471 1998 nostrae
1495 1961 1618 2006 1267,

157 2021 331 2060 evenisse
359 2036 431 2061 nos
452 2034 609 2073 quoque
638 2021 880 2060 ostendimus
906 2019 1085 2071 superius
1103 2031 1144 2056 n.
1163 2020 1190 2058 2
1210 2030 1243 2055 c.
1262 2019 1300 2058 6.
1358 2027 1481 2066 quare
1494 2014 1528 2052 si
1545 2014 1621 2053 de—

156 2085 379 2116 monstrare
404 2079 649 2131 potuerimus
675 2078 756 2116 fide
782 2076 1009 2115 tabularum
1037 2081 1076 2113 et
1102 2073 1317 2112 ratiociniis
1344 2070 1617 2110 astronomicis

155 2133 247 2172 solis
265 2134 479 2187 deliquium
496 2142 579 2173 tam
606 2134 778 2182 notabile
798 2134 839 2171 in
856 2132 957 2170 urbe
973 2137 1055 2169 tam
1080 2130 1275 2181 frequenti
1292 2129 1396 2167 circa
1414 2127 1617 2168 meridiem

157 2196 396 2242 spectatum,
426 2205 518 2229 cum
544 2183 724 2230 omnibus
749 2189 831 2228 eius
861 2188 1087 2227 memoratis
1107 2186 1428 2235 circumstantiis,
1465 2185 1533 2223 illo
1550 2197 1618 2223 re-

158 2260 253 2286 vera
273 2247 394 2285 fuisse
427 2248 675 2286 commissum
700 2262 824 2295 anno,
863 2259 978 2284 nemo
999 2259 1081 2284 non
1099 2244 1213 2282 videt
1230 2257 1414 2294 magnum
1433 2241 1526 2280 inde
1542 2242 1617 2281 fir·-

157 2310 401 2343 mamentum
429 2318 675 2343 accessurum
698 2311 739 2343 et
761 2303 976 2343 ratiociniis
998 2301 1144 2341 nostris
1165 2306 1203 2338 et
1226 2300 1318 2339 fidei
1336 2299 1618 2338 historicorum

159 2374 329 2412 quorum
349 2362 584 2400 auctoritate
601 2362 779 2402 nitimur.
835 2359 934 2397 haec
954 2372 1016 2397 me
1046 2371 1133 2410 spes
1150 2357 1308 2410 impulit
1329 2357 1380 2396 ad
1395 2356 1620 2408 rogandum

157 2415 230 2469 per
258 2418 391 2456 literas
418 2419 465 2456 R.
486 2419 528 2456 P.
549 2418 734 2456 Iacobum
765 2416 969 2455 Grantami
1000 2415 1196 2454 societatis
1226 2420 1402 2463 nostrae,
1427 2414 1619 2467 ‘Lutetiae

156 2474 394 2513 Parisiorum
409 2475 626 2527 degentem,
647 2481 696 2513 ut
715 2474 943 2525 dignaretur
958 2472 1069 2511 istius
1081 2471 1233 2523 eclipsis
1262 2471 1432 2510 calculos
1457 2484 1619 2522 ponere.

159 2531 252 2570 fecit
275 2531 341 2569 ille
372 2546 445 2584 pro
471 2538 610 2571 suaet
639 2532 859 2570 eruditione
886 2537 926 2568 et
946 2528 1507 2581 humanitate<praestantibus
1527 2529 1618 2566 dili—

157 2588 388 2640 gentissime,
416 2595 537 2641 prout
552 2601 603 2627 ex
619 2589 700 2627 eius
720 2588 771 2626 ad
793 2601 855 2626 me
874 2587 1003 2637 missa,
1025 2600 1142 2639 quam
1159 2585 1226 2625 hic
1244 2586 1473 2634 adscribam,
1503 2598 1620 2623 exer-

158 2645 347 2684 citatione
367 2644 623 2684 astronomica
643 2645 802 2697 patebit.

271 2703 317 2741 Il.
373 2703 503 2741 Iacobi
529 2703 736 2741 Grantami
768 2715 790 2740 e
815 2702 1002 2741 societate
1030 2701 1117 2740 Iesu
1144 2700 1392 2753 epilogismus
1422 2697 1616 2736 novilunii

159 2758 328 2810 ecliptici
354 2773 457 2798 anno
490 2759 637 2798 Christi
667 2762 788 2809 1267,
815 2760 882 2802 25.
910 2758 1022 2808 Maii,
1050 2758 1162 2798 iuxta
1191 2758 1346 2797 tabulas
1361 2754 1614 2794 subsidiarias

157 2813 390 2854 Rudolfinas
421 2816 471 2855 ad
503 2816 765 2855 meridianum
789 2815 1268 2869 constantinopolitanum
1284 2818 1502 2855 revocatas.
1539 2825 1612 2849 an-

157 2884 232 2910 nus
250 2871 282 2910 is
302 2879 361 2912 est
378 2874 596 2914 communis
607 2903 619 2927 ‚
657 2887 738 2913 non
756 2873 977 2919 bissextilis.
1496 2883 1498 2885 ·
