1884 3262
253 232 352 277 270
672 230 910 274 GEORGII
943 231 1295 278 PACHYMERIS

255 344 450 386 ἀπελθεῖν
471 341 585 392 τινὰς
610 342 673 384 ἐπὶ
701 347 755 400 τῇ
785 347 869 387 τῶν
890 342 1015 401 ἇγίων
1041 343 1280 402 παραλήψει
1292 379 1306 400 ,
1345 343 1400 391 ὧν
1423 350 1489 391 καὶ
1514 349 1640 400 αὐτὸς
1656 345 1722 406 ἦν,

256 412 452 467 στραφεὶς
471 410 575 467 πρὸς
593 411 692 461 τούς
712 412 980 469 πεμφθέντας
1012 414 1257 471 ((ἇδελφοΨ
1286 413 1416 470 εἶπεν,
1453 422 1484 442 “
1494 417 1584 461 ἰδοὺ
1608 417 1724 473 ἡτοι-

253 477 451 535 μάσθην,
489 481 557 521 καὶ
592 479 640 522 οὗ
670 479 1016 538 ταραχθήσομαι,
1055 482 1131 526 κᾶν
1153 482 1175 526 ὅ
1200 501 1237 526 τι
1258 486 1325 527 καὶ
1347 485 1417 528 ἐπ’
1443 486 1532 540 ἐμοὶ
1554 485 1725 540 βούλοι-

254 552 347 591 σθε.
418 547 465 591 τὸ
488 543 560 590 οῦν
578 546 798 606 ῦμέτερον,
832 549 888 600 ὥς
910 552 1037 608 φατέ,
1072 550 1354 609 κατεπράχθη.
1425 554 1637 610 πραττέτω
1656 556 1724 598 καὶ

254 616 302 659 τὸ
336 620 473 659 λεῖπον
507 615 528 660 ὅ
564 615 757 669 βασιλεύς
767 652 780 671 ,
817 621 884 662 καὶ
919 618 1021 662 ὅπου
1050 621 1156 663 ῗτέον
1179 619 1277 677 ἦμΐν
1301 623 1344 672 ἐξ
1368 621 1497 677 αὐτῆς
1514 624 1758 676 κελευέτω,5

203 697 233 731 C
258 684 460 740 ἢμᾶλλον
479 686 669 740 πεμπέτω
697 689 764 729 καὶ
791 687 891 737 τοὺς
911 687 1159 740 ἀπάξοντας.
1229 690 1326 733 οὐδὲ
1355 690 1433 746 γὰρ
1464 691 1649 748 ἓρίσομεν
1676 692 1725 736 τὸ

253 751 477 810 παράπαν,
515 753 590 797 κᾶν
621 756 739 812 ξίφος
769 756 1082 812 προσετοιμάζοι
1103 757 1442 803 κᾶν·θάνατον.”
1511 760 1636 803 ταῦτ’
1668 762 1726 803 εἲ-

255 822 344 865 πών
373 822 580 874 ἀπέπεμπε
607 824 703 878 μετ’
730 822 891 881 εἰρήνης
910 824 1091 880 πάντας,
1130 827 1257 878 αὐτὸς
1279 829 1324 871 δὲ
1341 835 1428 878 τοῖς
1449 826 1559 878 ὅλοις
1581 831 1726 884 ἐξαμε-

255 889 384 947 λήσας
406 890 588 947 ἐκάθητο
599 925 621 945 ,.
650 893 698 936 τὸ
721 893 802 936 ἀπὸ
824 898 897 937 τοῦ
915 900 1165 951 κρατοῦντος
1184 896 1397 951 ἀναμένων
1415 894 1676 953 πρόσταγμα.

201 973 232 1006 D
395 961 439 1005 8.
509 961 602 1012 Νὺξ
619 956 692 1015 ἦν,
731 963 825 1019 περί
842 981 922 1006 που
943 963 996 1006 τιὶ
1015 968 1226 1007 τελευταῖα
1248 970 1542 1018 Πυαντιῶνος,
1577 965 1643 1008 ὅτε
1660 967 1726 1009 καὶ
1738 974 1783 1008 10

254 1028 358 1083 πρὸς
390 1028 439 1071 τὸ
469 1028 742 1087 αἲθριώτερον
773 1033 1026 1075 καθίσταται
1057 1031 1077 1076 ὃ
1105 1033 1187 1090 ἀὴρ
1221 1039 1304 1077 τῶν
1336 1033 1417 1077 ἀπὸ
1438 1039 1512 1077 τοῦ
1527 1039 1727 1090 χειμῶνος

256 1097 503 1151 ἀπαλλαγεὶς
530 1100 762 1156 δυσχερῶν,
799 1099 848 1143 τὸ
870 1100 975 1143 πολὺ
997 1106 1072 1156 τῆς
1089 1104 1251 1152 νοτίδος
1272 1100 1509 1156 ἀποβαλών.
1583 1105 1650 1145 καὶ
1673 1103 1726 1158 δὴ

254 1167 330 1220 τὴν
349 1165 517 1222 πρώτην
535 1168 723 1224 φυλακὴν
745 1172 820 1223 τῆς
836 1169 982 1219 νυκτὸς
1000 1171 1152 1226 ἐκείνης
1171 1172 1210 1214 οἳ
1230 1176 1303 1213 τοῦ
1320 1171 1523 1226 βασιλέως
1541 1171 1725 1225 πέμπον-

255 1252 324 1277 ται
355 1235 424 1291 ἐφ’
448 1229 557 1294 ᾧπερ
586 1236 656 1279 τὸν
688 1237 1048 1280 καταδικασθέντα
1067 1237 1362 1295 καταγαγόντες
1381 1239 1600 1296 ἀπαγαγεῖν
1620 1238 1725 1284 ὅπου

256 1305 324 1345 καὶ
343 1302 705 1360 προσετάχθησαν.
776 1303 832 1354 ὦς
849 1310 950 1361 γοῦν
971 1306 1118 1349 αὐτίκα
1139 1306 1357 1364 κατήγετο,
1388 1309 1533 1363 ἐπιβὰς
1552 1313 1627 1352 τοῦ
1650 1326 1724 1363 με·-
1738 1314 1782 1349 15

254 1374 396 1427 γίστου
419 1376 545 1424 ναοῦ,
582 1373 684 1423 στὰς
705 1373 807 1428 πρὸς
826 1381 916 1424 ταῖς
933 1376 1141 1431 μεγίσταις
1160 1374 1308 1427 πύλαις
1315 1410 1328 1429 ,
1367 1377 1555 1433 ἀφωσίου
1576 1382 1634 1436 τῷ
1657 1379 1725 1421 δε-

204 1450 236 1483 Ε
260 1438 393 1497 σπότῃ
411 1443 584 1499 Χριστῷ
604 1441 655 1484 τὰ
675 1439 963 1499 εὖχαριστήρια
981 1449 1223 1500 προσκυνῶν
1240 1463 1283 1488 τε
1302 1447 1368 1488 καὶ
1387 1443 1725 1500 συνταττόμενος.

146 1502 149 1505 ⁴
255 1507 311 1559 ὥς
353 1508 397 1551 ‹5‘
430 1507 569 1561 ἔμελλε
604 1510 672 1552 διὰ
706 1515 782 1565 τῆς
811 1511 907 1554 κατ’
933 1512 1138 1563 ἀνατολὰς
1167 1511 1298 1570 πύλης
1327 1515 1563 1570 ἐξέρχεσθαι
1596 1515 1667 1572 ἐφ’
1692 1509 1726 1572 ᾧ

254 1581 502 1631 καταλαβεῖν
536 1578 584 1620 τὸ
619 1580 660 1621 ἐν
690 1583 740 1636 τῇ
777 1578 987 1640 Βαρβάρα
1021 1579 1255 1640 κελλύδριον
1289 1587 1364 1625 τοῦ
1398 1587 1725 1640 θαυματουργοῦ

254 1644 488 1697 Νικολάου,
529 1645 550 1689 ὃ
581 1647 632 1701 δὴ
663 1650 730 1690 καὶ
760 1650 979 1692 συνίστατο
1012 1647 1104 1693 τότε
1136 1651 1240 1708 πρὸς
1268 1656 1319 1709 τῇ
1349 1649 1548 1709 θαλάσσῃ
1572 1654 1639 1694 καὶ
1670 1650 1782 1703 ὥς20

254 1713 442 1769 μετόχιον
473 1718 524 1771 τῇ
549 1714 684 1775 Ὀξεία
718 1714 912 1772 ἡρμόζετο
952 1718 1062 1776 (ἐκεῖ
1087 1718 1165 1775 γὰρ
1197 1721 1422 1777 προχείρως
1445 1718 1724 1773 κατεδικάζετο

256 1783 472 1836 ἀπελθεῖν,
504 1786 570 1825 καὶ
589 1789 712 1827 τοῦτο
732 1784 829 1828 κατ’
853 1788 1088 1842 οἰκονομίαν
1111 1786 1224 1843 οἶμαι
1246 1793 1372 1843 θεοῦ,
1410 1787 1472 1832 ὅτι
1493 1791 1559 1832 καὶ
1580 1789 1627 1832 τὸ
1647 1786 1724 1847 ῥά-

256 1963 294 1996 ut
324 1961 459 1996 dixerat
490 1963 733 2008 supellectilem
767 1966 942 1999 numerato
973 1965 1223 2011 recipiendam,
1267 1979 1450 2002 conversus
1480 1968 1524 2002 ad
1555 1967 1674 2003 missos
1702 1980 1723 2003 a

256 2008 386 2052 synodo
410 2010 625 2051 “fratres‚’'
659 2010 791 2055 inquit,
824 2014 899 2044 “en
922 2016 1062 2055 paratus
1087 2023 1179 2054 sum,
1203 2016 1239 2047 et
1261 2025 1326 2047 non
1350 2015 1535 2056 turbabor,
1558 2014 1723 2060 quidquid

258 2054 303 2087 de
338 2065 392 2088 me
423 2054 613 2089 volueritis.
661 2056 752 2101 quod
785 2061 996 2099 vestrarum,
1042 2060 1082 2091 ut
1113 2059 1244 2100 dicitis,
1275 2065 1352 2093 erat
1383 2060 1550 2105 partium,
1579 2059 1722 2093 fecistis.

256 2099 362 2134 faciat
385 2103 421 2133 et
442 2100 628 2146 imperator
650 2102 741 2147 quod
762 2101 926 2148 reliquum
952 2107 1025 2145 est,
1050 2106 1085 2137 et
1108 2116 1175 2150 quo
1199 2106 1344 2139 eundum
1366 2106 1462 2140 nobis
1484 2106 1533 2140 sit
1555 2106 1725 2151 extemplo

255 2146 491 2190 praescribat,
523 2152 584 2181 aut
611 2147 728 2193 potius
764 2148 823 2194 qui
852 2160 893 2182 eo
925 2148 1095 2183 deducant
1124 2150 1258 2185 mittat:
1294 2163 1361 2185 non
1396 2152 1484 2186 enim
1517 2151 1725 2193 resistemus,

256 2197 316 2226 aut
346 2191 531 2238 quidquam
564 2194 695 2228 omnino
727 2194 974 2237 recusabimus,
1004 2195 1081 2230 sive
1106 2196 1136 2230 is
1166 2197 1311 2241 gladium
1344 2197 1417 2232 sive
1446 2202 1588 2232 mortem
1621 2197 1724 2232 etiam

254 2241 397 2281 paret.'’
444 2238 498 2272 his
528 2239 631 2274 dictis
661 2239 788 2275 dimisit
817 2240 852 2274 in
881 2253 966 2286 pace
988 2253 1116 2279 omues.
1160 2242 1235 2288 ipse
1259 2244 1394 2289 placide
1416 2245 1561 2278 omnium
1583 2254 1725 2279 securus

253 2284 404 2326 assedit,
427 2285 469 2318 ab
493 2285 698 2330 imperatore
720 2286 911 2321 mandatum
933 2293 1128 2332 expectans.
1351 2300 1353 2303 ·

347 2331 381 2365 8.
427 2330 507 2364 Nox
531 2336 608 2366 erat
629 2332 767 2367 circiter
790 2338 942 2368 extrema
963 2333 1049 2367 Maii
1071 2334 1215 2377 mensis,
1245 2347 1320 2369 cum
1351 2335 1386 2369 in
1419 2335 1634 2370 serenitatem
1663 2345 1726 2368 ex-

255 2374 422 2409 hilaratus
454 2379 515 2410 aer
546 2389 589 2412 ex
625 2378 765 2413 hiberno
801 2379 936 2424 rigore,
972 2386 1007 2413 et
1028 2380 1177 2415 humoris
1200 2393 1262 2426 per
1283 2393 1410 2416 vernos
1433 2386 1573 2428 tepores
1595 2381 1724 2416 exube-

258 2420 366 2454 rantis
400 2426 501 2466 parte
531 2435 653 2467 magna
686 2425 859 2467 resoluta,
895 2425 1020 2471 liquido
1044 2426 1184 2461 liberius
1207 2427 1302 2462 coelo
1329 2428 1439 2470 ridet,
1476 2427 1611 2473 quando
1633 2427 1724 2460 cirea

258 2467 400 2511 primam
420 2467 568 2511 vigiliam
592 2470 773 2506 adfuerunt
795 2482 882 2517 quos
904 2471 1088 2516 imperator
1111 2473 1251 2508 miserat
1273 2473 1316 2508 ad
1341 2474 1595 2508 condemnatum
1613 2472 1723 2506 abdu-

257 2513 398 2546 cendum
422 2525 488 2558 quo
512 2514 598 2548 iussi
621 2521 729 2553 erant.
774 2517 802 2551 is
828 2529 902 2552 cum
925 2517 1175 2563 abduceretur,
1208 2519 1381 2564 superatis
1412 2519 1574 2564 gradibus
1605 2516 1723 2562 templi

254 2558 390 2593 maximi
421 2563 516 2593 stans
547 2561 590 2595 ad
618 2567 749 2606 portam
783 2564 942 2598 maiorem
966 2564 1097 2608 gratias
1120 2567 1191 2610 egit
1212 2566 1470 2600 venerabundus
1496 2564 1633 2599 Christo
1657 2563 1722 2597 do-

256 2605 361 2646 mino,
386 2605 533 2639 adorans
557 2610 592 2640 et
615 2611 654 2641 ut
675 2608 709 2641 in
732 2608 889 2654 digressu
911 2612 988 2644 vale
1010 2611 1136 2645 dicens.
1184 2623 1260 2646 mox
1284 2623 1358 2646 cum
1381 2611 1531 2645 exiturus
1550 2613 1643 2644 esset
1660 2619 1723 2654 per

255 2651 434 2685 obversam
457 2651 591 2686 Orienti
613 2658 769 2698 portam,
793 2659 832 2689 ut
856 2655 900 2689 ad
923 2655 1075 2690 cellulam
1097 2657 1134 2691 in
1156 2657 1311 2692 Barbara
1332 2657 1432 2692 sitam
1456 2655 1589 2690 mirifici
1613 2655 1723 2690 Nico-

258 2696 304 2730 lai
326 2708 364 2730 se
388 2698 559 2732 conferret
582 2699 653 2742 (ea
676 2703 756 2734 tunc
779 2700 979 2736 domuncula
1003 2703 1089 2737 mari
1110 2703 1266 2745 admota,
1289 2706 1324 2737 et
1346 2703 1390 2738 ad
1415 2701 1583 2736 Oxeensis
1606 2712 1723 2735 mona-

260 2742 360 2776 sterii
391 2742 444 2777 ius
478 2743 727 2790 dominiumque
758 2746 954 2791 pertinenS,
986 2748 1064 2782 ideo
1093 2753 1218 2794 parata
1248 2750 1362 2783 fuerat
1392 2747 1504 2782 obiter
1525 2746 1723 2791 excipiendo

259 2789 421 2832 Arsenio,
445 2790 536 2835 quod
558 2790 589 2825 ei
611 2791 724 2826 sedem
747 2792 837 2826 exilii
861 2793 951 2837 apud
976 2794 1125 2837 Oxeam,
1148 2795 1436 2840 opportunitatem
1458 2793 1636 2839 quamdam
1657 2791 1724 2826 loci

260 2838 418 2875 secutus,
451 2835 636 2881 imperator
657 2837 879 2880 decreverat,
903 2838 938 2872 id
961 2839 1054 2884 quod
1080 2841 1235 2886 equidem
1257 2852 1323 2874 non
1346 2839 1418 2874 sine
1440 2839 1576 2873 numine
1594 2840 1723 2872 factum

260 2880 431 2925 arbitror,
464 2882 543 2917 dum
566 2882 674 2918 animo
698 2889 819 2930 reputo
840 2895 973 2919 sacram
996 2887 1148 2921 monachi
1171 2890 1299 2921 vestem
1322 2898 1363 2920 ac
1386 2884 1630 2932 professionem
1652 2883 1724 2929 pri-
