1884 3262
275 209 372 256 682
676 204 990 250 OBSERVAT.
1023 203 1333 252 PACHYMER.

274 317 454 357 omnibus
466 314 625 355 Graecis
638 315 808 353 ecclesiis
824 314 1046 366 symbolum
1059 313 1241 365 deinceps
1259 310 1356 352 cnm
1367 311 1568 353 additione
1585 327 1730 352 vocum

272 373 467 414 vocabulo
481 373 658 424 filioque
687 372 1019 423 aequivalentium
1044 377 1292 419 cantaretur,
1321 372 1541 422 praemunit
1566 372 1729 418 animos,

272 431 464 482 piofitens
489 442 530 467 se
551 429 782 479 neutiquam
812 428 857 466 id
881 441 1102 480 passurum.
1159 402 1418 465 consentanee
1439 426 1503 465 his
1528 433 1567 465 et
1592 426 1732 466 Graeci

272 488 493 537 loquuntur
519 486 560 524 in
583 486 748 524 concilio
771 484 1002 524 Florentino
1037 497 1125 522 sess.
1155 485 1209 525 25
1239 497 1275 535 p.
1294 483 1375 526 508
1406 482 1466 522 ed.
1487 483 1578 534 Reg.
1595 481 1642 524 τό
1661 486 1733 535 τῆς

272 539 537 595 προσθήκης,
565 541 681 594 ’ἡμεῖς
699 558 747 583 ου
768 537 968 594 δεξόμεθα
989 536 1150 582 πώποτε
1172 537 1346 591 ταύτην,
1378 534 1471 579 ἀλλ’
1489 538 1734 593 ἐγχωροῦμεν

271 598 373 651 ’ὑμῖν
390 599 489 651 ἔχειν
518 595 668 650 ταύτην
694 598 738 639 έν
765 602 852 645 ταῖς
883 596 999 648 ὑμῶν
1026 597 1270 648 ἐκκλησίαις,
1303 612 1350 636 ου
1376 611 1463 663 μην
1485 595 1528 635 ἐν
1557 600 1643 643 ταῖς
1660 598 1733 647 τῆς

276 653 486 708 α’νατολῆς.
543 671 610 696 και
625 654 790 707 λέγομεν
816 651 878 695 ὃτι
901 649 1080 723 ανάγκης
1106 648 1429 722 κατεπειγούσης
1437 647 1672 722 αἶνεπτνξατε
1690 667 1736 692 το

276 709 363 765 σύμ
362 714 497 753 Θολον·
528 711 596 752 και
617 708 667 752 ου’
675 711 856 780 λέγομεν
875 726 950 762 την
969 710 1012 751 ἐκ
1031 712 1105 751 τοῦ
1122 710 1217 750 υἱοῦ
1237 705 1380 760 φωνήν
1399 704 1429 761 ἢ
1446 707 1582 762 ἑτέραν
1601 708 1735 748 πίστιν

273 766 303 821 ἢ
324 765 566 821 προσθήκην
596 764 710 817 τινά,
752 763 842 809 ἀλλ’
871 764 1037 835 ευσεβῆ,
1080 765 1149 806 καὶ
1184 762 1409 834 σαφήνειαν
1436 767 1512 804 τοῦ
1541 762 1734 835 ἡμετέρου

273 823 491 878 συμβόλου.
549 824 617 865 καὶ
643 824 720 865 εἰσὶ
737 840 785 864 τα
805 821 985 876 σύμβολα
1008 819 1215 875 α’μφότερα
1243 819 1424 890 ευσεβῆ,
1448 820 1516 862 καὶ
1549 821 1658 872 ωμον
1662 835 1734 871 οη·-

216 927 221 935 Ῑ,
275 881 374 935 μένα
392 881 579 950 λέγεσθαι
598 881 640 922 ἐν
664 884 714 937 τῇ
739 896 822 921 των
842 879 1044 932 Ῥωμαίων
1071 879 1278 934 ἐκκλησία,
1306 874 1446 926 naenig
1463 876 1579 929 ’ὑμεῖς
1584 876 1734 944 λέγετε,

276 938 345 978 καὶ
369 937 412 978 ἐν
434 941 485 1009 τῇ
504 935 741 992 ανατολικῇ,
771 934 914 983 καθως
940 933 1055 976 αὐτοὶ
1081 935 1196 987 ’ἡμεῖς
1225 934 1400 988 λέγομεν.
1457 933 1525 974 καὶ
1544 930 1648 973 οὕτω
1668 947 1735 986 γε-

275 995 410 1035 νέσθω
429 1011 455 1046 η
477 994 629 1042 ἕνωσις.
679 994 727 1031 de
746 992 979 1031 additione.-
1005 1006 1079 1030 nos
1097 993 1214 1029 illam
1224 1005 1435 1043 nunquam
1459 989 1734 1038 admittemus,

274 1050 347 1088 sed
369 1065 455 1088 eam
475 1051 620 1089 ‘vobis'
605 1065 648 1087 m
665 1052 808 1088 vestris
830 1050 1005 1086 ecclesiis
1020 1048 1164 1086 hahere
1175 1050 1468 1100 permittimus,
1497 1060 1576 1085 non
1599 1053 1734 1084 autem

275 1110 319 1146 in
345 1107 641 1155 Orientalibus,-
682 1106 938 1157 dicimusque
963 1105 1187 1159 symbolum
1213 1118 1240 1141 a
1267 1104 1379 1141 tobis
1395 1104 1640 1155 explicatum
1661 1116 1733 1140 ne-

274 1166 459 1202 cessitate
487 1171 669 1215 cogente3
710 1170 746 1200 et
772 1175 906 1200 vocem
932 1162 1050 1200 illam
1076 1174 1126 1198 ex
1152 1160 1233 1199 filio
1263 1174 1343 1198 non
1370 1174 1448 1197 esse
1465 1160 1595 1197 aliam
1607 1157 1733 1209 fidem

276 1228 351 1258 aut
372 1219 544 1272 aliquod
557 1218 910 1267 additamentum,
940 1217 1012 1255 scd
1021 1218 1140 1268 piam
1156 1224 1192 1254 et
1209 1218 1337 1255 nostri
1356 1230 1400 1266 ⁸3
1395 1215 1525 1253 mholi
1542 1216 1735 1266 explana-

277 1279 446 1326 tionem3
476 1283 511 1313 et
528 1290 608 1313 esse
625 1282 843 1327 utrumque
867 1274 1091 1324 symbolum
1107 1275 1224 1323 pium
1250 1280 1286 1310 et
1308 1272 1482 1310 eiusdem
1503 1273 1733 1321 sententiae,

276 1341 324 1371 ut
343 1335 385 1370 in
405 1333 571 1371 ecclesia
588 1333 779 1373 Romana
811 1333 1000 1368 recitetur
1019 1331 1127 1367 sicut
1150 1344 1220 1367 vos·
1243 1328 1382 1366 dicitis
1407 1336 1443 1366 et
1468 1330 1511 1366 in
1533 1328 1732 1367 Orientali

277 1397 322 1429 ut
333 1403 407 1429 nos
431 1391 513 1442 ipsi
532 1388 733 1440 dicimus,
763 1394 886 1440 atque
904 1389 965 1425 ita
975 1385 1223 1437 faciendam
1245 1387 1447 1426 unionem.

384 1495 423 1533 p.
440 1479 525 1523 460
541 1493 583 1522 v,
606 1482 645 1522 8.
703 1474 753 1520 ου’
773 1479 979 1531 προΐσχετο
1004 1474 1106 1525 ολως
1129 1473 1230 1529 αὕτη
1251 1478 1332 1517 τῶν
1352 1475 1472 1528 ἷερων
1490 1489 1732 1527 πραγματων

272 1534 451 1586 ἀνάξιον.
507 1535 602 1574 hinc
624 1542 790 1587 apparet
811 1535 1051 1573 existimasse
1065 1534 1263 1572 Graecos*
1253 1547 1294 1572 m
1320 1533 1488 1571 formula
1513 1530 1732 1570 abdicatio-

271 1595 333 1634 nis
353 1600 424 1632 aut
443 1592 696 1646 depositionis
718 1592 880 1631 alicuius
899 1604 950 1629 ex
972 1590 1180 1643 episcopali
1204 1589 1395 1641 dignitate
1420 1588 1656 1636 necessario,
1683 1593 1738 1625 ut‘

269 1651 403 1692 valida
425 1655 673 1698 censeretur,
705 1648 872 1700 exprimi
894 1647 1057 1697 debere,
1086 1661 1177 1686 eum
1205 1648 1271 1697 qui
1299 1645 1510 1697 deponitur
1527 1645 1732 1696 indignum

270 1721 317 1747 eo
337 1709 425 1747 loco
446 1713 485 1745 et
510 1708 690 1772 ineptum
720 1706 849 1745 officio
880 1717 973 1743 esse.
1029 1717 1127 1755 quae
1146 1717 1262 1742 causa
1279 1703 1357 1741 fuit
1373 1703 1527 1740 Nicetae
1551 1701 1730 1752 episcopo

272 1764 522 1804 11e1acleens1
544 1764 662 1802 misso
681 1777 704 1800 a
724 1762 876 1814 synodo
904 1761 955 1799 ad
972 1760 1179 1799 Arsenium
1199 1759 1489 1812 patriarcham,
1517 1764 1731 1811 postquam

272 1823 306 1859 is
325 1822 373 1859 ab
392 1821 550 1859 ecclesia
571 1821 722 1870 fugiens
746 1820 788 1857 in
807 1818 1088 1857 monasterium
1109 1822 1344 1864 recesserat,
1374 1821 1421 1853 ut
1448 1815 1496 1852 ab
1520 1827 1567 1852 eo
1586 1813 1730 1851 cessio-

271 1891 362 1916 nem
383 1875 673 1929 patliarcliatus
695 1876 887 1925 exigeret,
918 1887 1053 1921 causa,
1081 1874 1266 1923 inquam,
1293 1872 1391 1910 haec
1414 1872 1448 1908 ei
1467 1871 1542 1909 suit
1557 1868 1730 1908 instandi

272 1940 322 1972 ut
337 1934 381 1971 in
397 1933 566 1972 formula
588 1930 863 1979 abdicationis,
893 1942 1011 1979 quam
1026 1929 1212 1968 Arsenius
1239 1929 1407 1967 libenter
1424 1927 1565 1975 dabat,
1593 1925 1730 1976 expri-

274 1996 450 2029 meletur
468 1989 673 2040 indignum
693 2000 782 2026 eum
805 1985 1023 2024 sacerdotio
1049 1985 1187 2033 fuisse,
1217 1981 1384 2032 ἅναξιον
1406 1986 1478 2035 τῆς
1496 1978 1728 2035 ἱερωσύνης,

274 2045 395 2097 idque
416 2046 473 2094 εἰς
491 2043 536 2086 τό
557 2048 630 2098 τῆς
657 2038 932 2096 παραιτήσεως
955 2039 1139 2096 εὔλογον,
1181 2049 1228 2079 ut
1252 2039 1454 2081 videretur
1472 2037 1616 2077 idonea
1643 2051 1728 2076 ces-

275 2105 404 2142 sionis·
422 2116 574 2151 causa,
602 2106 724 2154 prout
739 2105 926 2138 narratur
946 2112 969 2136 a
987 2103 1123 2137 nostro
1150 2112 1189 2151 p.
1213 2096 1291 2140 115
1314 2109 1352 2138 v.
1377 2097 1416 2139 5.

386 2179 525 2234 p.461
545 2194 584 2221 v.
599 2183 662 2223 19.
720 2181 758 2217 is
774 2186 859 2216 erat
881 2185 978 2215 tunc
1002 2178 1198 2216 Urbanus.
1256 2173 1608 2215 demonstrabimus
1626 2150 1730 2212 inse-

274 2237 358 2276 rius
376 2195 413 2280 lp
425 2241 450 2279 3
469 2241 572 2280 c.10
589 2237 632 2275 in
650 2235 870 2284 Chronico,
902 2234 954 2273 ad
972 2247 1119 2272 annum
1152 2237 1271 2282 1279,
1306 2246 1387 2271 non
1409 2232 1611 2269 Urbanum
1630 2235 1728 2268 tunc

275 2294 391 2332 fuisse
412 2307 576 2345 papam,
606 2292 675 2331 sed
704 2292 908 2331 Nicolaum
940 2291 1007 2341 111,
1036 2297 1081 2331 ut
1108 2290 1317 2329 memoriae
1345 2294 1414 2327 aut
1433 2287 1570 2326 calami
1594 2286 1727 2337 lapsus

276 2349 343 2388 hic
362 2349 630 2402 agnoscendus
649 2349 719 2401 sit,
749 2361 883 2388 erroie
902 2354 1034 2387 tamen
1051 2347 1093 2386 in
1114 2347 1242 2385 omnia
1259 2344 1494 2398 exemplaria
1508 2343 1661 2382 diffuso.

386 2443 424 2480 Ρ
443 2427 524 2472 467
542 2442 581 2470 v.
602 2431 640 2472 5-
680 2430 791 2480 δῶρα
809 2425 880 2482 μὲν
898 2427 1021 2470 δέκτο.
1050 2432 1204 2479 sumpta
1221 2425 1320 2464 haeo
1338 2437 1389 2462 ex
1398 2423 1570 2463 Homero
1581 2421 1688 2461 Iliad.
1700 2423 1732 2475 β

274 2499 315 2524 v.
333 2483 434 2527 420:
472 2481 562 2525 ἄλλ’
594 2484 661 2540 όγε
688 2485 800 2526 δέκτο
829 2483 900 2550 “i''
932 2501 1024 2539 ιρα,
1061 2480 1211 2525 πόντον
1235 2478 1274 2522 δ’
1307 2477 1528 2550 ἀμέγαρτον
1547 2477 1723 2531 ὄφελλεν.

272 2541 380 2580 unde
401 2547 441 2579 et
464 2542 705 2580 correximus
724 2541 861 2593 quod
849 2556 894 2580 111
911 2554 971 2580 ms
985 2540 1122 2581 vitiose
1138 2539 1339 2591 legebatur
1359 2535 1548 2589 ὄφελλεν.

135 2632 163 2665 Ρ
184 2629 251 2667 479
386 2634 425 2672 Ρ
435 2619 516 2662 469
537 2634 578 2660 v.
594 2623 658 2662 17.
717 2636 763 2658 ον
764 2623 932 2659 acutum
949 2621 1197 2673 insculptum
1216 2619 1412 2657 marmori
1429 2622 1502 2655 etc.
1541 2614 1617 2653 hoc
1631 2626 1723 2651 ora-

274 2677 408 2715 culum
430 2677 621 2727 Gregoras
644 2676 829 2715 describit
846 2678 872 2716 l.
893 2678 919 2720 5
937 2691 977 2730 p.
995 2680 1085 2719 67.
1105 2690 1177 2715 nos
1193 2675 1259 2714 hic
1271 2674 1374 2713 illud
1393 2686 1444 2712 ex
1463 2671 1632 2722 margine
1652 2682 1722 2707 co·-

276 2733 375 2771 dicis
411 2733 614 2771 Barberini
640 2740 976 2785 repraesentamus
1005 2746 1094 2772 cum
1121 2731 1279 2771 nomine
1305 2730 1474 2770 auctoris
1498 2741 1523 2766 a
1551 2728 1724 2797 G’regora

276 2790 409 2839 taciti,
441 2789 559 2828 etiam
583 2789 701 2841 paulo
728 2790 893 2828 auctius.
949 2803 1042 2828 nam
1067 2789 1165 2828 haee
1189 2788 1325 2828 verba
1339 2786 1406 2831 καὶ
1425 2782 1469 2829 τὸ
1494 2799 1575 2839 παρ
1611 2782 1724 2838 Ἡρα·

276 2847 411 2888 πλείου
429 2847 634 2899 πολίχνιον
653 2845 762 2899 apud
779 2846 994 2898 Gregoram
1014 2859 1095 2886 non
1119 2849 1360 2898 comparent.
