1846 3262
229 186 327 234 176
637 186 874 232 GEORGII
918 189 1275 238 PACHYMERIS

173 307 204 343 B
228 306 286 360 τῷ
307 301 418 357 ’Άρει
447 299 710 352 σπένδοντες·
757 303 799 345 ἓν
834 304 881 347 δὲ
909 306 1061 355 νοτίοις
1087 306 1327 351 τούναντίον
1359 306 1483 353 ἅπαν.
1553 311 1696 355 ἐκεῖνοι

222 372 302 430 γὰρ
334 370 497 427 εὐφυεῖς
524 371 599 424 μὲν
625 370 760 423 ἄλλως
779 375 845 415 καὶ
866 372 967 430 ι’ίγαν
987 377 1146 417 συνετοὶ
1178 378 1245 418 καὶ
1263 375 1424 434 ἄριστοι
1445 378 1496 421 τὰ
1517 379 1560 428 ἒς
1576 385 1696 422 πολι-

223 443 336 484 τείαν
369 440 435 482 καὶ
468 439 614 493 τέχνας
642 443 710 483 καὶ
740 442 881 498 λογικὰ
900 441 1138 499 μαθήματα
1157 447 1223 486 καὶ
1243 447 1400 499 βουλὰς
1423 447 1497 504 ἐφ’
1516 446 1692 507 ἑκάστῳ,

220 511 380 564 «νωθροὶ
408 509 453 551 δὲ
463 508 515 551 τὰ
537 511 578 558 ἐς
599 507 732 566 ὁρμὰς
751 513 819 554 καὶ
836 514 1014 566 μαλακοὶ
1032 512 1136 567 πρὸς
1154 512 1293 568 μάχας
1311 519 1377 557 καὶ
1399 515 1697 574 ἀπραγμοσύνῃ

222 582 384 633 μᾶλλον
409 580 608 630 συζῶντες
631 579 748 636 ὀλίγα
769 580 871 635 ἔχειν
891 580 917 636 ἢ
942 582 1074 623 πολλὰ
1093 586 1529 638 πολυπραγμονοῦντες
1552 585 1730 639 «Apud—5

222 665 350 702 μενοι.
420 645 579 690 τούτων
610 649 655 691 δὲ
685 649 757 692 τὸν
784 648 900 704 ἣλιον
933 648 1161 693 αἰτιάσαιτ’
1197 651 1248 694 ἄν
1271 669 1332 702 τις
1365 653 1698 710 φυσικευόμενος,

170 726 203 761 C
227 721 287 776 τῷ
318 717 392 771 μὲν
423 715 576 770 ὁμιλεῖν
610 717 727 773 ὀλίγα
760 720 827 761 καὶ
858 718 960 775 πρὸς
989 719 1125 774 ὀλίγον
1157 719 1205 762 οὗ
1222 722 1398 777 μετρίως
1417 723 1698 778 θερμαίνοντα

225 786 298 830 τὸν
329 785 574 843 ἐγκέφαλον,
629 784 730 830 ὅθεν
765 789 833 830 καὶ
863 786 890 843 ἦ
929 788 1079 845 εὐφυΐα
1104 791 1400 845 προσγίνεσθαι
1425 791 1604 848 πέφυκε,
1650 791 1698 834 τὸ

226 855 358 911 δέρμα
390 856 434 898 δὲ
463 860 746 909 σι’μπιλοῦντα
777 855 1102 915 ἀπεργαζόμενον
1140 865 1224 908 τοῖς
1252 859 1390 913 μέλεσι
1418 859 1493 915 τὴν
1527 859 1700 916 στερρό-

226 942 360 980 τητα,
397 925 461 966 ἐπὶ
493 925 537 967 δὲ
567 923 730 980 θάτερα
759 930 842 968 τῶν
871 930 1007 981 μερῶν
1030 931 1087 985 τῷ
1117 927 1180 969 ἐπὶ
1203 928 1324 970 πλέον
1345 925 1499 983 ὁμιλεῖν
1520 931 1698 985 θερμαί·
1713 940 1756 974 10

228 1010 355 1038 νοντα
386 994 460 1047 μὲν
486 995 542 1043 εἷς
572 994 771 1052 εἰφυῖαν,
816 993 985 1038 ἔκλυτον
1018 996 1063 1037 ὁ)
1096 997 1152 1045 εἷς
1183 995 1354 1051 ἀνδρίαν
1378 996 1701 1054 ἀπεργαζόμενον

231 1063 308 1118 τὴν
338 1061 573 1115 ὃλομίλειαν
602 1068 685 1106 τῶν
717 1062 948 1117 σωμάτων·
994 1066 1382 1116 σνμμεταιίθεσθαι
1405 1066 1484 1122 γὰρ
1511 1074 1597 1116 τοῖς
1615 1065 1701 1111 σώ-

231 1149 335 1188 μασι
356 1131 432 1180 τὰς
450 1131 591 1184 ψυχὰς
609 1130 630 1174 ὁ
654 1131 825 1188 φυσικὸς
842 1129 962 1186 λόγος
983 1133 1140 1175 δίδωσι.
1213 1133 1282 1174 διὰ
1309 1138 1481 1176 τοιαῦτα
1509 1136 1577 1176 καὶ
1596 1135 1701 1189 πρό-

232 1217 351 1256 τερον
372 1200 446 1253 μὲν
465 1203 621 1241 πολλοῦ
645 1201 793 1253 ἐτίμων
812 1199 859 1242 τὸ
882 1200 1092 1243 Σκυθικὸν
1110 1203 1344 1254 Αἶθιόπες,
1385 1203 1492 1246 κατὰ
1514 1205 1701 1246 δουλείαν

179 1278 213 1313 D
235 1270 311 1325 μὲν
338 1266 557 1322 κτώμενοι,
610 1267 746 1318 ἄλλως
789 1269 833 1311 δὲ
860 1267 1132 1324 στρατιώταις
1171 1268 1272 1326 ὑπὲρ
1312 1271 1450 1314 αὐτῶν
1481 1270 1699 1328 χρώμενοι.
1715 1285 1758 1321 15

233 1336 327 1380 τότε
352 1338 397 1379 δὲ
418 1338 484 1377 καὶ
506 1339 562 1384 εἷς
577 1337 707 1390 αὗτὴν
726 1337 800 1390 τὴν
821 1336 951 1390 ἀρχὴν
970 1336 1252 1388 καταστάντος
1277 1338 1449 1382 Σκύθου
1473 1341 1522 1383 τὸ
1540 1345 1704 1384 Σκυθι-

235 1406 307 1450 κὸν
330 1404 557 1460 ἀνεζητεΐτο
585 1402 640 1454 ὦς
670 1401 978 1460 στρατεύματος
1011 1405 1151 1460 σφίσιν
1191 1405 1345 1446 ε’κεῖθέν
1378 1409 1702 1460 συστησομένου,

235 1474 334 1532 ὅπερ
363 1473 438 1516 οὐκ
470 1472 606 1523 ἄλλως
635 1468 686 1529 ἦν
716 1473 858 1523 αὐτοῖς
888 1471 1132 1527 ὠνουμένοις
1157 1475 1464 1529 μετακομίζειν,
1503 1476 1538 1516 εἶ
1553 1475 1613 1529 μθ·
1634 1475 1704 1518 διὰ

233 1598 337 1636 tuas,
361 1593 517 1628 martiale
540 1605 680 1639 prorsus
704 1604 810 1639 genus
834 1594 870 1627 et
893 1597 1034 1627 cruente
1057 1604 1205 1648 pugnax.
1252 1605 1396 1640 quorum
1427 1598 1551 1629 cuncta
1574 1594 1608 1629 in
1631 1595 1704 1630 An-

232 1620 397 1677 strali'bus
422 1640 612 1682 contraria,
635 1640 839 1681 solertibus,
874 1640 1082 1679 mansuetis,
1107 1640 1228 1674 eximie
1253 1641 1393 1683 caninis,
1416 1641 1576 1687 politicae
1597 1642 1708 1676 ratio-

233 1687 288 1722 nis
313 1687 493 1728 consultis,
517 1687 690 1721 industriis
714 1687 760 1721 ad
783 1692 899 1728 artes,
923 1665 1100 1720 rationalis
1123 1686 1322 1740 disciplinae
1344 1687 1546 1732 capacibus,
1584 1689 1705 1722 fecun-

236 1734 291 1769 dis
314 1733 552 1775 consiliorum,
583 1737 619 1767 et
648 1733 684 1767 in
721 1732 810 1766 omni
840 1732 1019 1766 occasione
1050 1732 1134 1777 quid
1157 1733 1316 1778 optimum
1352 1734 1448 1767 factu
1471 1734 1516 1767 sit
1538 1739 1706 1768 momento

235 1779 449 1820 videntibus,
474 1779 625 1814 vicissim
649 1779 692 1813 ad
724 1779 859 1812 labores
882 1779 1010 1822 pigris,
1035 1780 1079 1812 ad
1103 1789 1235 1823 pugnas
1261 1779 1436 1822 monibus,
1461 1779 1531 1813 otio
1555 1781 1708 1824 gauden-

236 1826 348 1869 tibus,
386 1837 489 1869 egere
510 1825 663 1860 feriando
691 1836 791 1870 quam
816 1824 1002 1878 satagendo
1026 1826 1200 1858 abundare
1221 1826 1436 1860 malentibus.
1469 1826 1565 1860 cuius
1587 1832 1708 1860 tantae

237 1872 490 1917 discrepantiae
522 1871 553 1906 si
586 1871 662 1917 quis
694 1871 757 1905 soli
790 1882 926 1904 causam
966 1871 1203 1915 imputaverit,
1240 1872 1331 1905 haud
1355 1883 1376 1905 a
1397 1879 1500 1913 vero,
1535 1871 1571 1905 ni
1593 1871 1707 1916 fauor,

238 1918 423 1954 aberrabit.
470 1918 553 1962 quia
585 1918 672 1951 enim
706 1918 780 1951 eius
814 1916 903 1950 radii
937 1917 1082 1950 Arctoos
1115 1924 1150 1950 et
1183 1917 1306 1960 exiguo
1329 1921 1483 1962 tempore
1506 1922 1542 1952 et
1566 1930 1646 1952 raro
1671 1926 1709 1952 et

239 1965 375 2009 oblique
405 1963 610 2003 illuminant,
642 1975 708 1998 non
741 1975 815 1997 eam
849 1963 1002 1997 cerebris
1035 1962 1189 1997 humanis
1219 1963 1336 1997 vitalis
1371 1963 1493 1998 caloris
1516 1975 1708 1998 mensuram

243 2010 388 2053 afflant,
424 2022 511 2055 quae
537 2011 580 2044 ad
603 2009 831 2063 expediendas
864 2009 1080 2054 operationes
1113 2009 1290 2051 mentium,
1313 2021 1500 2056 sensusque
1523 2011 1707 2044 communis

242 2056 457 2092 acrimoniam
479 2056 724 2102 requireretur.
771 2055 878 2100 frigus
901 2066 1004 2101 porro
1033 2055 1123 2089 iliius
1146 2054 1232 2089 coeli
1254 2056 1434 2097 naturale,
1464 2056 1586 2090 solanis
1608 2062 1708 2110 tepo-

243 2103 294 2139 ris
318 2102 524 2136 admixtione
547 2103 707 2145 liberum,
740 2102 906 2136 addensat
928 2102 1097 2146 duratque
1130 2111 1183 2135 cut
1188 2113 1240 2135 em
1274 2113 1471 2156 corporum?
1501 2102 1710 2137 crassitiem-

245 2161 314 2196 que
336 2154 372 2183 et
395 2149 599 2184 soliditatem
621 2148 752 2183 inducit
773 2147 942 2182 membris.
990 2148 1053 2182 sub
1077 2147 1262 2182 meridiano
1292 2154 1411 2183 contra
1433 2148 1560 2183 circulo
1588 2153 1648 2183 aut
1672 2149 1708 2183 in

246 2196 488 2231 accedentibus
519 2195 564 2230 ad
594 2195 686 2229 iilum
716 2195 818 2229 terris
850 2194 1064 2240 frequentius
1094 2194 1268 2228 imminens
1291 2197 1567 2249 constantiusque
1588 2195 1709 2229 immo-

247 2252 328 2276 rans
351 2253 393 2277 ac
417 2253 563 2287 superne
593 2242 777 2287 incoquens
807 2241 962 2275 subiecta
986 2250 1091 2285 vapor
1114 2241 1261 2274 ardentis
1294 2242 1375 2275 solis
1397 2240 1528 2286 eliquat
1550 2252 1708 2287 corpora,

249 2293 287 2322 et
315 2289 358 2322 ad
398 2299 527 2322 omnem
555 2293 705 2323 motuum
743 2287 956 2322 aiacritatem
991 2286 1236 2332 audaciamque
1259 2288 1480 2322 certaminum
1500 2287 1612 2322 fluxos
1634 2287 1708 2322 lan-

249 2333 436 2379 guidosque
467 2339 566 2370 artus
596 2334 716 2368 efficit.
763 2333 855 2369 affici
886 2339 999 2367 autem
1029 2333 1236 2378 alterat-ique
1266 2333 1395 2368 animos
1428 2344 1592 2368 consensu
1622 2345 1711 2380 quo-

247 2381 326 2414 dam
350 2381 567 2422 qualitatibus
596 2386 632 2415 et
660 2385 927 2425 temperamento
956 2390 1155 2433 corporum,
1190 2380 1356 2414 naturaiis
1378 2379 1487 2414 tradit
1508 2380 1619 2423 ratio,
1649 2391 1711 2414 ex·-

247 2426 416 2473 perientia
436 2438 518 2461 sane
551 2427 775 2472 suffragante.
822 2426 876 2460 his
898 2426 942 2460 de
974 2425 1086 2459 causis
1108 2431 1144 2460 et
1172 2426 1248 2460 olim
1280 2426 1463 2481 Aethiopes
1493 2425 1595 2461 valde
1624 2437 1714 2470 gau-

248 2472 379 2507 debant
412 2472 574 2507 affluente
605 2474 649 2507 ad
684 2474 776 2519 ipsos
806 2472 902 2516 copia
932 2471 1173 2517 mancipiorum
1207 2472 1360 2515 Scythici
1391 2471 1554 2518 generis,
1585 2483 1712 2518 quippe

249 2529 390 2573 quorum
416 2529 520 2562 opera
543 2531 617 2553 cum
640 2519 685 2553 ad
715 2531 812 2553 omne
845 2518 1050 2552 laboriosum
1071 2517 1291 2552 ministerium
1314 2524 1386 2553 tum
1412 2518 1456 2553 ad
1479 2519 1712 2553 contentione·

248 2564 465 2609 impetusque
488 2566 686 2610 praeliorum
708 2565 743 2598 in
766 2577 830 2599 usu
853 2564 1068 2598 necessariae
1090 2565 1225 2598 tuendis
1239 2564 1373 2619 ‘finibus
1396 2564 1534 2600 miiitiae
1555 2576 1712 2610 percom-

247 2611 348 2645 mode
372 2615 564 2653 merentum
592 2623 659 2657 quo
690 2611 798 2646 minus
823 2611 942 2646 mirum
964 2610 1217 2655 imperitantem
1237 2610 1304 2645 iam
1333 2611 1416 2656 ipsis
1441 2610 1609 2645 hominem
1633 2617 1713 2646 ortu

247 2660 285 2692 et
308 2656 478 2691 natalibus
500 2661 672 2699 exterum,
705 2669 777 2691 cum
801 2657 958 2702 proprio,
981 2664 1053 2691 tum
1076 2658 1193 2702 populi
1216 2657 1270 2691 cui
1291 2662 1454 2711 praeerat
1474 2657 1595 2702 genio,
1629 2668 1714 2692 suec

249 2702 363 2748 gentis
387 2702 590 2737 consortium
614 2704 954 2748 consuetudinemque
978 2703 1183 2746 affectasse,
1207 2703 1343 2738 militari
1365 2704 1505 2750 utique,
1539 2714 1608 2748 qua
1632 2715 1714 2748 ege·

251 2750 333 2791 bat,
359 2760 457 2783 manu
481 2761 546 2784 non
571 2748 707 2782 aliunde
740 2749 807 2794 ipsi
840 2760 940 2794 quam
972 2761 1014 2783 ex
1052 2755 1167 2795 empta
1198 2753 1406 2803 evocataque
1436 2750 1516 2783 inde
1537 2749 1715 2784 iuventute

251 2795 480 2840 suggerenda.
526 2795 607 2841 quia
630 2805 711 2829 xero
734 2795 882 2839 Scythas
900 2795 943 2829 ad
967 2807 1005 2830 se
1026 2799 1100 2829 tuto
1123 2796 1305 2840 deportare
1327 2796 1392 2830 nisi
1413 2795 1523 2830 missis
1543 2795 1587 2829 ad
1606 2795 1716 2830 Euxi-

252 2852 332 2875 num
362 2842 503 2878 navibus
535 2841 701 2888 nequibat
716 2866 728 2885 ,
760 2841 857 2876 cuius
890 2841 993 2877 maris
1024 2843 1142 2877 fauces
1176 2853 1251 2876 cum
1282 2841 1370 2877 haud
1401 2842 1505 2878 dubie
1527 2843 1642 2878 sorem
1674 2841 1717 2877 in
