1884 3262
246 183 343 228 582
640 176 952 221 OBSERVAT.
985 175 1298 221 PACHYMER.

244 293 346 331 forte
366 291 438 328 lux
465 286 579 326 nobis
605 300 628 324 a
655 281 973 337 Plinio²poterit,
1003 285 1119 336 quil.
1138 283 1163 327 5
1190 298 1225 323 e.
1242 288 1296 328 80
1323 285 1567 328 Halisarnem
1601 286 1700 340 (nisi

245 360 356 386 error
383 347 424 384 in
447 344 642 396 scriptura
673 341 755 394 est)
786 354 923 380 eorum
950 342 1153 381 civitatem
1175 341 1218 379 in
1235 353 1277 378 ea
1297 356 1366 380 ora
1389 344 1554 382 collocat
1582 357 1701 394 quam

243 404 348 442 idem
376 400 516 438 deinde
547 413 579 439 c.
599 401 655 441 32
685 411 709 436 a
733 397 884 449 Thynis
915 398 1139 437 universam
1174 398 1288 436 docet
1316 398 1552 449 habitatam3
1594 400 1702 438 unde

245 458 355 508 quod
383 457 425 494 in
454 455 582 493 media
608 454 761 507 Thynia
788 461 916 493 essent
936 455 1048 492 facile
1068 453 1291 506 Mesothyni
1312 469 1334 491 a
1356 455 1512 494 Graecis
1531 456 1606 494 dici
1626 463 1702 508 po-

244 513 407 551 tuerint.
449 526 470 549 a
489 525 567 562 qua
587 511 822 563 etymologia
838 512 869 549 si
889 511 974 562 quis
995 511 1206 548 abhorreat
1225 510 1276 548 ob
1294 511 1583 561 'discrepantem
1601 512 1702 550 scri-

245 576 406 623 pturam
428 569 556 619 vocis,
586 567 740 619 Thynia
760 581 831 619 per
849 581 876 619 y
894 568 1061 619 scripta,
1091 581 1114 604 a
1134 566 1276 605 Thinia
1299 567 1528 619 Pachymeri
1547 582 1703 608 memo-

245 632 357 673 rata,
387 638 506 675 quam
540 624 604 662 ille
634 624 780 674 ubique
806 637 876 676 per
898 623 912 662 i
934 624 1090 673 scribit,
1122 623 1287 674 accipiat
1312 623 1421 662 aliud
1442 624 1704 674 veriloquium

244 684 289 721 in
323 681 525 719 Strabonis
552 680 777 718 testimonio
805 680 1027 719 fundatum.
1084 680 1116 718 is
1146 681 1250 718 enim
1269 680 1295 718 l.
1317 684 1366 722 13
1384 681 1424 719 in
1447 681 1611 719 Troadis
1631 681 1703 726 def-

243 738 459 787 scriptione
477 736 721 775 Amazonium
745 737 933 788 oppidum
953 737 1187 775 Halizonum
1202 737 1392 786 istorum,
1421 750 1519 787 quos
1543 737 1628 786 alii,
1657 743 1706 776 ut

245 794 440 841 indicavi,
481 793 686 831 Allazonas
721 799 884 842 vocant,
924 794 1090 832 collocat
1123 793 1174 830 ad
1207 793 1358 831 laevam
1394 793 1531 845 Aesopi
1562 794 1706 832 amnis:

247 851 342 900 quia
371 850 473 887 enim
499 850 571 890 θίν
596 849 709 887 littus
738 849 894 887 Graccis
925 856 1060 899 sonat,
1090 849 1298 887 Halizones
1325 849 1430 887 inter
1456 850 1590 888 littora
1611 849 1706 888 hinc

247 898 422 946 fluminis
438 905 576 956 Aesepi
600 905 693 943 hinc
712 906 963 958 Propontidis
981 908 1092 944 sitam
1109 906 1304 957 regionem
1325 906 1539 944 incolentes
1563 907 1706 944 merito

248 965 498 1016 μεσοθιῠῖται
529 962 622 999 dicti
647 961 806 1000 suerint.
863 975 936 1000 nec
961 963 1178 1001 omittenda
1197 975 1247 1000 ex
1269 963 1468 1000 occasione
1494 963 1705 1001 declaratio

249 1019 328 1057 loci
348 1018 475 1056 nostri
497 1018 668 1056 auctoris
697 1031 730 1059 c.
750 1021 776 1059 9
806 1018 832 1056 l.
852 1022 896 1068 1,
927 1019 990 1057 cui
1010 1031 1110 1069 quae
1131 1018 1198 1056 hic
1217 1018 1389 1057 diximus
1409 1020 1531 1057 facem
1551 1020 1707 1071 praefe-

247 1080 359 1114 runt.
418 1073 602 1112 scribitur
619 1073 672 1111 ibi
691 1074 766 1112 sic:
794 1070 881 1114 τότε
900 1073 950 1126 δή
969 1074 1038 1115 καὶ
1055 1077 1129 1115 τοῦ
1151 1071 1428 1127 Παλαιολόγου
1449 1076 1506 1122 εἰς
1524 1072 1706 1128 κεφαλήν

249 1129 486 1184 τεταγμένου
511 1131 744 1182 μεσοθινίας
772 1129 840 1169 καὶ
871 1127 1006 1171 αὐτῶν
1032 1126 1258 1183 ὄπτιμάτων
1285 1130 1438 1172 ἐκείνου
1458 1129 1708 1184 προστάξαν-

250 1202 341 1233 τος,
372 1186 440 1226 καὶ
470 1183 518 1225 τοὶ
553 1183 679 1226 πολλοὶ
706 1182 797 1225 κατ’
827 1181 985 1226 Ἰταλαῖν
1015 1182 1258 1239 πράττοντος
1285 1193 1358 1228 etc.
1415 1194 1603 1226 narratur
1627 1187 1707 1226 illie

250 1242 481 1282 Michaelem
516 1241 782 1292 palaeologum
810 1247 897 1280 tum
933 1256 1023 1280 cum
1057 1243 1227 1281 maxime
1251 1256 1297 1280 ae
1324 1249 1484 1281 strenue
1506 1250 1708 1282 exerceret

252 1298 541 1350 praefecturam
569 1297 642 1335 sibi
671 1298 858 1336 creditam
888 1299 1158 1336 Romanarum
1188 1299 1390 1351 copiarum
1419 1306 1559 1338 contra
1586 1300 1707 1338 Italos

252 1354 536 1407 pugnantium,
575 1354 769 1392 monitum
799 1367 821 1391 a
850 1355 952 1407 Coty
987 1354 1160 1406 quodam
1188 1355 1237 1392 de
1268 1355 1430 1394 consilio
1460 1356 1707 1408 imperatoris

256 1422 467 1448 excaecare
494 1410 622 1460 ipsum
650 1410 824 1460 parantis
839 1410 979 1461 fugisse
996 1424 1086 1450 eum
1103 1412 1298 1450 monitore
1316 1412 1357 1450 in
1373 1412 1581 1453 Persidem.
1638 1412 1708 1451 sed

254 1466 352 1517 quid
383 1466 459 1506 sibi
481 1465 569 1504 vult
596 1466 709 1516 quod
730 1466 979 1518 Palaeologus
1005 1468 1062 1516 εἷς
1086 1465 1270 1520 κεφαλήν
1300 1467 1530 1522 τεταγμένος
1564 1469 1709 1508 dicitur

255 1522 492 1574 μεσοθινίας
516 1521 583 1561 καὶ
614 1518 747 1562 αὐτῶν
774 1518 1007 1575 ὄκτιμὰτων.
1061 1524 1248 1571 traditam
1271 1525 1329 1562 illi
1355 1525 1474 1563 fuisse
1496 1527 1708 1577 regendam

256 1577 533 1616 Mesothiniam
551 1578 797 1629 provinciam
817 1580 924 1617 nulla
945 1592 1113 1630 usquam
1137 1580 1228 1619 alibi
1247 1587 1306 1618 est
1324 1582 1484 1620 mentio.
1541 1588 1581 1620 et
1611 1596 1708 1634 pro-

257 1634 429 1671 vinciam
445 1633 511 1671 hic
529 1635 610 1672 sive
628 1634 824 1685 regionem
843 1637 1076 1688 μεσοθινίας
1093 1637 1286 1676 vocabulo
1303 1637 1489 1687 indicari,
1518 1639 1588 1677 vix
1607 1640 1708 1677 serat

257 1690 446 1727 continue
466 1690 651 1728 adiuncta
667 1691 811 1729 mentio
842 1693 1104 1743 optimatum,
1133 1699 1173 1731 et
1192 1694 1348 1744 quidem
1372 1708 1459 1732 cum
1475 1697 1709 1746 pronomine

257 1749 463 1797 ipsoram,
492 1745 560 1786 καὶ
579 1742 713 1787 αὐτῶν
727 1744 965 1799 όπτιμοῖτων.
1023 1748 1119 1799 quid
1134 1749 1201 1787 hic
1222 1751 1420 1789 dicemus?
1477 1750 1584 1788 aliud
1602 1764 1707 1800 sane,

259 1808 470 1853 postquam
487 1802 611 1840 multa
625 1802 853 1853 ‘disquisivi‚
885 1818 966 1843 non
991 1806 1164 1844 occurrit
1182 1806 1254 1844 nisi
1274 1807 1509 1858 μεσοθινίαν
1529 1807 1595 1845 hic
1613 1807 1708 1859 poni

261 1870 337 1908 pro
357 1856 507 1906 legione
535 1858 702 1907 quadam
728 1865 797 1896 aut
815 1866 927 1910 parte
949 1861 1214 1899 Romanarum
1246 1863 1446 1913 copiarum
1465 1875 1515 1900 ex
1533 1863 1580 1901 iis
1609 1876 1708 1902 con—

261 1913 359 1950 ssata
385 1912 572 1951 militibus
599 1914 667 1964 qui
696 1915 969 1953 Mesothinitae
995 1917 1148 1967 vulgari
1172 1918 1301 1968 lingua
1331 1918 1573 1957 dicebantur.
1629 1919 1708 1958 hoc

262 1968 424 2006 videtur
442 1982 514 2006 nos
533 1969 672 2007 docere
690 1977 823 2009 noster
841 1977 998 2021 auctor,
1029 1973 1123 2010 dum
1143 1973 1210 2011 illo
1235 1988 1267 2012 c.
1285 1977 1339 2015 27
1361 1974 1386 2015 l.
1409 1975 1436 2015 4
1460 1976 1514 2012 sic
1533 1976 1708 2024 loquitur

263 2037 316 2062 ex
342 2025 520 2063 versione
544 2032 696 2075 nostra,
726 2027 775 2064 de
800 2028 984 2065 Romanis
1006 2042 1118 2080 agens
1137 2030 1255 2080 copiis
1279 2030 1525 2069 validissimis
1553 2032 1708 2070 Ioannis

266 2081 449 2131 despotae
481 2081 617 2119 ductui
645 2083 858 2133 permissis:
887 2085 1137 2136 conflabatur
1153 2086 1220 2123 hie
1236 2088 1428 2124 exercitus
1451 2102 1496 2124 ex
1519 2087 1563 2124 dc·
1596 2102 1708 2126 eren-

268 2136 380 2173 tibus
399 2138 630 2187 corporibus
646 2146 682 2176 et
699 2140 807 2176 velat
824 2141 1003 2192 collegiis·
1028 2143 1207 2179 militum
1236 2171 1245 2180 .
1267 2171 1276 2180 .
1297 2171 1307 2180 .
1328 2171 1338 2181 .
1368 2157 1491 2180 anum
1517 2151 1603 2181 erat
1620 2147 1707 2182 Pa-

263 2192 555 2243 plzlagonieum
584 2224 594 2233 .
615 2224 625 2233 .
646 2224 656 2233 .
677 2224 686 2233 .
716 2195 838 2233 aliud
864 2211 955 2234 cum
979 2204 1015 2234 et
1043 2200 1177 2249 ipsum
1207 2198 1468 2236 multitudine
1495 2206 1583 2237 tam
1605 2202 1648 2239 vi
1669 2207 1707 2238 et

269 2254 357 2284 arte
379 2257 590 2298 praestans
618 2251 781 2301 bellica,
810 2266 854 2289 ex
871 2253 1161 2304 Hnlizouffiw,
1192 2269 1289 2306 quos
1306 2256 1588 2293 Mesotlzinzsstas
1611 2257 1707 2296 vul-

267 2317 368 2354 gare
388 2303 498 2341 dieat
515 2305 679 2344 idioma.
719 2321 767 2345 en
784 2309 880 2358 quid
900 2309 1129 2348 Mesothinia
1145 2311 1242 2348 haec
1258 2312 1376 2349 suerit
1395 2312 1457 2349 cui
1476 2318 1572 2350 tunc
1589 2325 1707 2364 prae-

271 2359 422 2410 positus
436 2360 600 2399 Michael
614 2363 858 2415 Palaeologus
879 2366 925 2403 ab
944 2366 1177 2418 imperatore
1206 2368 1351 2405 suerat:
1379 2382 1460 2405 non
1487 2368 1612 2418 regio,
1637 2368 1706 2406 sed

270 2414 370 2464 legio
389 2418 598 2466 μεσοθινία
616 2419 843 2470 Pachymeri
866 2421 986 2470 dicta,
1017 2423 1245 2474 compendio
1270 2424 1489 2462 militariter
1506 2424 1707 2474 loquenti-

267 2470 348 2508 -bus
365 2476 448 2507 tum
468 2472 570 2510 sorte
593 2476 756 2524 usitato;
784 2478 896 2527 quale
919 2479 1094 2516 adhiberi
1113 2479 1303 2529 hodieque
1320 2480 1454 2518 videre
1471 2493 1533 2517 me
1549 2480 1706 2517 memini

270 2526 317 2563 *in
342 2527 630 2566 narrationibus
659 2532 895 2581 praeliorum
912 2541 982 2573 aut
1001 2536 1332 2587 oppugnationum
1349 2536 1391 2573 in
1409 2543 1542 2574 nostra
1569 2535 1705 2584 Gallia,

274 2582 345 2619 ubi
371 2583 555 2633 legioneS‚
585 2586 776 2625 Navarica
801 2592 967 2642 exempli
991 2605 1107 2629 causa
1122 2592 1187 2630 vel
1206 2592 1506 2640 Nortmannica‚
1530 2591 1706 2630 Navarra

275 2644 316 2675 et
338 2638 591 2678 Nortmannia
610 2641 686 2679 dici
704 2657 784 2681 non
801 2658 893 2683 raro
910 2648 1104 2698 leguntur.
1158 2648 1235 2685 iam
1265 2648 1357 2686 satis
1391 2647 1571 2685 cohaeret
1600 2647 1708 2697 quod

278 2694 461 2744 additur,
488 2695 556 2735 καὶ
575 2693 707 2738 αὐτῶν
722 2695 961 2752 ὂπτιμᾶτωυ,
990 2704 1037 2741 ἱη
1053 2717 1130 2754 quo
1151 2704 1290 2743 modus
1306 2704 1388 2755 ipse
1403 2702 1589 2753 loquendi
1613 2717 1707 2754 gra-

278 2750 472 2789 dationem
491 2752 650 2796 indicat,
708 2761 754 2792 ut
773 2756 919 2806 aliquid
937 2760 1099 2810 amplius
1119 2760 1211 2798 licet
1228 2760 1268 2797 in
1290 2759 1424 2797 eodem
1443 2771 1580 2810 genere
1601 2759 1708 2810 opti-

278 2812 399 2844 mutes
418 2808 482 2846 isti
507 2809 622 2849 fuisse
650 2811 924 2862 intelligantur.
981 2829 1118 2868 nempe
1145 2829 1224 2855 non
1250 2816 1375 2854 solum
1398 2815 1609 2868 imperator
1630 2815 1709 2854 Mi-
