1884 3262
249 197 348 246 552
649 194 959 239 OBSERVAT.
993 193 1304 238 PACHYMER.

247 308 400 349 ratione
420 305 676 355 indigentem.
729 303 847 356 prior
868 308 978 341 extat
998 317 1040 355 p.
1061 301 1141 345 145
1161 314 1200 341 v.
1221 304 1261 344 9.
1291 318 1294 319 ’
1316 316 1400 342 non
1418 301 1607 355 usurpari
1624 301 1705 341 hoc

248 368 339 404 loco
370 363 533 400 verbum
561 363 783 411 διαφωνεῖν
811 361 855 398 ἱη
883 359 1039 411 vulgari
1069 358 1320 410 discrepandi
1349 366 1419 398 aut
1445 358 1705 398 dissentiendi

249 420 434 467 notione,
465 418 560 456 satis
578 417 799 456 attendenti
821 422 945 469 patet.
1003 415 1084 465 agit
1106 422 1246 453 auctor
1274 415 1323 453 de
1344 416 1573 454 Latinorum
1601 416 1705 452 Con-

251 475 554 525 stantinopolim
590 472 862 512 obtinentium
902 472 1082 511 exercitu
1131 470 1399 523 Daphnusiam
1439 478 1705 524 oppugnante,

250 540 335 571 tum
364 545 453 568 cum
486 536 599 582 capta
629 537 689 568 est
715 528 1078 580 Constantinopolis
1109 527 1157 566 ab
1187 528 1329 566 Alexio
1358 528 1533 568 Caesare.
1591 527 1706 566 cuius

252 588 309 628 rei
323 617 333 637 ,
365 587 457 625 dum
477 588 608 625 adhuc
629 587 763 635 fieret,
795 586 899 624 fama
919 585 1030 638 quasi
1048 584 1240 623 divinitus
1269 585 1319 622 ad
1338 584 1499 622 Latinos
1517 583 1707 635 Daphnu:

253 645 333 684 siae
369 650 659 696 oppugnatores
690 649 891 682 momento
928 642 1083 694 perlata
1118 641 1388 679 consternavit
1413 640 1504 678 illos
1541 639 1708 678 horrore

251 701 422 757 periculi
444 700 488 739 in
515 714 594 752 quo
614 699 764 739 versari
784 699 998 751 apparebat
1019 711 1162 736 uxores
1185 703 1223 736 et
1240 698 1386 736 liberos
1401 697 1581 749 ipsorum
1604 697 1707 734 Con-

252 757 510 810 stantinopoli
529 757 703 796 relictos.
762 756 870 793 unde
897 755 1029 794 statim
1057 754 1288 800 solverunt,
1316 753 1539 806 suppetias,
1567 752 1710 804 siper-

251 815 437 855 venirent
462 814 506 852 in
531 820 732 866 tempore,
769 811 904 851 laturi.
959 811 1116 850 nullum
1135 810 1204 848 hic
1229 810 1424 848 indicium
1453 808 1708 848 dissensionis

253 873 359 912 inter
377 871 495 924 ipsos.
554 884 673 922 quare
688 869 852 909 verbum
873 863 1232 918 διαπεφωνήκεσαν
1251 867 1353 905 male
1370 865 1450 904 hoc
1471 866 1564 904 loco
1586 865 1710 903 inter.-

252 934 498 983 pretaretur,
529 928 595 979 qui
614 926 863 965 discordibus
880 925 1141 963 tumultuatos
1163 923 1368 962 sententiis
1399 922 1448 960 ad
1467 922 1584 960 talem
1605 934 1710 959 mm-

254 986 355 1024 tium
374 984 536 1022 Latinos
556 983 716 1021 diceret.
771 996 846 1021 nec
876 982 1016 1020 dubito
1043 980 1141 1032 quin
1170 986 1311 1019 auctor
1327 978 1527 1018 studiosus
1550 977 1710 1016 affecta-

255 1049 321 1080 tor
346 1040 578 1079 eruditionis
596 1039 803 1090 antiquae,
834 1045 873 1077 et
903 1043 1060 1090 captare
1087 1036 1262 1087 gaudens
1282 1036 1464 1074 notiones
1494 1034 1710 1083 abstrusas,-

255 1096 300 1139 τὸ
316 1093 676 1148 διαπεφωνήκεσαν
707 1095 961 1147 usurpaverit
985 1107 1031 1132 eo
1051 1106 1171 1131 sensu
1191 1106 1270 1144 quo
1299 1106 1322 1130 a
1345 1093 1456 1129 LXX
1471 1092 1648 1143 positum
1666 1090 1712 1128 id

256 1154 422 1193 verbum
442 1159 500 1191 est
518 1151 734 1191 Ezechielis
752 1165 786 1189 c.
809 1154 863 1194 37
885 1154 957 1193 11:
996 1146 1210 1190 οἷπεόλωλεν
1228 1147 1258 1201 ἦ
1276 1147 1385 1196 ἐλπὶς
1402 1146 1543 1200 ἡμῶν,
1573 1148 1712 1187 διαπε-

258 1206 526 1262 φωνήκαμεν,
558 1208 668 1259 quod
689 1208 870 1258 vulgatus
902 1219 953 1245 ex
979 1205 1205 1256 Originibus
1223 1205 1364 1244 vertit:
1391 1205 1519 1255 periit
1535 1217 1624 1255 apes·
1640 1217 1714 1241 no-

257 1274 347 1304 stra
363 1273 400 1303 et
419 1265 591 1303 abscissi
610 1277 764 1302 sumus.
823 1268 884 1301 est
899 1262 1003 1300 enim
1020 1262 1063 1299 in
1088 1261 1266 1300 Hebraeo
1299 1269 1421 1300 uam
1447 1261 1671 1311 nigzarenu
1689 1273 1712 1297 a

253 1333 315 1362 *2⁴52
333 1335 466 1375 gazar
479 1353 490 1370 ,
519 1320 626 1372 quod
645 1326 703 1358 est
718 1319 968 1369 abscindere;
997 1323 1036 1356 et
1053 1317 1217 1356 additur
1231 1311 1294 1356 aab
1312 1317 1416 1354 lanu
1435 1316 1572 1366 nobis,
1603 1315 1714 1368 quod

257 1378 335 1418 nisi
363 1378 563 1426 abundat,
604 1383 649 1416 ut
677 1376 772 1414 alibi
800 1389 882 1414 non
914 1389 1026 1424 raro,
1064 1373 1197 1413 videri
1224 1379 1357 1426 potest
1383 1386 1430 1412 eo
1449 1372 1648 1425 pertinere
1668 1377 1714 1411 ut

261 1434 503 1486 significetur
526 1433 671 1472 divisio
689 1432 810 1470 animi
835 1432 944 1483 quasi
962 1445 982 1469 a
999 1444 1039 1469 se
1060 1430 1168 1483 ipso,
1203 1430 1307 1478 sive,
1335 1435 1383 1467 ut
1401 1429 1495 1468 alibi
1511 1429 1714 1482 scriptura

260 1491 462 1542 loquitur,
493 1489 712 1528 confractio
730 1489 881 1538 cordis,
914 1487 1040 1540 qualis
1060 1487 1257 1538 contingit
1274 1486 1402 1524 subita
1423 1492 1464 1524 et
1489 1498 1629 1536 magna
1648 1498 1714 1523 ca-

260 1547 437 1586 lamitate
456 1545 772 1598 comprehensis,
817 1545 930 1583 cuius
955 1543 1212 1596 depellendae
1237 1543 1349 1581 nulla
1376 1548 1444 1581 aut
1470 1542 1602 1580 tenuis
1622 1554 1714 1594 spes

262 1609 334 1645 est.
390 1603 577 1643 Vatablus
592 1602 729 1641 vertit:
757 1603 908 1639 succisi
923 1615 1067 1639 sumus
1083 1600 1206 1639 nobis.
1263 1605 1362 1652 puto
1383 1598 1581 1650 Hesychia
1601 1597 1714 1637 huno

263 1661 396 1711 ipsum
414 1660 523 1697 LXX
540 1659 802 1711 interpretum
829 1659 961 1696 locum
991 1658 1240 1696 obversatum
1271 1656 1426 1705 animo,
1465 1669 1561 1694 cum¹
1581 1655 1715 1695 διαπε·

265 1713 508 1768 φωνήκαμεν
530 1715 814 1767 interpretatur
832 1709 1079 1766 ἀπωλόμεθα
1091 1714 1316 1765 periimus,
1344 1725 1444 1763 quae
1466 1717 1524 1750 est
1538 1724 1622 1750 vox
1642 1711 1714 1748 de·-

264 1774 530 1823 sperantium,
559 1778 597 1810 et
615 1771 657 1809 in
677 1784 845 1810 occursu
862 1770 1125 1809 ineluctabilis
1148 1769 1243 1807 mali
1270 1781 1454 1819 angorem
1471 1768 1615 1818 animi,
1645 1766 1714 1819 qui

264 1829 391 1866 verbo
431 1829 647 1878 διαφωνεῖν
683 1826 927 1877 significatur
942 1855 953 1873 ‚
1003 1825 1323 1876 exprimentium.
1389 1824 1531 1863 Graeci
1577 1830 1712 1862 tamen

264 1883 528 1937 posteriores,
557 1896 606 1921 ex
634 1882 704 1920 illo
723 1884 888 1921 fortasse
913 1888 981 1920 aut
998 1883 1109 1920 LXX
1127 1881 1332 1919 Saniorum
1353 1886 1422 1919 aut
1435 1879 1624 1932 Hesychii
1644 1879 1712 1917 lo-

270 1954 337 1989 co,
367 1939 489 1978 verbo
507 1940 730 1989 διαφωνεῖν
744 1937 993 1976 exanimandi
1014 1943 1082 1975 aut
1111 1937 1336 1989 exspirandi
1353 1936 1556 1974 notionem
1576 1935 1712 1974 subie-

269 2002 421 2036 cerunt.
478 2001 618 2033 auctor
635 2007 854 2046 anonymus
871 1995 1062 2033 Actorum
1090 1993 1284 2031 fusissime
1302 1993 1540 2045 scriptorum
1557 1993 1600 2030 B.
1620 1990 1712 2029 An·-

270 2052 386 2090 dreae
407 2057 665 2102 cognomento
691 2050 798 2098 Sali‚
835 2063 936 2102 quae
973 2055 1112 2088 extant
1142 2050 1287 2087 Graece
1317 2049 1361 2087 in
1401 2049 1489 2087 cod.
1517 2048 1712 2087 Vaticano

270 2107 393 2158 1574,
413 2122 456 2159 p.
474 2109 500 2150 5
515 2108 686 2146 reserens
708 2106 905 2158 quandam
922 2106 1070 2145 luctam
1085 2119 1159 2158 per
1181 2106 1377 2144 somnium
1395 2111 1605 2154 ostensam,
1634 2117 1713 2156 qua

268 2164 374 2202 idem
394 2165 438 2206 Β.
455 2163 627 2202 Andreas
650 2166 894 2202 commissum
912 2176 1044 2201 secum
1061 2161 1294 2214 Aethiopem
1313 2160 1529 2213 prostravit
1545 2160 1712 2199 occidit-

272 2234 350 2270 que
373 2221 467 2258 eliso
488 2221 567 2258 eius
587 2220 635 2259 ad
651 2226 802 2271 petram
822 2220 960 2271 capite,
980 2219 1038 2258 sic
1055 2218 1211 2257 scribit:
1239 2217 1372 2270 ἔτυχεν
1391 2213 1518 2258 αὐτοῦ
1534 2215 1712 2266 (Aethio-

271 2273 356 2328 pis)
383 2273 426 2316 τὸ
449 2272 616 2328 κράνιον
640 2276 696 2323 εἰς
713 2275 882 2329 πέτραν,
914 2275 982 2315 καὶ
998 2274 1247 2327 κατενεχθεὶς
1261 2271 1443 2328 παραυτά
1472 2270 1711 2325 διεφώνησε,

271 2330 351 2370 hoc
367 2337 424 2369 est
436 2333 579 2381 :rforte
596 2346 717 2375 ruens
732 2331 876 2370 incidit
894 2334 1024 2383 capite
1049 2333 1093 2369 in
1121 2339 1300 2383 petram,
1341 2330 1401 2368 ad
1421 2344 1546 2382 quam
1570 2327 1711 2368 valido

275 2387 413 2425 illisus·
444 2389 591 2438 impetu
619 2390 785 2428 interiit.
842 2401 933 2427 sane
962 2394 1129 2426 mortem
1146 2388 1254 2425 illius
1273 2387 1375 2437 nigri
1399 2386 1543 2438 pugilis
1568 2399 1619 2424 ex
1639 2385 1712 2424 illo

277 2456 368 2480 casu
393 2452 565 2482 secutam
591 2444 756 2482 indicari
784 2445 905 2483 verbo
935 2440 1156 2496 διεφώνησε
1185 2443 1356 2482 ostendit
1375 2444 1536 2495 plausus
1557 2442 1613 2480 ibi
1631 2447 1711 2480 sta-

277 2498 350 2536 tim
377 2505 610 2537 memoratus
632 2501 843 2539 favitorum
871 2501 1070 2550 Andreae,
1101 2500 1167 2551 qui
1185 2500 1384 2538 candidati
1401 2513 1446 2537 ea
1465 2497 1712 2548 visione-ap-

275 2553 484 2606 parebant,
522 2561 560 2593 et
586 2556 791 2610 gratulatio
817 2562 1005 2608 tanquam
1035 2556 1152 2608 plena
1185 2556 1352 2594 victoria
1377 2568 1472 2594 nece
1498 2552 1712 2592 adversarii

276 2616 452 2662 patrataz
478 2606 623 2677 ’κρότος
641 2609 683 2651 δὲ
700 2610 832 2665 μέγας,
861 2613 1004 2664 inquit,
1032 2616 1113 2657 τῶν,
1134 2609 1396 2664 λευχειμόνων
1414 2609 1481 2651 καὶ
1498 2606 1598 2663 χαρὰ
1618 2612 1711 2662 γλυ-

278 2662 425 2718 κυτάτη
445 2681 531 2707 τοτε
547 2665 710 2719 ἐγένετο.
766 2667 862 2707 haec
881 2683 964 2707 non
987 2681 1370 2717 commemorassem,
1397 2666 1478 2706 nisi
1495 2664 1714 2704 necessaria

280 2729 408 2760 essent
432 2722 482 2760 ad
501 2722 618 2777 alium
645 2722 894 2774 Pachymeris
917 2725 1045 2764 nostri
1073 2726 1206 2763 locum
1238 2723 1538 2771 declarandum,
1567 2735 1606 2773 p.
1627 2719 1713 2762 486

280 2790 320 2815 v.
346 2781 407 2818 19.
464 2779 543 2830 agit
566 2778 615 2816 de
630 2778 752 2829 Cotye
768 2780 958 2830 quodam,
987 2781 1055 2832 qui
1071 2781 1181 2820 iussu
1201 2779 1446 2832 imperatoris
1467 2783 1672 2829 correptus
1688 2790 1713 2814 a.

278 2833 518 2885 tortoribus,
547 2846 636 2874 cum
657 2834 872 2875 vinciretur
889 2835 985 2875 diris
1004 2836 1212 2890 suppliciis
1235 2834 1537 2884 excruciandus,
1574 2836 1712 2872 eorum
