1846 3262
980 113 1013 134 s

199 219 295 266 110
621 216 859 261 GEORGII
889 218 1245 264 PACHYMERIS

196 337 279 376 τῶν
313 334 682 386 Φιλανθρωπηνῶν
715 330 877 388 γένους,
915 334 983 376 καὶ
1012 331 1155 384 ἅπλῶς
1177 335 1304 385 πολὺς
1328 331 1377 391 ἦν
1401 337 1500 388 τοὺς
1521 336 1672 394 ἄρχον-

197 418 272 451 τας
297 396 565 453 δεξιούμενος.

339 466 414 513 14.
475 463 557 511 3‘Hv
582 463 654 512 οὖν
691 468 803 529 αὐτῷ
833 469 901 512 διὰ
929 473 1117 526 σπουδῆς
1143 471 1336 528 μεγίστης
1359 475 1426 516 καὶ
1456 473 1530 530 τὴν
1554 471 1673 517 πόλιν

197 537 322 590 ἔλεΐν,
361 538 428 579 καὶ
460 536 767 593 προσηνάγκαζε
795 537 974 596 τρόπους
1004 541 1255 597 ἐφευρίσκων
1283 539 1420 596 μάχης
1441 543 1544 600 πρὸς
1564 543 1672 585 Ἰτα-

198 604 319 659 λούς,
363 607 430 648 καὶ
462 606 516 648 τὰ
546 605 683 666 κύκλῳ
710 605 863 663 ταύτης
891 614 1220 664 προκαταλαβεῖν
1250 609 1450 666 ἠπείγετο.
1518 612 1600 653 ἐπεὶ
1630 612 1705 654 δὲὄ

199 678 266 719 καὶ
297 675 355 717 ἔτι
382 674 483 732 παρ’
502 675 669 719 Ἰταλῶν
697 675 722 732 ἦ
747 679 960 733 Σηλυβρία
984 679 1211 733 κατείχετο,
1249 679 1419 734 πέμψας
1443 679 1552 736 αἱρεῖ
1570 680 1675 722 κατὰ

200 742 353 802 κράτος
384 746 451 787 καὶ
483 749 564 788 τῶν
589 744 801 800 Ῥωμαίων
834 754 1006 789 ποιεῖται
1037 747 1112 803 τὴν
1144 745 1263 791 πόλιν
1298 747 1465 791 ἀκονιτί.
1538 748 1596 791 ἔτι
1631 766 1675 792 τε

199 811 489 872 προσεχώρουν
525 812 736 871 ἐγγύτερον
769 815 807 858 οἳ
840 813 1053 872 ἡμέτεροι,
1090 818 1157 859 καὶ
1187 816 1238 859 τὰ
1262 816 1340 867 ἔξω
1361 821 1436 872 τῆς
1459 814 1613 867 πόλεως
1633 819 1675 860 ἐν

152 889 183 923 Β
204 885 343 941 χερσὶν
373 881 479 940 εἶχον
509 884 614 938 πλὴν
637 884 860 941 Ἀφαμείας
887 886 1056 940 ἰσχυροῦ
1077 887 1278 942 φρουρίου
1300 885 1570 941 κατεχομένου
1590 893 1677 936 τοῖς

199 953 384 1001 Ἰταλοῖς.
456 947 562 1006 ἦσαν
582 953 628 995 δέ
646 970 749 1003 τινες
771 958 1052 1004 κατοικοῦντες
1082 954 1163 997 ἀπὸ
1185 957 1396 1011 Χρυσείας
1421 972 1462 998 τε
1493 956 1560 997 καὶ
1585 955 1732 998 ἐπέ-’10

204 1039 315 1065 κεινα
326 1054 339 1074 ,
371 1020 539 1071 ἀνέτους
559 1023 632 1072 τὰς
650 1020 815 1079 γνώμας
836 1022 993 1077 ἔχοντες
1015 1023 1091 1066 εἴτε
1112 1023 1214 1079 πρὸς
1231 1021 1458 1078 Ῥωμαίους
1477 1023 1554 1066 εἴτε
1574 1023 1676 1077 πρὸς

199 1090 384 1140 Ἰταλοὺς
413 1089 591 1134 ἐθέλοιεν
624 1091 877 1145 ἀποκλίνειν,
917 1096 999 1134 τῶν
1035 1092 1109 1146 μὲν
1135 1091 1346 1145 Ῥωμαίων
1377 1093 1675 1150 προσκειμένων

206 1159 348 1209 αὐτοῖς
378 1155 468 1202 οὖσι
491 1158 729 1215 Ῥωμαίοις,
767 1164 849 1202 τῶν
883 1160 927 1202 δ’
959 1160 1126 1203 Ἰταλῶν
1153 1161 1340 1217 φυλακὴν
1365 1163 1407 1204 ἐκ
1432 1159 1591 1204 τούτων
1609 1179 1676 1203 πι-

207 1226 436 1272 στευόντων
465 1228 563 1285 ἔχειν
591 1229 660 1272 διὰ
678 1229 725 1273 τὸ
751 1229 854 1285 πρὸς
873 1228 1026 1279 αὖτοὺς
1056 1227 1255 1285 σύνηθες·
1294 1230 1342 1273 οὗ
1361 1230 1438 1287 γὰρ
1457 1226 1507 1286 ἦν
1529 1230 1678 1286 ἓτέροις

157 1300 188 1335 C
211 1294 425 1341 πιστεύειν.
494 1298 541 1341 τὸ
570 1299 614 1341 δὲ
645 1300 710 1341 καὶ
741 1298 838 1347 τοὺς
871 1302 1161 1348 κατοικοῦντας
1182 1301 1392 1352 ἐκδιῶξαι,
1428 1299 1487 1354 μὴ
1505 1301 1572 1342 καὶ
1591 1300 1732 1343 xlv-'15

209 1369 331 1416 δυνος
362 1367 405 1408 ἐκ
430 1370 502 1420 τῆς
531 1369 700 1423 ἐρημίας
730 1366 964 1424 προσέσται.
1035 1362 1141 1423 ἦσαν
1168 1372 1267 1423 γοῦν
1295 1368 1449 1423 μεταξὺ
1465 1366 1677 1423 Ῥωμαίων

207 1437 276 1478 καὶ
290 1435 473 1488 Ἰταλῶν,
510 1438 576 1478 καὶ
597 1436 663 1479 διὰ
684 1440 808 1479 τοῦτο
834 1436 1045 1491 ἐκέκληντο
1069 1438 1134 1479 καὶ
1155 1434 1468 1494 θεληματάριοι,
1505 1436 1581 1493 τὴν
1602 1435 1678 1487 ἔξω

207 1509 284 1559 τῆς
302 1502 457 1554 πόλεως
475 1509 550 1560 γῆν
569 1503 851 1562 καρπιζόμενοι
862 1538 875 1558 ,
907 1506 1121 1557 διαζῶντες
1143 1506 1297 1549 ἐκεῖθεν
1322 1508 1388 1549 καὶ
1407 1505 1511 1562 παρ’
1537 1505 1678 1562 ἄμφο-

209 1574 339 1631 τέρων
361 1575 416 1623 εἷς
440 1572 574 1617 ἄνεσιν
590 1574 799 1629 μένοντες,
830 1572 1063 1632 χρῃζόντων
1084 1573 1284 1630 ἑκατέρων
1302 1579 1375 1631 τῆς
1397 1576 1554 1618 ἐκείνων
1577 1571 1680 1630 ἀγά-

211 1660 314 1698 πης,
354 1640 407 1692 ὥς
429 1641 478 1685 ἄν
496 1660 538 1700 γε
558 1644 613 1699 μὴ
632 1641 896 1698 βλάπτοιντο.
968 1645 1085 1699 δῆλοι
1104 1643 1182 1700 γὰρ
1204 1640 1310 1699 ἦσαν
1331 1644 1399 1687 διὰ
1414 1644 1562 1698 μίσους
1581 1643 1735 1693 τούςΞο

212 1711 287 1755 οὐκ
309 1712 479 1761 οἲκείους
501 1712 677 1763 ἕξοντες·
717 1708 765 1767 ἦν
787 1712 866 1769 γὰρ
888 1713 956 1755 καὶ
976 1712 1073 1762 τοὺς
1091 1712 1274 1763 Ἰταλοὺς
1296 1714 1340 1755 ἐκ
1360 1717 1434 1755 τοῦ
1456 1712 1680 1768 ἀναχωρεῖν
1703 1746 1707 1750 .

159 1786 193 1821 D
216 1781 368 1824 ἐκεῖθεν
398 1781 571 1832 ἐκείνους
600 1779 864 1836 βλάπτεσθαι
896 1781 1185 1838 ἐρημωθέντος
1213 1787 1287 1826 τοῦ
1310 1780 1463 1835 τόπου,
1494 1781 1682 1830 καὶτοὺς

213 1881 303 1919 tum,
327 1877 430 1912 nobili
453 1878 577 1924 virgini
601 1877 772 1913 coniunxit
794 1891 814 1913 e
836 1878 1198 1924 Philanthropenorum
1220 1879 1338 1924 stirpe.
1387 1878 1535 1924 denique
1555 1877 1682 1912 multus

215 1929 293 1959 erat
315 1923 351 1958 in
375 1925 585 1960 deinoi-endis
611 1937 652 1959 ac
674 1925 739 1959 sibi
762 1925 980 1959 conciliandis
1003 1925 1177 1970 primariis
1201 1925 1283 1959 viris
1306 1926 1519 1971 familiisque.

311 1971 365 2005 14.
410 1971 504 2006 Idem
526 1982 630 2018 porro
653 1971 871 2006 incumbebat
896 1971 984 2005 omni
1009 1971 1123 2005 studio
1146 1971 1182 2005 in
1207 1983 1322 2005 curam
1345 1970 1600 2016 recuperandae
1621 1982 1682 2005 ur-

217 2017 284 2051 bis.
331 2017 448 2062 itaque
480 2019 615 2052 invento
649 2021 831 2063 praetextu
863 2017 942 2051 belli
974 2022 1092 2052 contra
1124 2017 1246 2059 Italos,
1279 2018 1353 2052 loca
1386 2017 1683 2062 Constantinopoli

217 2064 452 2108 undecumque
473 2076 536 2110 per
559 2064 735 2098 circuitum
756 2064 868 2098 vicina
890 2075 1145 2109 praeoccupare
1169 2064 1407 2099 contendebat.
1456 2069 1492 2098 et
1523 2064 1683 2108 quoniam
1730 2100 1735 2106 ,

217 2108 380 2153 Selybria
402 2112 484 2144 tunc
506 2109 616 2145 adhuc
639 2115 715 2144 erat
736 2109 772 2144 in
795 2114 966 2154 potestate
988 2110 1171 2151 Italorum,
1205 2110 1315 2144 missis
1339 2109 1446 2156 copiis
1476 2110 1585 2154 primo
1609 2120 1683 2143 eam

220 2156 360 2190 incursu
393 2157 483 2202 cepit
515 2161 549 2191 et
581 2156 682 2191 facile
705 2156 830 2190 adiecit
856 2156 975 2190 ditioni
998 2156 1234 2191 Romanorum.
1280 2157 1418 2202 propius
1442 2155 1545 2190 etiam
1568 2155 1685 2190 admo-

222 2206 342 2236 ventes
365 2212 440 2235 sese
461 2203 538 2237 urbi
569 2203 677 2237 nostri
705 2203 897 2237 suburbana
921 2207 1151 2248 occuparunt,
1186 2209 1330 2248 excepta
1351 2203 1544 2248 Aphamea,
1575 2201 1686 2236 m'uni-

219 2249 313 2282 tione
345 2247 459 2282 valido
491 2248 654 2283 Italorum
676 2249 844 2294 praesidio
867 2249 1019 2284 defensa.
1065 2251 1164 2282 erant
1186 2253 1299 2283 autem
1322 2252 1438 2282 terrae
1459 2248 1551 2282 illius
1573 2246 1685 2293 inqui-

218 2294 281 2328 lini
315 2293 449 2339 quidam
483 2306 504 2329 a
527 2295 681 2339 Chrysea
704 2298 739 2328 et
761 2295 846 2329 locis
867 2294 1083 2329 ulterioribus
1108 2294 1254 2340 profecti
1274 2294 1376 2329 liberi
1398 2294 1548 2329 homines
1572 2299 1608 2328 et
1632 2292 1686 2328 sui

219 2339 324 2382 iuris,
349 2341 557 2385 ancipitique
578 2340 613 2374 in
639 2341 807 2375 Romanos
830 2345 934 2386 atque
956 2341 1062 2375 Italos
1084 2342 1224 2382 favore,
1249 2344 1284 2375 et
1307 2341 1353 2375 ad
1376 2341 1563 2376 alterutros
1584 2342 1686 2386 prout

219 2386 369 2420 libuerat
400 2386 559 2420 inclinare
591 2387 696 2426 soliti,
731 2388 893 2422 Romanis
914 2388 948 2421 in
972 2390 1063 2432 ipsos
1086 2392 1207 2432 utpote
1235 2387 1403 2422 Romanos
1427 2386 1574 2422 naturali
1597 2385 1687 2420 cari-

219 2437 293 2467 tate
324 2432 634 2476 propendentibus,
667 2433 763 2467 Italis
794 2434 906 2478 gentis
929 2433 994 2467 sibi
1016 2434 1060 2467 ad
1083 2434 1223 2467 tutelam
1247 2433 1361 2467 finium
1395 2433 1549 2478 perutilis
1573 2432 1688 2466 deme—

221 2477 292 2513 reri
327 2478 441 2512 studia
475 2479 671 2513 conantibus
703 2479 946 2513 consuetudine
977 2479 1169 2514 commercii
1191 2480 1349 2524 utrinque
1371 2477 1568 2525 quaestuosi
1594 2489 1687 2512 com-

222 2523 398 2570 modique:
435 2536 501 2558 non
524 2525 610 2559 enini
634 2525 718 2559 alios
741 2526 911 2560 habebant
934 2525 1055 2571 quibus
1078 2526 1245 2566 fiderent;
1280 2530 1316 2559 et
1339 2525 1370 2560 si
1393 2526 1454 2560 hos
1476 2522 1687 2569 expellerent

220 2570 337 2604 unicos
361 2571 547 2605 suburbani
569 2570 734 2605 territorii
757 2572 910 2612 colonos,
934 2572 1091 2606 desertae
1113 2572 1197 2617 ipsis
1219 2572 1433 2617 incultaeque
1455 2571 1611 2614 regiones
1633 2569 1686 2603 vi-

222 2621 314 2651 ctum
331 2622 508 2660 negarent.
553 2628 627 2651 cum
651 2629 733 2661 ergo
756 2617 848 2652 inter
869 2618 1040 2652 Romanos
1064 2623 1099 2652 et
1120 2618 1227 2652 Italos
1251 2623 1446 2653 neutrarum
1467 2621 1582 2651 essent
1605 2626 1686 2662 par-

222 2663 330 2704 tium,
353 2663 598 2697 Thelematarii
620 2663 745 2708 (quasi
769 2664 902 2698 diceres
926 2665 1132 2709 voluntarii)
1157 2665 1385 2707 vocabantur,
1409 2664 1522 2709 quod,
1545 2668 1584 2697 ut
1607 2661 1688 2703 dixi,

223 2710 274 2744 ad⁴
293 2720 378 2754 quos
402 2709 560 2744 volebant
586 2709 721 2754 impune
745 2711 1015 2755 propenderent,
1049 2722 1186 2755 campos
1208 2711 1286 2744 urbi
1308 2710 1437 2745 vicinos
1461 2709 1611 2743 colentes
1633 2708 1688 2741 in-

222 2755 334 2800 deque
354 2756 531 2798 viventes,
555 2767 618 2789 nec
639 2755 771 2790 Latinis
793 2756 886 2802 ipsos
908 2768 971 2791 nec
993 2757 1153 2791 Romanis
1174 2756 1433 2800 infestantibus,
1457 2755 1549 2800 quod
1572 2765 1688 2789 eorum

224 2813 331 2846 opera
363 2804 398 2835 et
428 2801 666 2836 benevolentia
689 2802 817 2847 pariter
839 2803 975 2848 utrique
998 2803 1200 2848 indigerent.
1248 2815 1325 2837 nam
1349 2801 1498 2836 utrosvis
1521 2802 1565 2836 ob
1590 2812 1690 2834 acce-

226 2852 304 2893 ptas
328 2847 470 2882 iniurias
493 2848 666 2890 odissent,
690 2848 830 2883 afficere
853 2850 973 2883 damno
999 2853 1178 2894 poterant,
1213 2849 1319 2883 Italos
1342 2848 1477 2893 quidem
1500 2845 1690 2882 recedendo

225 2893 328 2938 inde,
360 2901 396 2929 et
419 2894 580 2930 desolatis
602 2894 805 2941 incultisque
826 2895 1078 2942 relinquendis,
1112 2895 1203 2930 unde
1224 2894 1338 2930 victus
1362 2897 1493 2941 partem
1515 2893 1691 2929 maximam
1740 2921 1743 2923 .
