1884 3262
457 179 533 222 DE
567 179 850 225 MICHAELE
879 183 1260 230 PALAEOLOGO
1293 187 1341 230 L.
1377 186 1453 233 IV.
1596 188 1694 236 261

199 291 279 350 γὰρ
302 295 371 337 καὶ
394 291 582 338 κανόνων
599 295 764 347 ἐκείνοις
790 301 966 342 τοιαῦτα
991 295 1266 356 πράττουσιν)
1287 298 1408 343 οὐδὲν
1432 295 1482 357 ἦν
1499 301 1622 346 πλέον
1648 303 1694 346 ἐκ

197 361 357 407 τούτων
378 362 441 407 ὅτι
458 364 517 419 μὴ
537 364 610 408 τὸν
630 365 891 424 πατριάρχην
912 372 1210 424 παραιτεῖσθαι
1230 369 1304 412 τὸν
1322 367 1479 427 τρόπον
1499 375 1577 428 τῆς
1598 374 1688 429 κρί-
1711 383 1744 418 D

199 449 327 485 σεως,
363 433 465 484 τούς
493 433 537 477 (5²
569 434 891 480 ἆντεπιστὲλλειν
923 437 1086 496 ἐκείνῳ,
1138 435 1196 487 ὦς
1230 438 1592 497 ε’πιστημονοῖρχου
1610 446 1686 486 τοῦ

196 502 402 555 βασιλέως
431 501 532 546 εἶναι
567 505 852 561 δικαιουμένου
880 507 924 549 ἓν
953 512 1041 556 τοῖς
1070 507 1420 562 ἓκκλησιαστικοΐς
1451 508 1682 567 πράγμασι,

161 571 254 628 ὁμὴ
275 573 434 616 δίκαιον
452 571 553 616 εἶναι
576 576 665 630 μηδ
675 574 690 590 ’
712 574 879 632 εὔλογον
899 573 952 618 τὰ
976 580 1153 619 τοιαῦτα
1168 575 1332 632 μέγιστ’
1361 577 1463 621 ὄντα
1486 581 1581 635 δίχα
1598 585 1684 635 βα-

193 645 358 698 σιλικῆς·
372 644 615 694 ἐπιστασίας
631 648 848 690 κινεῖσθαι.

334 712 378 757 5.
446 711 515 755 Ἐν
545 710 631 772 ὅσῳ
662 714 707 756 δὲ
735 712 862 756 ταῦτ’
896 709 1146 768 ἐπράττετο,
1183 711 1385 770 ἐννοήσας
1418 713 1441 759 ὅ
1471 714 1676 776 πατριάρ-
1700 729 1733 764 Ε

188 797 268 837 χης
279 813 293 834 ,
323 780 347 824 ὃ
368 783 436 825 καὶ
458 781 616 837 ἀληθὲς
634 777 685 838 ἦν
698 815 712 836 ,
752 781 809 833 ὡς
830 782 950 826 οἶδέν
971 784 1083 826 ἐστιν
1102 783 1204 826 ἄλλο
1229 783 1278 827 τὸ
1297 788 1439 828 κινοῦν
1455 790 1631 830 τοιαῦτα
1652 786 1677 843 ἢ

190 850 238 894 τὸ
272 855 349 894 τοῦ
383 855 637 908 κρατοῦντος
663 851 769 909 πρὸς
798 851 928 896 αὐτὸν
959 850 1205 906 ἆμυντικόνρ
1251 841 1420 897 ὅτενκαὶ
1450 853 1679 899 κινδυνεύοι

136 927 180 961 10
191 923 304 986 κακῷ
332 919 380 964 τό
410 920 536 963 κακὸν
563 922 735 973 ἰᾶσθαι,
781 926 835 979 τῇ
864 925 941 964 τοῦ
968 919 1229 979 πατριάρχου
1261 925 1464 980 καταδίκῃ
1491 924 1540 968 τὸ
1570 925 1677 981 πρὸς

189 991 342 1032 ἐκείνου
375 988 558 1046 ἃπεχθές
593 991 661 1032 καὶ
692 990 896 1048 ὀχλῶδες,
937 989 1042 1033 ὥστε
1079 993 1148 1033 καὶ
1184 990 1501 1036 ἀπεσκευάσθαι
1539 998 1676 1038 ταῦτα

184 1057 440 1114 βούλεσθαι,
477 1058 666 1116 παριδών
688 1063 828 1102 πᾶσαν
846 1061 1155 1116 μικροψυχίαν,
1189 1061 1320 1103 ἰ’ππου
1338 1078 1382 1104 τε
1409 1059 1579 1117 ἐπιβάς,
1613 1063 1674 1120 μὴ

184 1125 386 1185 πρότερον
409 1127 571 1179 εἰωθὼς
590 1130 634 1179 ἐξ
655 1122 706 1171 οὗ
727 1129 804 1185 τὴν
824 1131 1148 1173 Κωνσταντίνου
1168 1130 1394 1185 κατέλαβε,
1424 1133 1493 1174 καὶ
1512 1135 1683 1186 βασιλεῖ

185 1195 407 1253 πρόσεισιν.
475 1195 610 1254 ἡμέρα
639 1197 683 1240 δ’
710 1193 762 1254 ἦν
785 1198 893 1241 καθ’
925 1197 976 1254 ἢν
1000 1198 1126 1241 ταῦτ’
1149 1196 1374 1256 ἐπράττετο
1394 1198 1668 1258 κυριώνυμος.
1695 1207 1724 1243 P
1750 1209 1816 1245 177

128 1264 206 1309 1ὅό
237 1271 338 1323 γοῦν
366 1267 565 1322 βασιλεὺς
595 1266 738 1323 καιρὸν
766 1268 918 1311 ἐκεῖνον
945 1269 1105 1323 οῗηθεὶς
1135 1269 1349 1323 ἐπιστῆναι
1376 1267 1424 1312 ὃν
1449 1271 1518 1313 καὶ
1542 1270 1671 1327 ἐζήτει

178 1333 333 1390 πάλαι,
369 1336 441 1380 τὸν
459 1341 535 1391 τῆς
557 1335 732 1387 ἀνέσεως
749 1337 907 1396 (ἔπειθε
923 1336 1002 1394 γὰρ
1023 1338 1172 1380 ἐννοεῖν
1189 1338 1356 1381 τοιαῦτ’
1376 1339 1529 1383 ἐκεῖνον
1550 1338 1601 1384 τό
1619 1340 1667 1384 τ’

179 1407 370 1462 ἐπιβῆναι
384 1407 515 1448 ιἵππου
539 1406 613 1449 τὸν
633 1404 893 1462 πατριάρχην
913 1407 980 1449 καὶ
1000 1406 1113 1463 παρὰ
1134 1406 1181 1450 τὸ
1202 1405 1386 1463 σύνηθες
1403 1411 1583 1463 πρᾶξαι,
1612 1407 1667 1453 τά

178 1493 222 1518 τε
250 1473 467 1530 κινούμενα
488 1473 544 1526 ὥς
572 1475 613 1518 ἓν
639 1479 730 1535 χρῷ
749 1476 976 1532 καταδίκης
999 1477 1068 1518 καὶ
1107 1475 1237 1519 αὐτὸν
1268 1476 1561 1535 γεγενῆσθαι),
1596 1480 1667 1521 καὶ

178 1542 236 1595 ὥς
258 1545 571 1600 ἒκμειλίξασθαι
590 1544 878 1601 παραγένοιτο,
918 1541 1184 1602 φιλοφρόνως
1204 1542 1446 1600 ὖποὸἕχεται
1465 1545 1663 1604 προσιόν-

119 1612 229 1657 2Οτα
241 1647 254 1667 ,
294 1616 362 1657 καὶ
379 1618 569 1657 πλεῖστον
588 1611 687 1657 ὅσον
717 1612 851 1669 ὁμιλεῖ
867 1613 920 1656 τὰ
944 1615 1155 1669 χαρίεντα.
1228 1612 1286 1664 ὥς
1311 1619 1412 1670 γοῦν
1428 1615 1570 1672 καιρὸς
1589 1621 1663 1672 τῆς

173 1683 287 1739 ἱερᾶς
305 1685 558 1739 λειτουργίας
577 1683 726 1737 ἔπε’στη
747 1684 814 1725 καὶ
843 1682 925 1738 ἤδη
961 1679 1011 1738 ἦν
1041 1681 1062 1725 ὅ
1092 1686 1257 1738 κρατῶν
1287 1683 1391 1739 πρὸς
1423 1683 1471 1726 τὸ
1493 1689 1553 1744 τῷ
1573 1690 1661 1745 ναῷ

172 1753 402 1808 ἐπιστῆναι,
439 1751 611 1808 πέμψας
631 1750 781 1803 ἐκεῖνός
803 1769 894 1795 τινα
916 1756 1000 1796 τῶν
1020 1751 1152 1795 αὐτοῦ
1174 1751 1273 1802 τούς
1292 1753 1356 1794 ἐπὶ
1376 1756 1453 1808 τῆς
1468 1757 1653 1812 λειτουρ-
1679 1762 1708 1796 Β

167 1874 211 1910 iis
234 1874 519 1910 missitationibus
541 1876 578 1908 et
602 1873 776 1919 responsis
798 1873 876 1908 elici
897 1873 1010 1920 potuit
1032 1873 1098 1909 nisi
1120 1873 1304 1920 displicere
1325 1873 1546 1920 patriarchae
1566 1874 1657 1910 iudi·

170 1922 214 1956 cii
237 1923 392 1965 modum,
418 1927 456 1956 et
483 1922 527 1956 ob
559 1920 596 1955 id
630 1932 830 1966 comparere
851 1932 1023 1956 recusare.
1071 1921 1114 1955 ad
1140 1933 1232 1967 quae
1254 1921 1319 1955 hoc
1340 1926 1417 1956 erat
1438 1925 1575 1966 patrum
1598 1933 1655 1956 re-

168 1979 330 2014 sponsum
354 1967 576 2014 patriarchae
598 1979 662 2013 per
681 1967 842 2002 remissos
865 1967 910 2002 ad
932 1967 1042 2012 ipsum
1067 1974 1252 2002 vocatores
1273 1967 1446 2002 redditum
1459 1993 1469 2010 ,
1506 1978 1581 2002 cum
1605 1968 1654 2003 sit

166 2015 247 2050 olim
271 2016 500 2050 existimatum
523 2026 672 2060 aequum
689 2013 891 2059 imperatori
925 2013 1033 2048 tribui
1057 2013 1244 2059 principem
1267 2014 1377 2048 locum
1400 2014 1437 2047 in
1461 2014 1655 2058 cognitione

167 2073 282 2097 rerum
305 2061 633 2100 ecclesiasticarum,
660 2072 725 2094 nec
751 2060 879 2095 iustum
901 2071 966 2095 nec
986 2060 1114 2094 rationi
1136 2067 1397 2095 consentaneum
1431 2071 1529 2101 esse,
1562 2071 1653 2106 quae

168 2121 211 2143 ex
235 2120 276 2143 eo
300 2120 427 2154 genere
449 2107 588 2153 negotia
610 2118 700 2142 nunc
722 2107 961 2151 agitarentur,
982 2107 1122 2141 maximi
1143 2107 1264 2152 utique
1285 2105 1464 2148 momenti,
1490 2105 1575 2141 alibi
1590 2110 1652 2141 aut

166 2155 270 2190 aliter
292 2159 601 2201 quamvpraesente
624 2165 667 2188 ac
687 2154 905 2199 praesidente
919 2152 1074 2199 principe
1097 2153 1238 2188 moveri.

258 2202 294 2236 5.
339 2201 430 2236 Dum
452 2209 565 2235 autem
587 2200 674 2235 haec
695 2200 747 2234 ita
768 2206 991 2244 gererentur,
1012 2199 1206 2244 intelligens
1227 2197 1445 2244 patriarcha,
1467 2196 1562 2243 quod
1588 2209 1650 2243 ve-¹

166 2258 240 2281 rum
264 2252 363 2286 erat,
386 2259 454 2281 non
478 2259 556 2281 esse
582 2247 682 2281 aliam
706 2247 827 2282 horum
849 2250 1000 2281 motuum
1022 2257 1161 2281 causam
1183 2257 1284 2291 quam
1306 2244 1393 2279 iram
1415 2243 1452 2278 in
1474 2255 1513 2278 se
1534 2243 1647 2289 impe-

164 2293 294 2328 ratoris
325 2293 489 2328 ultionem
522 2293 739 2338 expetentis,
771 2293 808 2328 in
838 2304 908 2339 qua
938 2292 1181 2338 prosecutione
1211 2290 1398 2336 periculum
1431 2293 1510 2324 erat
1538 2301 1583 2324 ne
1612 2290 1645 2325 is

164 2340 252 2374 malo
284 2339 377 2374 aliud
408 2340 531 2374 malum
563 2350 626 2384 pro
655 2339 807 2374 remedio
836 2344 1050 2385 apponeret,
1079 2350 1140 2373 suo
1167 2337 1327 2372 videlicet
1354 2337 1390 2371 in
1413 2336 1645 2382 patriarcham

164 2386 242 2420 odio
265 2390 301 2420 et
322 2386 458 2421 rancori
479 2384 701 2432 patriarchae
721 2386 829 2431 ipsius
851 2386 1069 2420 damnatione
1098 2383 1314 2429 procuranda
1344 2381 1474 2418 mederi
1493 2386 1555 2417 aut
1577 2394 1643 2428 po·-

162 2433 233 2467 tius
256 2432 399 2478 obsequi
421 2437 603 2477 satagens,
626 2433 783 2477 speravit
804 2443 871 2466 uuo
893 2432 948 2466 sui
972 2443 1047 2466 cum
1070 2431 1202 2465 infenso
1223 2430 1432 2476 imperatore
1454 2440 1641 2474 congressu

161 2478 254 2513 istud
283 2478 460 2525 praeverti
490 2479 670 2513 discrimen
697 2489 810 2523 posse.
855 2489 964 2523 quare
985 2476 1265 2524 pusillanimitate
1293 2475 1493 2521 posthabita
1513 2487 1639 2521 equum

160 2525 351 2568 inscendit,
375 2525 538 2560 desuetus
561 2525 596 2559 id
619 2525 737 2559 facere
757 2525 825 2558 iam
850 2535 893 2558 ex
916 2535 984 2569 quo
1010 2523 1337 2569 Constantinopolim
1359 2522 1566 2566 advenerat,
1602 2524 1640 2556 et

159 2571 400 2618 imperatorem
423 2572 508 2606 adit.
556 2571 631 2605 dies
650 2582 720 2616 qua
747 2571 835 2605 haec
866 2575 967 2615 gesta
1001 2574 1083 2604 sunt
1112 2569 1280 2604 dominica
1309 2573 1399 2604 erat.
1443 2567 1551 2613 igitur
1572 2568 1636 2602 im-

160 2622 301 2663 perator
330 2623 428 2653 ratus
459 2620 613 2664 optatam
645 2617 705 2651 diu
736 2617 802 2651 sibi
833 2612 1061 2651 remissionem
1083 2614 1310 2652 anathematis
1333 2615 1377 2649 ad
1400 2625 1439 2649 se
1461 2614 1552 2649 ultro
1574 2614 1636 2648 de-

158 2663 244 2698 ferri
266 2665 456 2709 (suadebat
476 2665 541 2699 hoc
572 2662 661 2698 enim
691 2662 862 2708 equitatio
890 2662 950 2697 illa
976 2662 1114 2698 insolita
1146 2661 1368 2708 patriarchae
1398 2660 1635 2705 adventusque

160 2709 376 2756 inopinatus,
401 2708 658 2746 et'verisimilis
677 2709 895 2750 coniectura,
924 2709 1103 2755 impulsum
1130 2709 1223 2743 illum
1245 2714 1340 2741 metu
1363 2707 1524 2742 intentati
1544 2706 1635 2740 iudi-

161 2755 206 2790 cii
238 2762 275 2791 et
305 2757 457 2803 periculo
488 2756 716 2792 damnationis
743 2755 950 2790 imminentis
971 2755 1016 2790 ad
1043 2756 1134 2790 huuc
1163 2759 1321 2790 conatum
1352 2753 1406 2788 sui
1428 2751 1634 2796 deliniendi)

158 2802 416 2848 perhumaniter
445 2805 600 2839 occurrit
630 2802 801 2844 venienti,
830 2805 869 2837 et
890 2813 966 2836 cum
991 2802 1156 2837 benevole
1177 2801 1395 2836 accedentem
1419 2805 1524 2844 atque
1546 2797 1633 2832 hila-

159 2849 246 2884 riter
265 2850 412 2896 excipit,
436 2859 506 2886 tum
530 2850 668 2886 blandis
689 2849 813 2895 perdiu
837 2848 1050 2887 sermonibus
1071 2847 1215 2884 detinet.
1265 2851 1303 2881 ut
1341 2857 1424 2891 ergo
1446 2855 1567 2881 sacrae
1590 2843 1631 2879 li-
