1884 3262
403 195 503 263 *DE
537 220 811 264 MICHAELE
845 221 1219 266 PALAEOLOGO
1253 224 1302 288 a.
1336 222 1411 265 Ν.
1551 223 1646 268 303

186 332 384 389 βασιλέως
404 329 657 384 ἀκούσαντος
675 337 731 385 εἷς
745 333 932 390 ὑποψίαν
953 336 1087 394 ἐκείνῳ
1101 337 1327 392 κακίστην,
1366 334 1452 379 εἶτα
1472 337 1539 378 καὶ
1557 337 1643 379 κε’ν-
1667 342 1697 375 C

188 406 327 446 ὸυνον.
394 401 624 457 συννοήσας
649 402 779 461 71291‘2
815 408 976 459 κρατῶν
1006 403 1061 454 ὥς
1086 398 1107 447 ὅ
1151 410 1285 447 ταῦτα
1319 404 1444 461 λέγων
1473 405 1648 454 δυνατὸς

190 472 338 513 ἐσεῖται
357 472 424 512 καὶ
441 474 594 527 πρᾶξαι
619 471 663 530 (ἥ
684 489 727 515 τε
749 472 827 528 γὰρ
845 470 981 527 ἡλικία
1000 474 1067 514 καὶ
1096 473 1143 515 τὸ
1164 477 1239 515 τοῦ
1263 472 1456 528 σώματος
1479 474 1646 528 ἰσχυρὸν

190 541 256 581 καὶ
275 540 414 596 τρίτον
433 538 459 594 ἢ
482 542 571 595 περὶ
591 545 724 583 ταῦτα
740 547 858 596 πεῖρα
874 541 1020 595 πιστὴν
1037 539 1228 595 ἡγεῖσθαι
1247 541 1324 596 τὴν
1346 539 1532 596 ὗποψιάν
1551 540 1647 596 ἐδή-

156 616 178 650 5
191 610 282 663 λου)
311 609 382 649 καί
399 608 444 661 γ’
465 608 752 663 ἐπειλημμένος
773 608 944 657 ἀνέσεως
963 608 1040 663 οὐχ
1056 606 1160 663 ὖπέρ
1179 607 1296 664 ἡμῶν
1316 614 1474 662 μᾶλλον
1494 610 1580 652 κατ’
1604 612 1646 652 ἐ-

187 677 326 718 κείνων
357 676 463 718 ἀλλὰ
484 677 589 719 καθ’
609 675 726 731 ἡμῶν
756 676 852 731 μετ’
880 678 1038 719 ἐκείνων
1059 681 1118 734 τῷ
1139 677 1370 733 ἀποδρᾶναι
1391 680 1458 719 καὶ
1476 677 1647 733 μελετή-

187 751 247 786 σει
267 744 366 794 ἴσως
386 746 452 787 καὶ
471 744 756 800 διαπράξεται,
791 748 833 788 ἐν
855 749 1057 801 φυλακαῖς
1076 745 1240 798 δέσμιον
1259 746 1476 800 κατασχὼν
1494 745 1638 802 ἐτήρει,
1663 764 1694 798 1)

186 813 244 868 μὴ
264 814 308 855 δὲ
328 811 502 870 φθάσας
520 815 620 870 φησὶ
649 813 755 856 καθ’
784 812 901 869 ἡμῶν
921 814 1136 862 »ἐκτελέσας
1173 814 1198 856 ἃ
1235 815 1340 857 κατὰ
1367 819 1450 857 τῶν
1482 817 1646 871 ἐχθρῶν

127 896 132 899 ·
180 882 462 937 ἐπηγγείλατο.
530 881 616 924 εἶτα
642 886 717 937 τῆς
746 884 836 939 περὶ
865 884 1015 924 ἐκεῖνον
1036 884 1255 938 φροντίδος
1284 883 1474 926 ἀνεῖσθαι
1493 885 1644 936 θέλων,

135 959 178 990 10
190 949 439 1006 προστάσσει
460 954 519 1007 τῷ
547 950 837 1008 Τζυκανδύλῃ,
870 950 1034 1009 ὄτρηρῷ
1058 968 1100 1006 γε
1119 950 1206 994 ὄντι
1228 952 1331 1006 πρὸς
1350 957 1506 1004 ταῦτα,
1539 951 1648 995 ἀπα-

185 1016 349 1074 γαγόντι
369 1017 472 1072 πρὸς
494 1020 673 1062 Νίκαιαν
696 1018 822 1062 αὐτόν
847 1037 890 1061 τε
909 1022 976 1061 καὶ
996 1019 1072 1061 σὺν
1095 1019 1207 1077 αὐτῷ
1229 1019 1469 1076 Βούλγαρον
1486 1023 1553 1063 καὶ
1568 1021 1647 1062 αὖ-

187 1087 260 1129 τὸν
275 1086 375 1130 ὄντα
397 1087 439 1129 ἐν
458 1084 621 1146 ὖποψίᾳ
652 1091 725 1129 τοί
761 1087 1015 1142 ἀποδρᾶναι,
1057 1090 1283 1140 Τζουΐλαν,
1320 1089 1400 1144 πρὸ
1428 1094 1502 1132 τοῦ
1527 1091 1582 1139 εἷς
1599 1094 1646 1132 τὸ

185 1153 364 1212 κάστρον
395 1157 618 1211 εἵσαγαγεῖν
647 1155 776 1213 ἄμφω
797 1161 997 1214 στερῆσαι
1024 1161 1107 1199 τῶν
1136 1157 1394 1214 ὀφθαλμῶν,
1432 1157 1454 1200 ὃ
1489 1158 1542 1214 δὴ
1575 1159 1640 1200 καὶ
1665 1173 1697 1207 Ε

183 1223 315 1280 γέγονε
331 1224 434 1278 μετὰ
453 1229 599 1267 ταῦτα.

135 1299 176 1334 15
324 1294 402 1338 23.
467 1291 516 1335 Ὁ
533 1293 671 1346 με’ντοι
701 1293 894 1347 βασιλεὺς
923 1292 996 1336 τὸν
1016 1297 1058 1336 Γ
1054 1293 1228 1349 ερμανόν
1261 1291 1648 1348 ἀποσκευασάμενος
1675 1311 1701 1345 p
1725 1312 1790 1346 205

183 1363 275 1416 περὶ
297 1359 551 1418 πατριάρχου
572 1361 804 1404 συνεσκόπει
824 1370 910 1411 τοῖς
926 1363 1111 1416 ἱερεῦσιν,
1151 1361 1206 1410 ὡς
1222 1364 1351 1416 μηδὲν
1369 1362 1485 1412 εἰδὼς
1501 1365 1646 1417 δῆθεν,

183 1430 284 1472 ὀὐδ’
313 1430 473 1484 ἕτοιμον
506 1429 606 1484 ἔχων
634 1430 679 1473 ὃν
706 1432 772 1472 καὶ
798 1432 840 1473 ἐν
855 1433 1008 1489 καρδίᾳ
1033 1429 1398 1485 προυκατεβάλετο.
1469 1429 1531 1480 οἷς
1551 1436 1648 1486 γοῦν

188 1498 263 1540 οὐκ
293 1497 335 1540 ἐν
366 1495 571 1540 ἐπιστάσει
600 1498 652 1540 τὰ
687 1497 867 1552 τούτων,
915 1497 1078 1548 τούτοις
1108 1499 1351 1548 ἐπιπολαίως
1382 1499 1648 1554 λογιζομένοις

187 1567 307 1610 ἔνθεν
322 1567 397 1622 μέν
416 1570 565 1610 τοῦτον
590 1567 710 1623 ἔνθεν
731 1568 773 1610 δ’
798 1568 947 1610 ἐκεῖνον
973 1568 1011 1611 οἳ
1029 1571 1104 1622 τῆς
1129 1569 1302 1625 καρδίας
1322 1566 1557 1625 ὑπέγραφον
1575 1572 1647 1610 λο-

276 1701 307 1734 8.
329 1697 379 1745 μὴ
403 1698 449 1746 δὴ
474 1698 638 1747 quadan?

185 1802 378 1836 minabatur
409 1806 582 1845 acturum,
627 1802 745 1848 utique
775 1803 828 1837 cui
864 1815 928 1838 nec
960 1803 1025 1838 flos
1059 1804 1182 1838 aetatis
1213 1815 1276 1838 nec
1310 1804 1414 1838 robur
1442 1803 1644 1838 lacertorum

187 1860 267 1890 nec,
289 1849 380 1894 quod
403 1855 506 1894 caput
529 1854 625 1892 erat,
661 1860 740 1883 usus
774 1849 839 1883 iarn
873 1851 993 1895 aliquis
1024 1862 1180 1884 ausorum
1211 1850 1398 1884 istiusmodi
1433 1850 1587 1891 deesset,
1611 1852 1645 1883 in

186 1906 259 1928 eam
282 1906 324 1928 ex
347 1895 537 1940 suspicione
559 1896 660 1929 fixam
683 1895 871 1940 opinionem
905 1897 1058 1938 transiit,
1088 1896 1268 1930 timendum
1298 1896 1431 1931 omnino
1464 1908 1527 1937 ne,
1556 1896 1587 1930 si
1613 1897 1645 1930 ei

187 1941 278 1985 quod
301 1941 404 1975 vellet
427 1940 548 1986 agendi
570 1941 711 1975 liberum
735 1942 837 1975 otium
862 1943 1023 1983 daretur,
1048 1949 1108 1976 aut
1130 1943 1359 1986 transfugiens
1381 1942 1423 1975 ad
1447 1943 1562 1976 hostes
1585 1946 1644 1976 aut

188 1986 224 2020 in
253 1987 432 2021 factionem
464 1987 611 2032 aliquam
643 1988 851 2031 reipublicae
880 1988 1044 2022 infensam
1078 2000 1156 2022 sese
1178 1989 1306 2022 addens
1338 1989 1437 2022 istum
1458 1988 1643 2033 inquietum

186 2032 332 2067 animum
356 2038 394 2067 et
414 2033 634 2076 gladiatorias
667 2034 759 2067 vires
791 2034 834 2067 ad
858 2035 992 2079 patriae
1016 2034 1198 2079 perniciem
1220 2036 1409 2075 conferret,
1432 2034 1644 2068 machinare-

186 2083 311 2123 turque
334 2082 370 2113 et
393 2084 580 2113 attentaret
603 2079 790 2123 periculose
811 2081 916 2114 multa
939 2085 1059 2114 contra
1081 2081 1226 2125 quietem
1250 2081 1427 2125 publicam.
1474 2080 1641 2113 constrin-

186 2125 329 2168 gendum
351 2124 456 2169 igitur
487 2125 683 2171 praecipitis
713 2125 839 2169 ingenii
868 2126 1032 2160 hominem
1065 2126 1220 2171 putavit,
1254 2132 1291 2159 et
1311 2126 1369 2159 illo
1392 2125 1522 2159 earceri
1544 2137 1642 2158 man-

186 2170 296 2203 dando
319 2171 618 2215 praevertendum,
640 2177 677 2205 ut
699 2172 836 2214 aiebat,
860 2183 903 2206 ne
926 2178 1042 2206 nostro
1064 2172 1184 2206 damno
1207 2172 1391 2216 perficeret
1411 2171 1501 2215 quod
1524 2171 1558 2204 in
1579 2171 1642 2205 ho-

187 2215 287 2248 stiu'm
310 2216 447 2250 exitium
469 2228 545 2250 sese
576 2217 716 2251 dixisset
746 2218 912 2252 meditari.
961 2223 1080 2262 postea
1102 2229 1184 2251 vero
1217 2217 1355 2254 defungi
1378 2217 1481 2250 semel
1504 2217 1642 2262 cupiens

188 2260 328 2306 ancipiti
350 2273 432 2296 cura
452 2263 487 2297 in
510 2266 583 2296 tuto
607 2263 779 2297 detinendi
801 2275 893 2298 reum
916 2259 1064 2298 difficilis
1087 2263 1281 2303 custodiae,
1303 2262 1547 2306 szcandylae
1567 2263 1639 2297 cui-

186 2307 284 2348 dam,
306 2306 446 2350 impigro
463 2313 504 2342 et
526 2309 652 2342 talibus
674 2309 846 2353 obsequiis
867 2310 990 2344 idoneo
1013 2310 1185 2349 ministro,
1218 2309 1391 2342 mandavit
1422 2314 1462 2342 ut
1483 2309 1572 2342 hunc
1593 2309 1640 2342 si·-

187 2353 254 2386 mul
277 2363 350 2385 cum
372 2353 495 2388 Tzuila
516 2355 685 2398 Bulgaro,
709 2358 745 2389 et
766 2356 840 2400 ipso
862 2355 1046 2400 transfugii
1067 2360 1236 2397 suspecto,
1260 2354 1640 2396 Nicaeam-abductum,

187 2399 304 2432 ambos
325 2398 517 2444 priusquam
536 2399 660 2437 iuicnin
677 2404 824 2435 castrum
840 2403 1015 2445 conderet,
1034 2401 1140 2435 oeulis
1160 2400 1335 2445 privaret3
1357 2400 1501 2446 idquod
1520 2407 1641 2447 postea

183 2447 238 2478 est
259 2445 394 2478 factum.
584 2474 586 2476 .
1387 2465 1390 2468 -

226 2523 229 2526 ,
277 2490 332 2524 23.
381 2489 457 2524 Hoc
477 2501 579 2535 porro
599 2494 752 2536 tempore
773 2492 975 2538 imperator,
999 2494 1110 2526 amoto
1134 2503 1154 2525 e
1174 2491 1256 2526 aede
1278 2493 1462 2534 Germano,
1484 2493 1639 2527 idoneum

209 2535 486 2580 uipatriarchali
510 2536 632 2572 throno
653 2537 880 2583 imponeretur
900 2537 1095 2583 inquirebat
1115 2549 1182 2571 una
1205 2550 1279 2572 cnm
1301 2540 1480 2584 episcopis,
1504 2540 1640 2584 egregie

185 2548 402 2616 dissimulans
425 2581 504 2627 quid
525 2582 560 2616 in
581 2582 846 2626 votisshaberess
870 2596 933 2618 nec
955 2584 1025 2618 ulla
1046 2583 1294 2628 significatione
1315 2585 1462 2630 prodens
1485 2590 1637 2629 paratum

186 2627 252 2662 sibi
273 2628 553 2673 designatumqne
586 2639 686 2662 unum
717 2630 820 2664 menti
841 2630 1035 2671 obversari,
1062 2641 1161 2675 quem
1194 2631 1378 2675 praelatum
1402 2632 1554 2665 omnibus
1576 2631 1638 2663 im-

185 2684 295 2718 pense
315 2679 481 2718 cuperet..
511 2678 782 2719 quotquot-ergo
805 2676 993 2710 antistitum
1014 2676 1272 2721 simplicioribus
1296 2687 1440 2710 arcanus
1463 2681 1539 2711 erat
1561 2688 1639 2710 sen·-

187 2729 245 2752 sus
267 2718 430 2764 principis
453 2719 588 2764 ignotus
602 2744 613 2762 ,
637 2721 681 2753 ab
703 2720 746 2754 iis
769 2732 863 2764 sane,
886 2725 1004 2767 utpote
1026 2733 1098 2756 rem
1120 2721 1377 2756 aestimantibus
1399 2733 1423 2756 e
1443 2722 1636 2767 superficie,

187 2767 225 2798 et
245 2775 343 2809 quam
365 2765 573 2810 relinqueret
594 2766 678 2810 ipsis
696 2766 861 2811 integram
884 2767 1046 2802 evehendi
1069 2779 1169 2812 quem
1185 2768 1322 2802 mallent
1341 2767 1533 2802 libertatem
1555 2779 1638 2801 vere

186 2821 226 2844 se
245 2810 372 2844 habere
392 2811 656 2852 arbitrantibus,
689 2811 776 2846 alius
797 2812 948 2859 aliusque
969 2825 1033 2859 pro
1056 2814 1219 2859 cuiusque
1239 2814 1348 2847 animo
1371 2812 1483 2848 tacitis
1507 2814 1637 2857 cogita-

187 2855 332 2893 tionibus
353 2856 397 2891 ad
428 2868 503 2892 eum
536 2858 696 2892 honorem
728 2858 976 2903 designabatur.
1024 2863 1062 2895 at
1091 2859 1394 2906 perspicacioribus
1426 2859 1523 2902 aliis,
1551 2871 1634 2905 quos
