1846 3262
735 197 1040 243 SUMMARIA.
1596 192 1629 238 9

152 309 242 348 κατ’
267 308 456 355 ἀνατολὴν
477 306 500 346 ὁ
526 305 756 354 πατριάρχης
780 306 845 344 δια
870 308 992 343 ταῦτα
1011 308 1093 348 τοῖς
1120 304 1198 343 ἐκεῖ
1211 303 1393 362 ἐπιδημεῖ.
1461 304 1496 340 3.
1529 315 1632 344 οπως

131 366 135 369 Α
152 359 203 406 τῷ
226 356 450 415 Βουλγάρων
473 357 625 416 βασιλεῖ
633 355 904 399 Κωνσταντίνφ
925 352 948 398 ἡ
965 355 1031 397 τῆς
1048 351 1235 412 Ειῖλογίας
1251 350 1423 398 θυγάτηρ
1440 351 1494 392 εἰς
1510 349 1630 396 γάμον

152 395 325 451 ἐξεδόθη.
403 403 520 440 4.τᾶ
545 402 629 447 περὶ
654 403 726 439 τοῦ
749 401 862 447 Νογᾶ
885 401 951 437 καὶ
979 399 1175 458 Tozdomv3
1204 399 1308 442 ὅπως
1335 397 1437 456 εἶχον
1458 396 1501 433 τὸ
1528 399 1630 443 πρίν.

153 453 216 488 καὶ
235 453 319 496 περὶ
335 453 404 487 τοῦ
424 463 576 494 πρωτου
593 449 769 497 βασιλέως
791 448 854 484 καὶ
880 448 1096 506 νομοθέτου
1119 446 1257 484 αὐτῶν.
1325 447 1360 483 5.
1391 459 1439 480 τα
1455 445 1539 488 περὶ
1561 445 1632 479 τοῦ

154 501 306 544 Μυτζῆ,
330 499 393 534 καὶ
411 496 512 538 ὅπως
530 495 667 533 δέδωκε
682 498 828 553 βασιλεῖ
845 494 914 542 τήν
933 494 1202 555 Meo-{apostoto-
1275 495 1309 529 6.
1343 493 1426 537 περὶ
1449 494 1520 528 τοῦ
1537 490 1632 536 πρὸς

153 560 244 588 τους
265 545 435 592 Σέρβους
451 544 592 591 κήδους
609 544 680 580 τοῦ
697 541 894 602 βασιλέως,
917 542 980 578 καὶ
1009 543 1073 578 δια
1094 554 1214 578 ταυτα
1227 541 1295 584 τῆς
1312 541 1383 575 τοῦ
1399 537 1631 584 πατριάρχου

153 593 355 654 ἐπιδημίας
375 591 502 629 ἐκεῖσε.
570 593 607 627 7.
638 589 686 626 tc?
702 590 785 634 περὶ
807 588 852 625 τό
870 587 1105 646 Δυρράχιον,
1128 588 1191 625 καὶ
1208 588 1278 648 τιοῦ
1300 588 1455 631 σεισμοῦ
1468 587 1538 622 τοῦ
1558 585 1635 622 ἐκεῖ

154 640 440 699 ἐνσκήψαντος.
496 640 530 675 8.
553 637 602 673 τὰ
620 650 717 672 κατα
733 635 800 672 τὸν
821 635 918 682 ρῆγα
932 634 1152 680 Κάρουλον,
1175 633 1236 691 καὶ
1254 647 1356 674 οπως
1375 632 1507 669 στόλον
1526 631 1632 678 ἐξηρ-

154 701 276 724 τυετο.
347 689 380 723 9.
417 698 520 727 οπως
537 681 741 743 πρέσβεις
724 697 744 719 o
762 683 933 739 βασιλευς
951 683 1047 727 πρὸς
1065 682 1131 719 τόν
1148 682 1244 727 ρῆγα
1263 682 1448 739 Φραγγίας
1465 679 1635 716 ἀπέστελ-

155 738 228 771 λεν.
299 736 355 770 10.
380 746 480 775 οπως
495 731 728 776 ἄκουομένου
747 743 817 766 του
836 729 969 766 στόλου
990 729 1038 765 τοὶ
1055 729 1150 766 κατὰ
1167 728 1276 765 πόλιν
1294 726 1314 764 ὁ
1325 727 1503 786 Ιβασιλευς
1521 738 1635 783 παρε-

156 779 365 824 σκευαζετο.
430 782 486 817 11.
507 792 609 820 οπως
628 777 833 819 σταθέντος
850 790 959 814 παπα
978 779 1048 813 τοῦ
1065 777 1295 835 Γρηγορίου,
1319 789 1340 812 ο
1357 773 1527 833 βασιλεύς
1541 770 1636 818 πρὸς

155 828 227 874 τήν
243 825 325 873 μετ’
347 825 490 863 ἐκείνου
505 824 665 883 εἰρήνην
683 824 921 882 ᾠκονομεῖτο.
992 826 1048 861 12.
1085 822 1187 864 ὅπως
1211 820 1232 859 ὁ
1256 820 1426 880 βασιλεῦς
1451 821 1544 861 τούς
1569 821 1636 877 τῆς

156 874 348 921 ἐκκλησίας
374 871 623 929 κατηνάγκαζε
646 861 711 907 διὰ
736 870 808 928 τήν
835 869 998 917 εἰρήνην.
1070 873 1127 908 13.
1159 883 1264 912 οπως
1282 866 1302 905 6
1320 868 1495 913 Χουμνός
1512 865 1635 903 Ἰωάν-

157 935 230 982 νης
251 919 451 977 κατηγόρει
476 921 546 955 τοῦ
577 917 858 977 χαρτοφύλακος
886 918 1038 954 Βέκκου.
1111 915 1167 954 14.
1197 931 1245 953 τα
1265 917 1347 960 περὶ
1365 917 1432 952 τοῦ
1452 915 1569 960 τόμου
1590 927 1636 950 ον

158 968 347 1006 ἀπέστειλε
364 965 459 1011 πρὸς
474 965 543 1013 τὴν
559 962 787 1025 ἐκκλησίαν”
769 980 790 1002 o
808 965 992 1011 βασιλευς.
1066 966 1123 1001 15.
1157 976 1256 1005 οπως
1279 961 1299 999 ὁ
1328 962 1466 1004 Βέκκος
1488 963 1542 1002 εἰς
1563 975 1635 1007 φυ-

159 1014 276 1060 λακὴν
313 1013 521 1059 εἰργμένος,
565 1027 666 1058 ομως
698 1011 916 1071 βιαζόμενος
954 1014 1182 1047 κατετίθετο.
1273 1013 1326 1046 16.
1375 1008 1476 1051 ὅπως
1509 1006 1530 1045 ὁ
1563 1021 1636 1043 πα-

159 1061 335 1107 τριόρχης
361 1058 609 1118 γνωματεύων
636 1058 830 1106 ἐγγράφως
857 1058 981 1104 ὤμνυε
1006 1058 1059 1104 μή
1083 1057 1356 1103 καταδέχεσθαι
1380 1055 1450 1101 τήν
1472 1053 1636 1100 εἰρήνην.

161 1112 219 1168 17.
251 1109 339 1163 περὶ
364 1120 440 1143 των
475 1105 770 1152 ἅποκρισιαρίων
795 1107 867 1143 τοῦ
891 1107 1113 1164 βασιλέως,
1124 1105 1188 1141 καὶ
1213 1106 1280 1149 τῆς
1305 1105 1374 1140 τοῦ
1402 1101 1637 1160 πατριάρχου

160 1152 444 1213 ἀποχωρήσεως.
503 1156 558 1190 18.
581 1154 665 1199 περὶ
681 1155 748 1200 τῆς
763 1156 834 1190 τοῦ
846 1153 1024 1200 βασιλέως
1040 1166 1135 1198 προς
1147 1164 1237 1192 τους
1253 1149 1450 1195 κληρικους
1466 1147 1639 1206 ἀνάγκης-

163 1206 220 1239 19.
253 1214 355 1242 οπως
382 1202 435 1242 εἰς
460 1199 641 1237 δυσνοιαν
660 1201 944 1257 διαβαλλόμενοι
961 1201 998 1236 οἱ
1012 1200 1175 1245 κληρικοὶ
1193 1198 1432 1256 ἢνοχλοιῖντο.
1501 1200 1559 1234 20.
1590 1194 1634 1232 τὸ

163 1262 261 1285 κατα
286 1247 355 1284 τὸν
380 1247 520 1306 ῥήτορα
541 1250 608 1293 τῆς
627 1246 818 1294 ἐκκλησίας
835 1246 1018 1305 διήγημα,
1042 1248 1105 1283 καὶ
1130 1260 1199 1282 του
1218 1245 1458 1291 συγγράφεως
1476 1245 1638 1290 σχετλία-

163 1309 231 1338 σις.
300 1297 357 1331 21.
390 1293 493 1337 ὅπως
511 1296 548 1331 οἱ
566 1295 735 1342 πρέσβεις
751 1296 821 1331 τοῦ
840 1294 1016 1352 βασιλέως
1036 1292 1131 1329 κατὰ
1147 1292 1344 1329 θάλασσαν
1361 1291 1639 1329 ἐκινδύνευσαν.

162 1345 222 1379 22.
247 1355 349 1382 οπως
368 1354 388 1377 ο
408 1355 536 1383 παπας
552 1341 834 1400 ἐμνημονεύετο,
852 1337 1082 1389 αργήσαντος
1098 1341 1168 1376 τοῦ
1183 1337 1426 1397 πατριάρχου..
1474 1341 1531 1375 23.
1555 1337 1640 1383 περὶ

163 1391 234 1426 τοῦ
252 1390 450 1445 σχίσματος
472 1388 643 1426 καθόλου
663 1391 728 1435 τῆς
748 1388 949 1434 ἐκκλησίας.
1019 1390 1077 1424 24.
1110 1388 1192 1431 περὶ
1209 1389 1274 1434 τῆς
1292 1385 1442 1432 ἐκλογῆς
1460 1399 1528 1422 του
1552 1398 1640 1430 χαρ-

163 1434 377 1491 τοφυλακος
402 1435 542 1493 Βξκκου
567 1437 620 1477 εἰς
640 1436 682 1472 τὸ
701 1439 976 1480 πατριαρχεῒον.
1047 1436 1105 1471 25.
1141 1434 1242 1476 ὅπως
1267 1434 1318 1479 μή
1348 1433 1473 1480 φέρων
1496 1429 1516 1468 ὁ
1535 1434 1643 1489 βασι-

164 1482 248 1525 λευς
265 1481 332 1540 τήν
352 1481 458 1527 παρὰ
477 1496 544 1518 του
564 1482 794 1538 πατριάρχου
811 1481 1002 1539 ἐνόχλησιν
1019 1478 1087 1527 τήν
1105 1484 1254 1538 τρίτην
1251 1481 1409 1537 ξταττεν.
1457 1481 1515 1515 26.
1539 1476 1644 1519 ὅπως

165 1530 229 1566 καὶ
246 1525 364 1571 αυθις
377 1529 470 1574 προς
486 1529 554 1564 τόν
571 1528 700 1565 πάπαν
715 1529 885 1576 πρέσβεις
904 1527 1125 1564 ἐστέλλοντο.
1172 1530 1228 1564 27.
1241 1526 1342 1569 ὅπως
1354 1524 1512 1571 Ἰκάριος
1527 1537 1642 1583 προσ-

165 1575 335 1623 χωρήσας
354 1589 406 1622 τω
425 1577 569 1622 βασιλεῖ
583 1578 807 1612 καθίσταται
822 1574 883 1612 ἐπὶ
902 1576 973 1611 τοῦ
990 1573 1133 1612 στόλου.
1201 1577 1258 1612 28.
1296 1574 1350 1611 ἔτι
1378 1573 1426 1610 τοὶ
1454 1572 1551 1609 κατὰ
1578 1571 1645 1609 τόν

165 1669 410 1724 invalescente,
434 1679 472 1702 eo
496 1679 534 1702 se
554 1669 762 1713 patriarcha
785 1668 968 1703 contulerit
989 1668 1087 1714 pacis
1108 1668 1345 1703 conciliandae
1366 1667 1501 1713 gratia.
1549 1667 1584 1702 3.
1606 1671 1646 1703 ιιι

166 1716 247 1762 regi
280 1716 514 1760 Balgarorum
550 1716 775 1750 Constantino
799 1716 880 1759 filia
903 1716 1079 1761 Ealogiae
1107 1716 1228 1749 Maria
1252 1715 1288 1748 in
1312 1726 1451 1749 uxorem
1476 1715 1565 1748 data
1587 1714 1646 1749 sit.

168 1764 204 1798 4.
229 1762 273 1801 de
301 1761 408 1806 Noga
431 1766 466 1796 et
491 1762 678 1802 Tocharis,
704 1762 962 1807 originibusque
985 1762 1123 1808 gentis,
1148 1763 1258 1807 deque
1278 1762 1390 1806 primo
1416 1772 1532 1795 eorum
1558 1771 1645 1804 rege

169 1821 213 1843 ac
237 1809 479 1854 legumlatore.
526 1809 560 1844 5.
585 1809 629 1842 de
652 1809 788 1853 Mytze‚
816 1813 851 1844 et
874 1815 913 1843 ιιι
936 1810 967 1844 is
996 1810 1198 1854 imperatori
1222 1809 1470 1843 Mesembream
1494 1807 1644 1841 dederit.

169 1857 205 1892 6
229 1855 273 1890 de
290 1855 435 1899 foedere
458 1855 678 1900 imperatoris
710 1866 787 1890 cum
822 1856 955 1897 Sabis,
986 1856 1096 1901 deque
1116 1856 1330 1901 profectione
1360 1854 1587 1899 patriarchae
1610 1853 1648 1886 in

170 1902 329 1937 serbiam
352 1909 395 1936 ea
419 1901 463 1936 de
486 1914 606 1936 causa.
652 1903 687 1938 7.
717 1904 761 1937 de
784 1903 1012 1958 Dyrrhachio,
1038 1908 1072 1937 et
1096 1903 1141 1937 de
1162 1908 1279 1937 terrae
1301 1907 1397 1936 motu
1420 1913 1486 1947 quo
1508 1905 1560 1935 est
1582 1901 1648 1934 illa

170 1949 296 1984 civitas
324 1959 456 1985 eversa.
503 1950 537 1984 8.
563 1950 606 1984 de
627 1960 714 1994 rege
739 1950 887 1993 Carolo,
923 1954 961 1984 ιιι
991 1950 1022 1983 is
1046 1951 1189 1984 classem
1214 1949 1418 1983 armaverit.
1474 1949 1508 1983 9.
1532 1952 1571 1981 ιιι
1595 1947 1646 1980 le—

170 2001 277 2042 gatos
297 1995 486 2039 imperator
509 1996 558 2030 ad
579 2007 700 2042 regem
725 1996 897 2031 Franciae
919 1996 1060 2037 miserit.
1107 1998 1161 2031 10.
1187 2001 1226 2030 ιιι
1250 1997 1298 2030 ad
1314 1998 1454 2039 samam
1476 1999 1647 2028 venturae

170 2044 322 2097 infestae
347 2042 468 2076 classis
487 2042 525 2076 in
547 2043 630 2077 urbe
652 2044 840 2087 imperator
858 2044 1126 2088 praeparaverit
1144 2055 1234 2088 quae
1255 2043 1452 2077 necessaria
1468 2040 1645 2086 putaban-

171 2095 232 2124 tm·
254 2089 287 2123 ei
308 2089 472 2123 tuendae.
521 2091 576 2125 11.
600 2094 640 2123 ιιι
662 2090 846 2124 constituto
875 2101 972 2134 papa
998 2090 1166 2135 Gregorio
1186 2090 1380 2134 imperator
1401 2100 1477 2122 cum
1504 2100 1543 2122 eo
1567 2093 1644 2122 tra-

172 2136 266 2170 ctari
285 2146 410 2181 pacem
428 2136 676 2180 procuraverit.
731 2138 787 2172 12.
817 2141 857 2171 ιιι
879 2138 1069 2181 imperator
1090 2137 1337 2171 ecclesiasticos
1360 2136 1483 2170 urserit
1507 2135 1556 2168 ad
1575 2146 1646 2180 pa-

173 2194 259 2217 cem.
314 2183 372 2217 13.
413 2187 452 2216 ιιι
497 2183 645 2217 Ioannes
679 2183 854 2217 Chumnas
890 2185 1108 2219 accusaverit
1151 2183 1449 2227 chartophylacem
1487 2183 1643 2215 Veccum.

174 2228 232 2265 14.
256 2229 300 2263 de
321 2228 447 2272 scripto
477 2230 568 2274 quod
600 2230 698 2263 misit
729 2230 778 2263 ad
811 2230 989 2265 ecclesiam
1011 2231 1212 2275 imperator.
1268 2231 1322 2264 15.
1344 2234 1384 2263 ιιι
1418 2229 1544 2263 Veccus
1566 2240 1645 2262 car-

173 2286 251 2309 cere
281 2275 462 2316 detentas,
495 2279 531 2311 e't
562 2276 611 2310 ibi
642 2277 864 2311 nihilominus
891 2278 1102 2319 sanciturus,
1134 2282 1305 2311 attractus
1327 2277 1364 2310 in
1386 2281 1505 2319 partes
1519 2276 1646 2319 suerit.

178 2324 235 2358 16.
268 2327 309 2356 ιιι
328 2322 537 2366 patriarcha
567 2335 634 2357 sua
663 2324 782 2368 palam
805 2324 931 2368 scripto
955 2325 1052 2358 edita
1074 2325 1246 2358 sententia
1268 2324 1438 2357 iuraverit
1460 2335 1497 2357 se
1519 2324 1556 2356 in
1578 2334 1644 2366 pa-

176 2379 250 2402 cem
271 2380 340 2402 non
362 2380 615 2404 consensurum.
665 2370 719 2405 17.
745 2371 789 2405 de
812 2371 942 2416 legalis
964 2371 1179 2414 imperatoris
1201 2375 1237 2405 et
1258 2381 1393 2404 secessu
1407 2370 1647 2416 patriarchae.

181 2418 238 2451 18.
260 2420 300 2449 ιιι
321 2416 511 2459 imperator
532 2428 636 2460 qnam
657 2418 770 2461 potvit
793 2417 1086 2452 vehementissime
1101 2417 1241 2451 clericos
1263 2418 1400 2452 urserit.
1449 2418 1503 2452 19.
1529 2422 1569 2451 ιιι
1592 2428 1647 2449 ca—⁴

177 2463 345 2496 lumniam
374 2462 473 2506 passi
502 2464 619 2497 clerici
647 2464 746 2508 quasi
777 2475 903 2508 parum
928 2464 1058 2508 fideles
1078 2464 1282 2509 imperatori
1304 2469 1436 2506 essent,
1468 2464 1587 2497 vexati
1609 2475 1649 2497 co

177 2509 314 2542 nomine
330 2509 479 2552 suerint.
526 2511 585 2545 20.
605 2511 766 2544 narratio
787 2511 946 2555 supplicii
974 2512 1101 2545 atrocis
1133 2511 1285 2556 irrogati
1304 2511 1454 2552 rhetori,
1489 2515 1524 2544 et
1547 2511 1591 2544 de
1609 2522 1651 2543 co

179 2556 383 2590 lamentatio
406 2556 569 2590 historici.
617 2557 672 2591 21.
698 2562 737 2591 ιιι
759 2558 876 2602 legati
896 2558 1116 2602 imperatoris
1135 2558 1173 2591 in
1189 2558 1280 2592 mari
1292 2557 1484 2602 periclitati
1499 2558 1649 2601 suerint.

177 2603 235 2638 22.
259 2607 299 2636 ιιι
325 2613 444 2647 papae
474 2604 748 2638 commemoratio
777 2607 885 2647 sacta
914 2604 952 2638 ιἰι
973 2616 1072 2638 sacro
1094 2604 1159 2647 sit,
1191 2610 1415 2639 exauctorato
1434 2604 1651 2649 patriarcha.

178 2649 236 2683 23.
260 2649 304 2683 de
326 2650 512 2684 schismate
534 2650 731 2684 universam
753 2651 932 2684 ecclesiam
955 2651 1131 2686 turbante.
1178 2652 1236 2687 24.
1261 2652 1305 2685 de
1329 2651 1492 2685 electione
1514 2651 1653 2684 charto-

178 2695 334 2739 phylacis
362 2697 461 2731 Vecci
493 2696 531 2730 in
550 2697 825 2740 patriarchalem
848 2698 1075 2744 dignitatem.
1130 2698 1187 2732 25.
1210 2703 1249 2732 nt
1272 2709 1341 2731 non
1359 2701 1479 2742 ferens
1502 2697 1655 2741 impera-

182 2746 236 2775 tor
259 2743 468 2785 molestiam,
500 2755 605 2788 quam
628 2744 661 2777 ci
683 2745 787 2778 nimis
811 2745 951 2778 crebrae
974 2745 1202 2789 patriarchae
1230 2755 1294 2788 pro
1318 2746 1500 2790 egentibus
1521 2744 1653 2788 suppli-

181 2789 335 2823 cationes
360 2791 601 2833 facessebant,
635 2791 777 2825 tertiam
801 2791 870 2835 ipsi
884 2791 1019 2834 seriam
1052 2792 1099 2825 ad
1132 2791 1373 2825 admissionem
1405 2790 1654 2836 assignaverit.

180 2835 239 2869 26.
269 2840 308 2869 ιιι
336 2836 462 2870 iterum
484 2837 533 2871 ad
552 2848 684 2882 papam
708 2838 821 2883 lcgati
840 2837 910 2873 sint
931 2838 1038 2873 missi.
1084 2838 1142 2872 27.
1174 2842 1214 2872 ιιι
1239 2838 1374 2872 Icarius
1396 2837 1445 2872 ad
1467 2839 1654 2882 imperato-

180 2891 253 2916 rem
274 2884 516 2930 transfugiens
548 2885 649 2919 classi
675 2884 895 2930 praepositus
923 2886 1045 2930 faerit.
1101 2885 1159 2920 28.
1189 2896 1308 2920 rursus
1341 2884 1386 2920 de
1408 2883 1654 2930 expatriarcha
