<?xml version="1.0" encoding="UTF-8"?>
<!DOCTYPE html PUBLIC "-//W3C//DTD XHTML 1.0 Transitional//EN"
    "http://www.w3.org/TR/xhtml1/DTD/xhtml1-transitional.dtd">
<html xmlns="http://www.w3.org/1999/xhtml" xml:lang="en" lang="en">
 <head>
  <title>
</title>
<meta http-equiv="Content-Type" content="text/html;charset=utf-8" />
  <meta name='ocr-system' content='tesseract 3.04.00' />
  <meta name='ocr-capabilities' content='ocr_page ocr_carea ocr_par ocr_line ocrx_word'/>
</head>
<body>
  <div class='ocr_page' id='page_1' title='image "./corpusscriptorum17niebuoft_0563.png"; bbox 0 0 1884 3262; ppageno 0'>
   <div class='ocr_carea' id='block_1_1' title="bbox 585 216 1653 266">
    <p class='ocr_par' dir='ltr' id='par_1_1' title="bbox 585 216 1653 266">
     <span class='ocr_line' id='line_1_1' title="bbox 585 216 1653 266; baseline 0.006 -6"><span class='ocrx_word' id='word_1_1' title='bbox 585 250 591 258; x_wconf 93' lang='lat'><strong>.</strong></span> <span class='ocrx_word' id='word_1_2' title='bbox 606 220 611 234; x_wconf 92' lang='lat'><em>‘</em></span> <span class='ocrx_word' id='word_1_3' title='bbox 630 217 736 261; x_wconf 88' lang='lat' dir='ltr'><strong>LIB.</strong></span> <span class='ocrx_word' id='word_1_4' title='bbox 763 217 800 261; x_wconf 83' lang='lat'><strong>1.</strong></span> <span class='ocrx_word' id='word_1_5' title='bbox 812 219 816 222; x_wconf 71' lang='grc'><em>’</em></span> <span class='ocrx_word' id='word_1_6' title='bbox 852 216 1234 262; x_wconf 60' lang='lat' dir='ltr'><strong>GLOSSARJUM.</strong></span> <span class='ocrx_word' id='word_1_7' title='bbox 1547 218 1653 266; x_wconf 68' lang='lat'><strong>³545</strong></span> 
     </span>
    </p>
   </div>
   <div class='ocr_carea' id='block_1_2' title="bbox 174 325 1791 2433">
    <p class='ocr_par' dir='ltr' id='par_1_2' title="bbox 177 325 1791 1791">
     <span class='ocr_line' id='line_1_2' title="bbox 188 325 1652 381; baseline 0.003 -17"><span class='ocrx_word' id='word_1_8' title='bbox 188 325 304 379; x_wconf 76' lang='lat' dir='ltr'><strong>quod</strong></span> <span class='ocrx_word' id='word_1_9' title='bbox 333 325 550 373; x_wconf 74' lang='lat' dir='ltr'><strong>articulum</strong></span> <span class='ocrx_word' id='word_1_10' title='bbox 581 326 897 380; x_wconf 80' lang='lat' dir='ltr'><strong>praepositivum</strong></span> <span class='ocrx_word' id='word_1_11' title='bbox 922 325 1000 381; x_wconf 83' lang='grc' dir='ltr'><strong>τήν</strong></span> <span class='ocrx_word' id='word_1_12' title='bbox 1029 333 1121 366; x_wconf 90' lang='lat' dir='ltr'><strong>ante</strong></span> <span class='ocrx_word' id='word_1_13' title='bbox 1157 340 1299 370; x_wconf 83' lang='lat' dir='ltr'><strong>vocem</strong></span> <span class='ocrx_word' id='word_1_14' title='bbox 1324 327 1542 369; x_wconf 73' lang='grc' dir='ltr'><strong><em>κοινωνίαν</em></strong></span> <span class='ocrx_word' id='word_1_15' title='bbox 1568 343 1652 369; x_wconf 88' lang='lat' dir='ltr'><strong>non</strong></span> 
     </span>
     <span class='ocr_line' id='line_1_3' title="bbox 188 382 1791 436; baseline 0.003 -14"><span class='ocrx_word' id='word_1_16' title='bbox 188 382 335 434; x_wconf 64' lang='lat' dir='ltr'><strong>thabet5</strong></span> <span class='ocrx_word' id='word_1_17' title='bbox 365 383 425 421; x_wconf 85' lang='lat' dir='ltr'><strong>uti</strong></span> <span class='ocrx_word' id='word_1_18' title='bbox 443 395 572 434; x_wconf 87' lang='lat' dir='ltr'><strong>neque</strong></span> <span class='ocrx_word' id='word_1_19' title='bbox 591 384 712 422; x_wconf 90' lang='lat' dir='ltr'><strong>editio</strong></span> <span class='ocrx_word' id='word_1_20' title='bbox 730 384 955 424; x_wconf 85' lang='lat' dir='ltr'><strong>Petaviana.</strong></span> <span class='ocrx_word' id='word_1_21' title='bbox 1002 391 1126 436; x_wconf 87' lang='lat' dir='ltr'><strong>porro</strong></span> <span class='ocrx_word' id='word_1_22' title='bbox 1143 384 1286 423; x_wconf 85' lang='lat' dir='ltr'><strong>cubare</strong></span> <span class='ocrx_word' id='word_1_23' title='bbox 1303 383 1347 421; x_wconf 88' lang='lat' dir='ltr'><strong>in</strong></span> <span class='ocrx_word' id='word_1_24' title='bbox 1365 385 1510 424; x_wconf 86' lang='lat' dir='ltr'><strong>mendo</strong></span> <span class='ocrx_word' id='word_1_25' title='bbox 1530 387 1651 427; x_wconf 83' lang='lat' dir='ltr'><strong>verba</strong></span> <span class='ocrx_word' id='word_1_26' title='bbox 1671 394 1701 430; x_wconf 92' lang='lat' dir='ltr'>P</span> <span class='ocrx_word' id='word_1_27' title='bbox 1725 396 1791 433; x_wconf 84' lang='lat'><strong>371</strong></span> 
     </span>
     <span class='ocr_line' id='line_1_4' title="bbox 192 438 1650 495; baseline 0.003 -18"><span class='ocrx_word' id='word_1_28' title='bbox 192 439 265 478; x_wconf 90' lang='lat' dir='ltr'><strong>illa</strong></span> <span class='ocrx_word' id='word_1_29' title='bbox 288 438 390 491; x_wconf 80' lang='grc' dir='ltr'><strong><em>ἔχειν</em></strong></span> <span class='ocrx_word' id='word_1_30' title='bbox 405 440 624 480; x_wconf 81' lang='grc' dir='ltr'><strong><em>κοινωνίαν</em></strong></span> <span class='ocrx_word' id='word_1_31' title='bbox 640 441 706 479; x_wconf 83' lang='lat' dir='ltr'><strong>vel</strong></span> <span class='ocrx_word' id='word_1_32' title='bbox 728 456 804 493; x_wconf 84' lang='grc' dir='ltr'><strong>την</strong></span> <span class='ocrx_word' id='word_1_33' title='bbox 818 441 1036 482; x_wconf 79' lang='grc' dir='ltr'><strong><em>κοινωνίαν</em></strong></span> <span class='ocrx_word' id='word_1_34' title='bbox 1055 440 1149 479; x_wconf 88' lang='lat' dir='ltr'><strong>inde</strong></span> <span class='ocrx_word' id='word_1_35' title='bbox 1168 441 1416 479; x_wconf 65' lang='lat' dir='ltr'><strong>manifestum</strong></span> <span class='ocrx_word' id='word_1_36' title='bbox 1437 448 1510 492; x_wconf 87' lang='lat' dir='ltr'><strong>est,</strong></span> <span class='ocrx_word' id='word_1_37' title='bbox 1540 446 1650 495; x_wconf 78' lang='lat' dir='ltr'><strong>quod</strong></span> 
     </span>
     <span class='ocr_line' id='line_1_5' title="bbox 187 495 1651 564; baseline 0.003 -30"><span class='ocrx_word' id='word_1_38' title='bbox 187 495 420 534; x_wconf 65' lang='lat' dir='ltr'><strong>infinitivus</strong></span> <span class='ocrx_word' id='word_1_39' title='bbox 434 495 555 564; x_wconf 73' lang='grc' dir='ltr'><strong><em>ἔχειν</em></strong></span> <span class='ocrx_word' id='word_1_40' title='bbox 586 510 670 535; x_wconf 88' lang='lat' dir='ltr'><strong>non</strong></span> <span class='ocrx_word' id='word_1_41' title='bbox 697 504 830 549; x_wconf 87' lang='lat' dir='ltr'><strong>potest</strong></span> <span class='ocrx_word' id='word_1_42' title='bbox 852 497 1082 546; x_wconf 66' lang='lat' dir='ltr'><strong>colmam-‚e</strong></span> <span class='ocrx_word' id='word_1_43' title='bbox 1112 498 1221 536; x_wconf 84' lang='lat' dir='ltr'><strong>salva</strong></span> <span class='ocrx_word' id='word_1_44' title='bbox 1249 497 1435 548; x_wconf 85' lang='lat' dir='ltr'><strong>syntaxi,</strong></span> <span class='ocrx_word' id='word_1_45' title='bbox 1467 512 1557 538; x_wconf 88' lang='lat' dir='ltr'><strong>cum</strong></span> <span class='ocrx_word' id='word_1_46' title='bbox 1577 514 1651 539; x_wconf 60' lang='lat' dir='ltr'><strong>nos</strong></span> 
     </span>
     <span class='ocr_line' id='line_1_6' title="bbox 185 548 1648 607; baseline 0.003 -16"><span class='ocrx_word' id='word_1_47' title='bbox 185 553 387 591; x_wconf 69' lang='lat' dir='ltr'><strong>minativo</strong></span> <span class='ocrx_word' id='word_1_48' title='bbox 419 548 629 607; x_wconf 76' lang='grc' dir='ltr'><strong><em>οἷναφορᾶ,</em></strong></span> <span class='ocrx_word' id='word_1_49' title='bbox 665 554 734 605; x_wconf 85' lang='lat' dir='ltr'><strong>qui</strong></span> <span class='ocrx_word' id='word_1_50' title='bbox 765 554 958 605; x_wconf 88' lang='lat' dir='ltr'><strong>sequitur.</strong></span> <span class='ocrx_word' id='word_1_51' title='bbox 1013 554 1120 592; x_wconf 82' lang='lat' dir='ltr'><strong>unde</strong></span> <span class='ocrx_word' id='word_1_52' title='bbox 1145 553 1229 592; x_wconf 89' lang='lat' dir='ltr'><strong>sine</strong></span> <span class='ocrx_word' id='word_1_53' title='bbox 1250 553 1369 592; x_wconf 86' lang='lat' dir='ltr'><strong>dubio</strong></span> <span class='ocrx_word' id='word_1_54' title='bbox 1387 554 1648 607; x_wconf 77' lang='lat' dir='ltr'><strong>Pachymeres</strong></span> 
     </span>
     <span class='ocr_line' id='line_1_7' title="bbox 185 608 1646 665; baseline 0.004 -18"><span class='ocrx_word' id='word_1_55' title='bbox 185 608 399 661; x_wconf 72' lang='lat' dir='ltr'><strong>scripserit</strong></span> <span class='ocrx_word' id='word_1_56' title='bbox 418 608 525 660; x_wconf 74' lang='grc' dir='ltr'><strong><em>ἔχει</em></strong></span> <span class='ocrx_word' id='word_1_57' title='bbox 514 623 557 647; x_wconf 88' lang='lat' dir='ltr'>m</span> <span class='ocrx_word' id='word_1_58' title='bbox 582 611 800 662; x_wconf 83' lang='lat' dir='ltr'><strong>praesentis</strong></span> <span class='ocrx_word' id='word_1_59' title='bbox 827 609 1037 648; x_wconf 84' lang='lat' dir='ltr'><strong>indicativi</strong></span> <span class='ocrx_word' id='word_1_60' title='bbox 1057 610 1174 648; x_wconf 82' lang='lat' dir='ltr'><strong>tertia</strong></span> <span class='ocrx_word' id='word_1_61' title='bbox 1194 623 1375 663; x_wconf 84' lang='lat' dir='ltr'><strong>persona.</strong></span> <span class='ocrx_word' id='word_1_62' title='bbox 1435 612 1532 663; x_wconf 90' lang='lat' dir='ltr'><strong>quid</strong></span> <span class='ocrx_word' id='word_1_63' title='bbox 1553 626 1646 665; x_wconf 83' lang='lat' dir='ltr'><strong>ergo</strong></span> 
     </span>
     <span class='ocr_line' id='line_1_8' title="bbox 183 665 1644 718; baseline 0.004 -15"><span class='ocrx_word' id='word_1_64' title='bbox 183 665 294 703; x_wconf 63' lang='lat' dir='ltr'><strong>illud</strong></span> <span class='ocrx_word' id='word_1_65' title='bbox 309 681 334 706; x_wconf 89' lang='grc' dir='ltr'><strong><em>ν</em></strong></span> <span class='ocrx_word' id='word_1_66' title='bbox 360 665 587 704; x_wconf 85' lang='lat' dir='ltr'><strong>redundans</strong></span> <span class='ocrx_word' id='word_1_67' title='bbox 610 666 654 703; x_wconf 89' lang='lat' dir='ltr'><strong>in</strong></span> <span class='ocrx_word' id='word_1_68' title='bbox 684 666 868 706; x_wconf 80' lang='lat' dir='ltr'><strong>omnibus</strong></span> <span class='ocrx_word' id='word_1_69' title='bbox 895 666 1210 718; x_wconf 83' lang='lat' dir='ltr'><strong>exemplaribus,</strong></span> <span class='ocrx_word' id='word_1_70' title='bbox 1247 666 1289 705; x_wconf 88' lang='lat' dir='ltr'><strong>in</strong></span> <span class='ocrx_word' id='word_1_71' title='bbox 1309 666 1524 707; x_wconf 72' lang='lat' dir='ltr'><strong>Bau-berino</strong></span> <span class='ocrx_word' id='word_1_72' title='bbox 1548 682 1644 710; x_wconf 86' lang='lat' dir='ltr'><strong>vero</strong></span> 
     </span>
     <span class='ocr_line' id='line_1_9' title="bbox 191 720 1644 777; baseline 0.003 -17"><span class='ocrx_word' id='word_1_73' title='bbox 191 722 369 760; x_wconf 88' lang='lat' dir='ltr'><strong>omnium</strong></span> <span class='ocrx_word' id='word_1_74' title='bbox 398 722 549 773; x_wconf 82' lang='lat' dir='ltr'><strong>optimo</strong></span> <span class='ocrx_word' id='word_1_75' title='bbox 579 730 780 774; x_wconf 86' lang='lat' dir='ltr'><strong>praeterea</strong></span> <span class='ocrx_word' id='word_1_76' title='bbox 816 723 1006 762; x_wconf 83' lang='lat' dir='ltr'><strong>articulus</strong></span> <span class='ocrx_word' id='word_1_77' title='bbox 1031 720 1128 775; x_wconf 80' lang='grc' dir='ltr'><strong><em>τήν,·</em></strong></span> <span class='ocrx_word' id='word_1_78' title='bbox 1174 723 1274 774; x_wconf 91' lang='lat' dir='ltr'><strong>quid</strong></span> <span class='ocrx_word' id='word_1_79' title='bbox 1301 722 1421 772; x_wconf 88' lang='lat' dir='ltr'><strong>haec,</strong></span> <span class='ocrx_word' id='word_1_80' title='bbox 1468 725 1644 777; x_wconf 75' lang='lat' dir='ltr'><strong>inquam,</strong></span> 
     </span>
     <span class='ocr_line' id='line_1_10' title="bbox 184 778 1647 831; baseline 0.003 -16"><span class='ocrx_word' id='word_1_81' title='bbox 184 778 299 816; x_wconf 76' lang='lat' dir='ltr'><strong>aliud</strong></span> <span class='ocrx_word' id='word_1_82' title='bbox 317 778 488 817; x_wconf 81' lang='lat' dir='ltr'>dixerim</span> <span class='ocrx_word' id='word_1_83' title='bbox 505 793 621 830; x_wconf 86' lang='lat' dir='ltr'><strong>quam</strong></span> <span class='ocrx_word' id='word_1_84' title='bbox 642 780 805 831; x_wconf 80' lang='lat' dir='ltr'><strong>vestigia</strong></span> <span class='ocrx_word' id='word_1_85' title='bbox 818 780 860 817; x_wconf 87' lang='lat' dir='ltr'><strong>in</strong></span> <span class='ocrx_word' id='word_1_86' title='bbox 880 779 1116 831; x_wconf 67' lang='lat' dir='ltr'><strong>apographis</strong></span> <span class='ocrx_word' id='word_1_87' title='bbox 1137 779 1268 818; x_wconf 84' lang='lat' dir='ltr'><strong>adhuc</strong></span> <span class='ocrx_word' id='word_1_88' title='bbox 1295 780 1468 818; x_wconf 77' lang='lat' dir='ltr'><strong>extantia</strong></span> <span class='ocrx_word' id='word_1_89' title='bbox 1496 782 1647 820; x_wconf 77' lang='lat' dir='ltr'><strong>arche-</strong></span> 
     </span>
     <span class='ocr_line' id='line_1_11' title="bbox 182 834 1644 887; baseline 0.005 -15"><span class='ocrx_word' id='word_1_90' title='bbox 182 841 310 887; x_wconf 86' lang='lat' dir='ltr'><strong>·typae</strong></span> <span class='ocrx_word' id='word_1_91' title='bbox 339 835 584 887; x_wconf 69' lang='lat' dir='ltr'><strong>scripturae?</strong></span> <span class='ocrx_word' id='word_1_92' title='bbox 625 843 766 875; x_wconf 83' lang='lat' dir='ltr'><strong>auctor</strong></span> <span class='ocrx_word' id='word_1_93' title='bbox 786 836 974 875; x_wconf 79' lang='lat' dir='ltr'><strong>videlicet</strong></span> <span class='ocrx_word' id='word_1_94' title='bbox 1003 837 1062 874; x_wconf 88' lang='lat' dir='ltr'><strong>sic</strong></span> <span class='ocrx_word' id='word_1_95' title='bbox 1082 837 1199 875; x_wconf 87' lang='lat' dir='ltr'><strong>initio</strong></span> <span class='ocrx_word' id='word_1_96' title='bbox 1225 836 1456 887; x_wconf 75' lang='lat' dir='ltr'><strong>scripserat,</strong></span> <span class='ocrx_word' id='word_1_97' title='bbox 1487 839 1577 878; x_wconf 84' lang='grc' dir='ltr'><strong><em>τίνα</em></strong></span> <span class='ocrx_word' id='word_1_98' title='bbox 1595 834 1644 878; x_wconf 70' lang='grc' dir='ltr'><strong>δ’</strong></span> 
     </span>
     <span class='ocr_line' id='line_1_12' title="bbox 183 887 1644 944; baseline 0.001 -13"><span class='ocrx_word' id='word_1_99' title='bbox 183 891 264 943; x_wconf 67' lang='grc' dir='ltr'><strong><em>ἔχει</em></strong></span> <span class='ocrx_word' id='word_1_100' title='bbox 293 887 600 932; x_wconf 64' lang='grc' dir='ltr'><strong><em>οἷντικανονίανε</em></strong></span> <span class='ocrx_word' id='word_1_101' title='bbox 623 906 700 944; x_wconf 67' lang='lat' dir='ltr'><strong>‘pro</strong></span> <span class='ocrx_word' id='word_1_102' title='bbox 733 892 875 944; x_wconf 84' lang='lat' dir='ltr'><strong>quibus</strong></span> <span class='ocrx_word' id='word_1_103' title='bbox 904 892 1170 944; x_wconf 81' lang='lat' dir='ltr'><strong>exscriptores</strong></span> <span class='ocrx_word' id='word_1_104' title='bbox 1199 906 1405 944; x_wconf 75' lang='lat' dir='ltr'><strong>perperam</strong></span> <span class='ocrx_word' id='word_1_105' title='bbox 1434 895 1644 944; x_wconf 79' lang='lat' dir='ltr'><strong>posuerint:</strong></span> 
     </span>
     <span class='ocr_line' id='line_1_13' title="bbox 185 944 1642 1001; baseline 0.001 -14"><span class='ocrx_word' id='word_1_106' title='bbox 185 950 279 988; x_wconf 69' lang='grc' dir='ltr'><strong><em>’τίνα</em></strong></span> <span class='ocrx_word' id='word_1_107' title='bbox 301 944 346 988; x_wconf 81' lang='grc' dir='ltr'><strong>δ’</strong></span> <span class='ocrx_word' id='word_1_108' title='bbox 369 948 471 1000; x_wconf 76' lang='grc' dir='ltr'><strong><em>ἔχειν</em></strong></span> <span class='ocrx_word' id='word_1_109' title='bbox 488 950 722 998; x_wconf 83' lang='grc' dir='ltr'><strong><em>κοινωνίαν,</em></strong></span> <span class='ocrx_word' id='word_1_110' title='bbox 751 949 883 988; x_wconf 78' lang='lat' dir='ltr'><strong>securi</strong></span> <span class='ocrx_word' id='word_1_111' title='bbox 903 951 1162 1001; x_wconf 76' lang='grc' dir='ltr'><strong><em>σολοικισμοῦ</em></strong></span> <span class='ocrx_word' id='word_1_112' title='bbox 1189 956 1227 987; x_wconf 89' lang='lat' dir='ltr'><strong>et</strong></span> <span class='ocrx_word' id='word_1_113' title='bbox 1243 950 1556 1000; x_wconf 83' lang='lat' dir='ltr'><strong>perturbationis</strong></span> <span class='ocrx_word' id='word_1_114' title='bbox 1574 951 1642 989; x_wconf 86' lang='lat' dir='ltr'><strong>in-</strong></span> 
     </span>
     <span class='ocr_line' id='line_1_14' title="bbox 183 1004 1643 1060; baseline 0.003 -18"><span class='ocrx_word' id='word_1_115' title='bbox 183 1004 432 1043; x_wconf 73' lang='lat' dir='ltr'><strong>extricabilis</strong></span> <span class='ocrx_word' id='word_1_116' title='bbox 463 1005 507 1042; x_wconf 89' lang='lat' dir='ltr'><strong>in</strong></span> <span class='ocrx_word' id='word_1_117' title='bbox 531 1019 648 1056; x_wconf 83' lang='lat' dir='ltr'><strong>quam</strong></span> <span class='ocrx_word' id='word_1_118' title='bbox 676 1011 760 1043; x_wconf 88' lang='lat' dir='ltr'><strong>tota</strong></span> <span class='ocrx_word' id='word_1_119' title='bbox 790 1005 985 1044; x_wconf 87' lang='lat' dir='ltr'><strong>sententia</strong></span> <span class='ocrx_word' id='word_1_120' title='bbox 1004 1019 1078 1057; x_wconf 89' lang='lat' dir='ltr'><strong>per</strong></span> <span class='ocrx_word' id='word_1_121' title='bbox 1106 1006 1215 1044; x_wconf 86' lang='lat' dir='ltr'><strong>istud</strong></span> <span class='ocrx_word' id='word_1_122' title='bbox 1229 1006 1408 1057; x_wconf 85' lang='lat' dir='ltr'><strong>ipsorum</strong></span> <span class='ocrx_word' id='word_1_123' title='bbox 1429 1004 1643 1060; x_wconf 81' lang='grc' dir='ltr'><strong><em>παρόραμα</em></strong></span> 
     </span>
     <span class='ocr_line' id='line_1_15' title="bbox 183 1060 1643 1113; baseline 0.003 -15"><span class='ocrx_word' id='word_1_124' title='bbox 183 1060 386 1113; x_wconf 86' lang='lat' dir='ltr'><strong>implicata</strong></span> <span class='ocrx_word' id='word_1_125' title='bbox 401 1067 577 1099; x_wconf 79' lang='lat' dir='ltr'><strong>remanet</strong></span> <span class='ocrx_word' id='word_1_126' title='bbox 584 1075 595 1111; x_wconf 81' lang='lat'>3</span> <span class='ocrx_word' id='word_1_127' title='bbox 626 1067 671 1099; x_wconf 88' lang='lat' dir='ltr'><strong>ut</strong></span> <span class='ocrx_word' id='word_1_128' title='bbox 690 1061 792 1100; x_wconf 87' lang='lat' dir='ltr'><strong>nihil</strong></span> <span class='ocrx_word' id='word_1_129' title='bbox 807 1061 936 1100; x_wconf 87' lang='lat' dir='ltr'><strong>dicam</strong></span> <span class='ocrx_word' id='word_1_130' title='bbox 955 1061 1004 1100; x_wconf 91' lang='lat' dir='ltr'><strong>de</strong></span> <span class='ocrx_word' id='word_1_131' title='bbox 1018 1061 1191 1099; x_wconf 87' lang='lat' dir='ltr'><strong>taediosa</strong></span> <span class='ocrx_word' id='word_1_132' title='bbox 1211 1062 1446 1113; x_wconf 80' lang='lat' dir='ltr'><strong>repetitione</strong></span> <span class='ocrx_word' id='word_1_133' title='bbox 1464 1063 1643 1103; x_wconf 81' lang='lat' dir='ltr'><strong>eiusdem</strong></span> 
     </span>
     <span class='ocr_line' id='line_1_16' title="bbox 183 1117 1641 1170; baseline 0.003 -16"><span class='ocrx_word' id='word_1_134' title='bbox 183 1117 358 1155; x_wconf 82' lang='lat' dir='ltr'><strong>nominis</strong></span> <span class='ocrx_word' id='word_1_135' title='bbox 382 1118 574 1158; x_wconf 83' lang='grc' dir='ltr'><strong><em>κοινωνία</em></strong></span> <span class='ocrx_word' id='word_1_136' title='bbox 601 1118 725 1156; x_wconf 76' lang='lat' dir='ltr'><strong>altero</strong></span> <span class='ocrx_word' id='word_1_137' title='bbox 751 1117 883 1156; x_wconf 87' lang='lat' dir='ltr'><strong>statim</strong></span> <span class='ocrx_word' id='word_1_138' title='bbox 905 1124 996 1170; x_wconf 90' lang='lat' dir='ltr'><strong>post</strong></span> <span class='ocrx_word' id='word_1_139' title='bbox 1025 1131 1164 1168; x_wconf 86' lang='lat' dir='ltr'><strong>versu,</strong></span> <span class='ocrx_word' id='word_1_140' title='bbox 1192 1123 1236 1156; x_wconf 83' lang='lat' dir='ltr'><strong>et</strong></span> <span class='ocrx_word' id='word_1_141' title='bbox 1254 1118 1413 1170; x_wconf 83' lang='lat' dir='ltr'><strong>quidem</strong></span> <span class='ocrx_word' id='word_1_142' title='bbox 1430 1132 1546 1158; x_wconf 82' lang='lat' dir='ltr'><strong>sensu</strong></span> <span class='ocrx_word' id='word_1_143' title='bbox 1570 1120 1641 1158; x_wconf 90' lang='lat' dir='ltr'><strong>in-</strong></span> 
     </span>
     <span class='ocr_line' id='line_1_17' title="bbox 184 1170 1641 1227; baseline 0.001 -16"><span class='ocrx_word' id='word_1_144' title='bbox 184 1173 418 1213; x_wconf 75' lang='lat' dir='ltr'><strong>sulsissime.</strong></span> <span class='ocrx_word' id='word_1_145' title='bbox 476 1174 572 1225; x_wconf 84' lang='lat' dir='ltr'><strong>quid</strong></span> <span class='ocrx_word' id='word_1_146' title='bbox 592 1174 697 1213; x_wconf 83' lang='lat' dir='ltr'><strong>enim</strong></span> <span class='ocrx_word' id='word_1_147' title='bbox 714 1174 837 1226; x_wconf 78' lang='lat' dir='ltr'><strong>magis</strong></span> <span class='ocrx_word' id='word_1_148' title='bbox 857 1170 1140 1227; x_wconf 64' lang='grc' dir='ltr'><strong><em>ἀσυλλόγιστον</em></strong></span> <span class='ocrx_word' id='word_1_149' title='bbox 1159 1174 1256 1225; x_wconf 84' lang='lat' dir='ltr'><strong>fingi</strong></span> <span class='ocrx_word' id='word_1_150' title='bbox 1281 1180 1414 1227; x_wconf 83' lang='lat' dir='ltr'><strong>potest</strong></span> <span class='ocrx_word' id='word_1_151' title='bbox 1427 1188 1546 1227; x_wconf 86' lang='lat' dir='ltr'><strong>quam</strong></span> <span class='ocrx_word' id='word_1_152' title='bbox 1563 1175 1641 1215; x_wconf 83' lang='lat' dir='ltr'><strong>hoe</strong></span> 
     </span>
     <span class='ocr_line' id='line_1_18' title="bbox 182 1230 1640 1283; baseline 0.002 -15"><span class='ocrx_word' id='word_1_153' title='bbox 182 1231 304 1268; x_wconf 86' lang='lat' dir='ltr'><strong>modo</strong></span> <span class='ocrx_word' id='word_1_154' title='bbox 332 1230 628 1282; x_wconf 85' lang='lat' dir='ltr'><strong>argumentari:</strong></span> <span class='ocrx_word' id='word_1_155' title='bbox 669 1245 796 1283; x_wconf 84' lang='lat' dir='ltr'><em>quam</em></span> <span class='ocrx_word' id='word_1_156' title='bbox 832 1233 937 1269; x_wconf 69' lang='lat' dir='ltr'><strong>enim</strong></span> <span class='ocrx_word' id='word_1_157' title='bbox 968 1231 1086 1269; x_wconf 70' lang='lat' dir='ltr'><strong>[tabet</strong></span> <span class='ocrx_word' id='word_1_158' title='bbox 1120 1233 1434 1269; x_wconf 73' lang='lat' dir='ltr'><strong>communionem</strong></span> <span class='ocrx_word' id='word_1_159' title='bbox 1456 1234 1640 1282; x_wconf 72' lang='lat' dir='ltr'><strong>prolatio</strong></span> 
     </span>
     <span class='ocr_line' id='line_1_19' title="bbox 182 1288 1641 1340; baseline 0.001 -15"><span class='ocrx_word' id='word_1_160' title='bbox 182 1289 385 1336; x_wconf 69' lang='lat' dir='ltr'><strong>nominis,</strong></span> <span class='ocrx_word' id='word_1_161' title='bbox 417 1301 508 1324; x_wconf 85' lang='lat' dir='ltr'><strong>cum</strong></span> <span class='ocrx_word' id='word_1_162' title='bbox 528 1288 635 1325; x_wconf 76' lang='lat' dir='ltr'><strong>allos</strong></span> <span class='ocrx_word' id='word_1_163' title='bbox 650 1289 724 1339; x_wconf 78' lang='lat' dir='ltr'><strong>qui</strong></span> <span class='ocrx_word' id='word_1_164' title='bbox 735 1302 872 1339; x_wconf 79' lang='lat' dir='ltr'><strong>papae</strong></span> <span class='ocrx_word' id='word_1_165' title='bbox 898 1302 983 1326; x_wconf 81' lang='lat' dir='ltr'><strong>non</strong></span> <span class='ocrx_word' id='word_1_166' title='bbox 1009 1295 1108 1325; x_wconf 75' lang='lat' dir='ltr'><strong>sunt</strong></span> <span class='ocrx_word' id='word_1_167' title='bbox 1136 1301 1286 1325; x_wconf 72' lang='lat' dir='ltr'><strong>necesse</strong></span> <span class='ocrx_word' id='word_1_168' title='bbox 1316 1289 1372 1325; x_wconf 66' lang='lat' dir='ltr'><strong>ait</strong></span> <span class='ocrx_word' id='word_1_169' title='bbox 1387 1290 1641 1340; x_wconf 66' lang='lat' dir='ltr'><strong>participum</strong></span> 
     </span>
     <span class='ocr_line' id='line_1_20' title="bbox 181 1344 1639 1395; baseline 0.003 -15"><span class='ocrx_word' id='word_1_170' title='bbox 181 1345 460 1382; x_wconf 75' lang='lat' dir='ltr'><strong>communioni</strong></span> <span class='ocrx_word' id='word_1_171' title='bbox 478 1344 576 1383; x_wconf 64' lang='lat' dir='ltr'><strong>eta?</strong></span> <span class='ocrx_word' id='word_1_172' title='bbox 606 1357 689 1382; x_wconf 86' lang='lat' dir='ltr'><strong>non</strong></span> <span class='ocrx_word' id='word_1_173' title='bbox 716 1358 778 1383; x_wconf 88' lang='lat' dir='ltr'><strong>me</strong></span> <span class='ocrx_word' id='word_1_174' title='bbox 797 1344 902 1383; x_wconf 85' lang='lat' dir='ltr'><strong>fallit</strong></span> <span class='ocrx_word' id='word_1_175' title='bbox 923 1344 1051 1383; x_wconf 86' lang='lat' dir='ltr'><strong>videri</strong></span> <span class='ocrx_word' id='word_1_176' title='bbox 1071 1344 1188 1382; x_wconf 89' lang='lat' dir='ltr'><strong>alicui</strong></span> <span class='ocrx_word' id='word_1_177' title='bbox 1206 1357 1322 1395; x_wconf 86' lang='lat' dir='ltr'><strong>posse</strong></span> <span class='ocrx_word' id='word_1_178' title='bbox 1341 1357 1479 1382; x_wconf 86' lang='lat' dir='ltr'><strong>vocem</strong></span> <span class='ocrx_word' id='word_1_179' title='bbox 1494 1361 1639 1386; x_wconf 69' lang='lat' dir='ltr'><strong>nowen·</strong></span> 
     </span>
     <span class='ocr_line' id='line_1_21' title="bbox 181 1398 1638 1453; baseline 0.001 -13"><span class='ocrx_word' id='word_1_180' title='bbox 181 1401 276 1440; x_wconf 85' lang='grc' dir='ltr'><strong>νίαν</strong></span> <span class='ocrx_word' id='word_1_181' title='bbox 291 1401 422 1452; x_wconf 79' lang='lat' dir='ltr'><strong>priori</strong></span> <span class='ocrx_word' id='word_1_182' title='bbox 443 1400 534 1438; x_wconf 86' lang='lat' dir='ltr'><strong>loco</strong></span> <span class='ocrx_word' id='word_1_183' title='bbox 552 1401 724 1453; x_wconf 79' lang='lat' dir='ltr'><strong>positam</strong></span> <span class='ocrx_word' id='word_1_184' title='bbox 741 1401 924 1453; x_wconf 88' lang='lat' dir='ltr'><strong>usurpari</strong></span> <span class='ocrx_word' id='word_1_185' title='bbox 943 1401 985 1438; x_wconf 89' lang='lat' dir='ltr'><strong>in</strong></span> <span class='ocrx_word' id='word_1_186' title='bbox 1004 1414 1047 1438; x_wconf 85' lang='lat' dir='ltr'><strong>ea</strong></span> <span class='ocrx_word' id='word_1_187' title='bbox 1067 1401 1230 1438; x_wconf 88' lang='lat' dir='ltr'><strong>notione</strong></span> <span class='ocrx_word' id='word_1_188' title='bbox 1251 1414 1327 1452; x_wconf 87' lang='lat' dir='ltr'><strong>qua</strong></span> <span class='ocrx_word' id='word_1_189' title='bbox 1347 1398 1486 1441; x_wconf 84' lang='grc' dir='ltr'><strong><em>κοινόν</em></strong></span> <span class='ocrx_word' id='word_1_190' title='bbox 1506 1401 1638 1441; x_wconf 80' lang='lat' dir='ltr'><strong>inter-</strong></span> 
     </span>
     <span class='ocr_line' id='line_1_22' title="bbox 180 1455 1640 1508; baseline 0.001 -14"><span class='ocrx_word' id='word_1_191' title='bbox 180 1456 278 1494; x_wconf 82' lang='lat' dir='ltr'><strong>dum</strong></span> <span class='ocrx_word' id='word_1_192' title='bbox 298 1455 554 1494; x_wconf 79' lang='lat' dir='ltr'><strong>immundum</strong></span> <span class='ocrx_word' id='word_1_193' title='bbox 572 1463 707 1507; x_wconf 89' lang='lat' dir='ltr'><strong>sonat,</strong></span> <span class='ocrx_word' id='word_1_194' title='bbox 737 1463 782 1496; x_wconf 84' lang='lat' dir='ltr'><strong>ut</strong></span> <span class='ocrx_word' id='word_1_195' title='bbox 798 1457 991 1508; x_wconf 88' lang='lat' dir='ltr'><strong>significet</strong></span> <span class='ocrx_word' id='word_1_196' title='bbox 1011 1457 1143 1495; x_wconf 86' lang='lat' dir='ltr'><strong>labem</strong></span> <span class='ocrx_word' id='word_1_197' title='bbox 1157 1471 1208 1494; x_wconf 85' lang='lat' dir='ltr'><strong>ac</strong></span> <span class='ocrx_word' id='word_1_198' title='bbox 1223 1457 1450 1505; x_wconf 83' lang='lat' dir='ltr'><strong>maculam,</strong></span> <span class='ocrx_word' id='word_1_199' title='bbox 1480 1465 1640 1496; x_wconf 81' lang='lat' dir='ltr'><strong>senten-</strong></span> 
     </span>
     <span class='ocr_line' id='line_1_23' title="bbox 181 1513 1638 1565; baseline 0.002 -15"><span class='ocrx_word' id='word_1_200' title='bbox 181 1513 236 1551; x_wconf 87' lang='lat' dir='ltr'><strong>tia</strong></span> <span class='ocrx_word' id='word_1_201' title='bbox 260 1513 339 1551; x_wconf 82' lang='lat' dir='ltr'><strong>iarn</strong></span> <span class='ocrx_word' id='word_1_202' title='bbox 359 1520 572 1565; x_wconf 84' lang='lat' dir='ltr'><strong>utcumque</strong></span> <span class='ocrx_word' id='word_1_203' title='bbox 598 1514 820 1560; x_wconf 84' lang='lat' dir='ltr'><strong>tolerabili,</strong></span> <span class='ocrx_word' id='word_1_204' title='bbox 848 1514 919 1552; x_wconf 88' lang='lat' dir='ltr'><strong>sed</strong></span> <span class='ocrx_word' id='word_1_205' title='bbox 948 1527 1048 1564; x_wconf 84' lang='lat' dir='ltr'><strong>quae</strong></span> <span class='ocrx_word' id='word_1_206' title='bbox 1071 1527 1154 1552; x_wconf 90' lang='lat' dir='ltr'><strong>non</strong></span> <span class='ocrx_word' id='word_1_207' title='bbox 1179 1513 1290 1552; x_wconf 81' lang='lat' dir='ltr'><strong>tollit</strong></span> <span class='ocrx_word' id='word_1_208' title='bbox 1317 1513 1638 1553; x_wconf 84' lang='lat' dir='ltr'><strong>verisimilitudi-</strong></span> 
     </span>
     <span class='ocr_line' id='line_1_24' title="bbox 180 1570 1636 1622; baseline 0.002 -15"><span class='ocrx_word' id='word_1_209' title='bbox 180 1582 271 1607; x_wconf 83' lang='lat' dir='ltr'><strong>nem</strong></span> <span class='ocrx_word' id='word_1_210' title='bbox 292 1570 407 1620; x_wconf 85' lang='lat' dir='ltr'><strong>longe</strong></span> <span class='ocrx_word' id='word_1_211' title='bbox 426 1571 612 1608; x_wconf 85' lang='lat' dir='ltr'><strong>maiorem</strong></span> <span class='ocrx_word' id='word_1_212' title='bbox 628 1570 912 1609; x_wconf 84' lang='lat' dir='ltr'><strong>emendationis</strong></span> <span class='ocrx_word' id='word_1_213' title='bbox 934 1577 1116 1619; x_wconf 89' lang='lat' dir='ltr'><strong>nostrae,</strong></span> <span class='ocrx_word' id='word_1_214' title='bbox 1145 1570 1195 1608; x_wconf 87' lang='lat' dir='ltr'><strong>ad</strong></span> <span class='ocrx_word' id='word_1_215' title='bbox 1210 1583 1325 1622; x_wconf 87' lang='lat' dir='ltr'><strong>quam</strong></span> <span class='ocrx_word' id='word_1_216' title='bbox 1347 1570 1438 1608; x_wconf 90' lang='lat' dir='ltr'><strong>ideo</strong></span> <span class='ocrx_word' id='word_1_217' title='bbox 1457 1584 1540 1608; x_wconf 89' lang='lat' dir='ltr'><strong>non</strong></span> <span class='ocrx_word' id='word_1_218' title='bbox 1562 1571 1636 1610; x_wconf 78' lang='lat' dir='ltr'><strong>du-</strong></span> 
     </span>
     <span class='ocr_line' id='line_1_25' title="bbox 179 1625 1637 1678; baseline 0.001 -15"><span class='ocrx_word' id='word_1_219' title='bbox 179 1625 308 1664; x_wconf 85' lang='lat' dir='ltr'><strong>bitavi</strong></span> <span class='ocrx_word' id='word_1_220' title='bbox 337 1626 585 1665; x_wconf 83' lang='lat' dir='ltr'><strong>conformare</strong></span> <span class='ocrx_word' id='word_1_221' title='bbox 612 1627 836 1666; x_wconf 85' lang='lat' dir='ltr'><strong>editionem.</strong></span> <span class='ocrx_word' id='word_1_222' title='bbox 894 1627 928 1666; x_wconf 90' lang='lat' dir='ltr'><strong>si</strong></span> <span class='ocrx_word' id='word_1_223' title='bbox 953 1627 1040 1678; x_wconf 87' lang='lat' dir='ltr'><strong>quis</strong></span> <span class='ocrx_word' id='word_1_224' title='bbox 1066 1632 1229 1678; x_wconf 87' lang='lat' dir='ltr'><strong>quaerat</strong></span> <span class='ocrx_word' id='word_1_225' title='bbox 1249 1626 1449 1678; x_wconf 86' lang='lat' dir='ltr'><strong>quomodo</strong></span> <span class='ocrx_word' id='word_1_226' title='bbox 1472 1626 1637 1666; x_wconf 63' lang='lat' dir='ltr'><strong>Vatica-</strong></span> 
     </span>
     <span class='ocr_line' id='line_1_26' title="bbox 178 1681 1636 1737; baseline 0.002 -16"><span class='ocrx_word' id='word_1_227' title='bbox 178 1695 256 1722; x_wconf 86' lang='lat' dir='ltr'><strong>nus</strong></span> <span class='ocrx_word' id='word_1_228' title='bbox 275 1682 403 1721; x_wconf 85' lang='lat' dir='ltr'><strong>codex</strong></span> <span class='ocrx_word' id='word_1_229' title='bbox 423 1681 533 1721; x_wconf 91' lang='lat' dir='ltr'><strong>hunc</strong></span> <span class='ocrx_word' id='word_1_230' title='bbox 548 1683 684 1721; x_wconf 87' lang='lat' dir='ltr'><strong>locum</strong></span> <span class='ocrx_word' id='word_1_231' title='bbox 701 1684 951 1736; x_wconf 83' lang='lat' dir='ltr'><strong>expresserit,</strong></span> <span class='ocrx_word' id='word_1_232' title='bbox 980 1684 1081 1721; x_wconf 88' lang='lat' dir='ltr'><strong>sciat</strong></span> <span class='ocrx_word' id='word_1_233' title='bbox 1099 1688 1227 1721; x_wconf 85' lang='lat' dir='ltr'><strong>totum</strong></span> <span class='ocrx_word' id='word_1_234' title='bbox 1246 1683 1442 1732; x_wconf 87' lang='lat' dir='ltr'><strong>omisisse;</strong></span> <span class='ocrx_word' id='word_1_235' title='bbox 1469 1682 1528 1722; x_wconf 81' lang='lat' dir='ltr'><strong>sic</strong></span> <span class='ocrx_word' id='word_1_236' title='bbox 1546 1685 1636 1737; x_wconf 83' lang='lat' dir='ltr'><strong>ple-</strong></span> 
     </span>
     <span class='ocr_line' id='line_1_27' title="bbox 177 1739 1384 1791; baseline -0.002 -12"><span class='ocrx_word' id='word_1_237' title='bbox 177 1752 368 1790; x_wconf 81' lang='lat' dir='ltr'><strong>rumque,</strong></span> <span class='ocrx_word' id='word_1_238' title='bbox 403 1752 493 1777; x_wconf 86' lang='lat' dir='ltr'><strong>cum</strong></span> <span class='ocrx_word' id='word_1_239' title='bbox 515 1740 613 1791; x_wconf 89' lang='lat' dir='ltr'><strong>quid</strong></span> <span class='ocrx_word' id='word_1_240' title='bbox 634 1740 806 1791; x_wconf 88' lang='lat' dir='ltr'><strong>ambigui</strong></span> <span class='ocrx_word' id='word_1_241' title='bbox 822 1740 1015 1789; x_wconf 83' lang='lat' dir='ltr'><strong>occurrit,</strong></span> <span class='ocrx_word' id='word_1_242' title='bbox 1048 1739 1213 1791; x_wconf 86' lang='lat' dir='ltr'><strong>defungi</strong></span> <span class='ocrx_word' id='word_1_243' title='bbox 1229 1740 1384 1778; x_wconf 85' lang='lat' dir='ltr'><strong>solitus.</strong></span> 
     </span>
    </p>

    <p class='ocr_par' dir='ltr' id='par_1_3' title="bbox 174 1792 1633 2301">
     <span class='ocr_line' id='line_1_28' title="bbox 293 1792 1633 1847; baseline -0.001 -11"><span class='ocrx_word' id='word_1_244' title='bbox 293 1792 600 1845; x_wconf 77' lang='grc' dir='ltr'><strong><em>ἆντιλλάξας</em></strong></span> <span class='ocrx_word' id='word_1_245' title='bbox 627 1810 666 1847; x_wconf 83' lang='lat' dir='ltr'><strong>p.</strong></span> <span class='ocrx_word' id='word_1_246' title='bbox 701 1796 783 1840; x_wconf 84' lang='lat'><strong>140</strong></span> <span class='ocrx_word' id='word_1_247' title='bbox 801 1810 838 1836; x_wconf 86' lang='lat' dir='ltr'><strong>v.</strong></span> <span class='ocrx_word' id='word_1_248' title='bbox 857 1797 896 1838; x_wconf 87' lang='lat'><strong>4.</strong></span> <span class='ocrx_word' id='word_1_249' title='bbox 953 1796 1034 1847; x_wconf 83' lang='lat' dir='ltr'><strong>agit</strong></span> <span class='ocrx_word' id='word_1_250' title='bbox 1049 1797 1098 1835; x_wconf 87' lang='lat' dir='ltr'><strong>de</strong></span> <span class='ocrx_word' id='word_1_251' title='bbox 1123 1796 1316 1835; x_wconf 86' lang='lat' dir='ltr'><strong>militibus</strong></span> <span class='ocrx_word' id='word_1_252' title='bbox 1338 1795 1512 1834; x_wconf 79' lang='lat' dir='ltr'><strong>Caesaris</strong></span> <span class='ocrx_word' id='word_1_253' title='bbox 1527 1796 1633 1835; x_wconf 78' lang='lat' dir='ltr'><strong>insi-</strong></span> 
     </span>
     <span class='ocr_line' id='line_1_29' title="bbox 178 1851 1632 1906; baseline 0.001 -15"><span class='ocrx_word' id='word_1_254' title='bbox 178 1851 381 1891; x_wconf 81' lang='lat' dir='ltr'><strong>diantibus</strong></span> <span class='ocrx_word' id='word_1_255' title='bbox 401 1853 492 1891; x_wconf 90' lang='lat' dir='ltr'><strong>urbi</strong></span> <span class='ocrx_word' id='word_1_256' title='bbox 514 1853 985 1906; x_wconf 84' lang='lat' dir='ltr'><strong>Constantinopolitanae,</strong></span> <span class='ocrx_word' id='word_1_257' title='bbox 1016 1866 1135 1905; x_wconf 90' lang='lat' dir='ltr'><strong>quam</strong></span> <span class='ocrx_word' id='word_1_258' title='bbox 1155 1853 1374 1905; x_wconf 79' lang='lat' dir='ltr'><strong>improviso</strong></span> <span class='ocrx_word' id='word_1_259' title='bbox 1392 1852 1632 1905; x_wconf 79' lang='lat' dir='ltr'><strong>intercipere</strong></span> 
     </span>
     <span class='ocr_line' id='line_1_30' title="bbox 175 1909 1632 1962; baseline 0.002 -16"><span class='ocrx_word' id='word_1_260' title='bbox 175 1909 370 1962; x_wconf 84' lang='lat' dir='ltr'><strong>parabant</strong></span> <span class='ocrx_word' id='word_1_261' title='bbox 382 1941 393 1958; x_wconf 89' lang='lat'><strong>,</strong></span> <span class='ocrx_word' id='word_1_262' title='bbox 419 1923 574 1948; x_wconf 89' lang='lat' dir='ltr'><strong>summo</strong></span> <span class='ocrx_word' id='word_1_263' title='bbox 590 1917 800 1962; x_wconf 86' lang='lat' dir='ltr'><strong>propterea</strong></span> <span class='ocrx_word' id='word_1_264' title='bbox 816 1910 973 1948; x_wconf 87' lang='lat' dir='ltr'><strong>silentio</strong></span> <span class='ocrx_word' id='word_1_265' title='bbox 994 1916 1168 1960; x_wconf 83' lang='lat' dir='ltr'><strong>agentes,</strong></span> <span class='ocrx_word' id='word_1_266' title='bbox 1197 1922 1248 1948; x_wconf 87' lang='lat' dir='ltr'><strong>ne</strong></span> <span class='ocrx_word' id='word_1_267' title='bbox 1266 1909 1591 1961; x_wconf 80' lang='lat' dir='ltr'><strong>responsantibus</strong></span> <span class='ocrx_word' id='word_1_268' title='bbox 1609 1923 1632 1949; x_wconf 83' lang='lat' dir='ltr'><strong>e</strong></span> 
     </span>
     <span class='ocr_line' id='line_1_31' title="bbox 176 1966 1630 2019; baseline 0.001 -15"><span class='ocrx_word' id='word_1_269' title='bbox 176 1978 293 2004; x_wconf 86' lang='lat' dir='ltr'><strong>muro</strong></span> <span class='ocrx_word' id='word_1_270' title='bbox 324 1966 564 2018; x_wconf 88' lang='lat' dir='ltr'><strong>quibusdam</strong></span> <span class='ocrx_word' id='word_1_271' title='bbox 592 1967 871 2019; x_wconf 84' lang='lat' dir='ltr'><strong>proderentur.</strong></span> <span class='ocrx_word' id='word_1_272' title='bbox 938 1966 1055 2005; x_wconf 89' lang='lat' dir='ltr'><strong>codd.</strong></span> <span class='ocrx_word' id='word_1_273' title='bbox 1096 1967 1127 2004; x_wconf 95' lang='lat' dir='ltr'><strong>B</strong></span> <span class='ocrx_word' id='word_1_274' title='bbox 1159 1971 1199 2004; x_wconf 81' lang='lat' dir='ltr'><strong>et</strong></span> <span class='ocrx_word' id='word_1_275' title='bbox 1223 1966 1258 2004; x_wconf 72' lang='lat' dir='ltr'>A</span> <span class='ocrx_word' id='word_1_276' title='bbox 1290 1978 1379 2004; x_wconf 88' lang='lat' dir='ltr'><strong>cum</strong></span> <span class='ocrx_word' id='word_1_277' title='bbox 1407 1966 1581 2018; x_wconf 70' lang='lat' dir='ltr'><strong>simp-lici</strong></span> <span class='ocrx_word' id='word_1_278' title='bbox 1607 1969 1630 2006; x_wconf 70' lang='grc' dir='ltr'><strong><em>λ</em></strong></span> 
     </span>
     <span class='ocr_line' id='line_1_32' title="bbox 175 2021 1629 2073; baseline -0.001 -13"><span class='ocrx_word' id='word_1_279' title='bbox 175 2022 382 2072; x_wconf 82' lang='lat' dir='ltr'><strong>scribunt,</strong></span> <span class='ocrx_word' id='word_1_280' title='bbox 424 2022 550 2062; x_wconf 84' lang='lat' dir='ltr'><strong>Vatic.</strong></span> <span class='ocrx_word' id='word_1_281' title='bbox 581 2024 751 2062; x_wconf 86' lang='lat' dir='ltr'><strong>alterum</strong></span> <span class='ocrx_word' id='word_1_282' title='bbox 777 2026 801 2064; x_wconf 79' lang='grc' dir='ltr'><strong>λ</strong></span> <span class='ocrx_word' id='word_1_283' title='bbox 819 2023 942 2063; x_wconf 85' lang='lat' dir='ltr'><strong>addit.</strong></span> <span class='ocrx_word' id='word_1_284' title='bbox 999 2023 1116 2062; x_wconf 89' lang='lat' dir='ltr'><strong>audio</strong></span> <span class='ocrx_word' id='word_1_285' title='bbox 1142 2022 1184 2060; x_wconf 90' lang='lat' dir='ltr'><strong>in</strong></span> <span class='ocrx_word' id='word_1_286' title='bbox 1201 2022 1358 2073; x_wconf 80' lang='lat' dir='ltr'><strong>vulgari</strong></span> <span class='ocrx_word' id='word_1_287' title='bbox 1380 2021 1538 2059; x_wconf 83' lang='lat' dir='ltr'><strong>Graecis</strong></span> <span class='ocrx_word' id='word_1_288' title='bbox 1555 2021 1629 2059; x_wconf 82' lang='lat' dir='ltr'><strong>ho·-</strong></span> 
     </span>
     <span class='ocr_line' id='line_1_33' title="bbox 176 2073 1628 2132; baseline 0.001 -16"><span class='ocrx_word' id='word_1_289' title='bbox 176 2078 242 2117; x_wconf 80' lang='lat' dir='ltr'><strong>die</strong></span> <span class='ocrx_word' id='word_1_290' title='bbox 261 2079 408 2117; x_wconf 86' lang='lat' dir='ltr'><strong>usitata</strong></span> <span class='ocrx_word' id='word_1_291' title='bbox 428 2079 562 2129; x_wconf 84' lang='lat' dir='ltr'><strong>lingua</strong></span> <span class='ocrx_word' id='word_1_292' title='bbox 585 2076 817 2129; x_wconf 76' lang='grc' dir='ltr'><strong><em>ἆντιλλᾶξας</em></strong></span> <span class='ocrx_word' id='word_1_293' title='bbox 836 2080 917 2118; x_wconf 90' lang='lat' dir='ltr'><strong>dici</strong></span> <span class='ocrx_word' id='word_1_294' title='bbox 934 2093 1010 2132; x_wconf 86' lang='lat' dir='ltr'><strong>pro</strong></span> <span class='ocrx_word' id='word_1_295' title='bbox 1031 2075 1277 2131; x_wconf 75' lang='grc' dir='ltr'><strong><em>ἆντηλλᾶξας</em></strong></span> <span class='ocrx_word' id='word_1_296' title='bbox 1291 2079 1339 2116; x_wconf 87' lang='lat' dir='ltr'><strong>ab</strong></span> <span class='ocrx_word' id='word_1_297' title='bbox 1365 2073 1628 2126; x_wconf 70' lang='grc' dir='ltr'><em>ἀπαλλάττω,</em></span> 
     </span>
     <span class='ocr_line' id='line_1_34' title="bbox 175 2135 1627 2188; baseline -0.001 -16"><span class='ocrx_word' id='word_1_298' title='bbox 175 2141 276 2173; x_wconf 89' lang='lat' dir='ltr'><strong>noto</strong></span> <span class='ocrx_word' id='word_1_299' title='bbox 294 2135 373 2173; x_wconf 89' lang='lat' dir='ltr'><strong>iam</strong></span> <span class='ocrx_word' id='word_1_300' title='bbox 382 2136 600 2186; x_wconf 87' lang='lat' dir='ltr'><strong>vocabulo;</strong></span> <span class='ocrx_word' id='word_1_301' title='bbox 631 2136 744 2188; x_wconf 86' lang='lat' dir='ltr'><strong>quod</strong></span> <span class='ocrx_word' id='word_1_302' title='bbox 764 2137 928 2175; x_wconf 82' lang='lat' dir='ltr'><strong>sortasse</strong></span> <span class='ocrx_word' id='word_1_303' title='bbox 944 2143 1081 2175; x_wconf 88' lang='lat' dir='ltr'><strong>noster</strong></span> <span class='ocrx_word' id='word_1_304' title='bbox 1099 2135 1339 2186; x_wconf 83' lang='lat' dir='ltr'><strong>expresserit</strong></span> <span class='ocrx_word' id='word_1_305' title='bbox 1357 2146 1469 2171; x_wconf 86' lang='lat' dir='ltr'><strong>more</strong></span> <span class='ocrx_word' id='word_1_306' title='bbox 1492 2147 1627 2185; x_wconf 84' lang='lat' dir='ltr'><strong>popu-</strong></span> 
     </span>
     <span class='ocr_line' id='line_1_35' title="bbox 174 2186 1625 2246; baseline 0.001 -18"><span class='ocrx_word' id='word_1_307' title='bbox 174 2189 263 2229; x_wconf 88' lang='lat' dir='ltr'><strong>lari.</strong></span> <span class='ocrx_word' id='word_1_308' title='bbox 319 2191 352 2229; x_wconf 90' lang='lat' dir='ltr'><strong>si</strong></span> <span class='ocrx_word' id='word_1_309' title='bbox 371 2191 502 2229; x_wconf 88' lang='lat' dir='ltr'><strong>minus</strong></span> <span class='ocrx_word' id='word_1_310' title='bbox 522 2191 600 2230; x_wconf 90' lang='lat' dir='ltr'><strong>hoc</strong></span> <span class='ocrx_word' id='word_1_311' title='bbox 618 2193 771 2244; x_wconf 86' lang='lat' dir='ltr'><strong>placet,</strong></span> <span class='ocrx_word' id='word_1_312' title='bbox 801 2194 944 2246; x_wconf 83' lang='lat' dir='ltr'><strong>reponi</strong></span> <span class='ocrx_word' id='word_1_313' title='bbox 961 2198 1096 2246; x_wconf 88' lang='lat' dir='ltr'><strong>posset</strong></span> <span class='ocrx_word' id='word_1_314' title='bbox 1113 2187 1428 2240; x_wconf 73' lang='grc' dir='ltr'><strong><em>οἷντικλαξάντων</em></strong></span> <span class='ocrx_word' id='word_1_315' title='bbox 1446 2189 1495 2228; x_wconf 88' lang='lat' dir='ltr'><strong>ab</strong></span> <span class='ocrx_word' id='word_1_316' title='bbox 1515 2186 1625 2230; x_wconf 69' lang='lat' dir='ltr'><strong>vivu-</strong></span> 
     </span>
     <span class='ocr_line' id='line_1_36' title="bbox 174 2243 703 2301; baseline 0.004 -14"><span class='ocrx_word' id='word_1_317' title='bbox 174 2243 303 2295; x_wconf 80' lang='grc' dir='ltr'><strong><em>κλαζω</em></strong></span> <span class='ocrx_word' id='word_1_318' title='bbox 322 2247 430 2298; x_wconf 88' lang='lat' dir='ltr'><strong>quasi</strong></span> <span class='ocrx_word' id='word_1_319' title='bbox 448 2243 703 2301; x_wconf 78' lang='grc' dir='ltr'><strong><em>αντικλάγγω.</em></strong></span> 
     </span>
    </p>

    <p class='ocr_par' dir='ltr' id='par_1_4' title="bbox 176 2299 1623 2413">
     <span class='ocr_line' id='line_1_37' title="bbox 291 2299 1623 2369; baseline -0.004 -26"><span class='ocrx_word' id='word_1_320' title='bbox 291 2299 674 2353; x_wconf 74' lang='grc' dir='ltr'><strong><em>ἄντιστατικῶς</em></strong></span> <span class='ocrx_word' id='word_1_321' title='bbox 711 2319 753 2357; x_wconf 90' lang='lat' dir='ltr'><strong>p.</strong></span> <span class='ocrx_word' id='word_1_322' title='bbox 774 2303 858 2348; x_wconf 81' lang='lat'><strong>480</strong></span> <span class='ocrx_word' id='word_1_323' title='bbox 879 2319 916 2344; x_wconf 84' lang='lat' dir='ltr'><strong>v.</strong></span> <span class='ocrx_word' id='word_1_324' title='bbox 948 2307 987 2346; x_wconf 90' lang='lat'><strong>9.</strong></span> <span class='ocrx_word' id='word_1_325' title='bbox 1043 2303 1240 2350; x_wconf 77' lang='lat' dir='ltr'><strong>habebat,</strong></span> <span class='ocrx_word' id='word_1_326' title='bbox 1276 2307 1324 2340; x_wconf 83' lang='lat' dir='ltr'><strong>ut</strong></span> <span class='ocrx_word' id='word_1_327' title='bbox 1347 2307 1540 2369; x_wconf 86' lang='lat' dir='ltr'><strong>apparet,</strong></span> <span class='ocrx_word' id='word_1_328' title='bbox 1579 2302 1623 2340; x_wconf 91' lang='lat' dir='ltr'><strong>in</strong></span> 
     </span>
     <span class='ocr_line' id='line_1_38' title="bbox 176 2357 1622 2433; baseline -0.001 -35"><span class='ocrx_word' id='word_1_329' title='bbox 176 2360 308 2398; x_wconf 89' lang='lat' dir='ltr'><strong>animo</strong></span> <span class='ocrx_word' id='word_1_330' title='bbox 327 2359 426 2398; x_wconf 84' lang='lat' dir='ltr'><strong>haec</strong></span> <span class='ocrx_word' id='word_1_331' title='bbox 444 2359 616 2399; x_wconf 86' lang='lat' dir='ltr'><strong>scribens</strong></span> <span class='ocrx_word' id='word_1_332' title='bbox 636 2361 894 2433; x_wconf 58' lang='lat' dir='ltr'><strong>Pac&#39;hymeres</strong></span> <span class='ocrx_word' id='word_1_333' title='bbox 909 2361 1041 2399; x_wconf 88' lang='lat' dir='ltr'><strong>locum</strong></span> <span class='ocrx_word' id='word_1_334' title='bbox 1053 2358 1307 2410; x_wconf 84' lang='lat' dir='ltr'><strong>Hermogenis</strong></span> <span class='ocrx_word' id='word_1_335' title='bbox 1325 2357 1426 2426; x_wconf 76' lang='grc' dir='ltr'><em>περὶ</em></span> <span class='ocrx_word' id='word_1_336' title='bbox 1433 2370 1622 2407; x_wconf 78' lang='grc' dir='ltr'><strong><em>στασεων,</em></strong></span> 
     </span>
    </p>
   </div>
   <div class='ocr_carea' id='block_1_3' title="bbox 165 2409 1624 2973">
    <p class='ocr_par' dir='ltr' id='par_1_5' title="bbox 165 2409 1624 2973">
     <span class='ocr_line' id='line_1_39' title="bbox 174 2409 1624 2468; baseline 0.001 -15"><span class='ocrx_word' id='word_1_337' title='bbox 174 2416 246 2454; x_wconf 89' lang='lat' dir='ltr'><strong>ubi</strong></span> <span class='ocrx_word' id='word_1_338' title='bbox 265 2416 470 2468; x_wconf 83' lang='lat' dir='ltr'><strong>explicans</strong></span> <span class='ocrx_word' id='word_1_339' title='bbox 494 2417 600 2467; x_wconf 89' lang='lat' dir='ltr'><strong>quod</strong></span> <span class='ocrx_word' id='word_1_340' title='bbox 621 2417 674 2455; x_wconf 90' lang='lat' dir='ltr'><strong>sit</strong></span> <span class='ocrx_word' id='word_1_341' title='bbox 692 2413 934 2466; x_wconf 82' lang='grc' dir='ltr'><strong><em>αντίστασ-ις,</em></strong></span> <span class='ocrx_word' id='word_1_342' title='bbox 964 2417 1022 2455; x_wconf 87' lang='lat' dir='ltr'><strong>sic</strong></span> <span class='ocrx_word' id='word_1_343' title='bbox 1040 2416 1196 2455; x_wconf 87' lang='lat' dir='ltr'><strong>scribit.</strong></span> <span class='ocrx_word' id='word_1_344' title='bbox 1233 2415 1384 2467; x_wconf 73' lang='grc' dir='ltr'><strong><em>γίνεται</em></strong></span> <span class='ocrx_word' id='word_1_345' title='bbox 1399 2409 1624 2462; x_wconf 80' lang='grc' dir='ltr'><strong><em>αντίστασις</em></strong></span> 
     </span>
     <span class='ocr_line' id='line_1_40' title="bbox 177 2466 1624 2542; baseline -0.001 -30"><span class='ocrx_word' id='word_1_346' title='bbox 177 2469 275 2513; x_wconf 86' lang='grc' dir='ltr'><strong><em>όταν</em></strong></span> <span class='ocrx_word' id='word_1_347' title='bbox 275 2471 519 2542; x_wconf 50' lang='grc' dir='ltr'><strong><em>ὁμολογῶν</em></strong></span> <span class='ocrx_word' id='word_1_348' title='bbox 532 2471 558 2513; x_wconf 84' lang='lat' dir='ltr'><strong>o‘</strong></span> <span class='ocrx_word' id='word_1_349' title='bbox 588 2487 750 2527; x_wconf 82' lang='grc' dir='ltr'><strong><em>φευγων</em></strong></span> <span class='ocrx_word' id='word_1_350' title='bbox 781 2472 1040 2524; x_wconf 81' lang='grc' dir='ltr'><strong><em>πεποιηκέναι</em></strong></span> <span class='ocrx_word' id='word_1_351' title='bbox 1066 2487 1105 2513; x_wconf 87' lang='grc' dir='ltr'><strong>τι</strong></span> <span class='ocrx_word' id='word_1_352' title='bbox 1130 2470 1185 2519; x_wconf 68' lang='lat' dir='ltr'><strong>m‘g</strong></span> <span class='ocrx_word' id='word_1_353' title='bbox 1210 2468 1406 2523; x_wconf 73' lang='grc' dir='ltr'><strong><em>οἷδίκημα,</em></strong></span> <span class='ocrx_word' id='word_1_354' title='bbox 1441 2466 1624 2525; x_wconf 65' lang='grc' dir='ltr'><strong><em>ἅνθιστᾷ</em></strong></span> 
     </span>
     <span class='ocr_line' id='line_1_41' title="bbox 176 2524 1622 2597; baseline -0.001 -29"><span class='ocrx_word' id='word_1_355' title='bbox 176 2525 311 2582; x_wconf 75' lang='grc' dir='ltr'><strong><em>ἕτερόν</em></strong></span> <span class='ocrx_word' id='word_1_356' title='bbox 327 2544 366 2568; x_wconf 86' lang='grc' dir='ltr'><strong>τι</strong></span> <span class='ocrx_word' id='word_1_357' title='bbox 385 2527 625 2597; x_wconf 68' lang='lat' dir='ltr'><strong>svscys&#39;mwoe</strong></span> <span class='ocrx_word' id='word_1_358' title='bbox 653 2531 784 2581; x_wconf 84' lang='grc' dir='ltr'><strong><em>μεῖζον</em></strong></span> <span class='ocrx_word' id='word_1_359' title='bbox 806 2525 865 2570; x_wconf 81' lang='grc' dir='ltr'><strong>δι’</strong></span> <span class='ocrx_word' id='word_1_360' title='bbox 890 2525 1018 2569; x_wconf 75' lang='grc' dir='ltr'><strong><em>αυτοῦ</em></strong></span> <span class='ocrx_word' id='word_1_361' title='bbox 1042 2531 1116 2569; x_wconf 80' lang='grc' dir='ltr'><strong>τοῦ</strong></span> <span class='ocrx_word' id='word_1_362' title='bbox 1131 2524 1374 2581; x_wconf 68' lang='grc' dir='ltr'><strong><em>ἀδικήματος</em></strong></span> <span class='ocrx_word' id='word_1_363' title='bbox 1393 2526 1622 2581; x_wconf 74' lang='grc' dir='ltr'><strong><em>πεπραγμέ·</em></strong></span> 
     </span>
     <span class='ocr_line' id='line_1_42' title="bbox 175 2581 1622 2637; baseline -0.003 -13"><span class='ocrx_word' id='word_1_364' title='bbox 175 2600 261 2626; x_wconf 89' lang='grc' dir='ltr'><strong><em>νον.</em></strong></span> <span class='ocrx_word' id='word_1_365' title='bbox 320 2584 397 2623; x_wconf 86' lang='lat' dir='ltr'><strong>hoc</strong></span> <span class='ocrx_word' id='word_1_366' title='bbox 414 2591 494 2622; x_wconf 87' lang='lat' dir='ltr'><strong>est:</strong></span> <span class='ocrx_word' id='word_1_367' title='bbox 513 2586 571 2636; x_wconf 79' lang='lat' dir='ltr'><strong>fit</strong></span> <span class='ocrx_word' id='word_1_368' title='bbox 591 2581 816 2634; x_wconf 83' lang='grc' dir='ltr'><strong><em>αντίστασις</em></strong></span> <span class='ocrx_word' id='word_1_369' title='bbox 834 2587 918 2623; x_wconf 73' lang='lat' dir='ltr'><strong>sive</strong></span> <span class='ocrx_word' id='word_1_370' title='bbox 933 2588 1201 2635; x_wconf 81' lang='lat' dir='ltr'><strong>comparatio,</strong></span> <span class='ocrx_word' id='word_1_371' title='bbox 1232 2583 1396 2637; x_wconf 79' lang='lat' dir='ltr'><strong>quando</strong></span> <span class='ocrx_word' id='word_1_372' title='bbox 1415 2597 1508 2620; x_wconf 71' lang='lat' dir='ltr'><strong>reue</strong></span> <span class='ocrx_word' id='word_1_373' title='bbox 1525 2597 1622 2620; x_wconf 85' lang='lat' dir='ltr'><strong>con-</strong></span> 
     </span>
     <span class='ocr_line' id='line_1_43' title="bbox 165 2640 1623 2706; baseline -0.002 -28"><span class='ocrx_word' id='word_1_374' title='bbox 165 2641 292 2692; x_wconf 66' lang='lat' dir='ltr'><strong>fitens·</strong></span> <span class='ocrx_word' id='word_1_375' title='bbox 322 2656 364 2679; x_wconf 74' lang='lat' dir='ltr'><strong>se</strong></span> <span class='ocrx_word' id='word_1_376' title='bbox 375 2642 527 2706; x_wconf 69' lang='lat' dir='ltr'><strong>fecisse</strong></span> <span class='ocrx_word' id='word_1_377' title='bbox 559 2641 722 2693; x_wconf 82' lang='lat' dir='ltr'><strong>aliquid</strong></span> <span class='ocrx_word' id='word_1_378' title='bbox 748 2641 861 2694; x_wconf 82' lang='lat' dir='ltr'><strong>quod</strong></span> <span class='ocrx_word' id='word_1_379' title='bbox 889 2642 1133 2693; x_wconf 72' lang='lat' dir='ltr'><strong>maleficium</strong></span> <span class='ocrx_word' id='word_1_380' title='bbox 1163 2649 1343 2690; x_wconf 73' lang='lat' dir='ltr'><strong>vocetur,</strong></span> <span class='ocrx_word' id='word_1_381' title='bbox 1383 2640 1547 2691; x_wconf 71' lang='lat' dir='ltr'><strong>opponit</strong></span> <span class='ocrx_word' id='word_1_382' title='bbox 1577 2653 1623 2676; x_wconf 79' lang='lat' dir='ltr'><strong>ex</strong></span> 
     </span>
     <span class='ocr_line' id='line_1_44' title="bbox 175 2695 1623 2750; baseline -0.003 -15"><span class='ocrx_word' id='word_1_383' title='bbox 175 2697 343 2735; x_wconf 70' lang='lat' dir='ltr'><strong>adverso</strong></span> <span class='ocrx_word' id='word_1_384' title='bbox 360 2700 496 2735; x_wconf 69' lang='lat' dir='ltr'><strong>maius·</strong></span> <span class='ocrx_word' id='word_1_385' title='bbox 514 2697 687 2750; x_wconf 76' lang='lat' dir='ltr'><strong>aliquod</strong></span> <span class='ocrx_word' id='word_1_386' title='bbox 698 2698 928 2750; x_wconf 72' lang='lat' dir='ltr'><strong>beneficium</strong></span> <span class='ocrx_word' id='word_1_387' title='bbox 943 2700 1060 2736; x_wconf 73' lang='lat' dir='ltr'><strong>euius</strong></span> <span class='ocrx_word' id='word_1_388' title='bbox 1077 2706 1218 2737; x_wconf 79' lang='lat' dir='ltr'><strong>auctor</strong></span> <span class='ocrx_word' id='word_1_389' title='bbox 1223 2698 1361 2749; x_wconf 66' lang='lat' dir='ltr'><strong>fuerat</strong></span> <span class='ocrx_word' id='word_1_390' title='bbox 1378 2695 1623 2746; x_wconf 76' lang='lat' dir='ltr'><strong>maleficium</strong></span> 
     </span>
     <span class='ocr_line' id='line_1_45' title="bbox 175 2752 1623 2807; baseline -0.001 -17"><span class='ocrx_word' id='word_1_391' title='bbox 175 2753 288 2791; x_wconf 76' lang='lat' dir='ltr'><strong>illud</strong></span> <span class='ocrx_word' id='word_1_392' title='bbox 305 2754 596 2796; x_wconf 68' lang='lat' dir='ltr'><strong>committendo.</strong></span> <span class='ocrx_word' id='word_1_393' title='bbox 643 2755 769 2794; x_wconf 82' lang='lat' dir='ltr'><strong>veluti</strong></span> <span class='ocrx_word' id='word_1_394' title='bbox 789 2768 876 2793; x_wconf 89' lang='lat' dir='ltr'><strong>cum</strong></span> <span class='ocrx_word' id='word_1_395' title='bbox 893 2756 1123 2807; x_wconf 81' lang='lat' dir='ltr'><strong>peregrinus</strong></span> <span class='ocrx_word' id='word_1_396' title='bbox 1139 2760 1342 2794; x_wconf 85' lang='lat' dir='ltr'><strong>accusatus</strong></span> <span class='ocrx_word' id='word_1_397' title='bbox 1353 2752 1468 2803; x_wconf 87' lang='lat' dir='ltr'><strong>-quod</strong></span> <span class='ocrx_word' id='word_1_398' title='bbox 1484 2758 1623 2789; x_wconf 83' lang='lat' dir='ltr'><strong>contra</strong></span> 
     </span>
     <span class='ocr_line' id='line_1_46' title="bbox 174 2807 1623 2860; baseline -0.002 -13"><span class='ocrx_word' id='word_1_399' title='bbox 174 2810 279 2860; x_wconf 85' lang='lat' dir='ltr'><strong>leges</strong></span> <span class='ocrx_word' id='word_1_400' title='bbox 295 2824 454 2849; x_wconf 87' lang='lat' dir='ltr'><strong>murum</strong></span> <span class='ocrx_word' id='word_1_401' title='bbox 470 2811 578 2850; x_wconf 89' lang='lat' dir='ltr'><strong>urbis</strong></span> <span class='ocrx_word' id='word_1_402' title='bbox 600 2811 895 2860; x_wconf 83' lang='lat' dir='ltr'><strong>conscenderit,</strong></span> <span class='ocrx_word' id='word_1_403' title='bbox 932 2812 1078 2851; x_wconf 85' lang='lat' dir='ltr'><strong>fatetur</strong></span> <span class='ocrx_word' id='word_1_404' title='bbox 1095 2813 1138 2850; x_wconf 91' lang='lat' dir='ltr'><strong>id</strong></span> <span class='ocrx_word' id='word_1_405' title='bbox 1170 2827 1191 2850; x_wconf 90' lang='lat' dir='ltr'><strong>a</strong></span> <span class='ocrx_word' id='word_1_406' title='bbox 1209 2825 1250 2849; x_wconf 85' lang='lat' dir='ltr'><strong>se</strong></span> <span class='ocrx_word' id='word_1_407' title='bbox 1268 2812 1436 2858; x_wconf 83' lang='lat' dir='ltr'><strong>factum,</strong></span> <span class='ocrx_word' id='word_1_408' title='bbox 1465 2807 1535 2845; x_wconf 86' lang='lat' dir='ltr'><strong>sed</strong></span> <span class='ocrx_word' id='word_1_409' title='bbox 1557 2808 1623 2845; x_wconf 87' lang='lat' dir='ltr'><strong>ad-</strong></span> 
     </span>
     <span class='ocr_line' id='line_1_47' title="bbox 177 2863 1623 2922; baseline -0.001 -19"><span class='ocrx_word' id='word_1_410' title='bbox 177 2866 237 2904; x_wconf 88' lang='lat' dir='ltr'><strong>dit</strong></span> <span class='ocrx_word' id='word_1_411' title='bbox 255 2879 296 2904; x_wconf 86' lang='lat' dir='ltr'><strong>se</strong></span> <span class='ocrx_word' id='word_1_412' title='bbox 317 2867 396 2905; x_wconf 75' lang='lat' dir='ltr'><strong>hcc</strong></span> <span class='ocrx_word' id='word_1_413' title='bbox 413 2868 563 2918; x_wconf 79' lang='lat' dir='ltr'><strong>agendo</strong></span> <span class='ocrx_word' id='word_1_414' title='bbox 581 2881 756 2909; x_wconf 81' lang='lat' dir='ltr'><strong>servasse</strong></span> <span class='ocrx_word' id='word_1_415' title='bbox 775 2868 997 2919; x_wconf 85' lang='lat' dir='ltr'><strong>civitatem,</strong></span> <span class='ocrx_word' id='word_1_416' title='bbox 1026 2869 1194 2922; x_wconf 86' lang='lat' dir='ltr'><strong>repulsis</strong></span> <span class='ocrx_word' id='word_1_417' title='bbox 1210 2866 1404 2915; x_wconf 77' lang='lat' dir='ltr'><strong>hostibus,</strong></span> <span class='ocrx_word' id='word_1_418' title='bbox 1440 2863 1507 2915; x_wconf 88' lang='lat' dir='ltr'><strong>qui</strong></span> <span class='ocrx_word' id='word_1_419' title='bbox 1525 2870 1623 2903; x_wconf 87' lang='lat' dir='ltr'><strong>tunc</strong></span> 
     </span>
     <span class='ocr_line' id='line_1_48' title="bbox 234 2924 1348 2973; baseline 0.004 -14"><span class='ocrx_word' id='word_1_420' title='bbox 234 2927 407 2971; x_wconf 77' lang='lat' dir='ltr'><strong>Georgius</strong></span> <span class='ocrx_word' id='word_1_421' title='bbox 439 2929 659 2973; x_wconf 77' lang='lat' dir='ltr'><strong>Pachymcrcs</strong></span> <span class='ocrx_word' id='word_1_422' title='bbox 691 2931 718 2963; x_wconf 91' lang='grc' dir='ltr'><strong>Ι.</strong></span> <span class='ocrx_word' id='word_1_423' title='bbox 1296 2924 1348 2964; x_wconf 79' lang='grc'><strong>35</strong></span> 
     </span>
    </p>
   </div>
  </div>
 </body>
</html>
