1884 3262
455 177 531 220 DE
567 177 846 220 MICHAELE
880 177 1253 221 PALAEOLOGO
1290 178 1334 220 L.
1371 179 1427 222 V.
1574 177 1670 224 421

206 289 309 344 παρ’
331 289 450 332 οὐδὲν
469 290 543 344 τὴν
564 287 789 346 πρόσταξιν
808 289 976 344 θέμενοι
988 324 1002 343 ,
1039 288 1394 346 ναυπηγησάμενοι
1423 291 1546 346 μείζω
1565 309 1672 350 φορ-

205 359 298 399 τίὸα
318 356 570 414 στρογγύλην
601 363 682 401 τῶν
713 364 1123 415 βαρυφορτηγουσῶν
1150 360 1334 410 ἐξέπλεον
1359 364 1434 414 τῆς
1455 361 1668 417 σφετέρας,

203 427 271 468 καὶ
297 426 348 479 δὴ
369 431 427 484 τῷ
454 429 645 486 Θρακικῷ
671 429 1005 483 προσοκείλαντες
1030 426 1237 485 Βοσπόρῳ
1266 425 1446 471 διέπλεον
1474 428 1526 471 τὰ
1547 430 1668 472 στενὰ

203 498 277 536 τοῦ
310 493 501 547 Πόντου,
546 495 831 552 ἀφροντίστως
859 496 1018 550 ἔχοντες
1045 498 1112 539 καὶ
1138 496 1340 550 βασιλέως
1368 499 1439 539 καὶ
1462 501 1538 539 τοῦ
1561 499 1666 540 κατὰ

169 566 314 618 ὄσφᾶς
338 558 570 617 συνήθους·
605 565 712 618 μηδὲ
733 564 811 620 γὰρ
834 562 934 606 εἶναι
965 564 1037 606 τὸν
1055 565 1332 619 προσίσχοντα
1360 572 1448 615 τοῖς
1466 566 1666 609 ἐνταυθοῖ
1686 578 1715 611 C

201 631 245 672 ἐκ
264 629 466 683 Γενούας,
503 633 598 686 πρὶν
616 631 666 674 ἂν
686 633 789 688 πρὸς
808 640 899 682 ταῖς
919 633 1174 687 Βλαχέρναις
1192 630 1403 688 γενόμενον
1429 635 1603 686 βασιλέα
1621 652 1664 678 τε

199 698 394 755 εὐφημεῖν
413 700 466 742 τὰ
494 698 628 743 εἰκότα
656 703 722 743 καὶ
754 708 1020 757 προσκυνεῖν,
1057 699 1231 758 ἑτέρωθι
1261 701 1501 756 τρέπεσθαι.
1570 700 1663 746 τότε

199 770 335 809 τοίνυν
357 769 497 811 ἐκεῖνοι
516 770 582 811 καὶ
603 769 737 811 αὐτῶν
758 774 989 812 συνθεσιῶν
1009 774 1092 812 τῶν
1112 769 1218 812 κατὰ
1241 773 1349 825 σφᾶς
1371 768 1660 825 ἀμελήσαντες,

198 835 326 894 οὐρίῳ
349 835 598 892 χρησάμενοι
620 842 678 894 τῷ
708 839 751 879 ἐκ
775 835 895 881 νότου
931 836 1128 892 πνεύματι
1148 835 1345 893 ἀνήγοντο
1366 837 1663 894 ἀφροντίστως,

145 913 186 945 10
197 906 263 945 καὶ
285 904 332 946 τὸ
351 903 486 958 στόμα
506 904 737 958 ὃιεκβάντες
755 910 830 949 τοῦ
849 904 1016 949 Πόντου
1038 906 1141 963 πρὸς
1169 913 1255 956 τοῖς
1282 908 1459 962 βορείοις
1479 912 1555 961 τῆς
1574 912 1660 950 θα-

195 971 352 1028 λάσσης
372 974 525 1027 λιμέσιν
550 971 756 1029 ἐνώρμων.
817 974 990 1017 κάκεῖνοι
1004 976 1081 1029 μὲν
1100 975 1152 1017 τοὶ
1172 975 1386 1016 πολλὰέπὶ
1402 972 1552 1030 χρόνον
1573 994 1660 1019 πει-

195 1039 433 1096 ρατεύοντες
456 1041 672 1085 διετέλουν.
740 1041 912 1098 ἵστερον
946 1044 1012 1085 καὶ
1042 1046 1394 1100 φορταγωγοῦσαν
1421 1042 1656 1098 ληΐσάμενοι
1682 1050 1712 1084 1)

193 1113 318 1160 ναῦν,
339 1137 342 1141 -
363 1109 438 1151 οὐκ
471 1109 605 1165 ὀλίγον
631 1110 756 1165 με’ρος
785 1115 860 1153 τοῦ
887 1109 1044 1167 φόρτου
1074 1113 1140 1153 καὶ
1177 1111 1430 1167 στυπτηρίαν
1465 1111 1655 1167 ἔχουσαν,

191 1177 233 1219 ἐν
255 1174 388 1235 ταύτῃ
413 1177 464 1219 τὰ
482 1176 617 1220 πάντα
641 1177 890 1234 νηησάμενοι
919 1179 1017 1223 κατ’
1050 1177 1277 1236 ἀσφάλειαν
1303 1184 1561 1235 θαρροῦντες
1580 1199 1656 1224 κα-

138 1253 180 1288 15
191 1245 369 1289 τέπλεον.
440 1247 632 1298 βασιλεὺς
655 1249 699 1289 δὲ
719 1247 954 1301 πυθόμενος
973 1248 1046 1303 τὴν
1066 1246 1259 1302 διάβασιν
1284 1249 1326 1290 ἐν
1344 1250 1461 1307 δεινῷ
1479 1248 1555 1304 τὴν
1577 1267 1655 1292 κα-

189 1312 443 1370 ταφρόνησιν
465 1316 657 1367 ἐποιεῖτο,
695 1317 762 1358 καὶ
784 1316 847 1358 ἐπὶ
867 1321 1071 1371 λογισμῶν
1093 1316 1260 1373 ἔστρεφε
1283 1320 1369 1366 πῶς
1388 1316 1437 1358 ἂν
1457 1318 1653 1373 ἐγγένοιτο

190 1384 231 1424 ἐν
260 1385 373 1437 χερσὶ
404 1383 500 1432 τούς
529 1382 925 1440 καταφρονήσαντας
952 1392 1165 1441 περισχεῖν.
1237 1383 1330 1426 ἀλλ’
1362 1384 1456 1427 οὐδ’
1493 1386 1655 1436 ἐκείνοις

189 1449 363 1504 ἠγνόητο
393 1451 439 1493 τὸ
464 1450 662 1506 παράπαν
692 1450 718 1507 ἧ
744 1457 818 1495 τοῦ
846 1454 1048 1507 βασιλέως
1076 1454 1259 1508 θέλησις.
1329 1452 1466 1507 ἀμέλει
1495 1471 1560 1496 τοι
1582 1456 1651 1496 καὶ

189 1517 258 1560 διὰ
279 1521 498 1575 φροντίδος
528 1521 739 1563 ἐποιοῦντο
768 1525 843 1576 τῆς
874 1521 924 1564 οὗ
960 1519 1164 1577 τυχούσης
1193 1521 1264 1564 τὸν
1295 1525 1424 1564 πλοῦν
1451 1521 1644 1578 εὗοὸἦσαι
1666 1533 1698 1567 E

132 1595 176 1629 20
188 1587 304 1644 σφίσι
326 1589 393 1630 καὶ
412 1587 563 1638 αὐτοὺς
581 1591 798 1645 διαδρᾶναι
816 1589 887 1633 τὸν
905 1591 1114 1643 κίνδυνον,
1154 1589 1199 1632 ὃν
1217 1587 1500 1634 ἐπυνθάνοντο
1524 1592 1651 1649 ἐπηρ-

186 1706 353 1741 abstinuit
374 1707 541 1750 obnoxie,
571 1708 740 1744 mandatis
762 1709 975 1755 imperatoris
997 1710 1244 1756 obtemperans.
1290 1721 1405 1745 verum
1434 1710 1492 1745 alii
1514 1710 1649 1764 quidam

184 1764 226 1786 ex
251 1764 292 1786 ea
314 1759 415 1795 gente
439 1754 604 1788 domicilia
630 1756 773 1789 Genuae
796 1757 982 1799 babentes,
1005 1757 1218 1802 praescripto
1239 1755 1452 1801 imperatoris
1473 1756 1564 1790 nihili
1584 1757 1648 1791 ha.-

183 1798 254 1832 bito
269 1823 281 1842 ,
315 1799 476 1834 fabricati
511 1811 630 1834 navem
662 1800 831 1846 ingentem
862 1803 1029 1836 rotundae
1059 1804 1187 1836 formae
1214 1802 1422 1844 onerariam,
1454 1814 1475 1837 e
1507 1803 1645 1848 proprio

180 1845 351 1878 solventes
374 1850 476 1888 portu
499 1853 536 1880 et
556 1846 589 1880 in
607 1847 790 1881 Thracium
807 1849 917 1882 evecti
935 1850 1122 1893 Bosporum
1147 1859 1207 1893 per
1230 1848 1330 1882 Ponti
1351 1850 1468 1882 fauces
1486 1848 1520 1882 in
1537 1848 1647 1883 Euxi-

181 1901 259 1923 num
282 1895 525 1935 penetrarunt,
558 1893 648 1926 nulla
673 1904 755 1927 cura
777 1896 837 1927 aut
859 1894 990 1928 ratione
1023 1894 1142 1928 habita
1163 1894 1216 1927 vel
1238 1894 1453 1939 imperatoris
1476 1896 1532 1928 vel
1555 1894 1647 1928 anti-

180 1947 270 1980 quae
296 1938 549 1972 consuetudinis
572 1939 745 1983 ipsorum,
768 1951 835 1985 qua
857 1939 948 1974 soliti
974 1945 1113 1974 eatenus
1135 1941 1282 1982 fuerant,
1306 1939 1365 1973 ubi
1386 1940 1530 1985 primum
1553 1951 1643 1975 com-

179 1982 348 2026 parebant
369 1982 403 2016 in
426 1984 479 2017 his
505 1985 677 2029 partibus,
709 1985 806 2019 adire
839 1991 936 2020 recta
959 1986 1122 2032 palatium
1145 1986 1428 2028 Blachernarum,
1460 1996 1524 2019 nec
1545 1986 1644 2031 quid—

178 2038 279 2072 quam
302 2034 405 2062 antea
426 2041 539 2063 rerum
561 2042 686 2075 genere
715 2035 776 2065 aut
799 2043 967 2078 quoquam
989 2031 1188 2074 divertere,
1218 2043 1318 2077 quam
1341 2031 1388 2065 ibi
1423 2042 1518 2065 suum
1540 2034 1643 2065 obse-

179 2073 294 2117 quium
326 2074 522 2120 imperatori
553 2076 700 2121 professi
733 2077 874 2111 solemni
904 2077 1148 2112 acclamatione
1176 2089 1218 2111 ac
1248 2076 1466 2111 veneratione
1486 2076 1642 2111 fuissent.

179 2122 262 2152 tunc
284 2118 388 2162 igitur
419 2120 462 2155 iis
492 2121 543 2154 illi
575 2122 729 2156 omnibus
761 2124 983 2169 contemptis,
1019 2135 1060 2158 ac
1091 2123 1223 2157 cunctis
1253 2122 1358 2157 officii
1389 2121 1642 2168 modestiaeque

180 2163 367 2199 rationibus
389 2177 515 2211 susque
538 2167 647 2212 deque
672 2168 823 2213 habitis,
855 2173 971 2204 austro
1003 2168 1146 2203 inflante
1178 2168 1257 2202 vela
1290 2167 1401 2202 valido
1424 2179 1546 2201 secure
1566 2173 1642 2202 tra-

178 2209 332 2243 iecerunt
353 2221 415 2255 per
439 2214 614 2256 angustias
638 2214 796 2258 Bospori,
819 2218 855 2248 et
877 2215 912 2249 in
935 2214 1229 2260 Septentrionales
1250 2213 1349 2247 Ponti
1371 2217 1490 2258 portus
1511 2213 1642 2248 invecti

178 2266 244 2288 non
267 2266 330 2289 sua
353 2256 458 2291 solum
481 2258 550 2291 illic
573 2270 634 2303 per
665 2261 768 2294 otium
793 2261 929 2305 negotia
943 2265 1162 2305 tractarunt,
1197 2260 1256 2293 sed
1279 2259 1417 2304 praedis
1440 2260 1580 2304 agendis
1602 2263 1638 2293 et

178 2300 325 2345 piratica
347 2306 420 2336 toto
444 2302 501 2337 illo
525 2303 609 2337 mari
630 2306 786 2339 facienda
808 2318 873 2340 non
896 2317 1016 2351 parum
1039 2305 1199 2350 temporis
1218 2304 1398 2338 triverunt.
1444 2306 1578 2347 tandem
1600 2305 1637 2339 in

176 2347 364 2380 onerariam
394 2348 606 2383 incurrentes
637 2361 790 2395 magnam
822 2355 858 2385 et
888 2351 1049 2397 pretiosis
1088 2361 1226 2396 gravem
1268 2349 1454 2393 mercibus,
1491 2362 1635 2397 quarum

175 2403 256 2436 pars
280 2399 355 2426 erat
377 2405 445 2427 non
477 2395 599 2438 exigua
627 2397 758 2440 pondus
790 2396 910 2441 ingens
942 2396 1119 2438 aluminis,
1154 2408 1194 2431 ea
1227 2401 1418 2441 expugnata
1438 2398 1636 2443 praedaque

175 2437 336 2472 universa
364 2438 400 2472 in
433 2451 527 2473 suam
561 2452 680 2474 navem
714 2443 850 2476 condita
890 2448 984 2480 retro
1015 2453 1150 2488 proram
1185 2442 1219 2476 in
1250 2443 1396 2488 patriam
1433 2446 1634 2486 verterunt,

173 2484 349 2517 transituri
378 2485 488 2519 denuo
526 2486 741 2521 securissime
775 2493 911 2533 praeter
941 2489 1059 2521 urbem
1081 2499 1122 2522 ac
1154 2492 1286 2533 portum
1308 2488 1633 2534 ConstantinopoIiS,

174 2528 248 2563 sine
270 2530 337 2563 ullo
358 2530 554 2576 cuiusquam
585 2538 699 2572 metu,
730 2544 793 2578 per
815 2544 975 2567 summum
999 2534 1172 2568 Romanae
1194 2533 1368 2580 potentiae
1391 2538 1630 2580 contemptum.

173 2575 245 2608 eius
268 2575 432 2610 audaciae
464 2577 714 2622 superbiaeque
743 2578 870 2612 certior
892 2580 1004 2613 factus
1027 2578 1211 2624 imperator
1231 2580 1462 2625 indignissime
1475 2606 1486 2623 ,
1507 2584 1547 2614 ut
1567 2591 1632 2626 par

173 2624 269 2662 erat,
295 2621 450 2656 iniuriam
484 2623 584 2664 tulit3
615 2623 834 2669 decrevitque
867 2635 933 2658 non
965 2626 1173 2660 committere
1205 2630 1243 2660 ut
1274 2638 1312 2660 se
1343 2626 1477 2671 impune
1499 2630 1630 2660 tantum

172 2677 274 2700 ausos
305 2667 443 2711 gloriari
472 2670 712 2703 Genuensibus
742 2670 873 2704 liceret.
920 2671 1130 2716 disquirebat
1158 2677 1270 2707 autem
1302 2672 1434 2706 modum
1457 2683 1523 2717 quo
1545 2673 1630 2706 istos

171 2712 235 2745 sub
258 2723 390 2747 manum
413 2725 455 2748 ac
486 2718 690 2760 potestatem
721 2726 814 2749 suam
846 2715 1000 2761 redigere
1022 2722 1270 2763 contemptores
1291 2722 1416 2764 posset.
1462 2721 1499 2760 at
1519 2729 1628 2763 neque

172 2756 224 2790 his
242 2757 390 2802 ignotum
414 2765 490 2794 erat
511 2766 624 2794 votum
647 2760 859 2807 studiumque
879 2761 1105 2808 imperatoris.
1148 2764 1265 2809 itaque
1287 2775 1401 2797 curam
1421 2774 1462 2796 ac
1486 2763 1630 2808 diligen-

171 2802 254 2836 tiam
273 2815 340 2838 non
361 2807 535 2851 vulgarem
557 2807 764 2842 adhibebant
784 2807 820 2842 in
843 2809 1051 2854 expediendo
1075 2821 1175 2844 cursu
1198 2809 1464 2856 explicandoque
1486 2820 1562 2843 sese
1584 2810 1629 2844 ab·
