1884 3262
309 223 408 268 320
731 223 968 267 GEORGII
1001 225 1353 271 PACHYMERIS

258 340 290 374 Ε
314 333 446 385 δόσεις
473 331 688 392 πρόχειρον
715 342 803 386 τοῖς
826 338 1013 380 ἀἰτοῦσιν
1035 337 1352 394 ἇγαθοθέλειαν.
1423 340 1542 385 οὐδέν
1568 341 1647 398 γὰρ
1667 340 1777 386 οὕτω

309 407 455 447 δουλοῖ
480 403 554 453 τὰς
584 404 725 458 ψυχὰς
750 412 837 455 τοῖς
867 404 1108 462 ἀνθρώποις
1139 406 1195 457 ὡς
1221 406 1244 462 ἦ
1275 407 1378 461 μετὰ
1405 408 1573 465 χάριτος
1602 410 1774 454 εὐποιία.

308 472 384 514 κᾶν
419 472 586 527 ἆφέλοιο
616 472 663 516 τὸ
707 473 951 530 εὐεργετικὸν
983 480 1065 517 τῶν
1098 474 1307 530 ἀρχόντων
1318 509 1332 529 ,
1390 476 1570 533 εὗρήσεις
1602 480 1778 529 ἐκείνους

309 539 567 594 ἀλαλάζοντα
596 539 815 595 τύμπανα,
865 542 891 585 ἃ
924 542 1077 586 κτύπον
1114 544 1274 598 ἔχουσιν
1312 546 1353 587 ἓν
1392 551 1451 605 τῷ
1487 551 1650 600 μᾶλλον
1676 546 1777 590 εἶναι

309 607 417 652 κενά.
487 608 597 653 οὕτω
617 613 684 653 καὶ
704 609 823 667 λόγος
840 612 943 667 παρ’
967 612 1163 667 ἄρχουσιν
1181 613 1404 669 ἄπρακτος,
1443 622 1621 670 κρεῖττον
1639 615 1685 658 ὂν
1704 616 1810 659 vars

310 676 538 733 δυνάμενον
557 675 601 721 εὖ
635 687 761 722 ποιεῖν
788 683 935 736 πρᾶξιν
957 681 1057 736 ἔχειν
1080 681 1150 724 τὸν
1182 679 1301 738 λόγον
1322 681 1347 736 ἢ
1371 683 1538 738 λέγοντα
1557 681 1686 737 μόνον
1706 684 1780 727 τὸν

309 746 490 802 ἄρχοντα
512 746 759 800 ψεύδεσθαι.
830 751 897 791 καὶ
920 748 1149 806 μαρτύριον
1177 750 1355 804 ἀψευδὲς
1376 752 1418 794 αἱ
1447 751 1679 808 ὠφελοῦσαι
1700 756 1779 805 βο-

307 814 428 858 τάναι
463 819 529 858 καὶ
559 822 616 874 τῷ
651 818 732 875 βίῳ
760 822 842 860 τῶν
874 817 1108 872 ἀνθρώπων
1134 818 1328 874 χρήσιμοι
1343 853 1355 872 ,
1393 820 1443 861 αἳ
1467 820 1518 874 δὴ
1538 824 1710 876 σιγηλῶς
1728 817 1778 863 τό

168 892 198 927 Ρ
219 893 288 927 216
313 884 498 942 ὠφελοῦν
527 889 804 940 προΐσχονται.
879 887 911 929 εἶ
934 888 981 930 δέ
1008 905 1121 937 τινας
1140 886 1392 943 μικρολόγως
1413 886 1436 943 ἦ
1457 893 1538 931 τῶν
1554 887 1780 944 χρημάτων

308 954 488 997 ἀπουσία
511 958 649 1007 λυπεῖ,
686 953 938 1006 δειξάτωσαν
957 958 1096 998 ἐκεῖνοι
1117 957 1192 1011 τὴν
1213 959 1463 1013 παρουσίαν,
1502 958 1545 999 τί
1559 957 1662 1012 πρὸς
1677 955 1779 1012 vido-
1791 957 1835 1002 10

308 1023 383 1076 νὴν
413 1022 705 1076 συμβάλλεται.
776 1025 843 1065 καὶ
873 1026 907 1066 εἰ
931 1023 1083 1078 ἡδονὴν
1119 1028 1294 1080 ζητοῖεν,
1345 1029 1483 1083 πολλῷ
1515 1023 1681 1069 κάλλιον
1705 1023 1782 1080 τήν

308 1091 351 1134 τ’
377 1092 604 1134 ἐνεστῶσαν
623 1091 724 1146 ἔχειν
745 1093 812 1134 καὶ
831 1092 905 1146 τὴν
921 1093 1152 1147 μέλλουσαν
1175 1095 1356 1145 ἐλπίζειν,
1395 1092 1587 1136 ἁπάντων
1606 1095 1682 1147 μὲν
1712 1093 1782 1136 εὗ-

306 1158 556 1215 φημούντων
587 1160 658 1202 τὸν
688 1159 918 1215 εὐεργέτην,
964 1165 1067 1203 θεοῦ
1097 1162 1140 1203 δ’
1172 1160 1495 1215 ὑπισχνουμένου
1525 1161 1572 1204 τὸ
1614 1162 1778 1225 μέλλον.

307 1228 490 1272 ἴστωσαν
513 1228 552 1270 δ’
577 1227 640 1270 ὅτι
657 1231 921 1280 Πτολεμαίου
939 1231 1014 1281 μὲν
1036 1231 1103 1271 καὶ
1119 1227 1386 1285 Ἀλεξάνδρου
1404 1232 1472 1272 καὶ
1497 1234 1572 1273 τοῦ
1603 1230 1679 1284 τὴν
1698 1234 1781 1282 βα·-

312 1298 463 1339 σιλειάν
485 1301 534 1353 τῇ
557 1296 759 1355 εὐεργεσία
780 1295 984 1353 ὁρίζοντος
1003 1298 1068 1354 (οὐ
1089 1298 1166 1354 γὰρ
1185 1298 1263 1352 ἔχω
1282 1298 1406 1352 λέγειν
1423 1298 1608 1352 τοῦνομα
1618 1331 1631 1351 ,
1667 1296 1780 1352 οἶμαι
1792 1298 1838 1335 15

257 1368 288 1403 B
314 1365 380 1418 δέ,
417 1367 541 1414 Τίτος
563 1360 629 1420 ἦν)
653 1370 787 1406 ταῦτα
805 1365 857 1407 τὰ
875 1364 1086 1420 χρήματα,
1125 1366 1184 1408 δι’
1216 1360 1272 1408 ὧν
1295 1364 1457 1416 ἑαυτοῖς
1473 1364 1784 1422 προσποιήσανὲ

307 1450 374 1483 τες
394 1433 468 1488 τὴν
498 1431 713 1476 ἀθάνατον
733 1432 912 1476 εὔκλειαν
937 1432 1035 1489 ἡμῖν
1060 1437 1125 1477 καὶ
1148 1430 1275 1484 αὖθις
1301 1433 1466 1491 ἀφῆκαν
1492 1435 1621 1490 μηδὲν
1644 1437 1785 1477 §arca-

311 1500 523 1558 νήσαντες.
593 1503 660 1544 καὶ
695 1496 819 1552 οὗτος
853 1502 960 1545 ἔστιν
1005 1501 1270 1559 ἀδαπάνητος
1303 1507 1504 1557 πλοῦτος,
1550 1501 1576 1558 ἦ
1607 1502 1782 1554 εὖποιΐα,

309 1679 397 1703 mam
419 1668 454 1702 in
478 1667 632 1703 donando
658 1671 695 1703 et
718 1669 882 1715 quidquid
905 1681 926 1704 a
957 1669 1076 1715 quovis
1107 1672 1289 1714 rogaretur
1311 1669 1443 1715 prolixe
1463 1669 1690 1715 gratificando
1710 1668 1782 1704 lar-

309 1715 465 1760 gitatem.
511 1726 588 1749 nam
612 1715 692 1749 nibil
715 1717 763 1750 sic
787 1716 916 1750 animos
941 1717 1128 1750 mortalium
1153 1716 1339 1750 hominibus
1361 1715 1498 1750 subiicit
1527 1721 1567 1750 ut
1589 1715 1784 1750 beneficen-

310 1761 361 1794 tia
385 1764 484 1804 grate
510 1772 551 1794 ac
574 1761 762 1796 liberaliter
785 1763 957 1804 exercita3
983 1774 1082 1808 quam
1110 1762 1138 1796 si
1162 1763 1372 1808 principibus
1396 1762 1600 1804 abstuleris,
1631 1761 1784 1796 invenias

310 1806 388 1840 iilos
412 1806 507 1840 aliud
530 1806 611 1840 nihil
633 1807 700 1841 nisi
727 1813 888 1853 tympana
912 1809 1108 1842 resonantia
1123 1834 1134 1848 ‚
1157 1821 1246 1853 quae
1270 1820 1310 1842 eo
1333 1809 1410 1853 plus
1434 1812 1593 1854 strepunt
1615 1819 1682 1852 quo
1709 1805 1792 1850 ma—'⁸

308 1852 361 1897 gis
386 1858 464 1885 sunt
487 1864 607 1887 vacua.
653 1854 768 1887 horum
798 1855 883 1888 enim
914 1854 1006 1887 inani
1042 1866 1124 1888 sono
1149 1854 1272 1888 similia
1301 1859 1381 1887 sunt
1403 1855 1570 1899 promissa
1591 1853 1782 1907 principum

308 1898 438 1932 effectu
462 1903 626 1943 sequente
649 1899 832 1940 destituta,
859 1910 933 1933 cum
957 1900 1074 1934 melius
1096 1900 1195 1944 longe
1219 1900 1284 1940 sit,
1308 1911 1383 1933 eum
1407 1900 1465 1944 qui
1487 1904 1620 1944 potest,
1643 1910 1683 1932 re
1700 1902 1791 1943 'ipsa'

310 1945 414 1986 dare,
437 1943 516 1978 nihil
540 1944 705 1984 dicendo,
729 1945 791 1978 sed
814 1945 888 1979 vice
910 1947 1092 1980 verborum
1116 1957 1222 1991 opera
1246 1945 1454 1986 exhibendo,
1486 1956 1586 1990 quam
1617 1944 1793 1990 pollicens--

310 1993 379 2024 tem
404 2002 493 2035 quae
514 1990 649 2024 minime
680 1990 802 2025 deinde
832 1995 1004 2036 praestet,
1039 1991 1223 2037 principem
1250 1990 1397 2024 mentiri.
1445 1990 1543 2025 huius
1565 1990 1618 2024 rei
1639 1988 1790 2024 manife-'

313 2041 403 2070 stum
427 2039 612 2080 exemplum
637 2036 751 2071 videre
774 2041 827 2071 est
850 2036 883 2070 in
907 2037 1022 2071 herbis
1046 2037 1182 2071 utilibus
1214 2037 1306 2070 vitae
1339 2038 1526 2079 humanae,
1551 2047 1640 2082 quae
1662 2036 1783 2070 iuvant

314 2087 351 2116 et
373 2093 439 2115 uon
461 2082 646 2126 loquuntur
669 2093 855 2127 succosque
879 2083 1032 2117 salubres
1055 2084 1181 2117 tacitae
1204 2082 1397 2116 ministrant
1419 2093 1521 2126 suos,
1546 2094 1586 2115 eo
1609 2082 1781 2126 gratiores

314 2140 382 2173 quo
407 2127 590 2173 simplicius
615 2132 651 2162 et
673 2129 716 2162 ab
741 2129 923 2163 ambitione
947 2129 1148 2163 disiunctius
1180 2133 1333 2174 prosunt.
1380 2128 1505 2182 quodsi
1534 2126 1656 2173 quibus
1680 2138 1785 2162 avare

315 2173 465 2208 sordidis
488 2174 582 2208 dolet
602 2174 790 2219 abiungere
821 2186 841 2209 a
873 2186 910 2209 se
943 2174 1098 2209 donando
1122 2174 1315 2220 pecuniam,
1349 2185 1444 2208 cums
1475 2185 1498 2208 a
1519 2174 1704 2219 conspectu
1725 2174 1794 2207 re-‘

316 2224 427 2255 motae
451 2220 653 2254 desiderium
677 2220 809 2255 scilicet
831 2231 897 2255 non
920 2221 1055 2264 ferunt,
1086 2221 1131 2265 ii,
1167 2232 1316 2266 quaeso,
1348 2221 1464 2254 dicant
1485 2230 1585 2265 quam
1609 2218 1723 2253 veram
1747 2222 1785 2253 et

316 2277 382 2299 non
407 2266 638 2310 imaginariam
661 2266 873 2311 voluptatem
903 2278 1109 2301 nummorum
1140 2267 1226 2312 ipsis
1261 2268 1324 2300 sub
1347 2265 1455 2301 oculis
1479 2270 1516 2299 et
1539 2265 1575 2298 in
1598 2276 1697 2299 manu
1719 2275 1784 2310 po-

315 2312 459 2345 sitorum
483 2312 609 2346 afferat
632 2313 836 2357 praesentia.
882 2313 912 2346 si
935 2312 1085 2357 gaudere
1107 2315 1298 2357 quaerunt,
1330 2312 1422 2357 quod
1456 2311 1614 2356 gaudium
1648 2322 1688 2345 eo
1712 2322 1784 2345 ma-

313 2357 388 2397 ius,
411 2358 504 2402 quod
526 2358 580 2392 vel
601 2369 763 2403 praesens
785 2358 958 2404 largiendo
979 2359 1166 2404 percipitur
1188 2359 1243 2393 vel
1265 2363 1359 2392 certo
1382 2357 1462 2392 inde
1484 2359 1679 2391 secuturum
1703 2350 1798 2402 spe-³

315 2404 611 2437 ratur2h0m311es
643 2405 709 2438 iam
742 2416 829 2438 nunc
863 2404 1036 2439 beneficiis
1069 2404 1186 2439 affecti
1219 2405 1457 2439 benefactores
1483 2401 1786 2437 acclamationibus

313 2448 438 2482 faustis
460 2449 687 2494 laudibusque
710 2450 912 2485 dulcissimis
937 2452 1125 2485 cumulant:
1152 2452 1235 2485 deus
1257 2454 1370 2484 autem
1394 2449 1494 2483 etiam
1510 2448 1544 2482 in
1561 2449 1711 2482 futurum
1730 2447 1799 2481 in-'

314 2494 430 2538 gentia
454 2506 492 2529 se
514 2506 735 2540 repensurum
759 2497 933 2531 beneficiis
957 2497 1107 2542 praemia
1130 2496 1320 2531 confirmat.
1367 2496 1476 2530 sciant
1492 2497 1605 2528 autem
1621 2492 1786 2528 eiusmodi

316 2540 450 2585 augusti
473 2541 573 2574 animi
599 2541 771 2587 principes
796 2554 895 2576 unum
928 2543 1030 2578 istum
1063 2542 1146 2588 ipsis
1169 2542 1344 2588 proprium
1369 2547 1404 2575 et
1435 2550 1569 2585 semper
1591 2549 1786 2574 mansurum

317 2587 512 2621 divitiarum
539 2587 759 2621 constitutum
783 2589 951 2630 fructum,
973 2588 1116 2632 gloriam
1134 2592 1229 2633 'quae
1254 2599 1296 2622 ex
1314 2586 1556 2621 distributione
1578 2584 1730 2630 ipsarum
1748 2584 1786 2618 in

316 2643 433 2666 eorum
458 2643 578 2666 nomen
599 2634 777 2668 redundat.
825 2646 902 2668 nain
926 2634 1053 2680 alioqui
1076 2634 1290 2668 Ptolemaeus
1307 2658 1318 2675 ‚
1342 2631 1536 2668 Alexander
1559 2636 1596 2664 et
1617 2631 1675 2665 ille
1698 2630 1786 2665 alius

317 2679 457 2723 (nomen
481 2689 569 2712 nunc
595 2689 660 2712 non
684 2679 875 2724 occurrit),
907 2681 966 2726 qui
988 2681 1170 2714 utilitatem
1194 2679 1404 2725 principatus
1427 2676 1709 2712 sola'1definiebat
1729 2677 1786 2711 fa-

315 2726 446 2758 cultate
470 2725 555 2758 bene
575 2725 724 2758 merendi
747 2725 789 2759 de
813 2726 1000 2761 hominibus
1022 2726 1163 2769 (Titus,
1186 2725 1326 2770 opinor,
1349 2725 1379 2759 is
1401 2724 1498 2767 fuit),
1523 2734 1583 2757 eas
1604 2722 1696 2766 ipsas
1722 2733 1786 2768 pe-

314 2770 455 2811 cunias,
480 2770 604 2816 quibus
626 2770 808 2815 largiendis
839 2771 1027 2806 immortale
1056 2772 1230 2806 consecuti
1266 2773 1345 2806 sunt
1374 2770 1500 2811 decus,
1533 2768 1786 2813 inconsumptus

315 2816 462 2862 posteris
486 2816 658 2851 moriendo
679 2817 960 2859 transmiserunt,
991 2829 1093 2852 unum
1125 2829 1168 2852 ex
1199 2817 1284 2862 ipsis
1314 2815 1436 2851 lucrati
1471 2815 1595 2849 bonum
1617 2813 1787 2849 inamissi-

312 2862 400 2905 bile,
441 2862 682 2897 beneficiorum
713 2863 836 2898 famam
871 2866 1054 2898 aeternam.
1101 2875 1170 2909 qua
1199 2863 1349 2898 Ioannes
1390 2861 1534 2908 despota
1569 2861 1642 2895 late
1674 2857 1803 2895 clarus*
