1846 3262
217 211 280 255 50
306 223 313 230 “
637 209 875 254 GEORGII
907 211 1260 255 PACHYMERIS

217 320 494 380 πλησιάζουσι.
568 323 636 365 καὶ
663 323 724 373 τίς
751 320 854 381 γάρ,
891 326 925 367 εἲ
951 324 1010 380 μὴ
1042 321 1185 381 πόρρω
1215 329 1296 368 τῶν
1321 323 1522 383 ἡμετέρων
1549 325 1685 382 ἔτυχεν

219 393 275 436 ὢν
297 392 374 435 κάκ
395 392 536 448 γένους
555 389 801 442 ἀλλοδαπός.
870 392 976 448 πλὴν
996 395 1079 436 ἐπεὶ
1102 395 1313 447 ξυμβαίνει
1334 396 1592 438 δουλοῦσθαι
1613 394 1686 453 ὅρ-

220 479 305 511 κοις
325 462 391 503 καὶ
410 457 638 514 συνθήκαις
657 461 720 502 ἐπὶ
742 461 873 504 πίστει
897 462 1215 518 συνισχημένους
1225 495 1239 515 ,
1277 463 1396 506 οὐδὲν
1424 463 1589 514 ἀπεικὸς
1619 466 1687 507 καὶ

220 528 389 584 πάσχειν
418 525 621 584 ἀνήκεστα
654 530 804 572 δοκοῦν
838 530 995 590 ἐκείνῳ,
1033 530 1108 574 κᾶν
1128 533 1271 587 μηδεὶς
1292 530 1494 589 ἐποτρύνῃ
1514 529 1687 589 ἐπηρεά-

222 602 298 652 ζων
333 601 392 656 τῷ
422 597 661 656 πεισομένῳ.
733 596 835 641 ὅπου
851 600 987 643 τοίνυν
1005 604 1079 655 τῆς
1099 601 1234 650 αἰτίας
1255 602 1321 643 καὶ
1339 599 1360 644 ὃ
1383 598 1542 657 δράσας
1570 602 1719 658 ἁφή-5

218 686 287 711 ται
307 673 393 717 τοῖς
412 666 465 710 τὰ
487 670 560 722 τῆς
580 668 807 723 μοναρχίας
825 668 1106 724 ἐπισταμένοις
1125 669 1210 711 ἴδια
1222 701 1235 721 ,
1276 674 1403 726 σχολῇ
1424 669 1464 726 y'
1487 668 1537 712 ἂν
1558 667 1689 728 ἆλῷεν

219 737 338 781 ἄλλοι
359 741 628 793 συκοφαντεῖν
650 733 944 791 ὗπονοούμενοι
965 739 1033 780 καὶ
1055 735 1238 788 ἐξάπτειν
1261 738 1314 780 τὰ
1335 743 1407 793 τῆς
1431 738 1567 794 ὀργῆς.
1622 739 1689 794 γέ-

170 817 199 851 C
223 823 313 864 γονε
341 809 475 848 ταῦτα
507 805 574 847 καὶ
604 809 819 861 παρῆλθε,
853 806 984 849 καὶτὸ
1007 809 1096 863 περὶ
1117 804 1313 866 τοιρύτων
1334 807 1483 864 ἀρτίως
1507 807 1690 858 διεξιέναι

220 875 362 931 ὅμοιον
386 872 523 930 ὥσπερ
544 871 594 916 ἂν
617 875 650 916 εἲ
673 875 763 930 περὶ
782 879 934 931 νεκρῶν
956 873 1070 925 ὅπως
1101 876 1289 918 ἐντεῦθεν
1317 876 1512 931 ἀπῆλθον
1542 877 1690 919 ἐπολυ-

219 946 537 1002 πραγμονοῦμεν
550 956 562 968 ·
591 939 646 992 ὥς
661 943 740 999 γὰρ
763 944 845 986 ἐκεῖ
860 944 906 987 τὸ
921 944 1053 1000 χρεὼν
1071 942 1290 1000 ἀναγκαῖον
1313 944 1389 988 κᾶν
1406 942 1528 994 νόσος
1545 941 1689 999 ἐνσκή-
1703 952 1746 985 10

219 1027 285 1071 ψῃ
315 1011 390 1055 κᾶν
421 1009 504 1066 μή,
538 1009 675 1062 οὕτως
704 1012 890 1056 ἐνταῦθα
920 1013 966 1056 τὸ
1000 1018 1150 1056 παθεῖν
1180 1013 1294 1069 ἔγγὺς
1321 1018 1394 1057 τοῦ
1422 1010 1579 1070 χρεών,
1615 1011 1691 1056 κᾶν

221 1082 297 1126 εἷεν
326 1081 365 1124 οἳ
394 1078 538 1137 λόγους
565 1077 894 1135 ὗποβαλλόμενοι
922 1081 997 1125 κᾶν
1028 1082 1086 1137 μὴ
1112 1080 1203 1126 εἷεν.
1274 1085 1340 1125 καὶ
1372 1082 1419 1125 τὸ
1448 1082 1691 1137 τεταγμένον

221 1151 299 1195 ὑπ’
323 1149 436 1208 ἄλλῳ
457 1150 526 1192 καὶ
550 1150 699 1191 δοῦλον
721 1148 821 1192 ὄντα
844 1148 941 1194 ὅσον
966 1153 1022 1201 εἷς
1051 1148 1182 1206 λύπην
1215 1156 1367 1194 παθεῖν
1397 1151 1585 1202 δικαίως,
1618 1168 1692 1193 το-

223 1224 372 1264 σοῦτον
391 1220 447 1268 εἷς
467 1219 742 1274 παραμυθίαν
762 1218 806 1262 τὸ
829 1218 979 1270 ἀδίκως
997 1219 1072 1263 κᾶν
1091 1219 1143 1262 τὰ
1162 1220 1332 1276 μέγιστα
1354 1217 1505 1274 πάσχοι
1525 1222 1691 1263 παθεῖν.

169 1299 202 1333 D
228 1293 307 1333 ποῦ
328 1288 464 1332 τοίνυν
493 1286 633 1343 καιρὸς
650 1290 733 1330 τῶν
754 1285 951 1331 τοιούτων
974 1287 1071 1344 ἡμῖν
1094 1287 1224 1340 οὕτως
1243 1289 1380 1344 ἔχουσι
1399 1292 1480 1331 τῶν
1501 1285 1693 1344 πραγμά-
1706 1295 1749 1331 15

223 1376 306 1402 των
333 1359 594 1412 μεμνῆσθαι,
631 1356 699 1397 καὶ
730 1357 858 1411 μηδὲν
886 1362 1092 1413 προσῆκον
1109 1355 1206 1412 ὑμῖν
1229 1358 1409 1414 ἔγκλημα
1431 1355 1692 1413 περιάπτειν;

224 1427 274 1470 τὸ
304 1425 345 1469 δ’
371 1423 481 1479 ὑμᾶς
510 1423 624 1480 παρὰ
649 1428 722 1467 τοῦ
744 1425 945 1477 βασιλέως
973 1430 1179 1481 τιμᾶσθαι
1199 1433 1286 1476 τοῖς
1308 1429 1485 1481 μείζοσιν
1509 1422 1693 1480 ἀξιώμα-

225 1512 288 1539 σιν
317 1493 365 1537 οὗ
397 1492 563 1548 θέλημα
591 1489 717 1546 μόνον
737 1488 787 1548 ἦν
808 1494 1010 1547 βασιλέως
1031 1496 1098 1538 καὶ
1116 1495 1251 1550 σχέσις
1279 1498 1368 1554 περὶ
1395 1493 1506 1549 ὑμᾶς
1527 1493 1695 1550 ἄκαιρος

228 1565 294 1607 καὶ
330 1559 437 1620 ὁρμή
471 1578 532 1612 τις
561 1558 708 1619 ἄλογός
738 1579 780 1605 τε
811 1565 877 1606 καὶ
909 1563 1074 1622 περιττὴ
1111 1565 1323 1618 (μαίνοιτο
1353 1563 1404 1609 ἄν
1431 1580 1493 1614 τις
1512 1564 1549 1606 εἶ
1563 1561 1696 1612 οὕτως

319 1722 350 1757 1.
375 1719 412 1756 τί
435 1719 475 1753 Ρ.
615 1720 650 1754 8.
672 1718 845 1756 τοιοῦτον
867 1720 908 1758 P.
1047 1721 1103 1757 12.
1127 1719 1192 1756 τὸν
1213 1721 1255 1755 P.

229 1857 376 1905 quiores,
425 1856 526 1901 plane
552 1856 651 1891 huius
689 1867 813 1903 expers
845 1856 913 1891 fuit
943 1857 1019 1892 fere
1049 1868 1168 1900 nemo,
1203 1856 1269 1891 nisi
1293 1857 1386 1892 forte
1410 1856 1652 1892 remotissimus
1670 1863 1699 1892 'a

228 1905 328 1939 nobis
352 1906 386 1938 et
408 1907 487 1937 ortu
511 1907 661 1937 exterus.
711 1915 829 1938 verum
854 1904 897 1937 ab
920 1915 961 1937 eo
984 1904 1039 1938 cui
1063 1904 1163 1938 fidem
1185 1909 1399 1937 sacramento
1424 1909 1460 1938 et
1485 1903 1596 1949 pactis
1618 1911 1699 1938 con-

230 1949 343 1985 ventis
374 1949 560 1993 obligatam
592 1954 630 1983 ut
660 1949 811 1995 principi
836 1951 1020 1993 habemus,
1057 1950 1160 1984 etiam
1184 1949 1414 1985 intolerabilia
1437 1949 1582 1984 ferenda
1604 1953 1698 1991 sunt,

231 1996 262 2031 si
287 1996 319 2030 ei
343 1995 504 2036 libuerit,
535 2000 717 2041 utcumque
739 2007 835 2030 nemo
859 2008 934 2031 eum
957 1996 1111 2050 impellat
1133 1999 1192 2030 aut
1216 1995 1373 2041 malignis
1396 1995 1626 2030 delationibus
1649 1994 1698 2029 ir-

229 2043 316 2078 ritet
338 2041 375 2074 in
398 2041 567 2083 miserum,
590 2041 645 2075 cui
667 2047 721 2077 est
743 2041 910 2077 infensus.
955 2043 1015 2076 ubi
1039 2054 1121 2087 ergo
1147 2042 1222 2087 ipse
1245 2042 1303 2086 qui
1329 2042 1444 2076 nocuit
1466 2042 1613 2076 iniuriae
1637 2042 1700 2076 ab·

231 2088 396 2128 solvitur,
422 2087 499 2120 iure
523 2087 663 2132 proprio
689 2088 787 2132 regni
810 2088 942 2122 cunctis
966 2091 1068 2130 noto,
1104 2089 1250 2122 otiosum
1281 2099 1364 2122 saue
1391 2088 1498 2122 fuerit
1528 2088 1701 2122 incessere

231 2134 319 2169 alios
351 2132 602 2178 suspicionibus
637 2134 919 2169 calumniosarum
953 2134 1229 2179 suggestionum,
1264 2134 1389 2179 quibus
1418 2134 1505 2168 iram
1537 2134 1701 2168 videlicet

232 2179 333 2226 quasi
357 2191 424 2213 non
449 2190 511 2225 per
535 2189 573 2213 se
594 2180 679 2214 satis
703 2181 880 2214 ardentem
903 2180 1136 2215 accenderint.
1186 2181 1324 2214 fuerunt
1352 2180 1457 2223 haec,
1494 2184 1530 2214 et
1553 2180 1701 2214 transie-

232 2232 335 2267 runt3
370 2231 407 2259 et
439 2225 476 2259 in
511 2225 563 2259 his
595 2226 693 2261 modo
721 2237 875 2262 sermone
902 2226 1130 2261 retractandis
1152 2226 1324 2260 immorari
1347 2226 1457 2260 simile
1480 2225 1585 2260 fuerit
1607 2238 1648 2260 ac
1671 2223 1701 2259 si

233 2274 278 2307 de
301 2270 442 2306 mortuis
462 2282 523 2305 cur
545 2271 754 2306 decesserint
776 2272 878 2307 anxia
898 2273 1100 2307 instituatur
1129 2272 1317 2318 inquisitio.
1363 2278 1400 2306 ut
1425 2271 1512 2306 enim
1535 2272 1584 2306 ibi
1606 2272 1701 2306 fata-

234 2318 277 2352 lis
299 2317 512 2358 necessitas,
546 2318 620 2352 sive
643 2319 779 2353 morbus
802 2319 970 2364 ingruerit
991 2319 1144 2353 sonticus
1167 2318 1241 2353 sive
1265 2330 1350 2360 non,
1384 2329 1518 2353 causam
1543 2317 1702 2359 absolvit,

233 2364 285 2398 ita
308 2367 344 2397 et
367 2363 452 2397 haec
474 2375 538 2398 nos
561 2365 634 2409 pati
657 2366 764 2399 fatum
787 2365 874 2407 fuit,
907 2366 982 2400 sive
1007 2365 1156 2399 afferent
1178 2364 1252 2399 sive
1275 2365 1435 2399 deforent
1457 2364 1596 2409 maligni
1619 2374 1703 2408 sug-

235 2414 401 2454 gestores.
448 2416 623 2445 caeterum
657 2410 783 2445 homini
813 2412 876 2446 sub
908 2411 1018 2446 aliena
1043 2415 1214 2457 potestate
1238 2411 1428 2445 constituto
1455 2415 1492 2445 et
1515 2421 1598 2444 sune
1621 2421 1703 2443 con-

234 2455 366 2490 ditione
397 2454 554 2491 fortunae
583 2457 777 2503 mancipato
808 2457 970 2492 servituti
1002 2457 1150 2502 supremi
1183 2457 1326 2500 domini,
1363 2461 1526 2502 quantum
1550 2455 1702 2490 dolorem

236 2506 341 2547 auget
363 2500 487 2536 inflicti
510 2502 590 2537 mali
612 2503 734 2548 culpae
758 2503 990 2545 conscientia,
1023 2515 1091 2548 qua
1114 2515 1151 2538 se
1174 2503 1210 2537 id
1235 2503 1326 2538 iuste
1348 2502 1570 2549 promeritum
1595 2513 1704 2545 agno-

234 2548 321 2590 scit,
353 2551 484 2582 tantum
516 2549 561 2583 ad
594 2548 857 2584 consolationem
887 2549 983 2584 valet
1013 2550 1116 2584 etiam
1150 2550 1296 2594 pessime
1320 2550 1471 2584 multatis
1493 2547 1704 2588 innocentia,

236 2594 333 2629 cuius
355 2592 422 2639 ipsi
445 2597 554 2628 testes
578 2594 644 2629 sibi
667 2601 766 2637 sunt,
792 2600 827 2630 et
850 2600 946 2630 certa
969 2595 1048 2630 inde
1072 2601 1155 2630 nata
1179 2595 1354 2641 persuasio
1379 2605 1457 2629 sese
1479 2593 1606 2628 iniuste
1628 2592 1704 2637 pati

235 2651 326 2686 quae
344 2639 533 2686 perferunt.
568 2641 651 2685 quid
675 2652 758 2685 ergo
780 2641 899 2687 utique
922 2640 1021 2677 nobis
1044 2646 1147 2676 vacat
1172 2641 1237 2676 ho'c
1259 2641 1473 2687 reipublicae
1494 2644 1588 2674 statu
1613 2639 1704 2674 eius-

236 2685 328 2720 modi
357 2690 606 2721 transactarum
630 2687 697 2721 iam
720 2699 833 2722 rerum
864 2691 900 2722 et
933 2688 1223 2723 obliterandarum
1257 2687 1468 2725 meminisse,
1506 2686 1704 2730 crimenque

237 2732 338 2766 vobis
365 2731 532 2777 affingere
555 2744 576 2767 a
599 2743 666 2777 quo
690 2732 774 2768 estis
801 2733 1024 2768 alienissimi?
1072 2746 1146 2768 nam
1172 2734 1263 2779 quod
1286 2734 1330 2767 ab
1351 2733 1558 2778 imperatore
1590 2730 1705 2776 digni-

234 2778 366 2813 tatibus
389 2778 474 2812 estis
495 2778 708 2824 amplissimis
731 2780 859 2821 ornati,
884 2791 951 2814 non
974 2779 1010 2814 id
1033 2780 1266 2825 imputandum
1289 2779 1398 2814 solum
1422 2778 1559 2822 gratiae
1582 2782 1620 2812 et
1645 2778 1707 2811 be·-

234 2824 358 2859 nevolo
381 2823 418 2858 in
451 2835 513 2859 vos
546 2824 659 2859 studio
686 2826 835 2860 faventis
862 2826 1032 2871 Augusti,
1068 2826 1166 2871 quasi
1187 2826 1218 2860 is
1241 2824 1483 2870 intempestivo
1506 2823 1542 2858 in
1565 2834 1627 2858 vos
1650 2823 1706 2857 in-

236 2869 380 2915 dulgens
405 2869 549 2906 affectui
571 2875 608 2907 et
631 2871 792 2918 impetum
815 2871 951 2908 ratione
973 2877 1165 2914 carentem,
1190 2884 1231 2908 ac
1257 2871 1394 2907 nimium
1417 2880 1565 2917 sequens
1588 2869 1628 2905 id
1650 2869 1707 2904 se-
1744 2878 1748 2882 ·
