1884 3262
719 203 826 249 LIB.
844 203 900 249 11.
953 197 1163 250 NOTAE.
1557 206 1664 254 ÷675

205 313 324 352 fuisse
341 311 645 365 Pachymerem,
669 314 739 366 qui
759 315 874 354 aliam
897 316 1006 367 quasi
1031 315 1244 354 editionem
1260 315 1320 358 sui
1337 314 1466 366 operis
1485 318 1667 354 commu-

202 376 296 408 tans
326 370 495 422 plurima
520 371 742 422 vulgaverit
751 385 762 421 3
789 372 831 410 id
860 373 968 423 quod
989 373 1121 411 virum
1141 373 1408 411 doctissimum
1426 373 1665 424 suspicatum

204 425 337 465 video.
393 427 426 465 si
451 427 553 466 enim
582 430 614 465 is
644 428 726 480 ipse
755 434 873 476 esset,
901 443 983 467 non
1008 430 1062 467 ita
1086 430 1290 467 manifeste
1307 442 1329 466 a
1351 441 1391 466 se
1409 429 1492 481 ipso
1513 429 1666 467 dissen-

203 482 339 531 sisset,
368 490 416 522 ut
447 483 514 522 hic
544 485 651 523 facit.
707 497 796 522 cum
822 485 924 523 enim
950 486 991 523 in
1017 486 1162 523 nostris
1189 486 1344 537 optimis
1373 486 1406 523 B
1427 492 1467 523 et
1485 485 1520 523 A
1548 484 1665 524 codd.

202 539 466 590 Pachymeres
487 539 566 578 hoc
591 542 678 579 loco
704 540 847 579 habeat
877 541 984 592 πλην
1015 539 1089 582 οὐκ
1107 541 1171 582 ἐπὶ
1190 557 1335 582 τουτου
1350 544 1424 582 τοῦ
1440 545 1587 609 καιροῦ
1600 555 1667 596 γε·

205 594 329 664 γονος
347 591 444 636 atto?
463 593 676 650 πρότερον,
705 598 980 649 paraphrastes
995 599 1051 636 sic
1067 597 1175 636 hunc
1191 598 1322 636 locum
1343 598 1454 636 effert
1471 594 1667 652 πρότερον

209 650 282 705 μὲν
310 650 467 706 συμβάν
491 652 587 704 μετὰ
611 651 654 694 τό
676 653 935 705 ἕξόρισθῆναι
959 651 1204 707 πατριάρχην
1224 651 1445 705 Ἀρσένιον.
1501 655 1559 693 ita
1589 655 1666 694 itte.

209 715 250 746 et
279 722 375 747 mox
399 716 448 748 ut
474 710 546 748 sibi
573 709 802 760 cohaereat,
832 711 898 749 ubi
928 718 1146 749 conventus
1164 717 1223 749 est
1246 711 1392 749 mentio
1420 709 1546 749 habiti
1567 724 1669 749 con-

209 766 375 816 gregatis
404 766 595 818 episcopis
616 780 706 805 cum
723 766 966 818 patriarcha,
995 768 1231 819 imperatore
1251 773 1478 820 praesente,
1506 767 1669 806 Vatica·
1691 772 1720 807 P
1742 772 1811 809 473

209 835 285 860 nus
305 821 570 872 patriarcham
598 830 696 862 tunc
717 824 833 862 fuisse
850 825 1089 862 Germanum
1112 824 1254 863 diserte
1274 824 1399 862 tradit
1420 829 1559 862 contra
1581 838 1670 862 ma·-

209 879 389 916 nifestam
415 879 666 932 Pachymeris
694 881 948 929 sententiam,
981 881 1047 931 qui
1082 879 1180 919 nihil
1212 881 1374 928 omnino
1405 881 1455 918 de
1482 882 1671 919 concilia-

209 934 328 973 tionis
349 936 599 975 ecclesiarum
618 938 773 987 negotio
793 943 1028 985 tractatum,
1058 938 1247 988 quamdiu
1276 935 1587 988 patriarchatum
1606 944 1671 975 te-

210 991 299 1029 nuit
329 993 568 1041 Germmus,
599 993 736 1032 tradit.
794 1006 867 1032 nec
895 999 1026 1044 potest
1046 1006 1126 1031 esse
1146 994 1310 1031 dubium
1331 994 1427 1043 quin
1447 993 1671 1044 patriarcha

210 1048 290 1086 illic
307 1050 427 1087 tacito
443 1049 641 1087 indicatus
659 1049 816 1087 nomine
842 1048 1029 1101 Iosephus
1049 1050 1187 1098 suerit3
1216 1050 1289 1087 sub
1308 1062 1386 1100 quo
1404 1049 1563 1088 demum
1581 1056 1671 1088 tra-

208 1105 333 1142 ctatio
358 1105 591 1143 concordiae
611 1106 859 1144 ecclesiarum
879 1106 1031 1143 moveri
1051 1112 1185 1158 coepta
1205 1111 1274 1144 est.
1333 1111 1373 1143 et
1390 1106 1548 1156 quidem
1564 1107 1672 1144 Iose-

209 1160 291 1212 pho
316 1161 624 1211 patriarchatum
655 1175 787 1212 gerere
815 1162 1025 1213 incipiente
1053 1163 1231 1200 nondum
1262 1161 1379 1200 fuisse
1406 1162 1671 1201 deformatum

209 1217 343 1255 infami
370 1218 560 1270 supplicio
582 1218 842 1268 Holobolum‚
871 1219 1075 1256 manifeste
1104 1225 1212 1271 patet
1241 1231 1291 1256 ex
1320 1231 1405 1269 cap.
1435 1218 1552 1257 huius
1579 1220 1671 1258 libri

213 1275 288 1320 12,
329 1287 407 1323 quo
434 1280 621 1312 narratur
646 1275 924 1325 imperatorem
954 1275 1096 1312 ursisse
1130 1273 1397 1326 patriarcham
1435 1274 1672 1327 (losephum

210 1329 418 1383 videlicet)
449 1337 486 1368 et
505 1331 694 1381 quosdam
712 1344 762 1369 ex
779 1332 883 1369 clero
905 1331 955 1369 ad
973 1331 1264 1369 assentiendum
1278 1331 1363 1383 paci
1383 1344 1500 1382 quam
1518 1338 1673 1371 tracta-

210 1385 282 1424 bat
310 1400 398 1425 cum
422 1387 579 1425 ecclesia
604 1388 802 1436 Romana,
831 1388 1131 1438 suffragantibus
1147 1387 1189 1426 in
1207 1387 1284 1425 hoc
1304 1387 1379 1438 ipsi
1393 1387 1670 1428 archidiacono

211 1442 483 1491 Meleteniota‚
514 1444 679 1495 Georgio
706 1445 850 1496 Cyprio
883 1444 1231 1495 protupostolario‚
1263 1450 1304 1482 et
1326 1443 1404 1482 hoc
1427 1444 1512 1496 ipso
1545 1443 1674 1484 Holo-

211 1498 326 1549 bolo,
359 1513 475 1550 quem
506 1501 598 1538 inde
628 1506 739 1552 patet
767 1501 946 1539 nondum
976 1501 1077 1538 male
1105 1501 1320 1538 multatum
1349 1500 1398 1538 ab
1424 1501 1673 1553 imperatore,

213 1556 427 1609 quinetiam
455 1557 499 1594 in
522 1557 647 1608 gratia
672 1563 771 1595 tunc
798 1557 905 1608 apud
933 1570 1021 1596 eum
1051 1558 1190 1606 fuisse,
1221 1557 1348 1595 donec
1375 1569 1461 1595 eam
1483 1558 1551 1596 iuo
1584 1558 1670 1611 ipso

214 1619 417 1652 conventu
445 1613 711 1665 imprudentia
741 1627 810 1652 sua
839 1614 1025 1665 perdidit.
1082 1614 1174 1652 alibi
1200 1614 1319 1652 etiam
1339 1613 1548 1653 observavi
1569 1615 1672 1654 scri-

211 1675 368 1721 ptorem
401 1669 509 1708 hunc
546 1684 568 1707 a
607 1669 875 1721 Pachymeris,
915 1683 1029 1721 quem
1057 1670 1291 1722 interpolat,
1320 1676 1452 1709 mente
1478 1671 1674 1711 aberrare.

212 1726 284 1764 sed
300 1725 378 1764 hoc
397 1726 438 1764 in
455 1727 649 1778 specimen
670 1727 809 1765 talium
832 1726 988 1765 abunde
1006 1727 1056 1765 sit
1073 1726 1139 1765 hic
1158 1739 1406 1766 memorasse.

327 1823 367 1862 p.
388 1812 468 1852 393
496 1824 535 1850 v.
555 1809 594 1853 5.
647 1812 846 1862 poenitere
861 1825 902 1848 ae
913 1812 1033 1862 prius
1049 1818 1243 1850 actorum.
1300 1810 1398 1861 quid
1411 1810 1570 1849 viderat
1586 1810 1675 1850 Ho-

212 1866 369 1906 {obolus
393 1866 442 1904 ‹le
462 1880 567 1906 novo
589 1873 636 1905 ut
653 1873 825 1906 mutaret
850 1867 1105 1917 sententiam,
1135 1874 1175 1906 et
1192 1880 1241 1906 ex
1260 1867 1454 1919 probante
1471 1868 1676 1907 consilium

212 1923 592 1963 reconciliandarum
626 1924 874 1963 ecclesiarum
899 1929 1060 1975 repente
1091 1924 1131 1962 in
1160 1924 1242 1962 eius
1271 1924 1375 1975 pacis
1402 1923 1675 1963 adversarium

213 1981 469 2019 mutaretur?
525 1979 624 2018 nihil
653 1994 744 2018 sane
767 1981 840 2018 nisi
869 1993 909 2018 se
933 1980 1061 2018 minus
1079 1979 1295 2019 honorifice
1316 1993 1434 2030 quam
1451 1981 1571 2019 vellet
1587 1987 1675 2019 tra-

215 2042 366 2075 ctatum
394 2037 442 2075 ab
472 2036 669 2088 Augusto;
698 2051 815 2088 quam
844 2037 931 2085 ille,
963 2042 1008 2074 ut
1027 2037 1211 2088 putabat,
1242 2036 1518 2074 contumeliam
1538 2050 1676 2088 perse-

214 2093 391 2132 verentia
407 2093 451 2131 in
471 2093 674 2131 schismate
697 2100 736 2132 et
753 2093 971 2145 pervicacia
994 2093 1129 2131 ulcisci
1146 2092 1310 2131 studuit.
1367 2104 1417 2130 en
1436 2106 1515 2143 quo
1532 2093 1675 2144 spiritu

218 2149 359 2186 Graeci
373 2148 607 2187 schismatici
625 2151 835 2188 ferrentur.
893 2163 972 2187 non
992 2161 1057 2186 eos
1077 2149 1200 2197 ratio,
1230 2162 1311 2186 non
1329 2148 1563 2201 auctoritas,
1592 2163 1675 2188 non

215 2204 392 2244 veritatis
418 2218 512 2243 cura
523 2234 534 2254 ‚
566 2205 634 2242 sed
661 2207 820 2244 ambitio
841 2212 879 2244 et
897 2205 1077 2257 superbia
1095 2205 1347 2256 privataeque
1366 2205 1539 2244 rationes
1554 2219 1673 2257 prae-

217 2261 449 2314 cipitabant,
467 2261 550 2312 ipso
567 2261 614 2299 iis
633 2261 792 2301 addicto
809 2262 995 2301 historico
1013 2262 1170 2300 fatente.
1212 2275 1293 2299 non
1310 2261 1366 2299 ita
1385 2262 1540 2300 Ioannis
1561 2262 1674 2302 Vecci

219 2330 271 2356 ex
304 2318 531 2357 adversario
557 2318 599 2355 in
632 2318 826 2358 fautorem
853 2318 1082 2356 Latinorum
1112 2318 1278 2357 mutatio
1307 2318 1471 2369 contigit
1493 2319 1674 2370 superius

219 2388 253 2413 c.
282 2375 335 2416 25
370 2380 552 2423 narrata,
590 2373 655 2411 ille
683 2375 872 2426 siquidem
908 2374 1040 2425 quoad
1066 2375 1222 2426 putavit
1250 2387 1406 2412 causam
1432 2375 1675 2413 Graecorum

218 2430 386 2470 veritate
411 2431 503 2479 niti,
533 2430 709 2470 modeste
740 2432 887 2470 restitit
912 2431 1140 2482 imperatori
1164 2444 1287 2482 usque
1314 2431 1364 2469 ad
1386 2432 1674 2483 perpessionem

220 2487 386 2526 carceris
397 2515 408 2534 ,
434 2487 504 2525 ubi
527 2499 624 2525 vero
647 2501 719 2539 per
738 2489 860 2526 otium
877 2487 987 2526 lectis
1003 2493 1164 2539 patrum
1179 2487 1290 2526 libris
1306 2487 1409 2526 clare
1425 2488 1528 2527 vidit
1540 2489 1673 2539 potius

218 2545 280 2583 ius
297 2556 378 2581 esse
394 2544 637 2593 Latinorum,
667 2545 800 2583 statim
817 2544 987 2596 agnitam
1006 2544 1214 2584 veritatem
1231 2550 1288 2583 est
1305 2546 1502 2597 professus
1518 2550 1557 2583 et
1575 2557 1674 2581 con-

218 2599 456 2640 stantissime
472 2600 658 2640 defendit.

333 2698 372 2736 p.
390 2682 472 2726 394
492 2697 530 2723 v.
550 2688 615 2728 18.
674 2685 876 2722 intestinis
891 2685 1024 2722 ovium
1043 2687 1130 2737 ipso
1148 2683 1285 2723 adhuc
1293 2685 1398 2736 fimo
1416 2684 1576 2733 refertis·
1594 2683 1675 2720 im-

218 2740 357 2791 plicita·
390 2742 614 2792 onustique.
671 2740 870 2779 etsi-hanc
895 2741 1050 2780 foedam
1082 2742 1372 2780 traductionem
1397 2741 1675 2778 damnatorum

221 2808 293 2848 per
319 2797 457 2836 urbem
479 2795 621 2838 καινόν
638 2798 842 2851 θρίαμβον
859 2797 1273 2850 Pachym'eres-vocat,
1297 2801 1588 2850 praecesserant
1608 2803 1676 2835 ta-

222 2865 314 2891 men
335 2854 415 2892 eius
429 2854 607 2908 exempla
627 2853 977 2907 Constantinopoli.
1017 2854 1285 2895 videsAnnam
1301 2855 1552 2901 eomnenam,
1567 2851 1677 2903 quid
