1884 3262
254 190 352 238 488
670 188 903 234 GEORGII
934 191 1281 237 PACHYMERIS

254 303 358 358 ‘ipt'av
377 301 541 356 ἀνῆπτε.
608 299 778 355 κάπειδὴ
810 301 1063 357 προθέμενος
1095 303 1319 360 ἐκτυφλοῦν
1340 305 1487 351 ἐκεῖνον
1515 313 1605 358 ταῖς
1624 311 1699 362 τῆς

256 371 467 423 δεσποίνης
487 370 708 418 δυσωπίαις
728 365 796 424 (ἦν
825 369 902 425 γὰρ
932 369 1160 425 αὐτανεψία
1184 373 1352 427 ἐκείνου)
1375 375 1440 416 καὶ
1461 375 1573 431 παρὰ
1595 373 1701 431 γνώ-

255 455 338 491 μην
356 436 644 490 ἀνεχαιτίζετο,
684 437 816 495 ἐκείνῳ
838 438 912 491 μὲν
939 439 1005 480 καὶ
1037 437 1094 480 ἔτι
1129 438 1204 495 τὴν
1227 440 1369 494 ποινὴν
1396 439 1573 498 ἀνήρτα,
1602 446 1701 486 Πα-

251 504 395 562 χωμίῳ
416 503 524 546 δὲτὸ
546 508 627 546 πᾶν
656 509 730 560 τῆς
761 504 883 561 ὀργῆς
913 510 1134 562 προσῆπτε.
1204 507 1251 550 τὸ
1277 507 1355 563 γὰρ
1384 507 1514 562 ὄνομα
1531 510 1699 566 φρικτὸν

114 575 143 609 Ρ
165 575 233 611 333
257 570 303 614 ὃν
322 569 480 614 ἀκούειν
506 572 572 614 καὶ
600 570 725 625 μόνον
749 572 792 615 ἔκ
818 591 938 616 τινων
961 571 1256 631 φοιβασμάτων
1286 575 1469 619 ἐκποδών
1487 584 1610 620 ποιεῖν
1626 578 1731 630 τὸνὸ

257 639 400 693 ἔχοντα
433 637 747 695 παρεσκεύαζεν,
797 640 853 691 ὥς
880 642 922 684 τί
950 642 989 685 οἱ
1017 642 1140 685 κακὸν
1177 642 1282 685 κατὰ
1316 649 1466 699 μοῖραν
1502 645 1698 700 περιέχον.

257 707 438 762 ἐξέκρουε
457 707 502 749 δ’
531 706 613 763 ἄρα
642 706 667 762 ἦ
696 707 908 762 ὁμωνυμία
931 709 977 753 τὸ
1006 708 1243 764 μάντευμα·
1280 711 1427 761 ἐκεῖνος
1456 712 1530 766 μὲν
1557 712 1634 768 γὰρ
1654 712 1701 755 τὸ

256 772 457 830 μόρσιμον
481 773 638 831 φεύγων
665 775 884 833 ἓξετύφλου
904 777 975 820 τὸν
992 777 1121 833 ἄνδρα
1132 810 1146 830 ,
1182 778 1230 821 τὸ
1254 779 1302 821 δέ
1313 795 1356 833 γε
1378 779 1482 822 κατὰ
1505 781 1704 822 Μακεδο-

256 843 347 885 νίαν
376 846 450 885 τοῦ
472 845 701 897 Παχωμίου
730 846 880 901 χωρίον
913 844 1010 888 ὅσον
1033 845 1114 901 ἤδη
1146 846 1293 889 ἐκεῖνον
1320 846 1520 901 ἄναμένον
1545 847 1619 897 τὰς
1639 848 1704 889 ἐπὶ

256 913 316 967 τῷ
345 907 515 969 θανάτῳ
547 911 766 968 εὐτρέπιζεν
794 912 982 969 οῗμωγάς.
1052 914 1232 964 κάκεῖνος
1269 915 1343 969 μὲν
1373 914 1527 972 τυφλὸς
1555 913 1700 967 ἀλᾶτο,
1715 925 1757 960 10

255 974 388 1020 πάτον
414 976 646 1034 ἀνθρώπιον
677 980 751 1022 οὐκ
777 980 960 1024 ἀλεείνων
992 980 1096 1024 ἀλλὰ
1136 986 1302 1038 πληρῶν
1345 987 1629 1037 θαυμασμοῦ,
1670 985 1706 1026 εἰ

255 1044 372 1100 με’χρι
389 1047 455 1087 καὶ
476 1044 515 1095 ἔς
539 1045 748 1097 τοιούτους
767 1047 919 1104 ἄνδρας
931 1047 1071 1105 χώραν
1090 1049 1207 1104 ἴσχον
1228 1051 1271 1092 αἱ
1297 1053 1385 1107 περὶ
1403 1055 1478 1105 τῆς
1493 1053 1706 1105 βασιλείας

204 1118 237 1154 Β
260 1110 458 1167 ὑποψίαι·
495 1112 516 1156 ὃ
537 1114 605 1167 δέ,
641 1115 714 1165 τὰς
731 1116 889 1172 τυφλὰς
907 1118 1092 1170 ἐλπίδας,
1129 1117 1229 1176 ᾤετο
1251 1119 1325 1172 μὲν
1342 1116 1618 1174 δραπετεύειν,
1654 1118 1703 1161 οὔ

255 1180 338 1235 μὴν
357 1181 401 1222 δὲ
431 1183 497 1223 καὶ
529 1181 633 1224 κατὰ
665 1182 712 1225 τὸ
741 1183 896 1239 ἀληθὲς
923 1186 1196 1241 ε’δραπέτευεν.
1268 1187 1456 1229 ἐντεῦθεν
1479 1185 1578 1242 ὀργὴ
1599 1187 1709 1229 κατὰ

254 1252 446 1304 μοναχῶν
466 1248 540 1304 οὐχ
558 1248 621 1293 ὅτι
638 1254 712 1307 τῆς
743 1252 953 1307 ἐκκλησίας
981 1252 1306 1306 ἀποστατοῦσιν,
1341 1253 1436 1296 ἀλλ’
1469 1253 1533 1297 ὅτι
1551 1252 1705 1312 ἡμέρας
1715 1263 1758 1300 15

254 1398 332 1422 nem
355 1388 440 1423 citat
462 1390 506 1424 ad
529 1401 605 1426 sese
634 1391 798 1427 dicturum
831 1405 965 1429 causam
996 1395 1151 1430 affectati
1180 1394 1290 1441 regni.
1335 1407 1399 1430 nec
1429 1397 1559 1430 morata
1589 1394 1706 1430 miseri

255 1434 429 1468 damnatio
453 1441 527 1478 est,
553 1449 661 1481 poena
683 1440 927 1474 excaecationis
950 1444 984 1474 et
1006 1441 1072 1486 ipsi
1096 1442 1247 1485 decreta,
1270 1441 1494 1486 continuoque
1515 1441 1706 1483 inferenda,

256 1479 321 1513 nisi
345 1481 502 1524 precibus
524 1481 645 1517 infimis
668 1484 948 1531 contentioneque
971 1488 1087 1521 annisa
1107 1499 1254 1529 summa,
1287 1499 1376 1532 quae
1397 1498 1457 1520 reo
1482 1491 1558 1520 erat
1580 1486 1705 1531 neptis,

255 1525 412 1569 Augusta
442 1538 544 1571 aegre
576 1530 709 1563 tandem
740 1531 894 1575 supplicii
923 1532 1113 1567 dilationem
1144 1533 1369 1578 impetrasset.
1424 1532 1459 1565 in
1490 1531 1707 1566 Pachomium

255 1570 312 1604 ira
334 1571 444 1605 effusa
467 1572 572 1607 omnis
608 1574 681 1608 sine
714 1576 811 1610 obice
833 1578 998 1621 pervenit.
1046 1590 1088 1612 ex
1110 1579 1207 1612 huius
1238 1579 1328 1612 fama
1350 1578 1522 1612 doctrinae
1545 1589 1619 1610 cum
1641 1588 1704 1611 no-

257 1616 386 1650 cturnis
408 1617 505 1659 istis,
539 1619 583 1653 de
614 1621 736 1664 quibus
767 1628 843 1655 erat
865 1623 1069 1667 nuntiatum,
1101 1629 1296 1669 comparata
1317 1623 1552 1667 congressibus
1573 1622 1607 1655 in
1630 1633 1704 1656 eam

257 1662 557 1706 suspiciosissimus
579 1665 736 1710 princeps
761 1667 945 1711 opinionem
977 1669 1195 1710 incubuerat,
1229 1681 1304 1703 esse
1326 1668 1418 1702 illum
1439 1679 1539 1701 unum
1562 1668 1705 1712 aliquem

259 1718 303 1740 ex
325 1707 399 1741 istis
422 1709 608 1753 aucupibus
631 1714 881 1755 praenotionum
911 1714 953 1747 de
976 1716 1112 1757 futuro,
1146 1715 1203 1760 qui
1225 1715 1328 1748 libros
1349 1713 1492 1748 scrutari
1515 1713 1705 1747 reconditos

259 1751 350 1786 soliti
371 1754 443 1786 sata
465 1753 679 1799 imperiorum
703 1762 738 1790 et
760 1759 1006 1794 successionum
1035 1760 1069 1794 in
1101 1762 1185 1794 haec
1214 1761 1355 1801 seriem,
1378 1759 1562 1793 audacibus
1585 1760 1705 1804 explo-

256 1800 336 1831 rata
369 1798 590 1842 coniecturis,
622 1807 825 1854 quaestuose
858 1805 998 1839 curiosis
1027 1806 1213 1840 venditant.
1257 1806 1397 1839 suberat
1428 1809 1464 1838 et
1496 1804 1582 1838 alius
1613 1802 1705 1837 haud

256 1841 307 1876 ita
330 1842 442 1876 multis
465 1849 564 1879 notus
587 1846 658 1879 odii
680 1848 785 1881 fomes
801 1873 811 1890 ‚
842 1848 960 1883 horror
990 1862 1032 1884 ex
1064 1851 1173 1885 omine
1194 1850 1362 1886 vocabuli.
1410 1849 1536 1894 quippe
1557 1849 1706 1894 impera-

259 1889 334 1930 tor,
368 1892 404 1921 et
429 1888 502 1934 ipse
532 1890 651 1924 avidus
681 1898 836 1936 captator
857 1896 1131 1939 praesagiorum,
1160 1896 1274 1930 nescio
1297 1895 1377 1940 quid
1399 1895 1704 1928 submurmuratum

257 1931 464 1975 inaudierat,
487 1946 553 1979 quo
576 1936 744 1971 Pachumii
766 1949 885 1973 nomeu
910 1951 983 1973 cum
1017 1952 1078 1975 sua
1100 1941 1204 1986 ipsius
1226 1940 1375 1985 pernicie
1396 1939 1511 1974 fatalis
1532 1950 1620 1973 nexu
1641 1951 1706 1973 ne-

259 1977 430 2012 cessitatis
450 1979 689 2024 implicaretur.
734 1983 768 2016 id
791 1983 860 2026 ille,
883 1986 972 2030 quod
994 1986 1140 2032 optimus
1159 1986 1394 2020 vaticiniorum
1415 1985 1584 2029 interpres
1607 1989 1705 2030 post-

259 2022 395 2056 modum
425 2031 565 2059 eventus
595 2027 772 2072 explicuit,
806 2041 872 2063 non
901 2032 993 2065 clare
1023 2032 1213 2076 intelligens
1244 2043 1310 2076 quo
1339 2030 1545 2076 pertineret,
1578 2037 1613 2064 et
1635 2041 1704 2075 quo

260 2071 422 2112 vergeret
450 2069 653 2116 impotenter
681 2074 939 2117 exhorrescens,
968 2076 1004 2110 in
1035 2089 1109 2111 eam
1141 2077 1387 2122 persuasionem
1423 2075 1539 2121 rapuit
1568 2079 1607 2109 ut
1637 2075 1707 2110 sibi

260 2123 492 2149 successurum
516 2116 551 2150 in
574 2116 715 2163 imperio
749 2120 836 2154 hunc
853 2121 1066 2156 Pachomium
1097 2122 1252 2167 portendi
1274 2122 1438 2156 crederet.
1483 2120 1520 2155 id
1543 2132 1624 2156 vero
1646 2131 1708 2155 ra-

258 2158 352 2211 tione
374 2161 462 2194 omni
485 2164 765 2206 praevertendum
787 2169 904 2209 ratus,
924 2167 1024 2201 istum
1049 2168 1213 2202 infelicem
1235 2167 1375 2201 reddere
1395 2165 1534 2211 imperio
1555 2165 1707 2211 ineptum

258 2205 393 2238 immani
416 2207 585 2242 oculorum
608 2209 785 2244 effossione
818 2216 971 2257 occupat.
1017 2225 1080 2248 nec
1106 2214 1177 2256 sic,
1204 2213 1369 2247 infelicior
1388 2212 1461 2258 ipse
1494 2211 1604 2246 caecis
1623 2222 1706 2256 spe-

261 2248 326 2283 bus
347 2249 382 2283 in
405 2252 540 2286 crudele
563 2259 693 2289 tractus
715 2256 868 2299 facinus,
905 2258 1083 2293 instantem
1114 2258 1252 2300 vitavit,
1283 2258 1313 2293 si
1337 2269 1401 2292 non
1425 2258 1539 2303 potius
1561 2257 1706 2297 arcessi-i,

260 2293 334 2334 vit,
358 2297 605 2340 calamitatem,
638 2312 726 2346 quae
747 2301 858 2347 ipsum
880 2304 968 2348 apud
991 2305 1222 2339 Macedoniam
1244 2305 1279 2338 iu
1302 2315 1384 2349 agro
1407 2304 1498 2338 dicto
1521 2302 1704 2345 Pachomfl,

260 2337 298 2372 in
319 2339 417 2375 liuius
440 2345 474 2375 et
504 2344 642 2378 aliorum
674 2347 830 2381 ultionem
864 2350 1046 2389 scelerum,
1076 2350 1164 2385 haud
1193 2351 1291 2394 longo
1315 2353 1394 2395 post
1415 2355 1568 2394 tempore
1589 2359 1706 2382 mane-

242 2384 333 2428 ‚ban
380 2386 514 2422 interim
535 2389 737 2426 miserrimus
758 2393 958 2430 Pachomius
977 2395 1204 2430 instrumentis
1225 2395 1399 2429 literariae
1420 2406 1501 2429 suae
1524 2393 1706 2439 professio·-

261 2429 315 2463 nis
338 2431 519 2466 luminibus
541 2436 700 2478 orbatus,
733 2438 817 2472 adeo
850 2452 915 2474 non
944 2441 1010 2475 iam
1032 2441 1214 2487 providere
1236 2441 1376 2486 amplius
1399 2451 1596 2473 arcanorum
1617 2438 1708 2472 indi-

248 2475 312 2513 xcio
335 2475 492 2511 librorum
514 2479 628 2514 futura
652 2486 805 2527 poterat,
825 2489 864 2520 ut
886 2498 928 2520 ne
949 2487 1141 2532 praesentia
1177 2487 1310 2532 quidem
1343 2490 1498 2519 cerneret
1531 2490 1567 2518 et
1589 2484 1703 2518 vitare

260 2521 461 2556 ambulando
483 2523 650 2559 incursum
674 2529 847 2563 obviorum
870 2531 935 2566 nisi
965 2532 1072 2566 alieno
1096 2533 1250 2578 nequiret
1283 2530 1476 2572 admonitu,
1507 2528 1705 2565 admiranti-

240 2565 342 2610 -bus,
364 2563 423 2612 qui
444 2568 528 2614 haec
550 2570 730 2615 videbant,
755 2577 882 2610 cunctis
905 2577 1005 2611 etiam
1028 2590 1134 2624 usque
1167 2578 1210 2611 ad
1239 2577 1505 2621 ludimagistros,
1537 2573 1705 2609 alienissi-

263 2621 338 2645 mae
360 2612 509 2648 homines
532 2626 553 2649 a
574 2627 678 2660 regno
700 2621 819 2659 sortis,
851 2623 1040 2658 ambitionis
1068 2623 1230 2658 atrociter
1259 2621 1456 2657 aemulantis
1477 2625 1624 2655 arniatas
1647 2620 1704 2652 fu-

263 2667 342 2691 rore
371 2658 578 2704 suspiciones
611 2673 678 2696 non
707 2664 906 2709 dedignatas
936 2679 1012 2702 esse
1037 2669 1253 2703 descendere.
1305 2667 1421 2702 eadem
1454 2666 1518 2700 hac
1550 2664 1704 2699 afflatum

245 2706 341 2743 ,atra
361 2704 689 2750 rabie‘imperatoris
712 2720 787 2743 mox
809 2710 845 2744 in
867 2715 1045 2748 monachos
1067 2715 1176 2749 odium
1200 2713 1322 2758 erupit,
1344 2724 1408 2747 uon
1432 2723 1474 2745 ea
1493 2710 1559 2744 illis
1580 2709 1704 2744 infensi

243 2758 366 2789 ‚causa
388 2752 475 2795 quod
499 2751 660 2793 ecclesiae
680 2755 825 2790 rebelles
847 2757 990 2792 schisma
1011 2760 1185 2802 facerent,
1214 2759 1275 2794 sed
1307 2758 1396 2804 quod
1417 2756 1488 2790 dies
1510 2756 1618 2802 ipsius
1640 2767 1704 2809 nu-

263 2800 433 2829 mex-arent
455 2798 490 2830 et
511 2797 691 2833 definirent
713 2803 885 2846 tempora,
917 2809 1025 2839 morte
1054 2806 1188 2840 scilicet
1214 2805 1286 2840 eius
1307 2815 1347 2839 se
1368 2803 1584 2838 defunctui-os
1606 2801 1704 2836 malis
