1884 3262
262 222 358 268 660
660 219 969 265 OBSERVAT.
1002 218 1312 266 PAGHYMER.

262 337 301 370 et
329 332 468 368 funere
496 328 625 367 sancti
663 329 765 380 regis
795 328 1013 378 Ludovici‚
1052 327 1282 380 exquibus
1318 327 1547 381 compendio
1581 328 1706 367 refert

258 386 494 438 Spondanus
515 399 617 423 anno
643 388 751 432 1270
773 399 882 425 num.
904 384 953 426 4:
982 398 1103 422 sacra
1121 386 1209 423 eius
1237 399 1331 422 ossa
1353 399 1470 423 carne
1495 383 1705 423 denudata

258 444 404 479 lotione
430 440 724 493 mundissima,
758 444 909 491 pannis
935 443 1073 479 sericis
1105 455 1193 479 cum
1231 441 1480 480 aromatibus
1505 441 1704 490 involuta,

258 500 301 536 in
333 498 465 535 loculo
490 506 692 536 reservata
715 500 869 548 fuisse,
901 496 1115 548 deferenda
1139 497 1199 535 ad
1223 499 1431 536 eeclesiam
1451 499 1490 536 S.
1511 497 1708 548 Dionysii

259 560 333 593 etc.
377 568 446 591 car
447 568 534 591 nem
564 569 654 592 vero
677 562 713 592 et
740 557 932 593 intestina
959 569 986 592 a
1016 554 1161 593 Carolo
1180 556 1266 592 eius
1277 549 1418 605 fratre
1437 568 1464 591 a
1481 566 1555 590 auo
1569 559 1704 605 nepote

257 610 450 662 Philippo
469 625 558 662 rege
575 613 718 662 impet}
720 618 811 659 ata,
841 611 1056 662 honorifice
1075 613 1118 648 iti
1135 611 1322 649 Siciliam
1340 610 1500 659 delata,
1531 616 1567 646 et
1589 623 1705 661 repo-

258 669 341 704 sita
363 669 407 704 in.
432 668 596 704 ecclesia
611 669 763 706 Montis
789 668 961 719 Regalis
993 669 1228 705 monasterii
1253 666 1409 705 ordinis
1438 668 1478 704 S.
1496 664 1706 703 Benedicti

252 737 378 775 prope
398 725 659 764 Panormum.
715 723 796 762 huc
815 724 980 775 respicit
998 724 1146 762 mentio
1165 738 1186 761 a
1202 730 1339 762 nostro
1358 724 1460 761 facta
1480 721 1705 759 loculorum

254 782 520 831 pretiosorum
537 781 578 818 in
596 780 741 832 plurali
768 794 949 818 numero:
981 780 1059 817 duo
1092 780 1196 818 enim
1225 781 1412 830 suerunt,
1453 791 1623 829 quorum
1641 776 1704 815 al·-

257 842 343 874 tero
369 838 407 874 S.
430 837 625 874 Ludovici
642 851 728 875 ossa
748 836 788 874 in
810 836 978 875 Galliam
997 842 1152 888 portata
1170 843 1283 886 sunt,
1313 837 1437 874 altero
1458 834 1645 872 intestina
1664 838 1704 871 et

257 906 394 931 carnes
409 893 452 931 in
471 893 645 931 Siciliam
664 894 864 932 translata.

370 963 411 1001 p.
427 949 510 992 365
527 963 563 988 v.
587 953 654 992 22.
710 949 815 988 verti
837 954 1041 999 argentum
1068 948 1203 987 vivum
1224 944 1413 1011 ἄργυρον.
1425 941 1551 999 υγρόν
1570 940 1701 997 χυτόν,

254 1004 430 1043 imitatus
450 1005 670 1044 Aristotelis
685 1005 837 1057 inteipr
840 1012 918 1043 etes
938 1005 1012 1044 1.1
1035 1004 1082 1042 de
1105 1004 1268 1052 Anima,
1297 1004 1364 1054 qui
1383 1002 1440 1041 sic
1454 1002 1589 1040 Latine
1606 999 1702 1038 red-

257 1061 359 1099 dunt
381 1059 553 1114 ἄργυρον
570 1057 697 1113 χυτόν.
755 1061 863 1113 quod
888 1067 928 1099 et
958 1055 1080 1114 ὖγρόν
1108 1066 1215 1098 recte
1237 1073 1260 1097 a
1287 1065 1425 1097 nostro
1449 1058 1614 1096 dicitur·
1644 1061 1704 1094 est

256 1117 359 1155 enim
390 1116 533 1155 humor
563 1117 758 1168 liquidus,
798 1125 834 1155 et
862 1118 998 1169 liquor
1033 1124 1237 1165 aeternus,
1271 1122 1318 1154 ut
1348 1114 1499 1153 Plinius
1524 1111 1704 1163 loquitur

253 1173 342 1213 Nat.
365 1172 514 1212 Hist.1
534 1177 587 1214 33
606 1187 640 1214 c,
660 1176 686 1215 6
708 1180 746 1211 et
764 1176 802 1223 8,
827 1175 960 1224 guttis
985 1171 1119 1210 dividi
1122 1173 1276 1222 facilis
1298 1178 1334 1209 et
1357 1170 1513 1209 lubrico
1538 1169 1702 1207 hamore

254 1230 467 1280 confinem.
523 1227 758 1280 hydr-argyri
770 1260 781 1278 ,
810 1229 917 1280 quod
939 1229 1100 1278 vulgare
1121 1229 1239 1266 huius
1256 1228 1314 1266 rei
1334 1240 1478 1265 nomen
1496 1225 1598 1275 scio,
1629 1238 1702 1263 vo-

254 1285 395 1323 cabulo
419 1284 591 1322 abstinui
611 1291 818 1336 propterea
837 1284 941 1335 quod
967 1298 1055 1322 cum
1083 1284 1203 1322 huius
1226 1283 1392 1334 liquoris
1413 1282 1562 1334 duplex
1576 1294 1701 1331 genus

254 1341 308 1379 sit
336 1354 385 1378 ex
413 1340 540 1378 Plinio
569 1341 735 1390 ibidem,
775 1341 940 1380 alterum
967 1341 1145 1378 naturale
1172 1340 1339 1378 alterum
1368 1338 1592 1386 factitium,
1621 1336 1701 1388 hy-

254 1397 435 1447 drargyri
459 1397 670 1448 appellatio
700 1397 852 1449 potius,
891 1403 935 1435 ut
954 1396 1057 1434 idem
1074 1396 1199 1435 tradit
1216 1410 1249 1434 c.
1266 1397 1306 1445 8,
1324 1395 1479 1433 factitio
1497 1393 1700 1435 tribuitur.

254 1453 303 1491 de
320 1453 446 1504 priori
466 1466 561 1490 vero
577 1452 643 1491 hic
666 1467 777 1504 agere
797 1453 1097 1505 Pachymerem,
1125 1453 1314 1491 suadetur
1333 1465 1383 1489 ex
1402 1450 1546 1489 effectu
1566 1449 1699 1501 depri-

251 1508 386 1548 mendi
406 1509 520 1547 fundi
535 1510 665 1560 maris,
693 1523 807 1561 quem
827 1510 860 1547 ei
879 1510 1019 1548 tribuit
1039 1515 1297 1548 consentanee
1312 1507 1361 1546 iis
1381 1521 1480 1558 quae
1494 1507 1541 1545 de
1561 1506 1698 1544 eodem

250 1564 375 1604 tradit
394 1564 541 1603 Plinius
559 1565 648 1604 loco
664 1565 743 1604 iam
758 1566 939 1616 laudato,
969 1579 1003 1606 c.
1026 1568 1052 1608 6
1070 1566 1097 1604 1.
1117 1569 1191 1615 335
1225 1564 1293 1604 ubi
1319 1563 1378 1602 sic
1397 1563 1611 1603 scribitur:
1642 1569 1699 1600 est

251 1629 288 1658 et
306 1622 415 1672 lapis
437 1623 481 1658 in
496 1621 562 1658 liis
579 1623 689 1661 venis
709 1621 918 1675 (argenti),
949 1623 1069 1659 cuius
1088 1623 1246 1661 vomica
1265 1622 1438 1672 liquoris
1457 1619 1606 1658 aeterni
1625 1633 1698 1656 ar·-

247 1684 413 1729 gentum
436 1679 576 1716 vivum
606 1679 859 1730 appellatur,
895 1692 1086 1717 venenum
1114 1693 1248 1716 rerum
1272 1678 1464 1716 omnium.
1521 1682 1624 1713 exest
1649 1689 1700 1713 ac

243 1735 472 1785 perrumpit
496 1735 684 1772 universa
710 1749 918 1785 permeans
947 1735 1037 1773 tabe
1058 1734 1164 1775 dira.
1227 1734 1284 1773 ita
1310 1734 1400 1784 ille3
1439 1731 1544 1771 unde
1582 1731 1697 1770 facile

250 1795 385 1841 potest
404 1789 572 1839 intelligi
592 1803 664 1828 cur
681 1797 818 1842 aptum
836 1791 1054 1830 iudicatum
1074 1791 1126 1829 sit
1153 1790 1356 1829 exedendo
1376 1789 1696 1841 perrumpendo-

254 1858 331 1896 que
348 1850 387 1883 et
404 1845 462 1883 sic
483 1845 600 1882 altius
621 1847 847 1884 excavando
868 1847 991 1885 fundo
1015 1853 1173 1898 portus,
1205 1847 1253 1884 de
1275 1860 1354 1898 quo
1381 1845 1449 1884 hic
1469 1844 1694 1883 historicus.

253 1901 320 1952 qui
340 1901 502 1951 gratiam
516 1900 666 1938 iniisset
685 1915 706 1938 a
726 1901 951 1951 lectoribus,
981 1903 1015 1940 si
1034 1902 1258 1940 distinctius
1278 1902 1440 1940 modum
1460 1905 1695 1950 enarrasset,

254 1970 333 2008 quo
365 1955 462 1994 haec
486 1955 682 2007 depressio
713 1957 828 1994 fundi
851 1963 990 2008 portus
1019 1970 1091 2008 per
1121 1964 1323 2007 argentum
1345 1958 1479 1995 vivum
1499 1958 1602 1995 facta
1620 1961 1692 1996 est.

253 2011 437 2050 credibile
469 2012 618 2064 quippe
645 2018 706 2050 est
736 2013 973 2064 peculiarem
1006 2013 1202 2063 quandam
1228 2012 1278 2051 ed
1303 2013 1345 2050 id
1363 2019 1486 2052 artem
1508 2019 1547 2051 et
1567 2018 1694 2050 certas

251 2070 354 2106 forte
373 2067 570 2106 machinas
589 2067 806 2115 adhibitas,
837 2082 936 2120 quae
967 2068 1125 2120 ignotae
1153 2068 1271 2108 hodie
1297 2068 1397 2120 sint,
1427 2069 1516 2108 usui
1533 2069 1694 2107 suturae

251 2124 285 2162 si
303 2124 514 2166 scirentur.

361 2194 400 2231 p.
413 2183 494 2222 368
512 2192 550 2217 v·
561 2183 599 2222 6.
653 2192 788 2219 verum
804 2180 891 2217 illis
908 2187 954 2219 ut
970 2194 1049 2218 non
1057 2180 1309 2232 placebat—
1311 2182 1507 2232 principi.
1534 2179 1634 2218 haec
1653 2185 1693 2219 et

255 2248 354 2286 quae
383 2249 476 2274 mox
503 2235 662 2274 subiicit
693 2236 902 2288 superbam
939 2236 1117 2287 ignavam
1148 2243 1419 2275 contumacem
1451 2239 1692 2276 Graecorum

254 2291 473 2330 antistitum
499 2292 541 2330 in
567 2291 775 2330 schismate
802 2292 1056 2344 pertinaciam
1083 2293 1285 2331 declarant
1300 2307 1311 2342 3
1350 2305 1448 2343 quos
1479 2299 1519 2332 et
1538 2307 1579 2331 se
1600 2306 1691 2330 cum

251 2346 331 2385 illis
349 2348 458 2400 paria
475 2347 643 2387 sentiens
659 2347 725 2386 hie
744 2347 955 2387 historicus
977 2349 1160 2398 traducit,
1191 2349 1285 2387 dum
1301 2347 1496 2387 obnoxios
1515 2343 1703 2401 principi

252 2403 326 2441 vili
352 2404 634 2454 assentatione,
669 2410 807 2442 contra
834 2411 1003 2443 mentem
1032 2411 1072 2443 et
1093 2418 1250 2443 sensum
1284 2403 1495 2455 intimum,
1533 2404 1688 2456 signifi-

113 2472 141 2506 p
164 2471 230 2507 453
253 2472 361 2498 casse
380 2459 435 2497 ait
451 2459 523 2497 sibi
540 2460 606 2499 vel
624 2460 791 2499 maxime
817 2461 974 2513 placere
990 2460 1033 2498 id
1054 2461 1184 2512 ipsum
1205 2475 1226 2498 a
1256 2474 1335 2511 quo
1362 2460 1603 2513 impotenter
1619 2459 1690 2499 ab-

253 2514 491 2565 horrebant5
520 2515 628 2566 quod
654 2515 822 2555 immane
845 2522 1035 2568 quantum
1065 2516 1113 2555 ab
1139 2517 1362 2568 evangelica
1383 2517 1610 2556 sinceritate
1638 2528 1688 2554 ac

253 2570 510 2623 generositate
522 2571 689 2609 alienum
708 2578 779 2611 est.

363 2640 403 2666 v.
431 2630 494 2669 10.
550 2628 594 2664 in
610 2629 729 2666 semel
749 2626 866 2666 adita
881 2629 1130 2679 possessione
1153 2629 1407 2667 auctoritatis
1423 2625 1687 2680 independen-

255 2685 309 2720 tis
327 2689 400 2722 etc.
455 2695 526 2733 per
547 2683 688 2732 gradus
714 2684 765 2721 ad
783 2684 897 2722 istam
916 2684 1210 2736 usurpationem
1230 2685 1476 2723 auctoritatis
1492 2683 1686 2734 indepen-

257 2739 384 2776 dentis
403 2738 541 2776 Graeci
558 2739 980 2791 Constantinopolitani
1000 2746 1287 2792 processerunt.
1326 2740 1496 2792 primum
1514 2739 1686 2791 pertaesi

182 2839 185 2843 .
253 2794 492 2845 Byzantinae
514 2793 766 2843 humilitatis,
805 2808 882 2844 qua
916 2795 1010 2833 olim
1034 2795 1077 2833 in
1103 2796 1350 2835 ecclesiarum
1380 2795 1518 2834 ordine
1545 2794 1683 2833 infimo

253 2850 542 2902 metropolitam
562 2849 770 2891 Heracleae
789 2849 977 2890 Thraciae
995 2851 1234 2904 superiorem
1251 2856 1506 2905 agnoverant,
1534 2857 1580 2891 ut
1596 2850 1684 2905 ipse
