1884 3262
279 184 378 230 602
677 181 987 227 OBSERVAT.
1021 181 1331 228 PACHYMER.

274 294 364 332 loca
389 292 623 345 percensens
655 291 727 330 ubi
754 291 910 329 alumen
943 291 1155 343 provenit,
1191 292 1361 331 Pontum
1385 299 1593 344 memorat,
1619 294 1732 334 unde
1760 331 1761 334 ,

274 350 342 388 hic
369 354 499 386 noster
519 349 642 386 refert
661 348 800 386 solitos
820 346 923 385 illud
943 360 1014 399 per
1032 347 1233 386 Euxinum
1255 355 1466 400 exportare
1491 351 1730 393 Genuenses.

276 405 475 445 Phocaeae
493 410 622 442 tamen
645 417 727 442 non
745 403 943 452 meminit,
969 402 1037 442 ubi
1059 403 1216 442 fodinas
1237 404 1422 443 aluminis
1441 407 1555 457 ponit
1578 406 1732 458 Pachy-

275 474 412 509 meres‚
443 461 566 499 serius
580 460 768 499 videlicet
787 460 959 498 detectas
977 473 1049 498 nec
1068 459 1189 498 Plinii
1207 460 1285 498 iam
1297 466 1381 499 tum
1402 467 1526 500 aetate
1545 463 1730 503 celebres.

390 514 623 569 σύμβολα
651 517 968 557 δεσποτικοῦ
994 514 1236 557 θανᾶτου
1262 530 1302 567 Ρ.
1321 519 1461 559 530v.
1483 519 1545 559 18.
1601 519 1731 557 mani-

277 574 373 612 feste
399 574 440 610 in
467 572 529 611 his
560 586 671 611 sacla
703 571 940 611 eueha1istia
967 572 1194 622 designatur
1235 572 1316 611 illis
1341 572 1504 612 verbis·
1551 570 1732 627 σύμβολα

277 630 512 670 δεσποτικοῦ
528 625 710 670 θανατου
727 627 954 666 dominicae
975 630 1118 666 mortis
1137 629 1338 679 symbola,
1369 643 1468 680 quae
1485 629 1616 668 statim
1638 636 1733 695 P⁰.⁸t

277 702 372 740 aym
393 687 502 737 δωρα
526 691 743 736 nuncupat.
802 685 917 722 cuius
944 685 1219 737 appellationis
1247 685 1442 724 rationem
1462 698 1577 723 nemo
1593 686 1732 738 requi-

133 744 164 779 P
186 743 255 780 416
277 749 353 791 ret,
382 741 450 793 qui
469 741 688 780 meminerit
706 741 809 779 illud
827 740 1008 794 Apostoli
1031 744 1053 783 1
1067 742 1117 780 ad
1139 741 1318 782 Corinth.
1341 744 1415 784 11:
1465 744 1732 794 quotiescum-

281 813 358 851 que
386 796 690 836 manducabitis
714 812 862 849 panem
889 797 999 836 lzunc
1023 804 1060 835 et
1088 798 1253 835 calicem
1275 797 1416 835 bibetis
1429 828 1442 846 ,
1469 806 1634 836 mortem
1648 797 1732 839 do-

282 857 385 893 mini
401 854 721 903 annuntiabitis,
751 853 874 892 donec
899 856 1047 892 veniat.
1105 868 1231 893 unum
1259 854 1363 892 addo
1391 854 1440 892 de
1466 867 1563 893 voce
1581 851 1731 907 σύμβο-

280 914 372 958 λον,
402 924 492 949 cum
510 911 743 963 simpliciter
760 910 927 961 dicitur,
956 923 1146 948 summam
1166 910 1479 948 Christianorum
1501 911 1730 961 dogmatum
1750 942 1753 952 .

279 967 457 1005 indicare
482 968 587 1019 apud
608 967 716 1005 hunc
735 973 915 1004 nostrum
938 980 1111 1017 quoque,
1141 973 1187 1004 ut
1215 980 1304 1005 cum
1326 966 1360 1004 is
1385 980 1480 1005 mox
1507 968 1619 1005 addit
1639 981 1732 1006 mo-

278 1023 495 1062 1ibun<lum
527 1024 805 1090 imperatorem
830 1023 872 1061 in
897 1023 1108 1074 procinctu
1135 1023 1235 1060 sacri
1267 1022 1491 1074 accipiendi
1519 1023 1654 1061 viatici
1683 1039 1728 1064 το

279 1095 395 1133 αγιον
423 1079 607 1128 διεξιέναι
635 1074 857 1131 σύμβολον,
887 1079 1111 1130 symbolum
1137 1078 1322 1117 videlicet
1348 1079 1618 1130 Apostolicum
1636 1079 1749 1118 fidet

278 1149 369 1174 suae
391 1135 637 1187 profitendae
658 1135 856 1174 recitasse.
913 1135 1005 1172 alibi
1026 1148 1141 1186 saepe
1160 1135 1203 1172 in
1236 1134 1311 1172 hac
1325 1133 1488 1173 historia
1507 1135 1729 1187 symbolum

276 1191 495 1230 Nicaenum
518 1191 695 1230 absolute
721 1191 944 1242 symbolum
972 1191 1164 1229 nominat.
1221 1190 1514 1240 intelligebatur
1539 1191 1644 1229 enim
1678 1191 1749 1233 de,

277 1261 357 1298 quo
379 1248 553 1297 diceret,
582 1260 632 1285 ex
662 1247 836 1286 subiecta
860 1246 1046 1295 materia,
1077 1260 1167 1284 cum
1190 1251 1429 1285 tractaretur
1458 1247 1744 1297 controversia,

276 1304 325 1342 de
343 1303 545 1342 additione
554 1304 729 1355 filioque
756 1302 936 1355 symbolo
960 1302 1154 1352 Nicaeno,
1182 1303 1248 1340 vel
1267 1301 1299 1340 si
1317 1301 1492 1340 exactius
1511 1302 1727 1354 loquimur,

275 1359 735 1413 Constantinopolitano,
765 1373 789 1397 a
807 1358 955 1397 Latinis
973 1358 1132 1398 inserta.
1187 1358 1280 1398 vide
1309 1371 1408 1410 quae
1424 1365 1659 1398 annotamus
1675 1359 1728 1398 ad

272 1416 302 1457 1.
323 1416 350 1458 5
375 1430 411 1455 c.
432 1419 496 1459 11.

388 1470 657 1525 συγχωρὲω
705 1470 775 1512 καὶ
823 1466 1146 1524 συγχώρησις
1185 1484 1224 1523 Ρ.
1252 1471 1334 1512 385
1365 1484 1406 1509 v-
1435 1471 1474 1513 5.
1542 1471 1598 1509 ait
1617 1471 1736 1518 obla-‚

276 1534 363 1567 tum
394 1529 443 1565 ab
470 1529 708 1579 imperatore
742 1541 854 1566 sacro
886 1528 1034 1579 templo
1063 1527 1392 1579 pretiosissimum
1417 1526 1572 1566 altaris·
1580 1528 1729 1579 velum‚‘

276 1598 370 1623 cum
398 1585 668 1623 absolveretur
694 1583 741 1622 ab
772 1583 1202 1632 excommunicatione,
1233 1583 1392 1633 dignum
1421 1596 1463 1622 se
1481 1597 1526 1621 ac
1544 1584 1613 1622 tali
1634 1597 1739 1634 gra-¹

276 1640 471 1679 tulatione
487 1641 648 1679 donum.
705 1647 752 1679 ut
768 1640 858 1690 hic,
887 1640 945 1678 sic
972 1646 1010 1678 et
1037 1639 1131 1678 alibi
1160 1640 1322 1678 verbum
1355 1643 1567 1692 συγχωρεῖν
1589 1640 1630 1677 in
1652 1641 1729 1678 ista

276 1698 440 1735 notione
458 1697 639 1736 sumitm.
694 1697 756 1735 uti
773 1704 811 1735 et
830 1692 1072 1750 συγχώρησις
1086 1710 1160 1747 pro
1176 1696 1261 1746 ipsa
1281 1695 1525 1734 absolutione
1544 1695 1649 1734 hoc
1637 1710 1726 1749 ipso

278 1754 430 1805 capite·
459 1749 651 1805 ἀντείχετο
668 1752 723 1801 ὥς
743 1752 863 1800 λέπας
885 1753 1037 1794 ἐκείνου
1056 1751 1229 1802 (Iosephi
1245 1751 1488 1820 patiiarchae
1507 1752 1625 1800 novi,
1633 1753 1726 1803 qui

278 1822 370 1847 eum
385 1809 433 1846 ab
455 1809 861 1848 excommunicatione
891 1809 1081 1857 solverat)
1111 1805 1177 1848 διά
1193 1822 1234 1848 τε
1262 1823 1337 1860 την
1363 1804 1418 1848 oin
1427 1803 1610 1849 ’ἐκείνου
1635 1820 1726 1861 συγ-

278 1861 480 1928 χώρῃσιν,
516 1871 682 1917 propter
713 1865 996 1903 absolutionem
1012 1893 1023 1912 ‚
1063 1878 1179 1915 quam
1206 1877 1296 1901 cum
1323 1865 1469 1902 frustra
1488 1864 1536 1900 ab
1555 1863 1723 1902 Arsenio

277 1920 479 1974 petiisset,
511 1934 534 1958 a
564 1921 759 1959 Germano
792 1920 1058 1971 accipiendam
1080 1933 1160 1957 non
1193 1925 1392 1970 putasset,
1421 1919 1593 1971 (lenique
1619 1934 1641 1957 a
1660 1920 1725 1959 Ιο-

278 1976 402 2029 sepho
417 1977 534 2015 tertio
561 1976 608 2014 ab
631 1976 794 2015 Arsenio
810 1975 1032 2028 patriarcha
1050 1976 1341 2027 impetraverat.

393 2028 621 2084 συναπτή
662 2046 702 2084 Ρ.
729 2033 809 2075 174
833 2046 873 2071 v-
905 2036 946 2073 2.
1003 2037 1191 2083 synaptae
1225 2044 1369 2069 nomen
1391 2030 1528 2069 Latine
1561 2029 1723 2080 retinui,

278 2088 371 2142 quia
384 2102 468 2127 non
487 2089 640 2140 reperio
657 2102 775 2127 unum
796 2087 929 2126 aliud
918 2101 961 2125 m
979 2094 1114 2126 nostra
1130 2087 1265 2138 lingua
1283 2087 1445 2126 verbum
1458 2100 1534 2137 quo
1549 2100 1612 2124 res
1632 2087 1726 2124 voci

276 2141 459 2197 συναπτή
489 2145 666 2183 subiecta
701 2145 794 2183 satis
826 2145 1082 2196 exprimatui.
1152 2144 1276 2182 multa
1311 2144 1359 2182 de
1377 2157 1422 2181 ea
1440 2142 1590 2180 utiliter
1608 2141 1725 2181 docet

276 2201 483 2241 Meursius.
540 2201 700 2240 videtur
718 2201 868 2253 aliquid
890 2199 1017 2238 simile
1035 2200 1093 2238 illi
1113 2200 1217 2251 parti
1238 2199 1465 2238 litaniarum
1483 2204 1729 2248 nostrarum,

277 2270 356 2309 qua
376 2257 449 2296 deo
469 2257 656 2296 continua
675 2257 774 2295 serie
794 2257 918 2296 multa
948 2256 1289 2306 commendantur,
1318 2254 1502 2304 ecclesia,
1527 2254 1728 2306 pontifex

276 2319 366 2362 etc„
384 2313 571 2351 adiuncta
591 2314 733 2365 cuique
750 2312 1029 2352 acclamatione
1048 2313 1209 2364 populi:
1239 2319 1276 2350 te
1296 2325 1491 2364 rogamus
1514 2309 1618 2348 audi
1635 2324 1723 2351 ηοε.

276 2382 352 2422 pro
375 2382 454 2421 quo
475 2370 633 2408 Graecis
655 2375 712 2408 est
731 2372 806 2410 τοῦ
825 2369 965 2423 κυρίου
984 2369 1194 2421 δεηθωμεν
1213 2367 1421 2406 dominum
1439 2380 1638 2418 rogemus.

392 2423 522 2465 συνῶ
535 2441 558 2465 ν
589 2440 628 2478 p.
647 2426 730 2466 487
749 2438 785 2467 v.
807 2429 874 2467 16.
925 2424 1158 2463 Pachomius
1169 2425 1348 2463 literator
1366 2423 1512 2462 dicitur
1527 2425 1583 2478 τῷ
1599 2425 1723 2473 Στρα-

277 2477 512 2535 τηγοπούλῳ
538 2479 702 2534 Μιχαὴλ
722 2477 868 2522 συνών.
923 2481 991 2519 hic
1018 2483 1090 2521 τοῦ
1116 2485 1292 2521 συνεῖναι
1318 2481 1439 2520 verbo
1463 2491 1545 2517 non
1555 2464 1721 2530 quaeli-

278 2537 349 2575 bet
371 2536 570 2575 indicatur
598 2539 836 2588 praesentia,
876 2537 945 2576 sed
971 2537 1129 2575 intimus
1160 2537 1366 2575 convictus
1388 2533 1722 2583 domesticamque

279 2593 325 2631 in
351 2605 395 2631 re
421 2592 593 2630 literaria
622 2593 902 2642 ministerium,
931 2593 1047 2644 quale
1078 2593 1221 2632 divites
1251 2592 1345 2630 olim
1366 2591 1572 2642 exigebant
1598 2588 1644 2627 ab
1670 2587 1720 2626 iis

282 2660 384 2701 quos
409 2649 517 2701 apud
543 2661 584 2687 se
612 2647 826 2699 habebant,
866 2655 912 2687 ut
939 2662 1074 2687 eorum
1100 2649 1346 2698 eruditione,
1383 2661 1473 2686 cum
1503 2650 1603 2684 esset
1619 2657 1720 2695 opus

283 2710 354 2742 aut
371 2710 550 2755 vacaret,
578 2704 823 2743 iuvarentur.
879 2705 921 2743 hi
939 2704 1045 2743 haud
1065 2705 1147 2743 sere
1168 2704 1283 2743 aliter
1307 2717 1423 2755 quam
1443 2698 1625 2748 συνόντες
1641 2713 1720 2738 vo-

284 2760 497 2812 cabantur,
525 2735 570 2799 uit
599 2760 831 2810 intelligitur
860 2774 908 2798 ex
927 2761 1045 2810 longo
1072 2767 1112 2800 et
1138 2759 1374 2813 pereleganti
1400 2755 1563 2796 Luciani
1588 2756 1636 2794 (le
1655 2755 1720 2794 his

282 2815 408 2869 libro,
438 2817 552 2857 cuius
574 2815 659 2870 ipse
687 2816 828 2856 titulus
856 2815 1109 2867 (inscribitur
1137 2817 1243 2856 enim
1275 2814 1368 2869 περὶ
1393 2815 1474 2855 τῶν
1497 2811 1562 2854 ἐπὶ
1584 2813 1722 2867 μισθῷ·
