1846 3262
193 181 257 225 22
612 175 846 222 GEORGII
879 174 1229 220 PACHYMERIS

195 295 342 338 τ’ἔσθαι
365 290 591 346 δυναμένου
614 294 689 333 τοῦ
708 286 1043 347 κατηγορήματος
1054 322 1066 342 ,
1106 288 1259 344 ἄδηλον
1284 285 1330 330 ὃν
1349 286 1426 330 εἴτ’
1451 282 1647 342 ἀληθεῦοι

198 360 566 418 ὄπροσαγγέλλων,
606 357 660 409 ὥς
697 360 844 408 ἐκεῖνος
872 360 1114 414 ἰσχυρίζετο,
1154 357 1229 399 εἴτε
1257 356 1554 413 συκοφαντοίη,
1593 352 1649 404 ὥς

199 429 219 473 ὃ
242 427 528 484 Παλαιολόγος
551 427 828 485 ἀντεπιφέρων
851 427 1009 480 ἕτοιμος
1032 422 1079 481 ἦν
1109 424 1214 482 ὗπέρ
1242 424 1438 480 ἀληθείας
1463 416 1651 478 μονομα-

151 513 184 546 Ε
205 506 288 553 χεΐν
313 495 418 540 κατά
443 514 482 539 τι
510 501 718 552 κρατῆσαν
751 497 814 538 ἐπὶ
841 502 927 545 τοῖς
954 493 1120 550 ἀδήλοις
1138 498 1220 537 τῶν
1252 496 1551 550 προσαγγελιῶν
1575 491 1652 547 ἆρ-

196 573 315 621 χαΐον
347 565 447 615 ἔθος
476 571 562 614 τοῖς
591 568 854 619 βασιλεῦσιν,
893 563 1004 618 ὅμως
1031 563 1105 619 τὴν
1130 561 1316 616 ὑποψίαν
1337 561 1410 604 οὔκ
1431 559 1506 615 εἶχε
1526 562 1687 604 διολι-5

204 635 388 677 σθαίνειν
419 634 485 675 καὶ
514 633 559 676 τὸ
593 637 666 688 τῆς
696 632 885 683 ἀπιστίας
911 631 1088 688 ἔγκλημα
1117 634 1173 681 εἷς
1197 630 1311 680 τέλος
1342 627 1656 686 διαδιδράσκειν,

205 702 300 745 ἀλλ’
333 702 404 759 ἐφ’
437 702 574 744 ἱκανὸν
602 699 749 758 χρόνον
789 706 841 759 τῇ
873 705 1035 758 φυλακῇ
1071 701 1273 754 κατείχετο
1307 698 1495 752 δέσμιος,
1537 698 1603 739 καὶ
1631 693 1656 750 ἦ

162 774 165 777 ’
204 769 366 825 ὖποψιά
384 774 557 827 προσῆν.
627 768 682 820 ὥς
709 769 753 813 δ’
785 770 859 813 οὐκ
888 765 937 825 ἦν
969 768 1069 826 ὑπὲρ
1102 760 1251 811 ἐκείνου
1272 767 1396 810 ἄλλον
1418 769 1573 820 τολμᾶν
1593 765 1660 807 καὶ

88 851 115 883 Ρ
143 851 182 884 11
209 836 443 896 πρεσβεύειν
471 843 530 897 τῷ
558 843 740 893 βασιλεῖ,
778 836 799 881 ὃ
823 836 1011 893 τηνικάδε
1038 835 1343 894 πατριαρχεύων
1371 833 1578 889 Μανουὴλ
1598 833 1662 875 ἐπὶ

207 909 308 963 μησὶ
334 908 537 956 πλείστοις
568 905 793 963 συνδιάγων
824 907 929 950 κατὰ
957 907 1126 949 Λυδίαν
1154 910 1213 963 τῷ
1235 908 1415 959 βασιλεῖ,
1455 904 1536 945 ἐπεὶ
1563 900 1663 958 πρὸς
1676 910 1719 945 10

211 976 351 1027 ἔξοδον
381 971 431 1031 ’ἧν
462 978 527 1018 καὶ
559 978 683 1031 δῆλος
710 971 761 1031 ἦν
788 974 808 1018 ὃ
843 979 1003 1032 κρατῶν
1031 975 1133 1030 πρὸς
1147 971 1268 1030 χάριν
1290 977 1414 1016 τελεῖν
1436 989 1473 1013 τι
1495 975 1552 1029 τῷ
1572 970 1671 1025 ἱερεῖ

212 1042 579 1100 προθυμούμενος,
618 1043 754 1086 αὐτίκ’
781 1045 928 1094 ἐκεῖνος
948 1043 1062 1101 ἀφεὶς
1081 1039 1210 1086 τᾶλλα
1232 1042 1306 1096 τὴν
1327 1039 1427 1097 ὑπὲρ
1451 1043 1524 1082 τοῦ
1547 1041 1667 1094 σιδη-

215 1115 383 1170 ροδέτου
405 1114 622 1170 πρεσβείαν
655 1114 785 1167 εἲσῆγε
797 1145 810 1165 ,
848 1114 915 1155 καὶ
939 1111 993 1162 (ὃς
1019 1109 1402 1168 συκοφαντούμενον
1427 1108 1572 1150 ἱκέτευε
1594 1125 1669 1149 κα-

214 1182 455 1237 τοικτείρειν.
528 1183 593 1223 “ei
615 1180 661 1224 δ’
681 1176 752 1224 οὖν
775 1181 878 1223 ἀλλὰ
896 1180 954 1236 μὴ
978 1179 1090 1236 παρὰ
1111 1181 1175 1222 σοὶ
1197 1181 1394 1235 καθαρῶς
1405 1176 1430 1196 ”
1465 1176 1543 1232 ἔφη
1567 1178 1673 1230 ε’τῆς

215 1248 398 1303 ὗποψίας
421 1249 605 1306 ἀφεῖται,
639 1244 672 1293 ὦ
691 1254 884 1303 βασιλεῦ’,
921 1249 1015 1292 ἀλλ’
1040 1250 1188 1298 ἐκεῖνος
1204 1247 1251 1290 τὸ
1273 1245 1415 1289 πιστὸν
1432 1243 1552 1288 δώσει
1572 1243 1672 1299 πρὸς
1684 1249 1726 1284 15

168 1329 196 1362 Β
223 1316 412 1370 τοῦπιόν,
451 1317 526 1367 τὰς
542 1322 615 1372 τῆς
636 1316 848 1372 ἔκκλησίας
876 1317 943 1374 ἐφ’
971 1315 1116 1360 ἑαυτὸν
1139 1313 1383 1370 ἐπιτιμήσεις
1400 1311 1676 1366 καταδεξάμε-

219 1403 311 1439 νος,
351 1384 417 1435 αἷς
446 1387 512 1428 καὶ
540 1385 654 1440 μάλα
689 1384 1064 1441 κατεμπεδοίῖμενος
1091 1387 1157 1427 καὶ
1191 1383 1292 1427 αὐτὸ
1312 1383 1362 1438 δὴ
1384 1382 1430 1425 τὸ
1449 1381 1676 1438 ἀκατέργα-

222 1471 320 1497 στον
341 1459 414 1497 τοῦ
435 1454 529 1503 νοὸς
558 1456 647 1510 περὶ
679 1453 933 1504 ἀποστασίας
963 1442 1160 1508 ἐνθύμιον
1191 1453 1238 1496 οὐ
1262 1449 1534 1509 προσήσεται,
1573 1446 1679 1492 ἀλλά

223 1541 265 1577 γε
293 1523 544 1579 Χριστιανὸς
573 1522 629 1566 ὢν
664 1522 737 1577 τὴν
767 1527 841 1566 τοῦ
871 1527 974 1566 θεοῦ
1001 1524 1116 1578 δίκην
1148 1518 1393 1579 φυλάξεται,
1428 1521 1496 1561 καὶ
1519 1516 1679 1567 ἀδόλως

226 1593 389 1645 ἐμμενεῖ
414 1598 500 1640 τοῖς
531 1589 665 1646 ὅρκοις
692 1593 746 1641 εἷς
765 1591 841 1646 τὴν
866 1591 969 1647 πρὸς
989 1592 1035 1634 σὲ
1055 1592 1188 1633 πίστιν
1208 1591 1274 1632 καὶ
1292 1589 1340 1632 τὸ
1365 1587 1478 1645 γένος
1497 1587 1544 1630 τὸ
1564 1584 1735 1630 σόν.”20

226 1658 356 1708 οὕτως
384 1656 547 1701 εἰπόντα
583 1662 765 1702 δυσωπεῖ
787 1659 862 1714 τὴν
882 1659 1018 1715 δέησιν
1040 1658 1061 1703 ὅ
1085 1662 1266 1715 κρατῶν,
1305 1658 1371 1699 καὶ
1394 1653 1558 1698 ἐπινεύει
1580 1654 1683 1712 πρὸς

228 1727 302 1781 τὴν
333 1731 408 1770 τοῦ
449 1728 692 1785 κατακρίτου
729 1725 1015 1782 συμπάθειαν,
1062 1727 1205 1782 εὐμενῆ
1236 1723 1416 1774 συνόλως
1446 1725 1580 1783 ε’κείνῳ
1609 1723 1684 1779 τὴν

183 1803 213 1836 C
237 1797 343 1839 ἰδίαν
377 1795 566 1852 γενέσθαι
597 1796 734 1854 ψυχὴν
761 1794 1157 1853 κατεγγυησάμενος,
1195 1796 1229 1838 εἲ
1245 1794 1426 1843 κάκεῖνος
1443 1792 1495 1835 τὰ
1515 1796 1586 1848 τῆς
1604 1793 1687 1836 εἶσ-

234 1945 289 1973 tur
323 1950 449 1974 verane
482 1940 615 1974 delator
647 1942 773 1982 ferret,
808 1943 847 1975 ut
875 1940 949 1986 ipse
982 1938 1229 1980 contendebat,
1260 1949 1304 1972 an
1336 1935 1616 1978 calumniaretur,
1639 1935 1691 1970 uti

239 1990 358 2020 contra
380 1986 607 2030 pertendebat
636 1986 882 2031 Palamlogus,
917 1994 1133 2032 paratumse
1157 1985 1321 2019 exhibens
1345 1983 1387 2018 ad
1412 1994 1506 2016 suam
1532 1982 1692 2016 innocen-

239 2031 321 2065 tiam
353 2032 542 2076 singularis
572 2032 767 2066 certaminis
799 2032 1028 2077 experimento
1061 2030 1365 2076 comprobandam,
1400 2040 1491 2074 quae
1514 2027 1693 2062 dubiarum

240 2078 493 2112 accusationum
528 2078 778 2124 purgandarum
812 2079 900 2113 ratio
930 2078 1072 2122 antiquo
1105 2078 1347 2122 imperatorum
1378 2074 1598 2119 comprobata
1630 2085 1693 2107 usu

240 2122 408 2165 invaluit,
442 2128 553 2158 tamen
577 2136 641 2158 nec
675 2125 725 2158 sic
755 2125 884 2158 amoliri
906 2124 1129 2168 suspicionem
1155 2128 1213 2156 aut
1245 2123 1344 2166 plene
1367 2121 1497 2154 diluere
1520 2119 1693 2164 cogitatae

242 2168 444 2203 defectionis
467 2169 591 2204 crimen
615 2169 732 2204 valens
747 2169 847 2214 longo
869 2175 1023 2214 tempore
1046 2169 1180 2204 vinctus
1203 2168 1429 2202 detinebatur.
1469 2177 1612 2210 cumque
1635 2165 1695 2199 diu

243 2215 353 2248 nullus
377 2222 469 2250 esset
493 2216 551 2261 qui
575 2227 636 2261 pro
659 2221 728 2249 tam
755 2222 912 2261 suspecto
931 2228 989 2250 reo
1011 2217 1248 2260 imperatorem
1273 2212 1396 2257 alloqui
1420 2212 1582 2252 auderet,
1605 2211 1698 2245 exti-

242 2259 286 2293 tit
307 2261 444 2295 tandem
469 2266 549 2296 tunc
581 2261 834 2307 patriarchatus
857 2262 985 2296 honore
1017 2261 1235 2306 praefulgens
1259 2258 1418 2300 Μειιιυὲι,
1450 2258 1509 2303 qui
1533 2268 1607 2291 cum
1629 2255 1697 2291 iffi

243 2305 358 2351 plures
382 2318 513 2341 menses
542 2307 578 2341 in
613 2307 725 2352 Lydia
758 2318 823 2341 una
846 2319 919 2341 cum
943 2307 1149 2352 imperatore
1180 2306 1318 2339 fuisset>
1335 2310 1438 2350 atque
1461 2304 1496 2337 in
1520 2303 1699 2348 procinctu

243 2356 335 2386 esset
360 2352 403 2386 ad
427 2353 593 2395 reditum,
617 2357 872 2399 appareretque
893 2353 1130 2398 imperatorem
1161 2351 1212 2385 ita
1234 2351 1269 2386 in
1293 2362 1367 2385 eum
1392 2350 1550 2384 affectum
1571 2354 1611 2384 ut
1632 2360 1700 2382 non

243 2403 389 2442 gravate
412 2399 634 2442 concederet,
666 2398 696 2433 si
722 2399 805 2444 quid
827 2400 961 2444 gratiae
984 2400 1057 2437 loco
1083 2403 1261 2443 posceret,
1293 2396 1447 2432 omnibus
1470 2395 1545 2429 aliis
1569 2394 1700 2429 omissis

243 2454 365 2488 preces
390 2445 512 2479 obtulit
536 2456 597 2490 pro
621 2445 847 2489 Palaeologo‚
885 2450 921 2479 et
943 2449 984 2480 ut
1017 2445 1087 2479 eius
1117 2449 1278 2488 tanquam
1303 2441 1500 2476 calumniam
1524 2440 1617 2486 passi
1639 2440 1703 2474 mi-

244 2494 416 2524 sereretur
439 2491 562 2525 oravit.
609 2494 631 2511 “
644 2490 790 2536 quodsi,
811 2502 831 2526 ο
863 2491 1049 2536 imperator
1061 2490 1094 2532 ‚''
1125 2489 1259 2530 aiebat,
1294 2486 1542 2533 “suspicionem
1574 2486 1618 2520 de
1645 2486 1702 2520 illo

246 2546 313 2568 non
339 2536 436 2581 plene
460 2536 624 2582 deponis,
659 2541 695 2571 at
727 2537 786 2571 ille
817 2537 950 2582 quidem
972 2537 1007 2570 in
1038 2540 1212 2581 posterum
1238 2535 1471 2580 qualicumque
1493 2544 1534 2567 ac
1557 2536 1705 2577 quanto-

247 2592 392 2627 cumque
422 2582 517 2617 voles
548 2582 629 2616 fidei
659 2582 693 2628 pi
721 2593 803 2617 nore
834 2582 898 2617 tibi
922 2582 1075 2624 cavebit,
1107 2592 1212 2627 seque
1236 2581 1388 2615 censuris
1411 2578 1575 2613 ecclesiae
1597 2577 1706 2612 subii-

249 2626 341 2669 ciet,
365 2639 507 2673 quarum
530 2628 689 2662 incurren
715 2639 808 2662 arum
832 2633 922 2663 metu
946 2629 999 2662 vel
1030 2629 1137 2673 ipsam
1169 2626 1371 2662 defectionis
1394 2627 1543 2659 umbram
1567 2634 1706 2658 aversa-

248 2677 345 2707 turus
369 2674 501 2709 omnino
524 2674 582 2709 sit.
601 2674 701 2709 homo
721 2674 808 2708 euim
833 2674 1049 2708 Christianus
1073 2673 1232 2707 iudicium
1258 2672 1377 2717 utique
1395 2670 1452 2704 dei
1476 2669 1708 2715 pertimescet,

250 2722 285 2751 et
310 2719 384 2753 eius
419 2719 675 2755 comminatione
707 2719 847 2754 sancitis
882 2720 979 2753 firme
1001 2719 1106 2753 stabit
1131 2719 1327 2764 promissis3
1351 2729 1414 2751 nec
1438 2716 1621 2759 obligatam
1645 2713 1709 2748 tali

249 2765 451 2800 ceremoniae
463 2766 529 2800 tibi
559 2777 600 2800 ac
622 2769 682 2800 tuo
713 2765 832 2810 generi
855 2765 956 2800 fidem
979 2777 1134 2810 umquam
1156 2764 1191 2797 in
1223 2764 1368 2798 animum
1391 2763 1531 2796 iuducet
1553 2759 1709 2795 fallere.''

247 2809 333 2844 haec
364 2810 557 2858 loquentem
587 2811 680 2847 illum
715 2812 903 2857 imperator
936 2811 1108 2846 reveritus
1138 2810 1289 2845 damnati
1311 2819 1450 2844 carcere
1473 2806 1710 2842 liberationem
