1846 3262
218 213 284 259 62
639 208 876 255 GEORGH
907 208 1259 253 PACHYMERIS

220 327 326 383 μηδὲ
358 322 555 374 καὶιτούς
585 323 627 366 ἐν
661 323 764 366 τέλει
805 324 1040 373 κατωπαδὶς
1068 323 1226 366 ἐκείνων
1255 321 1356 378 ἔχειν
1388 322 1594 366 ἵστασθαι
1623 324 1692 366 καὶ

171 402 202 435 Β
227 397 395 452 ἐλέγχειν
417 393 442 448 ἢ
462 393 544 448 μὴν
564 393 720 448 ἐρωτᾶν
738 394 780 435 τί
797 390 1004 441 παθόντες
1024 393 1090 434 καὶ
1113 393 1219 441 τίνος
1242 389 1500 447 ὁρμήσαντος
1518 397 1691 435 τοιαῦτα

219 463 435 520 πράττοιεν
448 494 460 514 ,
499 462 562 503 ἐπὶ
581 461 656 511 τὰς
675 461 828 517 σκηνὰς
847 460 975 510 εὐθὺς
997 459 1146 515 ὥρμων
1166 464 1248 503 τῶν
1270 461 1584 517 φονευθέντων,
1622 461 1691 503 καὶ

221 528 255 591 ᾧ
291 527 555 587 προστετύχει
587 530 756 580 ἕκαστος
783 529 884 583 μεθ’
921 529 984 573 ὅτι
1025 530 1209 584 γενναίου
1245 533 1319 571 τοῦ
1352 527 1690 586 παραστήματος,

222 599 278 652 ὥς
309 599 475 649 οὐδενὸς
504 604 644 642 καινοῦ
671 596 903 655 γεγονότος,
953 596 1174 654 ἐξεφόρουν
1201 597 1509 654 ἐπεγγελῶντες,
1547 601 1613 641 καὶ
1642 597 1724 640 τὸό

222 671 287 713 ἐπὶ
315 667 502 725 γλώσσης
533 668 714 724 ἔγκλημα
747 665 938 722 συχνάκις
968 665 1182 722 λεγόμενον
1210 662 1286 722 ἦν,
1339 667 1412 709 “oi
1444 662 1589 724 ἐχθροὶ
1625 667 1694 709 καὶ

221 737 364 781 δύσνοι
383 745 470 787 τοῖς
492 741 757 791 βασιλεῦσιν,
794 737 832 779 οἱ
862 740 1170 789 βασιλειῶντες,
1208 736 1247 778 οἳ
1276 737 1398 778 παντὶ
1423 734 1564 794 τρόπῳ
1583 735 1692 790 εἰμὴ

223 805 450 851 κεκώλυντο
475 804 600 849 οἷοίτ’
622 805 766 861 ἄρξαι,
802 805 840 848 οἱ
860 808 934 846 τοῦ
956 808 1254 860 στρατιωτικοῦ
1273 802 1488 860 ἀλιτήριοι,
1525 805 1564 847 οἳ
1584 821 1695 860 μαγ-

167 893 198 927 c
222 878 400 934 γανείαις
431 876 504 929 μὲν
535 874 608 917 τὸν
637 875 794 931 πατέρα
813 872 918 927 μεθ’
950 871 1230 928 ὖπουλότητος
1250 871 1520 924 ὑπελθόντες,
1557 877 1695 930 φυλα-

224 950 299 1000 κῆς
318 946 363 987 δὲ
383 942 483 1001 δόξῃ
508 945 574 986 καὶ
596 943 824 999 ἀσφαλείας
849 946 907 1000 τῷ
936 943 1011 999 υἱῷ
1037 940 1349 998 ἐφεδρεύοντες,
1389 940 1444 992 ὥς
1470 940 1692 985 δεδώκασιν
1706 949 1750 982 10

225 1014 344 1065 ἀξίας
363 1015 429 1056 καὶ
452 1011 505 1062 ὥς
528 1012 606 1055 ἔδει
624 1012 698 1062 τὰς
717 1013 858 1063 δίκας,
896 1009 950 1060 ὥς
971 1009 1136 1060 εἰκότως
1158 1009 1513 1066 διαπεπράχαται,
1548 1013 1615 1054 καὶ
1639 1009 1696 1060 ὦς

226 1083 417 1132 εὐνοϊκῶς
435 1086 509 1124 τοῦ
537 1085 681 1124 λοιποῦ
703 1075 976 1134 δουλεύσομεν
1005 1084 1064 1139 τῷ
1085 1079 1264 1136 δεσπότῃ
1283 1085 1367 1122 τῶν
1385 1081 1539 1123 ἐκεῖθεν
1560 1080 1696 1123 ἀπαλ-

223 1151 411 1207 λαγέντες
442 1154 590 1194 κακῶν.
603 1150 629 1170 ”
698 1149 822 1192 ταῦτ’
859 1149 1019 1204 ἔλεγον,
1069 1150 1136 1191 καὶ
1172 1151 1281 1192 λείαν
1308 1151 1475 1192 Μυσῶν
1501 1149 1697 1192 τάκείνων

225 1222 391 1263 ἐποίουν
400 1253 413 1273 ,
451 1219 705 1276 ἀμφοτέραις
737 1221 1024 1269 ἐξαντλοῦντες
1055 1217 1126 1261 τόν
1149 1222 1328 1261 πλοῦτον
1356 1218 1400 1260 ἐκ
1418 1222 1500 1260 τῶν
1522 1221 1694 1274 σκηνῶν.

225 1287 385 1332 τούτων
406 1283 478 1331 οὖν
510 1286 618 1331 οὕτω
644 1288 940 1339 τελεσθέντων,
977 1287 1152 1341 μηδενὸς
1173 1289 1259 1331 οἵου
1281 1304 1323 1330 τε
1344 1289 1565 1337 δοκοῦντος
1585 1304 1696 1343 μαρ-
1709 1292 1752 1327 15

173 1374 206 1409 1)
231 1363 352 1415 γῶντι
374 1354 525 1412 πλήθει
542 1358 608 1399 καὶ
628 1356 802 1416 ἀναρχία
823 1355 1013 1409 ἐμποδὼν
1027 1359 1256 1408 ἵστασθαι,
1293 1360 1376 1399 τῶν
1393 1357 1468 1410 μὲν
1486 1362 1577 1406 ταῖς
1593 1356 1699 1411 ἀλη-

226 1429 360 1476 θείαις
381 1423 573 1469 δεδιότων
605 1429 689 1468 τῶν
712 1426 756 1468 δὲ
785 1427 852 1468 καὶ
877 1424 982 1467 κατὰ
1010 1428 1281 1481 προσποίησιν
1312 1426 1499 1483 (σημεῖον
1525 1426 1594 1467 δὲ·
1630 1426 1699 1467 καὶ

225 1495 304 1553 γὰρ
338 1499 413 1549 τῆς
441 1499 514 1537 τοῦ
548 1495 923 1550 πρωτοβεστιαρίου
955 1493 1130 1550 συζύγου
1162 1495 1245 1537 ἐκεῖ
1268 1491 1482 1549 παρούσης
1501 1495 1568 1536 καὶ
1589 1493 1699 1536 δεινὰ

228 1562 429 1619 ποιούσης
456 1565 524 1606 καὶ
553 1561 747 1619 λεγούσης
778 1564 842 1606 ἐπὶ
870 1569 956 1612 τοῖς
983 1568 1274 1619 τολμηθεῖσιν,
1322 1562 1643 1619 ἐμβριθέστερον
1676 1560 1698 1606 ὅ

227 1633 354 1690 μέγας
374 1637 651 1682 κονοσταῦλος
671 1634 738 1676 καὶ
767 1637 883 1682 θεῖος
907 1631 1088 1676 αὐτόθεν
1118 1634 1294 1687 ἐπεῖχεν,
1333 1628 1559 1675 ἐπιτάττων
1583 1635 1756 1688 σιγᾶνΞΟ

230 1702 472 1759 φοβουμὲνῃ
491 1701 548 1756 μὴ
575 1703 642 1744 καὶ
664 1701 767 1756 αὐτὴ
789 1699 922 1744 πάθοι
936 1733 946 1752 ,
983 1704 1017 1744 εἲ
1036 1702 1094 1757 μὴ
1118 1699 1243 1760 σιγῴη
1254 1734 1267 1754 ,
1303 1700 1357 1743 τὰ
1377 1699 1518 1758 ὅμοια)
1530 1733 1543 1754 ,
1570 1727 1622 1734 -
1643 1699 1701 1750 ὥς
1727 1699 1730 1701 ’

182 1788 216 1823 Ε
239 1775 338 1827 γοῦν
369 1771 649 1826 συνεχέθησαν
681 1769 880 1825 ἅπαντες,
919 1772 985 1813 καὶ
1016 1769 1147 1829 κύριοι
1179 1772 1246 1814 καὶ
1283 1768 1484 1827 ὑπηρέται
1509 1769 1576 1812 ἐπ’
1609 1769 1702 1826 ἴσης
1747 1793 1758 1807 ·

233 1895 400 1927 stratuum
432 1902 540 1938 prope
568 1891 654 1936 ipsis
677 1891 815 1926 adstare
847 1891 1033 1926 sustineret
1050 1917 1061 1933 ‚
1086 1891 1191 1926 multo
1214 1891 1321 1926 minus
1345 1890 1616 1937 reprehendere,
1641 1894 1702 1924 aut

234 1937 317 1984 quid
342 1937 432 1983 passi
455 1949 567 1983 quove
587 1938 774 1982 instigante
795 1938 880 1973 talia
902 1939 1058 1972 facerent
1079 1950 1214 1982 rogare.
1258 1938 1371 1972 subito
1394 1937 1517 1971 deinde
1540 1936 1576 1970 in
1598 1936 1702 1971 aedes

233 1984 433 2029 irruperunt
453 1985 727 2027 interfectorum,
756 1985 871 2029 ibique
894 1985 1055 2029 quidquid
1080 1985 1203 2030 cuique
1225 1984 1316 2030 quod
1339 1984 1492 2030 placeret
1506 2008 1516 2026 ,
1540 1993 1703 2017 occurre-

234 2035 314 2074 rat,
339 2035 408 2064 tam
436 2042 556 2064 secura
579 2030 753 2064 ludibundi
775 2043 816 2065 ac
839 2031 989 2064 ridentes
1011 2031 1203 2065 efferebant
1226 2031 1369 2065 audacia
1392 2042 1434 2065 ac
1457 2029 1487 2064 si
1510 2028 1593 2063 nihil
1620 2027 1703 2062 novi

235 2076 456 2121 contigisset,
492 2077 526 2110 in
560 2088 620 2111 ore
649 2077 814 2111 habentes
846 2088 887 2111 ac
919 2078 1039 2111 crebro
1071 2077 1237 2111 iterantes
1270 2080 1476 2111 mortuorum
1500 2076 1626 2109 crimen
1650 2074 1702 2108 his

235 2134 433 2168 expressum
455 2122 586 2157 verbis:
621 2123 761 2157 “hostes
793 2127 830 2157 et
853 2123 1044 2168 proditores
1065 2123 1331 2168 imperatorum,
1363 2122 1590 2167 principatum
1614 2121 1704 2155 affe-

236 2173 370 2202 ctantes
386 2193 396 2211 ,
421 2173 458 2203 et
479 2169 600 2214 quovis
625 2170 742 2213 modo,
767 2169 831 2203 nisi
854 2169 906 2203 sic
931 2170 1192 2215 prohiberentur
1206 2195 1217 2212 ‚
1251 2169 1296 2204 ad
1319 2168 1534 2213 tyrannidem
1558 2178 1704 2212 perven-

233 2214 326 2256 turi,
359 2215 516 2249 militaris
540 2215 668 2250 ordinis
691 2226 910 2260 oppressores
940 2216 1184 2258 detestabiles,
1218 2216 1424 2260 magicarum
1457 2214 1580 2248 artium
1611 2213 1706 2248 clan-

236 2260 372 2295 destino
396 2261 562 2296 maleficio
585 2263 620 2296 in
642 2267 777 2306 patrem
800 2263 986 2305 Augustum
1011 2262 1182 2307 grassati,
1207 2262 1276 2296 filio
1302 2261 1428 2307 pupillo
1451 2260 1567 2306 specie
1589 2265 1705 2295 custo-

237 2306 316 2340 diae
340 2311 374 2340 et
398 2308 624 2352 praestandae
646 2308 840 2342 securitatis
861 2307 1073 2350 insidiantes,
1097 2312 1136 2342 ut
1155 2319 1280 2352 poenas
1297 2307 1465 2341 dederunt
1481 2310 1585 2352 prout
1600 2317 1706 2351 opor-

237 2352 306 2386 tuit
328 2353 466 2396 dignas!
496 2359 537 2387 ut
569 2354 643 2388 iure
679 2365 722 2388 ac
744 2354 864 2388 merito
896 2355 986 2399 quod
1010 2354 1127 2388 decuit
1148 2356 1276 2389 factum
1301 2355 1373 2388 est!
1405 2358 1446 2387 ut
1467 2353 1560 2387 fideli
1580 2365 1622 2388 ac
1643 2353 1706 2386 de-

237 2402 320 2432 voto
345 2400 477 2434 alacres
500 2400 609 2434 animo
626 2426 637 2442 ‚
663 2400 737 2434 dira
759 2400 980 2434 scelestorum
1006 2401 1145 2435 liberati
1168 2400 1362 2445 tyrannide,
1388 2400 1522 2434 domino
1544 2399 1706 2443 deinceps

237 2445 479 2479 serviemus!”
521 2447 605 2480 haec
629 2446 725 2481 simul
752 2447 998 2492 loquebantur,
1032 2447 1128 2481 simul
1150 2447 1285 2492 impune
1307 2448 1402 2482 velut
1425 2457 1446 2480 e
1471 2445 1581 2489 Mysis
1602 2456 1708 2490 prae-

238 2491 316 2525 dam
346 2493 595 2536 congerebant,
635 2498 775 2537 agentes
806 2493 1023 2538 serentesque
1056 2504 1113 2527 res
1145 2495 1276 2537 opimas
1308 2505 1328 2527 e
1361 2492 1461 2537 plena.
1490 2492 1706 2526 Muzalonum

238 2537 348 2572 domo.
397 2538 481 2572 haec
510 2538 547 2572 in
574 2539 663 2572 hunc
689 2539 823 2572 modum
855 2542 933 2572 sunt
956 2543 1057 2579 acta,
1091 2540 1225 2574 nemine
1248 2539 1314 2573 sibi
1337 2543 1468 2573 tantum
1492 2537 1709 2572 auctoritatis

240 2586 302 2626 aut
327 2582 448 2618 virium
479 2584 591 2618 inesse
628 2590 785 2628 putante,
819 2590 946 2630 quanto
976 2589 1068 2619 esset
1096 2598 1182 2631 opus
1216 2586 1260 2620 ad
1291 2583 1536 2630 reprimendum
1558 2584 1707 2618 furorem

239 2629 450 2664 effraenatae
471 2630 706 2673 multitudinis,
731 2631 954 2676 obstandique
978 2633 1208 2666 contumaciae
1230 2633 1341 2676 legum
1366 2635 1402 2665 et
1423 2629 1555 2674 imperii
1576 2627 1709 2664 victrici

240 2675 316 2710 aliis
341 2686 464 2711 revera
495 2676 714 2717 timentibus,
750 2677 825 2710 aliis
847 2677 1082 2712 simulantibus
1104 2679 1269 2714 timorem.
1316 2681 1515 2721 argumento
1539 2675 1586 2710 sit
1617 2674 1709 2721 quod

240 2722 497 2766 protovestiarii
527 2734 665 2757 uxorem
696 2722 767 2757 illic
797 2729 1031 2768 praesentem,
1064 2727 1100 2758 et
1124 2736 1213 2769 quae
1237 2735 1300 2769 par
1324 2728 1400 2758 erat
1422 2722 1594 2756 videntem
1624 2720 1708 2756 talia

241 2767 473 2812 deplorantem
497 2780 537 2803 ac
560 2769 775 2814 loquentem,
802 2780 943 2812 magnus
967 2771 1183 2805 conostaulus
1216 2771 1288 2804 eius
1309 2775 1453 2815 patruus
1476 2767 1630 2812 graviter
1652 2767 1709 2802 in-

243 2814 408 2859 crepitam
431 2814 595 2860 corripuit
618 2818 655 2849 et
676 2815 777 2849 silere
800 2814 920 2857 iussit,
944 2820 1038 2850 metu
1062 2828 1105 2850 ne
1124 2821 1299 2861 pateretur
1324 2815 1398 2849 viro
1421 2813 1555 2856 similia,
1577 2813 1607 2848 si
1629 2825 1710 2848 ver-

243 2858 297 2894 bis
321 2860 460 2896 irritare
475 2862 628 2896 furentes
650 2865 820 2908 pergeret.
867 2872 950 2907 ergo
974 2862 1133 2898 cohibitis
1155 2863 1192 2898 iu
1214 2863 1350 2909 direpta.
1371 2861 1469 2896 domo
1490 2859 1568 2907 pari
1588 2861 1712 2896 timore
