<?xml version="1.0" encoding="UTF-8"?>
<!DOCTYPE html PUBLIC "-//W3C//DTD XHTML 1.0 Transitional//EN"
    "http://www.w3.org/TR/xhtml1/DTD/xhtml1-transitional.dtd">
<html xmlns="http://www.w3.org/1999/xhtml" xml:lang="en" lang="en">
 <head>
  <title>
</title>
<meta http-equiv="Content-Type" content="text/html;charset=utf-8" />
  <meta name='ocr-system' content='tesseract 3.04.00' />
  <meta name='ocr-capabilities' content='ocr_page ocr_carea ocr_par ocr_line ocrx_word'/>
</head>
<body>
  <div class='ocr_page' id='page_1' title='image "./corpusscriptorum17niebuoft_0401.png"; bbox 0 0 1884 3262; ppageno 0'>
   <div class='ocr_carea' id='block_1_1' title="bbox 447 226 1656 272">
    <p class='ocr_par' dir='ltr' id='par_1_1' title="bbox 447 226 1656 272">
     <span class='ocr_line' id='line_1_1' title="bbox 447 226 1656 272; baseline 0.002 -3"><span class='ocrx_word' id='word_1_1' title='bbox 447 228 522 270; x_wconf 93' lang='lat' dir='ltr'><strong>DE</strong></span> <span class='ocrx_word' id='word_1_2' title='bbox 553 226 830 270; x_wconf 85' lang='lat' dir='ltr'><strong>MICHAELE</strong></span> <span class='ocrx_word' id='word_1_3' title='bbox 862 227 1232 271; x_wconf 89' lang='lat' dir='ltr'>PALAEOLOGO</span> <span class='ocrx_word' id='word_1_4' title='bbox 1267 227 1316 269; x_wconf 89' lang='lat' dir='ltr'><strong>L.</strong></span> <span class='ocrx_word' id='word_1_5' title='bbox 1356 227 1412 271; x_wconf 88' lang='lat' dir='ltr'><strong>V.</strong></span> <span class='ocrx_word' id='word_1_6' title='bbox 1543 226 1656 272; x_wconf 83' lang='grc'><strong>’383</strong></span> 
     </span>
    </p>
   </div>
   <div class='ocr_carea' id='block_1_2' title="bbox 142 337 1704 1630">
    <p class='ocr_par' dir='ltr' id='par_1_2' title="bbox 142 337 1704 1630">
     <span class='ocr_line' id='line_1_2' title="bbox 195 337 1654 399; baseline 0 -15"><span class='ocrx_word' id='word_1_7' title='bbox 195 338 389 399; x_wconf 79' lang='grc' dir='ltr'><em>βασιλεῦς</em></span> <span class='ocrx_word' id='word_1_8' title='bbox 436 337 637 395; x_wconf 75' lang='grc' dir='ltr'><em>ἀπογνοὺς</em></span> <span class='ocrx_word' id='word_1_9' title='bbox 686 337 772 382; x_wconf 78' lang='grc' dir='ltr'><em>οἷον</em></span> <span class='ocrx_word' id='word_1_10' title='bbox 818 340 1006 384; x_wconf 74' lang='grc' dir='ltr'><em>ἐντεῦθεν</em></span> <span class='ocrx_word' id='word_1_11' title='bbox 1054 345 1128 396; x_wconf 84' lang='grc' dir='ltr'><em>τῆς</em></span> <span class='ocrx_word' id='word_1_12' title='bbox 1179 340 1329 383; x_wconf 72' lang='grc' dir='ltr'><em>ἐκείνου</em></span> <span class='ocrx_word' id='word_1_13' title='bbox 1378 337 1654 390; x_wconf 75' lang='grc' dir='ltr'><em>κατανεύσεως</em></span> 
     </span>
     <span class='ocr_line' id='line_1_3' title="bbox 198 406 1655 467; baseline 0.001 -17"><span class='ocrx_word' id='word_1_14' title='bbox 198 410 338 467; x_wconf 81' lang='grc' dir='ltr'><em>(δεινοὶ</em></span> <span class='ocrx_word' id='word_1_15' title='bbox 371 407 448 465; x_wconf 75' lang='grc' dir='ltr'><em>γόρ</em></span> <span class='ocrx_word' id='word_1_16' title='bbox 481 408 519 450; x_wconf 76' lang='grc' dir='ltr'><em>οἱ</em></span> <span class='ocrx_word' id='word_1_17' title='bbox 548 406 659 465; x_wconf 80' lang='grc' dir='ltr'><em>ὅρκοι</em></span> <span class='ocrx_word' id='word_1_18' title='bbox 691 406 874 464; x_wconf 71' lang='grc' dir='ltr'><em>κωλύειν)</em></span> <span class='ocrx_word' id='word_1_19' title='bbox 912 410 953 451; x_wconf 77' lang='grc' dir='ltr'><strong>ἐν</strong></span> <span class='ocrx_word' id='word_1_20' title='bbox 988 411 1104 467; x_wconf 78' lang='grc' dir='ltr'><em>δεινῷ</em></span> <span class='ocrx_word' id='word_1_21' title='bbox 1125 410 1200 461; x_wconf 73' lang='grc' dir='ltr'><strong>μὲν</strong></span> <span class='ocrx_word' id='word_1_22' title='bbox 1230 409 1277 451; x_wconf 83' lang='grc' dir='ltr'><em>τὸ</em></span> <span class='ocrx_word' id='word_1_23' title='bbox 1306 409 1470 463; x_wconf 82' lang='grc' dir='ltr'><em>συμβὰν</em></span> <span class='ocrx_word' id='word_1_24' title='bbox 1500 406 1655 465; x_wconf 71' lang='grc' dir='ltr'><em>ἡγεῖται</em></span> 
     </span>
     <span class='ocr_line' id='line_1_4' title="bbox 198 471 1655 535; baseline 0.001 -16"><span class='ocrx_word' id='word_1_25' title='bbox 198 477 289 533; x_wconf 76' lang='grc' dir='ltr'><strong>(ἐπ’</strong></span> <span class='ocrx_word' id='word_1_26' title='bbox 311 477 403 531; x_wconf 76' lang='grc' dir='ltr'><em>ἴσης</em></span> <span class='ocrx_word' id='word_1_27' title='bbox 424 475 500 532; x_wconf 79' lang='grc' dir='ltr'><em>γὰρ</em></span> <span class='ocrx_word' id='word_1_28' title='bbox 521 471 570 531; x_wconf 74' lang='grc' dir='ltr'><strong>ἦν</strong></span> <span class='ocrx_word' id='word_1_29' title='bbox 593 476 703 535; x_wconf 79' lang='grc' dir='ltr'><em>αὐτῷ</em></span> <span class='ocrx_word' id='word_1_30' title='bbox 724 477 929 532; x_wconf 82' lang='grc' dir='ltr'><em>βουλητὸν</em></span> <span class='ocrx_word' id='word_1_31' title='bbox 948 477 992 520; x_wconf 80' lang='grc' dir='ltr'><em>τὸ</em></span> <span class='ocrx_word' id='word_1_32' title='bbox 1017 482 1221 532; x_wconf 76' lang='grc' dir='ltr'>προβῆναι</span> <span class='ocrx_word' id='word_1_33' title='bbox 1242 476 1317 532; x_wconf 78' lang='grc' dir='ltr'><strong>τὴν</strong></span> <span class='ocrx_word' id='word_1_34' title='bbox 1348 480 1494 534; x_wconf 84' lang='grc' dir='ltr'><em>πρᾶξιν</em></span> <span class='ocrx_word' id='word_1_35' title='bbox 1514 480 1570 526; x_wconf 73' lang='grc' dir='ltr'><strong>εἷς</strong></span> <span class='ocrx_word' id='word_1_36' title='bbox 1587 478 1655 520; x_wconf 70' lang='grc' dir='ltr'><strong>τέ-</strong></span> 
     </span>
     <span class='ocr_line' id='line_1_5' title="bbox 197 543 1655 603; baseline -0.001 -14"><span class='ocrx_word' id='word_1_37' title='bbox 197 549 267 595; x_wconf 85' lang='grc' dir='ltr'><em>λος</em></span> <span class='ocrx_word' id='word_1_38' title='bbox 289 549 346 603; x_wconf 76' lang='grc' dir='ltr'><em>τῷ</em></span> <span class='ocrx_word' id='word_1_39' title='bbox 365 544 467 599; x_wconf 78' lang='grc' dir='ltr'><em>μετὰ</em></span> <span class='ocrx_word' id='word_1_40' title='bbox 491 549 562 587; x_wconf 87' lang='grc' dir='ltr'><strong>τοῦ</strong></span> <span class='ocrx_word' id='word_1_41' title='bbox 593 543 845 601; x_wconf 80' lang='grc' dir='ltr'><em>πατριάρχου</em></span> <span class='ocrx_word' id='word_1_42' title='bbox 874 545 1117 602; x_wconf 81' lang='grc' dir='ltr'><em>προβῆναι),</em></span> <span class='ocrx_word' id='word_1_43' title='bbox 1155 544 1266 599; x_wconf 78' lang='grc' dir='ltr'><em>ὅμως</em></span> <span class='ocrx_word' id='word_1_44' title='bbox 1283 545 1326 588; x_wconf 75' lang='grc' dir='ltr'><strong>δ’</strong></span> <span class='ocrx_word' id='word_1_45' title='bbox 1354 545 1655 602; x_wconf 72' lang='grc' dir='ltr'><em>ἀποκρουσθεὶς</em></span> 
     </span>
     <span class='ocr_line' id='line_1_6' title="bbox 163 610 1704 673; baseline 0.001 -17"><span class='ocrx_word' id='word_1_46' title='bbox 163 615 348 663; x_wconf 74' lang='grc' dir='ltr'><em>5ἔκείνου</em></span> <span class='ocrx_word' id='word_1_47' title='bbox 373 613 469 662; x_wconf 79' lang='grc' dir='ltr'><strong>τούς</strong></span> <span class='ocrx_word' id='word_1_48' title='bbox 490 612 684 670; x_wconf 78' lang='grc' dir='ltr'><em>ἀρχιερεῖς</em></span> <span class='ocrx_word' id='word_1_49' title='bbox 707 610 959 670; x_wconf 81' lang='grc' dir='ltr'><em>προσήρχετο</em></span> <span class='ocrx_word' id='word_1_50' title='bbox 990 613 1320 670; x_wconf 62' lang='grc' dir='ltr'><em>ἐμβριθέστερον.</em></span> <span class='ocrx_word' id='word_1_51' title='bbox 1391 615 1432 656; x_wconf 72' lang='grc' dir='ltr'><strong>ἐν</strong></span> <span class='ocrx_word' id='word_1_52' title='bbox 1454 612 1586 673; x_wconf 77' lang='grc' dir='ltr'><em>τούτῳ</em></span> <span class='ocrx_word' id='word_1_53' title='bbox 1608 616 1651 658; x_wconf 80' lang='grc' dir='ltr'><strong>δὲ</strong></span> <span class='ocrx_word' id='word_1_54' title='bbox 1675 623 1704 657; x_wconf 90' lang='lat' dir='ltr'>C</span> 
     </span>
     <span class='ocr_line' id='line_1_7' title="bbox 195 680 1653 738; baseline 0 -13"><span class='ocrx_word' id='word_1_55' title='bbox 195 684 263 725; x_wconf 75' lang='grc' dir='ltr'><em>καὶ</em></span> <span class='ocrx_word' id='word_1_56' title='bbox 284 680 305 725; x_wconf 80' lang='grc' dir='ltr'>ὅ</span> <span class='ocrx_word' id='word_1_57' title='bbox 328 681 481 731; x_wconf 79' lang='grc' dir='ltr'><em>Βὲκκος</em></span> <span class='ocrx_word' id='word_1_58' title='bbox 509 680 758 736; x_wconf 75' lang='grc' dir='ltr'><em>ἐνσχολάσας</em></span> <span class='ocrx_word' id='word_1_59' title='bbox 779 689 870 731; x_wconf 83' lang='grc' dir='ltr'><em>ταῖς</em></span> <span class='ocrx_word' id='word_1_60' title='bbox 890 684 1073 736; x_wconf 77' lang='grc' dir='ltr'><em>βίβλοις,</em></span> <span class='ocrx_word' id='word_1_61' title='bbox 1116 684 1182 724; x_wconf 81' lang='grc' dir='ltr'><em>καὶ</em></span> <span class='ocrx_word' id='word_1_62' title='bbox 1202 685 1386 738; x_wconf 76' lang='grc' dir='ltr'><em>συνορῶν</em></span> <span class='ocrx_word' id='word_1_63' title='bbox 1409 682 1564 736; x_wconf 83' lang='grc' dir='ltr'><em>πολλὴν</em></span> <span class='ocrx_word' id='word_1_64' title='bbox 1588 683 1653 726; x_wconf 77' lang='grc' dir='ltr'><strong>ἒν-</strong></span> 
     </span>
     <span class='ocr_line' id='line_1_8' title="bbox 195 748 1652 806; baseline 0.001 -13"><span class='ocrx_word' id='word_1_65' title='bbox 195 755 343 793; x_wconf 85' lang='grc' dir='ltr'><em>τεῦθεν</em></span> <span class='ocrx_word' id='word_1_66' title='bbox 377 751 439 792; x_wconf 76' lang='grc' dir='ltr'><strong>ἐπὶ</strong></span> <span class='ocrx_word' id='word_1_67' title='bbox 467 754 518 806; x_wconf 84' lang='grc' dir='ltr'><em>τῇ</em></span> <span class='ocrx_word' id='word_1_68' title='bbox 549 749 689 806; x_wconf 76' lang='grc' dir='ltr'><em>πράξει</em></span> <span class='ocrx_word' id='word_1_69' title='bbox 714 748 938 804; x_wconf 77' lang='grc' dir='ltr'><em>βοῆθειαν,</em></span> <span class='ocrx_word' id='word_1_70' title='bbox 975 748 1030 799; x_wconf 79' lang='grc' dir='ltr'><strong>ὦς</strong></span> <span class='ocrx_word' id='word_1_71' title='bbox 1059 751 1187 805; x_wconf 73' lang='grc' dir='ltr'><em>μηδὲν</em></span> <span class='ocrx_word' id='word_1_72' title='bbox 1215 750 1336 793; x_wconf 76' lang='grc' dir='ltr'><em>πλέον</em></span> <span class='ocrx_word' id='word_1_73' title='bbox 1361 748 1652 805; x_wconf 80' lang='grc' dir='ltr'><em>τολμησάντων</em></span> 
     </span>
     <span class='ocr_line' id='line_1_9' title="bbox 195 817 1649 877; baseline 0 -15"><span class='ocrx_word' id='word_1_74' title='bbox 195 823 279 862; x_wconf 88' lang='grc' dir='ltr'><strong>τῶν</strong></span> <span class='ocrx_word' id='word_1_75' title='bbox 294 819 458 861; x_wconf 84' lang='grc' dir='ltr'><em>Ἰταλῶν</em></span> <span class='ocrx_word' id='word_1_76' title='bbox 478 818 577 867; x_wconf 74' lang='grc' dir='ltr'><em>ἴσως</em></span> <span class='ocrx_word' id='word_1_77' title='bbox 594 817 617 872; x_wconf 80' lang='grc' dir='ltr'>ἢ</span> <span class='ocrx_word' id='word_1_78' title='bbox 636 818 683 860; x_wconf 84' lang='grc' dir='ltr'><em>τὸ</em></span> <span class='ocrx_word' id='word_1_79' title='bbox 706 818 768 859; x_wconf 71' lang='grc' dir='ltr'><strong>ἐπὶ</strong></span> <span class='ocrx_word' id='word_1_80' title='bbox 787 822 844 876; x_wconf 80' lang='grc' dir='ltr'><em>τῷ</em></span> <span class='ocrx_word' id='word_1_81' title='bbox 865 817 1061 877; x_wconf 79' lang='grc' dir='ltr'><em>συμβόλῳ</em></span> <span class='ocrx_word' id='word_1_82' title='bbox 1081 823 1348 874; x_wconf 82' lang='grc' dir='ltr'><em>προσθεῖναι,</em></span> <span class='ocrx_word' id='word_1_83' title='bbox 1386 820 1452 861; x_wconf 84' lang='grc' dir='ltr'><em>καὶ</em></span> <span class='ocrx_word' id='word_1_84' title='bbox 1479 819 1554 874; x_wconf 85' lang='grc' dir='ltr'><strong>τὴν</strong></span> <span class='ocrx_word' id='word_1_85' title='bbox 1575 824 1649 862; x_wconf 87' lang='grc' dir='ltr'><strong>τοῦ</strong></span> 
     </span>
     <span class='ocr_line' id='line_1_10' title="bbox 194 885 1650 943; baseline 0.001 -13"><span class='ocrx_word' id='word_1_86' title='bbox 194 890 444 942; x_wconf 75' lang='grc' dir='ltr'><em>θαυμαστοῦ</em></span> <span class='ocrx_word' id='word_1_87' title='bbox 478 887 684 942; x_wconf 85' lang='grc' dir='ltr'><em>Κυρίλλου</em></span> <span class='ocrx_word' id='word_1_88' title='bbox 715 886 820 936; x_wconf 76' lang='grc' dir='ltr'><em>λέξιν</em></span> <span class='ocrx_word' id='word_1_89' title='bbox 846 891 1048 943; x_wconf 77' lang='grc' dir='ltr'><em>παρῆγεν,</em></span> <span class='ocrx_word' id='word_1_90' title='bbox 1097 885 1207 942; x_wconf 76' lang='grc' dir='ltr'><em>ἡμᾶς</em></span> <span class='ocrx_word' id='word_1_91' title='bbox 1236 904 1279 930; x_wconf 85' lang='grc' dir='ltr'><em>τε</em></span> <span class='ocrx_word' id='word_1_92' title='bbox 1312 886 1521 938; x_wconf 79' lang='grc' dir='ltr'><em>κάκείνους</em></span> <span class='ocrx_word' id='word_1_93' title='bbox 1546 888 1650 931; x_wconf 78' lang='grc' dir='ltr'><em>κατὰ</em></span> 
     </span>
     <span class='ocr_line' id='line_1_11' title="bbox 143 952 1650 1012; baseline 0 -14"><span class='ocrx_word' id='word_1_94' title='bbox 143 970 186 1004; x_wconf 87' lang='lat'><strong>10</strong></span> <span class='ocrx_word' id='word_1_95' title='bbox 197 956 243 998; x_wconf 84' lang='grc' dir='ltr'><em>τὸ</em></span> <span class='ocrx_word' id='word_1_96' title='bbox 262 957 463 1011; x_wconf 79' lang='grc' dir='ltr'><em>ἐγχωροῦν</em></span> <span class='ocrx_word' id='word_1_97' title='bbox 483 952 830 1008; x_wconf 85' lang='grc' dir='ltr'><em>συμβιβάζουσαν,</em></span> <span class='ocrx_word' id='word_1_98' title='bbox 860 955 933 1009; x_wconf 80' lang='grc' dir='ltr'><strong>τὴν</strong></span> <span class='ocrx_word' id='word_1_99' title='bbox 954 958 1031 998; x_wconf 72' lang='lat' dir='ltr'><strong>“rb</strong></span> <span class='ocrx_word' id='word_1_100' title='bbox 1051 956 1092 1006; x_wconf 71' lang='grc' dir='ltr'><strong>ἐξ</strong></span> <span class='ocrx_word' id='word_1_101' title='bbox 1112 955 1266 1012; x_wconf 81' lang='grc' dir='ltr'><em>ἀμφοῖν</em></span> <span class='ocrx_word' id='word_1_102' title='bbox 1285 955 1495 1004; x_wconf 78' lang='grc' dir='ltr'><em>οὗσιωδῶς</em></span> <span class='ocrx_word' id='word_1_103' title='bbox 1515 954 1650 1012; x_wconf 81' lang='grc' dir='ltr'><em>ὖπάρ-</em></span> 
     </span>
     <span class='ocr_line' id='line_1_12' title="bbox 191 1022 1648 1079; baseline 0 -12"><span class='ocrx_word' id='word_1_104' title='bbox 191 1041 292 1079; x_wconf 85' lang='grc' dir='ltr'><em>χον,</em></span> <span class='ocrx_word' id='word_1_105' title='bbox 328 1022 535 1066; x_wconf 73' lang='grc' dir='ltr'><em>τουτέστιν</em></span> <span class='ocrx_word' id='word_1_106' title='bbox 564 1023 607 1064; x_wconf 76' lang='grc' dir='ltr'><strong>ἐκ</strong></span> <span class='ocrx_word' id='word_1_107' title='bbox 634 1022 789 1076; x_wconf 81' lang='grc' dir='ltr'><em>πατρὸς</em></span> <span class='ocrx_word' id='word_1_108' title='bbox 818 1022 877 1064; x_wconf 78' lang='grc' dir='ltr'><em>δι’</em></span> <span class='ocrx_word' id='word_1_109' title='bbox 908 1023 1001 1065; x_wconf 81' lang='grc' dir='ltr'><em>υἱοῦ</em></span> <span class='ocrx_word' id='word_1_110' title='bbox 1012 1024 1055 1075; x_wconf 89' lang='lat'><strong>‚&#39;&#39;</strong></span> <span class='ocrx_word' id='word_1_111' title='bbox 1098 1022 1153 1073; x_wconf 82' lang='grc' dir='ltr'><strong>ὥς</strong></span> <span class='ocrx_word' id='word_1_112' title='bbox 1187 1023 1345 1066; x_wconf 75' lang='grc' dir='ltr'><em>ἐκείνων</em></span> <span class='ocrx_word' id='word_1_113' title='bbox 1371 1025 1446 1078; x_wconf 74' lang='grc' dir='ltr'><strong>μὲν</strong></span> <span class='ocrx_word' id='word_1_114' title='bbox 1475 1023 1648 1078; x_wconf 73' lang='grc' dir='ltr'><em>ἐχόντων</em></span> 
     </span>
     <span class='ocr_line' id='line_1_13' title="bbox 194 1088 1702 1148; baseline 0.001 -14"><span class='ocrx_word' id='word_1_115' title='bbox 194 1092 269 1147; x_wconf 85' lang='grc' dir='ltr'><strong>τὴν</strong></span> <span class='ocrx_word' id='word_1_116' title='bbox 291 1091 357 1142; x_wconf 68' lang='grc' dir='ltr'><strong>ἔκ,</strong></span> <span class='ocrx_word' id='word_1_117' title='bbox 393 1089 509 1145; x_wconf 77' lang='grc' dir='ltr'><em>ἡμῶν</em></span> <span class='ocrx_word' id='word_1_118' title='bbox 531 1091 575 1133; x_wconf 78' lang='grc' dir='ltr'><strong>δὲ</strong></span> <span class='ocrx_word' id='word_1_119' title='bbox 591 1090 664 1146; x_wconf 78' lang='grc' dir='ltr'><strong>τὴν</strong></span> <span class='ocrx_word' id='word_1_120' title='bbox 682 1088 773 1143; x_wconf 79' lang='grc' dir='ltr'><em>διά,</em></span> <span class='ocrx_word' id='word_1_121' title='bbox 811 1093 876 1133; x_wconf 80' lang='grc' dir='ltr'><em>καὶ</em></span> <span class='ocrx_word' id='word_1_122' title='bbox 900 1090 1055 1148; x_wconf 78' lang='grc' dir='ltr'><em>ἀμφοῖν</em></span> <span class='ocrx_word' id='word_1_123' title='bbox 1084 1089 1241 1135; x_wconf 77' lang='grc' dir='ltr'><em>τούτων</em></span> <span class='ocrx_word' id='word_1_124' title='bbox 1266 1091 1414 1135; x_wconf 70' lang='grc' dir='ltr'><em>ἐκεῖνον</em></span> <span class='ocrx_word' id='word_1_125' title='bbox 1439 1097 1647 1147; x_wconf 86' lang='grc' dir='ltr'><em>συμβιβα-</em></span> <span class='ocrx_word' id='word_1_126' title='bbox 1671 1106 1702 1140; x_wconf 86' lang='lat'><strong>1)</strong></span> 
     </span>
     <span class='ocr_line' id='line_1_14' title="bbox 195 1159 1651 1218; baseline 0.001 -15"><span class='ocrx_word' id='word_1_127' title='bbox 195 1160 295 1214; x_wconf 80' lang='grc' dir='ltr'><em>στὴν</em></span> <span class='ocrx_word' id='word_1_128' title='bbox 314 1161 514 1216; x_wconf 78' lang='grc' dir='ltr'><em>γίνεσθαι.</em></span> <span class='ocrx_word' id='word_1_129' title='bbox 582 1163 714 1201; x_wconf 80' lang='grc' dir='ltr'><em>ταῦτα</em></span> <span class='ocrx_word' id='word_1_130' title='bbox 734 1160 799 1201; x_wconf 86' lang='grc' dir='ltr'><em>καὶ</em></span> <span class='ocrx_word' id='word_1_131' title='bbox 820 1160 951 1203; x_wconf 84' lang='grc' dir='ltr'><em>πολλοὶ</em></span> <span class='ocrx_word' id='word_1_132' title='bbox 971 1165 1054 1203; x_wconf 86' lang='grc' dir='ltr'><strong>τῶν</strong></span> <span class='ocrx_word' id='word_1_133' title='bbox 1074 1159 1270 1204; x_wconf 82' lang='grc' dir='ltr'><em>τοιούτων</em></span> <span class='ocrx_word' id='word_1_134' title='bbox 1294 1159 1414 1213; x_wconf 81' lang='grc' dir='ltr'><em>ῗδών,</em></span> <span class='ocrx_word' id='word_1_135' title='bbox 1464 1163 1530 1203; x_wconf 85' lang='grc' dir='ltr'><em>καὶ</em></span> <span class='ocrx_word' id='word_1_136' title='bbox 1550 1162 1651 1218; x_wconf 80' lang='grc' dir='ltr'><em>πρὸς</em></span> 
     </span>
     <span class='ocr_line' id='line_1_15' title="bbox 194 1226 1649 1289; baseline 0.002 -19"><span class='ocrx_word' id='word_1_137' title='bbox 194 1226 356 1278; x_wconf 82' lang='grc' dir='ltr'><em>τούτοις</em></span> <span class='ocrx_word' id='word_1_138' title='bbox 383 1227 454 1271; x_wconf 81' lang='grc' dir='ltr'><strong>τὸν</strong></span> <span class='ocrx_word' id='word_1_139' title='bbox 481 1226 607 1283; x_wconf 85' lang='grc' dir='ltr'><em>με’γαν</em></span> <span class='ocrx_word' id='word_1_140' title='bbox 637 1226 835 1282; x_wconf 82' lang='grc' dir='ltr'><em>Μάξιμον</em></span> <span class='ocrx_word' id='word_1_141' title='bbox 866 1226 994 1285; x_wconf 71' lang='grc' dir='ltr'><em>εὑρών</em></span> <span class='ocrx_word' id='word_1_142' title='bbox 1029 1234 1320 1286; x_wconf 68' lang='grc' dir='ltr'><em>μαρτυροῦντα</em></span> <span class='ocrx_word' id='word_1_143' title='bbox 1331 1262 1345 1283; x_wconf 84' lang='grc'>,</span> <span class='ocrx_word' id='word_1_144' title='bbox 1390 1230 1433 1272; x_wconf 75' lang='grc' dir='ltr'><strong>ἐν</strong></span> <span class='ocrx_word' id='word_1_145' title='bbox 1465 1234 1540 1289; x_wconf 77' lang='grc' dir='ltr'><em>μιᾷ</em></span> <span class='ocrx_word' id='word_1_146' title='bbox 1567 1235 1649 1273; x_wconf 84' lang='grc' dir='ltr'><strong>τῶν</strong></span> 
     </span>
     <span class='ocr_line' id='line_1_16' title="bbox 142 1293 1649 1354; baseline 0.001 -15"><span class='ocrx_word' id='word_1_147' title='bbox 142 1309 184 1344; x_wconf 84' lang='lat'><strong>15</strong></span> <span class='ocrx_word' id='word_1_148' title='bbox 196 1297 418 1340; x_wconf 74' lang='grc' dir='ltr'><em>ἐπιστολῶν</em></span> <span class='ocrx_word' id='word_1_149' title='bbox 441 1295 542 1353; x_wconf 81' lang='grc' dir='ltr'><em>πρὸς</em></span> <span class='ocrx_word' id='word_1_150' title='bbox 557 1294 768 1353; x_wconf 79' lang='grc' dir='ltr'><em>Ῥουφῖνον</em></span> <span class='ocrx_word' id='word_1_151' title='bbox 784 1297 888 1349; x_wconf 81' lang='grc' dir='ltr'><em>μετὰ</em></span> <span class='ocrx_word' id='word_1_152' title='bbox 913 1297 1044 1339; x_wconf 83' lang='grc' dir='ltr'><em>πολλοὶ</em></span> <span class='ocrx_word' id='word_1_153' title='bbox 1066 1296 1174 1340; x_wconf 76' lang='grc' dir='ltr'><em>οὕτω</em></span> <span class='ocrx_word' id='word_1_154' title='bbox 1191 1298 1359 1354; x_wconf 73' lang='grc' dir='ltr'><em>λέγοντα</em></span> <span class='ocrx_word' id='word_1_155' title='bbox 1397 1296 1472 1348; x_wconf 58' lang='grc' dir='ltr'><strong>’(ἔξ</strong></span> <span class='ocrx_word' id='word_1_156' title='bbox 1503 1293 1558 1341; x_wconf 77' lang='grc' dir='ltr'><strong>ὧν</strong></span> <span class='ocrx_word' id='word_1_157' title='bbox 1575 1298 1649 1341; x_wconf 79' lang='grc' dir='ltr'><em>οὐκ</em></span> 
     </span>
     <span class='ocr_line' id='line_1_17' title="bbox 195 1362 1646 1421; baseline 0.001 -14"><span class='ocrx_word' id='word_1_158' title='bbox 195 1366 329 1408; x_wconf 82' lang='grc' dir='ltr'><em>αῗτίαν</em></span> <span class='ocrx_word' id='word_1_159' title='bbox 351 1369 460 1421; x_wconf 84' lang='grc' dir='ltr'><em>σφᾶς</em></span> <span class='ocrx_word' id='word_1_160' title='bbox 479 1364 550 1406; x_wconf 86' lang='grc' dir='ltr'><strong>τὸν</strong></span> <span class='ocrx_word' id='word_1_161' title='bbox 569 1369 764 1420; x_wconf 74' lang='grc' dir='ltr'><em>μονογενῆ</em></span> <span class='ocrx_word' id='word_1_162' title='bbox 785 1369 859 1407; x_wconf 87' lang='grc' dir='ltr'><strong>τοῦ</strong></span> <span class='ocrx_word' id='word_1_163' title='bbox 883 1362 1111 1419; x_wconf 71' lang='grc' dir='ltr'><em>πνεῦματος</em></span> <span class='ocrx_word' id='word_1_164' title='bbox 1133 1365 1345 1418; x_wconf 75' lang='grc' dir='ltr'><em>ἀπέδειξαν</em></span> <span class='ocrx_word' id='word_1_165' title='bbox 1365 1366 1511 1421; x_wconf 71' lang='grc' dir='ltr'><em>λέγειν,</em></span> <span class='ocrx_word' id='word_1_166' title='bbox 1548 1366 1646 1409; x_wconf 79' lang='grc' dir='ltr'><em>ἀλλ’</em></span> 
     </span>
     <span class='ocr_line' id='line_1_18' title="bbox 191 1431 1647 1492; baseline 0.001 -17"><span class='ocrx_word' id='word_1_167' title='bbox 191 1434 261 1477; x_wconf 75' lang='grc' dir='ltr'><strong>ἵνα</strong></span> <span class='ocrx_word' id='word_1_168' title='bbox 294 1433 340 1476; x_wconf 83' lang='grc' dir='ltr'><em>τὸ</em></span> <span class='ocrx_word' id='word_1_169' title='bbox 375 1431 432 1475; x_wconf 78' lang='grc' dir='ltr'><em>δι’</em></span> <span class='ocrx_word' id='word_1_170' title='bbox 465 1432 592 1476; x_wconf 81' lang='grc' dir='ltr'><em>αὐτοῦ</em></span> <span class='ocrx_word' id='word_1_171' title='bbox 627 1432 806 1489; x_wconf 76' lang='grc' dir='ltr'><em>προϊέναι</em></span> <span class='ocrx_word' id='word_1_172' title='bbox 835 1431 1049 1488; x_wconf 78' lang='grc' dir='ltr'><em>δηλώσωσι</em></span> <span class='ocrx_word' id='word_1_173' title='bbox 1077 1436 1143 1477; x_wconf 78' lang='grc' dir='ltr'><em>καὶ</em></span> <span class='ocrx_word' id='word_1_174' title='bbox 1166 1433 1296 1492; x_wconf 81' lang='grc' dir='ltr'><em>ταύτῃ</em></span> <span class='ocrx_word' id='word_1_175' title='bbox 1313 1434 1360 1478; x_wconf 82' lang='grc' dir='ltr'><em>τὸ</em></span> <span class='ocrx_word' id='word_1_176' title='bbox 1382 1435 1562 1491; x_wconf 76' lang='grc' dir='ltr'><em>συναφὲς</em></span> <span class='ocrx_word' id='word_1_177' title='bbox 1580 1437 1647 1478; x_wconf 79' lang='grc' dir='ltr'><em>καὶ</em></span> 
     </span>
     <span class='ocr_line' id='line_1_19' title="bbox 196 1499 1646 1557; baseline 0.001 -13"><span class='ocrx_word' id='word_1_178' title='bbox 196 1499 513 1557; x_wconf 80' lang='grc' dir='ltr'><em>ἀπαράλλακτον</em></span> <span class='ocrx_word' id='word_1_179' title='bbox 541 1505 613 1555; x_wconf 82' lang='grc' dir='ltr'><em>τῆς</em></span> <span class='ocrx_word' id='word_1_180' title='bbox 643 1502 784 1550; x_wconf 81' lang='grc' dir='ltr'><em>οὐσίας</em></span> <span class='ocrx_word' id='word_1_181' title='bbox 813 1500 1194 1557; x_wconf 79' lang='grc' dir='ltr'><em>παραστήσωσιν,”</em></span> <span class='ocrx_word' id='word_1_182' title='bbox 1228 1501 1432 1546; x_wconf 78' lang='grc' dir='ltr'><em>ἀδύνατον</em></span> <span class='ocrx_word' id='word_1_183' title='bbox 1462 1503 1503 1545; x_wconf 75' lang='grc' dir='ltr'><strong>δ’</strong></span> <span class='ocrx_word' id='word_1_184' title='bbox 1533 1502 1646 1556; x_wconf 79' lang='grc' dir='ltr'><em>εἶναι,</em></span> 
     </span>
     <span class='ocr_line' id='line_1_20' title="bbox 195 1566 1699 1630; baseline -0.001 -17"><span class='ocrx_word' id='word_1_185' title='bbox 195 1571 261 1613; x_wconf 78' lang='grc' dir='ltr'><em>καὶ</em></span> <span class='ocrx_word' id='word_1_186' title='bbox 279 1573 352 1614; x_wconf 84' lang='grc' dir='ltr'><strong>τοῦ</strong></span> <span class='ocrx_word' id='word_1_187' title='bbox 371 1566 547 1625; x_wconf 81' lang='grc' dir='ltr'><em>μεγάλου</em></span> <span class='ocrx_word' id='word_1_188' title='bbox 564 1569 815 1612; x_wconf 79' lang='grc' dir='ltr'><em>Ἀθανασίου</em></span> <span class='ocrx_word' id='word_1_189' title='bbox 837 1567 1077 1625; x_wconf 83' lang='grc' dir='ltr'><em>κατήκουεν,</em></span> <span class='ocrx_word' id='word_1_190' title='bbox 1108 1572 1149 1614; x_wconf 76' lang='grc' dir='ltr'><strong>ἓν</strong></span> <span class='ocrx_word' id='word_1_191' title='bbox 1168 1575 1219 1630; x_wconf 86' lang='grc' dir='ltr'><em>τῇ</em></span> <span class='ocrx_word' id='word_1_192' title='bbox 1243 1576 1315 1628; x_wconf 85' lang='grc' dir='ltr'><em>τῆς</em></span> <span class='ocrx_word' id='word_1_193' title='bbox 1335 1569 1504 1629; x_wconf 85' lang='grc' dir='ltr'><em>τριάδος</em></span> <span class='ocrx_word' id='word_1_194' title='bbox 1532 1570 1642 1624; x_wconf 80' lang='grc' dir='ltr'><em>τάξει</em></span> <span class='ocrx_word' id='word_1_195' title='bbox 1668 1579 1699 1612; x_wconf 79' lang='grc' dir='ltr'>Ε</span> 
     </span>
    </p>
   </div>
   <div class='ocr_carea' id='block_1_3' title="bbox 287 1685 750 1734">
    <p class='ocr_par' dir='ltr' id='par_1_3' title="bbox 287 1685 750 1734">
     <span class='ocr_line' id='line_1_21' title="bbox 287 1685 750 1734; baseline -0.002 -9"><span class='ocrx_word' id='word_1_196' title='bbox 287 1691 342 1726; x_wconf 79' lang='grc'><strong>12.</strong></span> <span class='ocrx_word' id='word_1_197' title='bbox 364 1685 432 1734; x_wconf 81' lang='grc' dir='ltr'><strong>τήν</strong></span> <span class='ocrx_word' id='word_1_198' title='bbox 453 1689 596 1724; x_wconf 89' lang='lat' dir='ltr'><strong>alterum</strong></span> <span class='ocrx_word' id='word_1_199' title='bbox 619 1688 750 1725; x_wconf 86' lang='lat' dir='ltr'><strong>deerat.</strong></span> 
     </span>
    </p>
   </div>
   <div class='ocr_carea' id='block_1_4' title="bbox 192 1803 1649 2906">
    <p class='ocr_par' dir='ltr' id='par_1_4' title="bbox 192 1803 1649 2906">
     <span class='ocr_line' id='line_1_22' title="bbox 193 1803 1649 1852; baseline 0.003 -14"><span class='ocrx_word' id='word_1_200' title='bbox 193 1803 358 1851; x_wconf 87' lang='lat' dir='ltr'><strong>petebat,</strong></span> <span class='ocrx_word' id='word_1_201' title='bbox 380 1805 416 1838; x_wconf 85' lang='lat' dir='ltr'><strong>et</strong></span> <span class='ocrx_word' id='word_1_202' title='bbox 438 1814 605 1849; x_wconf 85' lang='lat' dir='ltr'><strong>nunquam</strong></span> <span class='ocrx_word' id='word_1_203' title='bbox 622 1814 859 1839; x_wconf 90' lang='lat' dir='ltr'><strong>consensurum</strong></span> <span class='ocrx_word' id='word_1_204' title='bbox 878 1804 913 1839; x_wconf 90' lang='lat' dir='ltr'><strong>in</strong></span> <span class='ocrx_word' id='word_1_205' title='bbox 936 1805 1147 1840; x_wconf 79' lang='lat' dir='ltr'><strong>concordiam</strong></span> <span class='ocrx_word' id='word_1_206' title='bbox 1170 1805 1386 1840; x_wconf 85' lang='lat' dir='ltr'><strong>ecclesiarum</strong></span> <span class='ocrx_word' id='word_1_207' title='bbox 1410 1818 1498 1852; x_wconf 88' lang='lat' dir='ltr'><strong>quae</strong></span> <span class='ocrx_word' id='word_1_208' title='bbox 1521 1809 1649 1843; x_wconf 85' lang='lat' dir='ltr'><strong>tracta-</strong></span> 
     </span>
     <span class='ocr_line' id='line_1_23' title="bbox 194 1850 1648 1898; baseline 0.002 -14"><span class='ocrx_word' id='word_1_209' title='bbox 194 1852 306 1884; x_wconf 84' lang='lat' dir='ltr'><strong>batur.</strong></span> <span class='ocrx_word' id='word_1_210' title='bbox 352 1861 459 1894; x_wconf 91' lang='lat' dir='ltr'><strong>quare</strong></span> <span class='ocrx_word' id='word_1_211' title='bbox 481 1850 660 1895; x_wconf 88' lang='lat' dir='ltr'><strong>desperato</strong></span> <span class='ocrx_word' id='word_1_212' title='bbox 682 1850 866 1896; x_wconf 88' lang='lat' dir='ltr'><strong>imperator</strong></span> <span class='ocrx_word' id='word_1_213' title='bbox 895 1863 1034 1886; x_wconf 85' lang='lat' dir='ltr'><strong>assensu</strong></span> <span class='ocrx_word' id='word_1_214' title='bbox 1066 1852 1280 1897; x_wconf 77' lang='lat' dir='ltr'><strong>patriarchae</strong></span> <span class='ocrx_word' id='word_1_215' title='bbox 1309 1857 1449 1898; x_wconf 85' lang='lat' dir='ltr'><strong>propter</strong></span> <span class='ocrx_word' id='word_1_216' title='bbox 1470 1853 1648 1887; x_wconf 83' lang='lat' dir='ltr'><strong>iuramenti</strong></span> 
     </span>
     <span class='ocr_line' id='line_1_24' title="bbox 194 1894 1648 1943; baseline 0.002 -13"><span class='ocrx_word' id='word_1_217' title='bbox 194 1894 401 1930; x_wconf 78' lang='lat' dir='ltr'><strong>obstaculum</strong></span> <span class='ocrx_word' id='word_1_218' title='bbox 423 1895 658 1937; x_wconf 86' lang='lat' dir='ltr'><strong>ineluctabile,</strong></span> <span class='ocrx_word' id='word_1_219' title='bbox 684 1899 862 1932; x_wconf 79' lang='lat' dir='ltr'><strong>aestuabat</strong></span> <span class='ocrx_word' id='word_1_220' title='bbox 885 1898 1013 1941; x_wconf 86' lang='lat' dir='ltr'><strong>animo,</strong></span> <span class='ocrx_word' id='word_1_221' title='bbox 1037 1898 1206 1932; x_wconf 85' lang='lat' dir='ltr'><strong>difficilem</strong></span> <span class='ocrx_word' id='word_1_222' title='bbox 1228 1898 1307 1932; x_wconf 89' lang='lat' dir='ltr'><strong>inde</strong></span> <span class='ocrx_word' id='word_1_223' title='bbox 1331 1899 1404 1932; x_wconf 86' lang='lat' dir='ltr'><strong>fore</strong></span> <span class='ocrx_word' id='word_1_224' title='bbox 1427 1899 1553 1943; x_wconf 85' lang='lat' dir='ltr'><strong>negotii</strong></span> <span class='ocrx_word' id='word_1_225' title='bbox 1575 1899 1648 1933; x_wconf 85' lang='lat' dir='ltr'><strong>exi-</strong></span> 
     </span>
     <span class='ocr_line' id='line_1_25' title="bbox 193 1941 1646 1989; baseline 0.002 -13"><span class='ocrx_word' id='word_1_226' title='bbox 193 1947 264 1976; x_wconf 89' lang='lat' dir='ltr'><strong>tum</strong></span> <span class='ocrx_word' id='word_1_227' title='bbox 287 1941 477 1987; x_wconf 85' lang='lat' dir='ltr'><strong>providens.</strong></span> <span class='ocrx_word' id='word_1_228' title='bbox 522 1952 599 1976; x_wconf 86' lang='lat' dir='ltr'><strong>nam</strong></span> <span class='ocrx_word' id='word_1_229' title='bbox 621 1947 798 1988; x_wconf 86' lang='lat' dir='ltr'><strong>utrumque</strong></span> <span class='ocrx_word' id='word_1_230' title='bbox 821 1956 863 1977; x_wconf 87' lang='lat' dir='ltr'><strong>ex</strong></span> <span class='ocrx_word' id='word_1_231' title='bbox 886 1955 994 1989; x_wconf 86' lang='lat' dir='ltr'><strong>aequo</strong></span> <span class='ocrx_word' id='word_1_232' title='bbox 1016 1944 1199 1989; x_wconf 87' lang='lat' dir='ltr'><strong>imperator</strong></span> <span class='ocrx_word' id='word_1_233' title='bbox 1221 1945 1373 1988; x_wconf 83' lang='lat' dir='ltr'><strong>optabat,</strong></span> <span class='ocrx_word' id='word_1_234' title='bbox 1406 1950 1442 1979; x_wconf 89' lang='lat' dir='ltr'><strong>et</strong></span> <span class='ocrx_word' id='word_1_235' title='bbox 1463 1945 1542 1979; x_wconf 89' lang='lat' dir='ltr'><strong>iniri</strong></span> <span class='ocrx_word' id='word_1_236' title='bbox 1566 1957 1646 1979; x_wconf 88' lang='lat' dir='ltr'><strong>con-</strong></span> 
     </span>
     <span class='ocr_line' id='line_1_26' title="bbox 194 1987 1646 2043; baseline 0.002 -22"><span class='ocrx_word' id='word_1_237' title='bbox 194 1987 344 2022; x_wconf 86' lang='lat' dir='ltr'><strong>cordiam</strong></span> <span class='ocrx_word' id='word_1_238' title='bbox 371 1990 407 2021; x_wconf 90' lang='lat' dir='ltr'><strong>et</strong></span> <span class='ocrx_word' id='word_1_239' title='bbox 429 1987 464 2020; x_wconf 88' lang='lat' dir='ltr'><strong>in</strong></span> <span class='ocrx_word' id='word_1_240' title='bbox 495 1999 567 2022; x_wconf 88' lang='lat' dir='ltr'><strong>eam</strong></span> <span class='ocrx_word' id='word_1_241' title='bbox 600 1989 790 2023; x_wconf 87' lang='lat' dir='ltr'><strong>consentire</strong></span> <span class='ocrx_word' id='word_1_242' title='bbox 819 1989 1056 2043; x_wconf 72' lang='lat' dir='ltr'><strong>patriarcham.</strong></span> <span class='ocrx_word' id='word_1_243' title='bbox 1102 1994 1213 2024; x_wconf 89' lang='lat' dir='ltr'><strong>tamen</strong></span> <span class='ocrx_word' id='word_1_244' title='bbox 1234 1990 1312 2024; x_wconf 89' lang='lat' dir='ltr'><strong>inde</strong></span> <span class='ocrx_word' id='word_1_245' title='bbox 1334 1992 1490 2036; x_wconf 88' lang='lat' dir='ltr'><strong>repulsus</strong></span> <span class='ocrx_word' id='word_1_246' title='bbox 1519 1991 1563 2025; x_wconf 89' lang='lat' dir='ltr'><strong>ad</strong></span> <span class='ocrx_word' id='word_1_247' title='bbox 1587 2003 1646 2026; x_wconf 90' lang='lat' dir='ltr'><strong>ur-</strong></span> 
     </span>
     <span class='ocr_line' id='line_1_27' title="bbox 192 2033 1646 2079; baseline 0.003 -13"><span class='ocrx_word' id='word_1_248' title='bbox 192 2034 322 2079; x_wconf 87' lang='lat' dir='ltr'><strong>gendos</strong></span> <span class='ocrx_word' id='word_1_249' title='bbox 354 2033 528 2079; x_wconf 87' lang='lat' dir='ltr'><strong>episcopos</strong></span> <span class='ocrx_word' id='word_1_250' title='bbox 559 2033 790 2069; x_wconf 83' lang='lat' dir='ltr'><strong>vehementius</strong></span> <span class='ocrx_word' id='word_1_251' title='bbox 818 2036 981 2070; x_wconf 86' lang='lat' dir='ltr'><strong>mcubuit.</strong></span> <span class='ocrx_word' id='word_1_252' title='bbox 1025 2035 1114 2070; x_wconf 87' lang='lat' dir='ltr'><strong>inter</strong></span> <span class='ocrx_word' id='word_1_253' title='bbox 1145 2036 1229 2070; x_wconf 86' lang='lat' dir='ltr'><strong>haec</strong></span> <span class='ocrx_word' id='word_1_254' title='bbox 1254 2036 1384 2070; x_wconf 85' lang='lat' dir='ltr'><strong>Veccus</strong></span> <span class='ocrx_word' id='word_1_255' title='bbox 1417 2036 1516 2070; x_wconf 81' lang='lat' dir='ltr'><strong>lectis</strong></span> <span class='ocrx_word' id='word_1_256' title='bbox 1538 2037 1646 2078; x_wconf 84' lang='lat' dir='ltr'><strong>libris,</strong></span> 
     </span>
     <span class='ocr_line' id='line_1_28' title="bbox 194 2078 1645 2128; baseline 0.003 -16"><span class='ocrx_word' id='word_1_257' title='bbox 194 2091 268 2113; x_wconf 86' lang='lat' dir='ltr'><strong>cum</strong></span> <span class='ocrx_word' id='word_1_258' title='bbox 290 2079 325 2112; x_wconf 92' lang='lat' dir='ltr'><strong>in</strong></span> <span class='ocrx_word' id='word_1_259' title='bbox 346 2078 388 2113; x_wconf 87' lang='lat' dir='ltr'><strong>iis</strong></span> <span class='ocrx_word' id='word_1_260' title='bbox 414 2080 628 2114; x_wconf 83' lang='lat' dir='ltr'><strong>observasset</strong></span> <span class='ocrx_word' id='word_1_261' title='bbox 648 2081 751 2114; x_wconf 88' lang='lat' dir='ltr'><strong>multa</strong></span> <span class='ocrx_word' id='word_1_262' title='bbox 782 2093 870 2126; x_wconf 90' lang='lat' dir='ltr'><strong>quae</strong></span> <span class='ocrx_word' id='word_1_263' title='bbox 892 2081 1144 2116; x_wconf 85' lang='lat' dir='ltr'><strong>conventionem</strong></span> <span class='ocrx_word' id='word_1_264' title='bbox 1179 2082 1396 2117; x_wconf 86' lang='lat' dir='ltr'><strong>ecclesiarum</strong></span> <span class='ocrx_word' id='word_1_265' title='bbox 1418 2082 1522 2116; x_wconf 88' lang='lat' dir='ltr'><strong>multo</strong></span> <span class='ocrx_word' id='word_1_266' title='bbox 1544 2094 1645 2128; x_wconf 88' lang='lat' dir='ltr'><strong>quam</strong></span> 
     </span>
     <span class='ocr_line' id='line_1_29' title="bbox 192 2125 1645 2173; baseline 0.003 -16"><span class='ocrx_word' id='word_1_267' title='bbox 192 2127 331 2170; x_wconf 88' lang='lat' dir='ltr'><strong>putarat</strong></span> <span class='ocrx_word' id='word_1_268' title='bbox 353 2125 591 2170; x_wconf 81' lang='lat' dir='ltr'>expeditiorem</span> <span class='ocrx_word' id='word_1_269' title='bbox 618 2126 841 2166; x_wconf 82' lang='lat' dir='ltr'><strong>ostenderent,</strong></span> <span class='ocrx_word' id='word_1_270' title='bbox 864 2127 989 2173; x_wconf 79' lang='lat' dir='ltr'><strong>quippe</strong></span> <span class='ocrx_word' id='word_1_271' title='bbox 1012 2139 1086 2161; x_wconf 75' lang='lat' dir='ltr'><strong>curn</strong></span> <span class='ocrx_word' id='word_1_272' title='bbox 1108 2128 1186 2162; x_wconf 89' lang='lat' dir='ltr'><strong>inde</strong></span> <span class='ocrx_word' id='word_1_273' title='bbox 1209 2130 1390 2162; x_wconf 82' lang='lat' dir='ltr'><strong>constaret·</strong></span> <span class='ocrx_word' id='word_1_274' title='bbox 1402 2138 1559 2161; x_wconf 90' lang='lat' dir='ltr'><strong>summam</strong></span> <span class='ocrx_word' id='word_1_275' title='bbox 1583 2128 1645 2162; x_wconf 86' lang='lat' dir='ltr'><strong>de-</strong></span> 
     </span>
     <span class='ocr_line' id='line_1_30' title="bbox 194 2169 1643 2216; baseline 0.003 -13"><span class='ocrx_word' id='word_1_276' title='bbox 194 2181 282 2203; x_wconf 85' lang='lat' dir='ltr'><strong>mum</strong></span> <span class='ocrx_word' id='word_1_277' title='bbox 311 2170 443 2215; x_wconf 86' lang='lat' dir='ltr'><strong>peccati</strong></span> <span class='ocrx_word' id='word_1_278' title='bbox 477 2169 672 2206; x_wconf 80' lang='lat' dir='ltr'><strong>Latinorum</strong></span> <span class='ocrx_word' id='word_1_279' title='bbox 702 2172 737 2206; x_wconf 90' lang='lat' dir='ltr'><strong>in</strong></span> <span class='ocrx_word' id='word_1_280' title='bbox 769 2173 996 2207; x_wconf 85' lang='lat' dir='ltr'><strong>additamento</strong></span> <span class='ocrx_word' id='word_1_281' title='bbox 1019 2174 1112 2208; x_wconf 88' lang='lat' dir='ltr'><strong>verbi</strong></span> <span class='ocrx_word' id='word_1_282' title='bbox 1136 2175 1232 2207; x_wconf 88' lang='lat' dir='ltr'><strong>unius</strong></span> <span class='ocrx_word' id='word_1_283' title='bbox 1255 2174 1297 2207; x_wconf 75' lang='lat' dir='ltr'><strong>acl</strong></span> <span class='ocrx_word' id='word_1_284' title='bbox 1322 2173 1506 2216; x_wconf 83' lang='lat' dir='ltr'><strong>symbolum</strong></span> <span class='ocrx_word' id='word_1_285' title='bbox 1532 2174 1643 2208; x_wconf 87' lang='lat' dir='ltr'><strong>consi-</strong></span> 
     </span>
     <span class='ocr_line' id='line_1_31' title="bbox 194 2216 1643 2262; baseline 0.003 -14"><span class='ocrx_word' id='word_1_286' title='bbox 194 2221 305 2257; x_wconf 86' lang='lat' dir='ltr'><strong>stere,</strong></span> <span class='ocrx_word' id='word_1_287' title='bbox 325 2218 360 2249; x_wconf 88' lang='lat' dir='ltr'><strong>et</strong></span> <span class='ocrx_word' id='word_1_288' title='bbox 381 2216 470 2261; x_wconf 88' lang='lat' dir='ltr'><strong>quod</strong></span> <span class='ocrx_word' id='word_1_289' title='bbox 493 2217 612 2261; x_wconf 81' lang='lat' dir='ltr'><strong>dogma</strong></span> <span class='ocrx_word' id='word_1_290' title='bbox 633 2217 742 2262; x_wconf 86' lang='lat' dir='ltr'><strong>ipsum</strong></span> <span class='ocrx_word' id='word_1_291' title='bbox 765 2218 945 2262; x_wconf 79' lang='lat' dir='ltr'><strong>attinebat,</strong></span> <span class='ocrx_word' id='word_1_292' title='bbox 964 2224 1098 2253; x_wconf 83' lang='lat' dir='ltr'><strong>extaret</strong></span> <span class='ocrx_word' id='word_1_293' title='bbox 1120 2219 1238 2253; x_wconf 87' lang='lat' dir='ltr'><strong>Sancti</strong></span> <span class='ocrx_word' id='word_1_294' title='bbox 1263 2218 1383 2262; x_wconf 81' lang='lat' dir='ltr'><strong>Cyrilli</strong></span> <span class='ocrx_word' id='word_1_295' title='bbox 1405 2218 1643 2261; x_wconf 88' lang='lat' dir='ltr'><strong>testimonium,</strong></span> 
     </span>
     <span class='ocr_line' id='line_1_32' title="bbox 193 2261 1644 2317; baseline 0.003 -23"><span class='ocrx_word' id='word_1_296' title='bbox 193 2261 283 2306; x_wconf 87' lang='lat' dir='ltr'><strong>quod</strong></span> <span class='ocrx_word' id='word_1_297' title='bbox 306 2271 367 2294; x_wconf 91' lang='lat' dir='ltr'><strong>nos</strong></span> <span class='ocrx_word' id='word_1_298' title='bbox 399 2266 435 2295; x_wconf 90' lang='lat' dir='ltr'><strong>et</strong></span> <span class='ocrx_word' id='word_1_299' title='bbox 462 2261 536 2296; x_wconf 83' lang='lat' dir='ltr'><strong>illos</strong></span> <span class='ocrx_word' id='word_1_300' title='bbox 563 2263 598 2296; x_wconf 91' lang='lat' dir='ltr'><strong>in</strong></span> <span class='ocrx_word' id='word_1_301' title='bbox 630 2263 692 2297; x_wconf 86' lang='lat' dir='ltr'><strong>hoc</strong></span> <span class='ocrx_word' id='word_1_302' title='bbox 724 2264 857 2317; x_wconf 75' lang='lat' dir='ltr'><strong>quidem</strong></span> <span class='ocrx_word' id='word_1_303' title='bbox 889 2268 1000 2310; x_wconf 87' lang='lat' dir='ltr'><strong>capite</strong></span> <span class='ocrx_word' id='word_1_304' title='bbox 1028 2265 1248 2304; x_wconf 78' lang='lat' dir='ltr'><strong>conciliabat,</strong></span> <span class='ocrx_word' id='word_1_305' title='bbox 1279 2263 1362 2298; x_wconf 89' lang='lat' dir='ltr'><strong>illud</strong></span> <span class='ocrx_word' id='word_1_306' title='bbox 1393 2263 1546 2298; x_wconf 90' lang='lat' dir='ltr'><strong>nimirum</strong></span> <span class='ocrx_word' id='word_1_307' title='bbox 1577 2276 1644 2310; x_wconf 88' lang='lat' dir='ltr'><strong>quo</strong></span> 
     </span>
     <span class='ocr_line' id='line_1_33' title="bbox 194 2306 1644 2353; baseline 0.003 -13"><span class='ocrx_word' id='word_1_308' title='bbox 194 2309 332 2341; x_wconf 87' lang='lat' dir='ltr'><strong>sanctus</strong></span> <span class='ocrx_word' id='word_1_309' title='bbox 354 2306 409 2340; x_wconf 83' lang='lat' dir='ltr'><strong>ille</strong></span> <span class='ocrx_word' id='word_1_310' title='bbox 438 2307 559 2341; x_wconf 88' lang='lat' dir='ltr'><strong>doctor</strong></span> <span class='ocrx_word' id='word_1_311' title='bbox 587 2307 638 2342; x_wconf 85' lang='lat' dir='ltr'><strong>ait</strong></span> <span class='ocrx_word' id='word_1_312' title='bbox 669 2309 822 2353; x_wconf 75' lang='lat' dir='ltr'><strong>spiritum</strong></span> <span class='ocrx_word' id='word_1_313' title='bbox 852 2316 1004 2345; x_wconf 88' lang='lat' dir='ltr'><strong>sanctum</strong></span> <span class='ocrx_word' id='word_1_314' title='bbox 1036 2310 1305 2353; x_wconf 84' lang='lat' dir='ltr'><strong>substantialiter</strong></span> <span class='ocrx_word' id='word_1_315' title='bbox 1336 2321 1379 2343; x_wconf 85' lang='lat' dir='ltr'><strong>ex</strong></span> <span class='ocrx_word' id='word_1_316' title='bbox 1414 2310 1542 2344; x_wconf 88' lang='lat' dir='ltr'><strong>duobus</strong></span> <span class='ocrx_word' id='word_1_317' title='bbox 1573 2310 1644 2345; x_wconf 86' lang='lat' dir='ltr'><strong>exi-</strong></span> 
     </span>
     <span class='ocr_line' id='line_1_34' title="bbox 194 2351 1645 2402; baseline 0.003 -16"><span class='ocrx_word' id='word_1_318' title='bbox 194 2357 307 2394; x_wconf 87' lang='lat' dir='ltr'><strong>stere,</strong></span> <span class='ocrx_word' id='word_1_319' title='bbox 330 2351 395 2385; x_wconf 89' lang='lat' dir='ltr'><strong>hoc</strong></span> <span class='ocrx_word' id='word_1_320' title='bbox 417 2357 471 2386; x_wconf 87' lang='lat' dir='ltr'><strong>est</strong></span> <span class='ocrx_word' id='word_1_321' title='bbox 494 2364 535 2387; x_wconf 87' lang='lat' dir='ltr'><strong>ex</strong></span> <span class='ocrx_word' id='word_1_322' title='bbox 557 2361 657 2398; x_wconf 84' lang='lat' dir='ltr'><strong>patre</strong></span> <span class='ocrx_word' id='word_1_323' title='bbox 678 2356 741 2399; x_wconf 76' lang='lat' dir='ltr'><strong>per</strong></span> <span class='ocrx_word' id='word_1_324' title='bbox 763 2355 886 2398; x_wconf 84' lang='lat' dir='ltr'><strong>filium;</strong></span> <span class='ocrx_word' id='word_1_325' title='bbox 919 2361 959 2390; x_wconf 85' lang='lat' dir='ltr'><strong>ut</strong></span> <span class='ocrx_word' id='word_1_326' title='bbox 991 2357 1055 2390; x_wconf 88' lang='lat' dir='ltr'><strong>iam</strong></span> <span class='ocrx_word' id='word_1_327' title='bbox 1077 2362 1153 2390; x_wconf 87' lang='lat' dir='ltr'><strong>tota</strong></span> <span class='ocrx_word' id='word_1_328' title='bbox 1180 2355 1409 2390; x_wconf 87' lang='lat' dir='ltr'><strong>controversia</strong></span> <span class='ocrx_word' id='word_1_329' title='bbox 1438 2355 1474 2390; x_wconf 89' lang='lat' dir='ltr'><strong>in</strong></span> <span class='ocrx_word' id='word_1_330' title='bbox 1496 2367 1645 2402; x_wconf 86' lang='lat' dir='ltr'><strong>praepo-</strong></span> 
     </span>
     <span class='ocr_line' id='line_1_35' title="bbox 195 2397 1643 2447; baseline 0.005 -17"><span class='ocrx_word' id='word_1_331' title='bbox 195 2397 407 2431; x_wconf 84' lang='lat' dir='ltr'><strong>sitiunculam</strong></span> <span class='ocrx_word' id='word_1_332' title='bbox 437 2398 663 2443; x_wconf 85' lang='lat' dir='ltr'><strong>redigeretur,</strong></span> <span class='ocrx_word' id='word_1_333' title='bbox 706 2412 826 2446; x_wconf 84' lang='lat' dir='ltr'><strong>nempe</strong></span> <span class='ocrx_word' id='word_1_334' title='bbox 856 2402 1017 2436; x_wconf 84' lang='lat' dir='ltr'><strong>ambobus</strong></span> <span class='ocrx_word' id='word_1_335' title='bbox 1046 2413 1153 2447; x_wconf 90' lang='lat' dir='ltr'><strong>aeque</strong></span> <span class='ocrx_word' id='word_1_336' title='bbox 1185 2402 1445 2445; x_wconf 85' lang='lat' dir='ltr'><strong>agnoscentibus</strong></span> <span class='ocrx_word' id='word_1_337' title='bbox 1473 2402 1535 2436; x_wconf 81' lang='lat' dir='ltr'><strong>fini</strong></span> <span class='ocrx_word' id='word_1_338' title='bbox 1569 2414 1643 2437; x_wconf 90' lang='lat' dir='ltr'><strong>cum</strong></span> 
     </span>
     <span class='ocr_line' id='line_1_36' title="bbox 194 2443 1643 2493; baseline 0.004 -16"><span class='ocrx_word' id='word_1_339' title='bbox 194 2448 294 2488; x_wconf 89' lang='lat' dir='ltr'><strong>patre</strong></span> <span class='ocrx_word' id='word_1_340' title='bbox 314 2444 350 2476; x_wconf 90' lang='lat' dir='ltr'><strong>in</strong></span> <span class='ocrx_word' id='word_1_341' title='bbox 380 2443 564 2488; x_wconf 88' lang='lat' dir='ltr'><strong>spiratione</strong></span> <span class='ocrx_word' id='word_1_342' title='bbox 586 2446 811 2488; x_wconf 88' lang='lat' dir='ltr'><strong>consortium,</strong></span> <span class='ocrx_word' id='word_1_343' title='bbox 844 2459 918 2481; x_wconf 90' lang='lat' dir='ltr'><strong>cum</strong></span> <span class='ocrx_word' id='word_1_344' title='bbox 948 2447 1011 2481; x_wconf 87' lang='lat' dir='ltr'><strong>hoc</strong></span> <span class='ocrx_word' id='word_1_345' title='bbox 1039 2448 1109 2481; x_wconf 88' lang='lat' dir='ltr'><strong>solo</strong></span> <span class='ocrx_word' id='word_1_346' title='bbox 1141 2447 1327 2481; x_wconf 88' lang='lat' dir='ltr'><strong>discrimine</strong></span> <span class='ocrx_word' id='word_1_347' title='bbox 1348 2448 1437 2493; x_wconf 90' lang='lat' dir='ltr'><strong>quod</strong></span> <span class='ocrx_word' id='word_1_348' title='bbox 1460 2447 1577 2482; x_wconf 85' lang='lat' dir='ltr'><strong>Latini</strong></span> <span class='ocrx_word' id='word_1_349' title='bbox 1600 2460 1643 2483; x_wconf 85' lang='lat' dir='ltr'><strong>ex</strong></span> 
     </span>
     <span class='ocr_line' id='line_1_37' title="bbox 195 2489 1643 2538; baseline 0.004 -16"><span class='ocrx_word' id='word_1_350' title='bbox 195 2489 286 2531; x_wconf 88' lang='lat' dir='ltr'><strong>filio,</strong></span> <span class='ocrx_word' id='word_1_351' title='bbox 310 2489 438 2523; x_wconf 87' lang='lat' dir='ltr'><strong>Graeci</strong></span> <span class='ocrx_word' id='word_1_352' title='bbox 459 2501 521 2535; x_wconf 89' lang='lat' dir='ltr'><strong>per</strong></span> <span class='ocrx_word' id='word_1_353' title='bbox 547 2490 650 2524; x_wconf 85' lang='lat' dir='ltr'><strong>filium</strong></span> <span class='ocrx_word' id='word_1_354' title='bbox 676 2492 860 2535; x_wconf 87' lang='lat' dir='ltr'><strong>procedere</strong></span> <span class='ocrx_word' id='word_1_355' title='bbox 885 2493 1038 2537; x_wconf 89' lang='lat' dir='ltr'><strong>spiritum</strong></span> <span class='ocrx_word' id='word_1_356' title='bbox 1060 2493 1229 2534; x_wconf 85' lang='lat' dir='ltr'><strong>dicerent;</strong></span> <span class='ocrx_word' id='word_1_357' title='bbox 1260 2504 1347 2538; x_wconf 89' lang='lat' dir='ltr'><strong>quae</strong></span> <span class='ocrx_word' id='word_1_358' title='bbox 1372 2504 1480 2538; x_wconf 83' lang='lat' dir='ltr'><strong>parva</strong></span> <span class='ocrx_word' id='word_1_359' title='bbox 1509 2499 1584 2528; x_wconf 89' lang='lat' dir='ltr'><strong>erat</strong></span> <span class='ocrx_word' id='word_1_360' title='bbox 1606 2498 1643 2528; x_wconf 89' lang='lat' dir='ltr'><strong>et</strong></span> 
     </span>
     <span class='ocr_line' id='line_1_38' title="bbox 196 2535 1642 2584; baseline 0.005 -16"><span class='ocrx_word' id='word_1_361' title='bbox 196 2535 317 2569; x_wconf 85' lang='lat' dir='ltr'><strong>nullius</strong></span> <span class='ocrx_word' id='word_1_362' title='bbox 339 2535 497 2569; x_wconf 84' lang='lat' dir='ltr'><strong>momenti</strong></span> <span class='ocrx_word' id='word_1_363' title='bbox 518 2535 725 2578; x_wconf 86' lang='lat' dir='ltr'><strong>differentia,</strong></span> <span class='ocrx_word' id='word_1_364' title='bbox 748 2537 830 2571; x_wconf 87' lang='lat' dir='ltr'><strong>nihil</strong></span> <span class='ocrx_word' id='word_1_365' title='bbox 853 2538 1032 2583; x_wconf 86' lang='lat' dir='ltr'><strong>prohibens</strong></span> <span class='ocrx_word' id='word_1_366' title='bbox 1053 2550 1119 2584; x_wconf 90' lang='lat' dir='ltr'><strong>quo</strong></span> <span class='ocrx_word' id='word_1_367' title='bbox 1144 2538 1248 2573; x_wconf 86' lang='lat' dir='ltr'><strong>minus</strong></span> <span class='ocrx_word' id='word_1_368' title='bbox 1270 2540 1304 2573; x_wconf 89' lang='lat' dir='ltr'><strong>in</strong></span> <span class='ocrx_word' id='word_1_369' title='bbox 1326 2549 1453 2573; x_wconf 89' lang='lat' dir='ltr'><strong>summa</strong></span> <span class='ocrx_word' id='word_1_370' title='bbox 1475 2540 1642 2584; x_wconf 84' lang='lat' dir='ltr'><strong>dogmatis</strong></span> 
     </span>
     <span class='ocr_line' id='line_1_39' title="bbox 195 2581 1641 2629; baseline 0.003 -15"><span class='ocrx_word' id='word_1_371' title='bbox 195 2581 383 2615; x_wconf 87' lang='lat' dir='ltr'><strong>consentire</strong></span> <span class='ocrx_word' id='word_1_372' title='bbox 405 2581 570 2615; x_wconf 85' lang='lat' dir='ltr'><strong>ecclesiae</strong></span> <span class='ocrx_word' id='word_1_373' title='bbox 595 2582 798 2617; x_wconf 88' lang='lat' dir='ltr'><strong>viderentur.</strong></span> <span class='ocrx_word' id='word_1_374' title='bbox 844 2584 915 2625; x_wconf 83' lang='lat' dir='ltr'><strong>his,</strong></span> <span class='ocrx_word' id='word_1_375' title='bbox 938 2584 1093 2629; x_wconf 82' lang='lat' dir='ltr'><strong>inquam,</strong></span> <span class='ocrx_word' id='word_1_376' title='bbox 1116 2588 1152 2618; x_wconf 86' lang='lat' dir='ltr'><strong>et</strong></span> <span class='ocrx_word' id='word_1_377' title='bbox 1173 2584 1285 2619; x_wconf 87' lang='lat' dir='ltr'><strong>multis</strong></span> <span class='ocrx_word' id='word_1_378' title='bbox 1308 2584 1466 2619; x_wconf 86' lang='lat' dir='ltr'><strong>eiusmodi</strong></span> <span class='ocrx_word' id='word_1_379' title='bbox 1489 2586 1641 2620; x_wconf 86' lang='lat' dir='ltr'><strong>conside-</strong></span> 
     </span>
     <span class='ocr_line' id='line_1_40' title="bbox 195 2626 1639 2676; baseline 0.003 -16"><span class='ocrx_word' id='word_1_380' title='bbox 195 2626 280 2660; x_wconf 83' lang='lat' dir='ltr'><strong>ratis</strong></span> <span class='ocrx_word' id='word_1_381' title='bbox 306 2627 434 2661; x_wconf 89' lang='lat' dir='ltr'><strong>Veccus</strong></span> <span class='ocrx_word' id='word_1_382' title='bbox 455 2628 592 2672; x_wconf 79' lang='lat' dir='ltr'><strong>insuper</strong></span> <span class='ocrx_word' id='word_1_383' title='bbox 623 2627 750 2662; x_wconf 91' lang='lat' dir='ltr'><strong>invenit</strong></span> <span class='ocrx_word' id='word_1_384' title='bbox 781 2628 871 2663; x_wconf 88' lang='lat' dir='ltr'><strong>aliud</strong></span> <span class='ocrx_word' id='word_1_385' title='bbox 895 2630 938 2664; x_wconf 87' lang='lat' dir='ltr'><strong>ad</strong></span> <span class='ocrx_word' id='word_1_386' title='bbox 972 2642 1046 2664; x_wconf 87' lang='lat' dir='ltr'><strong>eam</strong></span> <span class='ocrx_word' id='word_1_387' title='bbox 1077 2641 1147 2664; x_wconf 85' lang='lat' dir='ltr'><strong>rem</strong></span> <span class='ocrx_word' id='word_1_388' title='bbox 1182 2631 1329 2676; x_wconf 87' lang='lat' dir='ltr'><strong>palmare</strong></span> <span class='ocrx_word' id='word_1_389' title='bbox 1351 2631 1575 2666; x_wconf 85' lang='lat' dir='ltr'><strong>testimonium</strong></span> <span class='ocrx_word' id='word_1_390' title='bbox 1599 2633 1639 2665; x_wconf 90' lang='lat' dir='ltr'><strong>S.</strong></span> 
     </span>
     <span class='ocr_line' id='line_1_41' title="bbox 195 2671 1640 2722; baseline 0.004 -17"><span class='ocrx_word' id='word_1_391' title='bbox 195 2671 335 2706; x_wconf 85' lang='lat' dir='ltr'><strong>Maximi</strong></span> <span class='ocrx_word' id='word_1_392' title='bbox 356 2673 392 2707; x_wconf 90' lang='lat' dir='ltr'><strong>in</strong></span> <span class='ocrx_word' id='word_1_393' title='bbox 414 2673 556 2719; x_wconf 86' lang='lat' dir='ltr'><strong>epistola</strong></span> <span class='ocrx_word' id='word_1_394' title='bbox 579 2673 621 2707; x_wconf 90' lang='lat' dir='ltr'><strong>ad</strong></span> <span class='ocrx_word' id='word_1_395' title='bbox 638 2674 807 2714; x_wconf 85' lang='lat' dir='ltr'><strong>Rufinum,</strong></span> <span class='ocrx_word' id='word_1_396' title='bbox 830 2675 886 2709; x_wconf 91' lang='lat' dir='ltr'><strong>ubi</strong></span> <span class='ocrx_word' id='word_1_397' title='bbox 909 2680 984 2719; x_wconf 90' lang='lat' dir='ltr'><strong>post</strong></span> <span class='ocrx_word' id='word_1_398' title='bbox 1006 2676 1108 2710; x_wconf 87' lang='lat' dir='ltr'><strong>multa</strong></span> <span class='ocrx_word' id='word_1_399' title='bbox 1130 2676 1180 2710; x_wconf 89' lang='lat' dir='ltr'><strong>sic</strong></span> <span class='ocrx_word' id='word_1_400' title='bbox 1197 2677 1318 2711; x_wconf 86' lang='lat' dir='ltr'><strong>scribit</strong></span> <span class='ocrx_word' id='word_1_401' title='bbox 1341 2680 1406 2711; x_wconf 84' lang='lat' dir='ltr'><strong>“ex</strong></span> <span class='ocrx_word' id='word_1_402' title='bbox 1428 2677 1550 2722; x_wconf 82' lang='lat' dir='ltr'><strong>quibus</strong></span> <span class='ocrx_word' id='word_1_403' title='bbox 1573 2688 1640 2711; x_wconf 90' lang='lat' dir='ltr'><strong>non</strong></span> 
     </span>
     <span class='ocr_line' id='line_1_42' title="bbox 194 2717 1639 2768; baseline 0.003 -17"><span class='ocrx_word' id='word_1_404' title='bbox 194 2717 389 2763; x_wconf 87' lang='lat' dir='ltr'><strong>principium</strong></span> <span class='ocrx_word' id='word_1_405' title='bbox 421 2731 459 2753; x_wconf 87' lang='lat' dir='ltr'><strong>se</strong></span> <span class='ocrx_word' id='word_1_406' title='bbox 497 2719 702 2763; x_wconf 86' lang='lat' dir='ltr'><strong>unigenitum</strong></span> <span class='ocrx_word' id='word_1_407' title='bbox 732 2720 872 2765; x_wconf 79' lang='lat' dir='ltr'><strong>spiritus</strong></span> <span class='ocrx_word' id='word_1_408' title='bbox 903 2723 1122 2756; x_wconf 86' lang='lat' dir='ltr'><strong>ostenderunt</strong></span> <span class='ocrx_word' id='word_1_409' title='bbox 1143 2722 1274 2765; x_wconf 90' lang='lat' dir='ltr'><strong>dicere,</strong></span> <span class='ocrx_word' id='word_1_410' title='bbox 1305 2723 1364 2757; x_wconf 88' lang='lat' dir='ltr'><strong>sed</strong></span> <span class='ocrx_word' id='word_1_411' title='bbox 1388 2727 1427 2756; x_wconf 91' lang='lat' dir='ltr'><strong>ut</strong></span> <span class='ocrx_word' id='word_1_412' title='bbox 1449 2733 1509 2767; x_wconf 85' lang='lat' dir='ltr'><strong>per</strong></span> <span class='ocrx_word' id='word_1_413' title='bbox 1531 2723 1639 2768; x_wconf 84' lang='lat' dir='ltr'><strong>ipsum</strong></span> 
     </span>
     <span class='ocr_line' id='line_1_43' title="bbox 195 2765 1641 2814; baseline 0.003 -17"><span class='ocrx_word' id='word_1_414' title='bbox 195 2765 379 2807; x_wconf 85' lang='lat' dir='ltr'><strong>procedere</strong></span> <span class='ocrx_word' id='word_1_415' title='bbox 410 2765 661 2810; x_wconf 84' lang='lat' dir='ltr'><strong>significarent,</strong></span> <span class='ocrx_word' id='word_1_416' title='bbox 693 2769 728 2800; x_wconf 86' lang='lat' dir='ltr'><strong>et</strong></span> <span class='ocrx_word' id='word_1_417' title='bbox 757 2778 797 2800; x_wconf 88' lang='lat' dir='ltr'><strong>ea</strong></span> <span class='ocrx_word' id='word_1_418' title='bbox 819 2766 951 2801; x_wconf 87' lang='lat' dir='ltr'><strong>ratione</strong></span> <span class='ocrx_word' id='word_1_419' title='bbox 974 2768 1203 2802; x_wconf 84' lang='lat' dir='ltr'><strong>cohaesionem</strong></span> <span class='ocrx_word' id='word_1_420' title='bbox 1225 2768 1459 2814; x_wconf 86' lang='lat' dir='ltr'><strong>inseparabilis</strong></span> <span class='ocrx_word' id='word_1_421' title='bbox 1481 2768 1641 2802; x_wconf 88' lang='lat' dir='ltr'><strong>substan-</strong></span> 
     </span>
     <span class='ocr_line' id='line_1_44' title="bbox 194 2807 1641 2859; baseline 0.005 -18"><span class='ocrx_word' id='word_1_422' title='bbox 194 2807 264 2842; x_wconf 86' lang='lat' dir='ltr'><strong>tiae</strong></span> <span class='ocrx_word' id='word_1_423' title='bbox 295 2810 570 2846; x_wconf 87' lang='lat' dir='ltr'><strong>constituerent.&#39;’</strong></span> <span class='ocrx_word' id='word_1_424' title='bbox 623 2812 788 2846; x_wconf 86' lang='lat' dir='ltr'><strong>suadebat</strong></span> <span class='ocrx_word' id='word_1_425' title='bbox 816 2812 904 2847; x_wconf 90' lang='lat' dir='ltr'><strong>idem</strong></span> <span class='ocrx_word' id='word_1_426' title='bbox 944 2813 1128 2848; x_wconf 87' lang='lat' dir='ltr'><strong>auctoritas</strong></span> <span class='ocrx_word' id='word_1_427' title='bbox 1171 2815 1282 2859; x_wconf 87' lang='lat' dir='ltr'><strong>magni</strong></span> <span class='ocrx_word' id='word_1_428' title='bbox 1310 2813 1486 2848; x_wconf 81' lang='lat' dir='ltr'><strong>Athanasii</strong></span> <span class='ocrx_word' id='word_1_429' title='bbox 1514 2813 1641 2849; x_wconf 83' lang='lat' dir='ltr'><strong>diserte</strong></span> 
     </span>
     <span class='ocr_line' id='line_1_45' title="bbox 195 2853 1639 2906; baseline 0.005 -19"><span class='ocrx_word' id='word_1_430' title='bbox 195 2853 397 2891; x_wconf 77' lang='lat' dir='ltr'><strong>affirmantis</strong></span> <span class='ocrx_word' id='word_1_431' title='bbox 428 2857 504 2891; x_wconf 87' lang='lat' dir='ltr'><strong>fieri</strong></span> <span class='ocrx_word' id='word_1_432' title='bbox 534 2869 601 2892; x_wconf 90' lang='lat' dir='ltr'><strong>non</strong></span> <span class='ocrx_word' id='word_1_433' title='bbox 630 2869 729 2904; x_wconf 86' lang='lat' dir='ltr'><strong>posse</strong></span> <span class='ocrx_word' id='word_1_434' title='bbox 760 2861 798 2892; x_wconf 92' lang='lat' dir='ltr'><strong>ut</strong></span> <span class='ocrx_word' id='word_1_435' title='bbox 830 2858 864 2892; x_wconf 90' lang='lat' dir='ltr'><strong>in</strong></span> <span class='ocrx_word' id='word_1_436' title='bbox 885 2858 1047 2894; x_wconf 85' lang='lat' dir='ltr'><strong>trinitatis</strong></span> <span class='ocrx_word' id='word_1_437' title='bbox 1078 2860 1195 2894; x_wconf 88' lang='lat' dir='ltr'><strong>ordine</strong></span> <span class='ocrx_word' id='word_1_438' title='bbox 1217 2860 1355 2906; x_wconf 79' lang='lat' dir='ltr'><strong>spiritus</strong></span> <span class='ocrx_word' id='word_1_439' title='bbox 1386 2863 1639 2905; x_wconf 82' lang='lat' dir='ltr'><strong>agnosceretur,</strong></span> 
     </span>
    </p>
   </div>
  </div>
 </body>
</html>
