1884 3262
253 216 350 265 398
365 230 367 232 ’
664 216 899 260 GEORGII
932 217 1283 282 PACHYMERIS

204 340 233 375 B
258 328 418 386 τιᾶραις
437 345 479 372 τε
501 329 567 372 καὶ
583 328 748 386 μίτραις
767 331 832 372 καὶ
853 331 1105 384 δακτυλίοις,
1142 330 1198 382 ὥς
1215 330 1242 387 ἦ
1262 332 1419 378 ἐκείνων
1438 331 1516 390 ἔχει
1535 333 1602 377 ἔπ’
1621 333 1702 392 ἅρ-

246 402 424 454 χιερεῧσι
453 396 665 452 συνήθεια.
733 393 906 453 ἴαροῦν
933 402 999 442 καὶ
1027 400 1153 456 θέρος
1178 400 1300 443 {aeetae
1320 401 1596 458 διαγαγόντες,
1632 405 1701 446 καὶ

249 466 302 509 τὰ
335 463 469 508 εἰκότα
498 466 870 523 φιλοφρονηθέντες
894 468 1006 525 παρὰ
1034 472 1108 510 τοῦ
1132 465 1276 521 πόποι,
1313 468 1366 511 τὰ
1392 474 1465 524 τῆς
1485 472 1700 526 πρεσβείας

250 535 518 578 διευθετοῦσι.
590 536 656 576 καὶ
695 532 965 594 φθινοπώρου
997 534 1190 593 λήγοντος
1218 533 1382 591 συνάμα
1408 537 1597 595 πρέσβεσι
1620 540 1699 595 ’τὴν

246 599 363 644 πόλιν
384 600 781 655 καταλαμβάνουσιν.
1339 594 1343 597 .
1472 628 1473 631 ¹
1705 616 1729 651 6

203 675 234 709 C
393 671 472 714 22.
535 665 613 713 Ἦν
652 666 723 713 οὖν
762 670 1008 714 ἀπεντεῦθεν
1045 671 1219 728 ἀργῆσαι
1244 672 1319 727 μέν
1346 671 1430 716 τόνν
1448 670 1701 730 πατριάρχην

252 737 357 781 κατὰ
387 738 439 781 τὰ
467 740 703 794 συγκείμενα
731 739 888 792 τέλεον,
922 737 1251 795 μνημονεύεσθαι
1272 740 1320 783 δὲ
1341 740 1412 784 τὸν
1432 737 1605 793 mium,-
1631 743 1700 784 καὶ

252 803 339 848 εἷθ’
372 805 502 856 οὕτως
529 808 596 849 καὶ
621 807 692 849 τὸν
721 809 776 857 εἷς
795 806 1048 864 πατριάρχην
1067 806 1507 865 ἀνάγεσθαινμέλλοντα
1522 810 1700 866 ψηφίζε-

252 874 362 916 aaa(
387 892 429 917 τε
462 876 528 916 καὶ
556 879 772 919 καθιστᾶν.
842 876 890 918 τὸ
907 877 980 930 μὲν
1003 872 1075 919 οὗν
1095 876 1167 919 τὸν
1183 874 1437 934 πατριάρχην
1466 884 1698 932 παρακινεῖ-

251 946 356 984 σθαι
384 943 554 998 ἐργῶδες
581 938 630 998 ἦν
641 976 654 995 ,
691 944 772 986 ἐπεὶ
797 943 871 986 οὐκ
900 941 1078 987 αὐτόθεν
1099 945 1246 995 ε’κεῖνος
1262 951 1479 1002 παρῃτεῖτο
1499 945 1573 1000 τὴν
1592 963 1695 1001 προ-
1708 958 1754 994 10

251 1011 437 1052 στασίαν.
509 1008 564 1060 ὦς
592 1015 692 1067 γοῦν
719 1011 793 1054 οὐκ
822 1007 872 1066 ἦν
903 1010 1464 1069 παραιτεῖσθαι,.μοῖρτυρας
1493 1017 1574 1056 τῶν
1594 1013 1698 1069 πρὸς

245 1078 417 1130 βασιλέα
440 1076 568 1133 λόγων
589 1080 738 1122 ἐκείνου
757 1078 812 1129 ὥς
834 1075 885 1134 ἦν
903 1078 1239 1135 παραστήσαντες
1272 1081 1337 1138 (οἱ
1357 1081 1398 1122 δ’
1422 1077 1526 1135 ἦσαν
1546 1082 1588 1123 ὀἱ
1606 1083 1697 1138 περὶ

193 1155 226 1190 D
248 1145 319 1188 τὸν
347 1145 641 1202 δικαιοφύλακα
667 1145 1008 1205 Σκουταριώτην)
1039 1146 1094 1198 ὥς
1116 1146 1435 1203 ὖπισχνουμὲνου
1465 1151 1593 1204 δῆθεν
1622 1153 1696 1192 τοῦ

245 1212 497 1270 πατριάρχου
518 1214 592 1269 τὴν
612 1213 797 1257 ἑκουσίαν
816 1213 1035 1271 ἐκχώρησιν
1056 1218 1090 1258 εἲ
1105 1215 1287 1259 εὖοδοΐτο
1308 1216 1356 1259 τὸ
1373 1216 1510 1271 ἔργον,
1540 1214 1695 1272 ταύτην

243 1282 319 1336 τὴν
334 1283 474 1337 φωνὴν
494 1280 548 1332 ὥς
565 1284 808 1339 παραίτησιν
827 1285 994 1335 τελείαν,
1029 1283 1192 1340 προσέτι
1211 1285 1256 1327 δὲ
1275 1286 1341 1326 καὶ
1360 1283 1430 1326 τὸν
1448 1283 1569 1340 ὅρκον
1587 1283 1693 1341 ἴκρι-
1706 1301 1749 1337 15

245 1367 315 1392 νον
337 1350 375 1392 οἶ
394 1349 608 1406 ἀρχιερεῖς,
644 1351 719 1404 τὴν
737 1353 810 1404 μὲν
829 1350 884 1400 ὥς
902 1349 1119 1406 ὑπόσχεσιν
1139 1352 1212 1394 τὸν
1229 1353 1274 1394 δὲ
1295 1350 1351 1401 ὥς
1368 1350 1558 1407 κωλῦμην
1581 1352 1695 1395 ἄντι-

191 1425 224 1460 E
247 1434 357 1472 κρυς.
428 1418 473 1460 τὸ
492 1418 568 1474 γὰρ
592 1419 709 1461 ἔνθεν
730 1420 804 1472 μέν
822 1419 880 1473 μὴ
900 1419 1197 1474 καταδέχεσθαι
1219 1419 1294 1474 τὴν
1314 1422 1458 1476 πρᾶξιν
1476 1418 1692 1474 ὀμνύοντα,

243 1486 395 1529 ἐκεῖθεν
416 1487 460 1529 δὲ
480 1488 685 1542 γεγονυίας
705 1489 889 1545 ἐκχωρεῖν
906 1485 1247 1543 ὖπισχνούμενον,
1282 1489 1505 1543 δηλοῦντος
1521 1484 1571 1543 ἦν
1588 1486 1694 1532 πάν-

242 1662 318 1696 illos
349 1662 537 1707 excipiente
569 1674 678 1709 papa,
717 1663 801 1698 adeo
834 1666 872 1698 ut
905 1676 963 1699 eos
995 1664 1212 1700 honoraverit
1244 1665 1342 1700 tiaris
1365 1664 1471 1700 mitris
1494 1667 1530 1699 et
1551 1664 1694 1707 annulis,

244 1708 366 1754 quibus
390 1708 573 1751 insignibus
597 1709 774 1754 episcopos
803 1711 916 1745 ornari
939 1722 1009 1745 mos
1032 1711 1101 1745 illic
1124 1712 1265 1748 obtinet.
1310 1723 1388 1745 vere
1420 1711 1524 1755 igitur
1546 1715 1581 1745 et
1602 1711 1694 1745 inse-

241 1753 358 1798 quenti
394 1757 524 1787 aestate
559 1754 604 1787 ibi
635 1756 789 1798 exactis,
824 1757 971 1790 omnibus
1003 1758 1084 1791 culti
1107 1769 1127 1791 a
1149 1769 1238 1802 papa
1262 1756 1518 1791 benevolentiae
1547 1756 1692 1797 indiciis,
1740 1792 1742 1794 ,

241 1804 481 1842 transegerunt
503 1811 591 1844 quae
614 1800 647 1834 in
673 1800 837 1834 mandatis
863 1802 1043 1837 habebant.
1090 1807 1159 1836 tum
1190 1808 1339 1837 extremo
1371 1807 1528 1837 autumno
1559 1807 1692 1837 mutuos

242 1843 326 1889 ipsis
350 1845 525 1878 adiunctos
548 1856 568 1878 a
591 1857 680 1891 papa
702 1846 833 1890 legatos
858 1847 1181 1893 Constantinopolim
1203 1849 1443 1893 perduxerunt.

333 1891 389 1923 22.
436 1890 489 1924 Ex
521 1890 585 1923 hoc
614 1891 799 1934 legatorum
821 1891 969 1926 adventu
991 1904 1107 1937 pacem
1139 1895 1261 1927 factam
1283 1894 1500 1927 referentium
1522 1891 1587 1925 duo
1611 1903 1692 1925 con-

241 1939 361 1970 secuta
383 1939 484 1977 sunt,
522 1935 557 1968 vi
578 1936 671 1980 prius
695 1942 954 1981 conventorum,
995 1939 1225 1973 exauctoratio
1248 1938 1486 1983 patriarchae,
1523 1942 1559 1971 et
1581 1948 1691 1982 papae

242 1980 279 2014 in
310 1991 409 2014 sacro
443 1981 708 2015 commemoratio
739 1983 889 2026 publicu
927 1983 1111 2028 quinetiam
1143 1984 1186 2017 ad
1217 1984 1412 2018 electionem
1443 1983 1634 2017 successuri
1653 1983 1690 2017 in

242 2026 507 2072 patriarchatum
532 2027 641 2071 palam
663 2027 774 2061 vocati
803 2028 925 2074 quibus
947 2029 980 2062 in
1003 2029 1038 2062 id
1061 2029 1114 2063 ius
1138 2033 1191 2063 est
1213 2029 1376 2073 suffragii.
1423 2040 1464 2062 ac
1496 2029 1586 2074 quod
1620 2028 1692 2073 pri-

242 2083 329 2105 mum
361 2071 495 2117 quidem
528 2073 643 2106 borum
679 2072 821 2115 attinet,
859 2074 1047 2108 nonnullius
1079 2074 1204 2119 negotii
1238 2085 1294 2108 res
1324 2075 1390 2108 fuit
1424 2074 1544 2119 deponi
1567 2086 1586 2107 e
1609 2074 1691 2108 sede

242 2117 491 2163 patriarcham,
527 2117 603 2162 ipso
635 2118 834 2161 dignitatem
858 2130 931 2153 eam
953 2119 1042 2154 ultro
1064 2131 1132 2154 non
1155 2120 1353 2162 abdicante,
1392 2131 1456 2153 nec
1488 2118 1620 2164 sperari
1642 2118 1690 2153 si-

244 2166 345 2196 nente
379 2162 623 2198 abdicaturum.
670 2164 883 2208 interrogare
906 2169 1016 2199 autem
1041 2177 1114 2199 eum
1143 2177 1185 2200 an
1210 2170 1355 2210 paratus⁴
1374 2170 1465 2199 esset
1486 2169 1606 2210 sponte
1630 2176 1690 2198 ce·-

243 2209 345 2250 dere,
384 2213 420 2242 et
449 2219 519 2242 rem
550 2209 644 2243 aleae
675 2209 882 2244 committere
905 2222 970 2245 non
993 2212 1159 2256 explorati
1179 2211 1352 2256 responsi,
1391 2210 1481 2245 haud
1503 2215 1611 2244 tutum
1635 2213 1690 2244 est

242 2253 363 2288 visum.
410 2254 602 2298 expeditius
635 2255 814 2290 iudicatum
841 2260 894 2290 est
915 2255 1132 2301 interpretari
1162 2256 1383 2291 voluntariam
1406 2256 1480 2290 eius
1503 2256 1690 2290 abdicatio-

243 2310 318 2333 nem
341 2299 432 2333 velut
452 2299 517 2333 iam
539 2301 680 2341 factam,
714 2313 756 2335 ex
778 2300 819 2334 iis
841 2313 929 2346 quae
952 2307 1071 2347 pactus
1094 2313 1168 2336 cum
1190 2302 1392 2347 imperatore
1415 2303 1537 2335 suerat.
1583 2301 1690 2335 auditi

243 2355 326 2388 ergo
349 2347 454 2378 testes
478 2349 555 2378 sunt
577 2346 703 2389 idonei,
725 2346 949 2392 princepsque
971 2347 1004 2381 in
1027 2346 1069 2381 iis
1095 2347 1346 2393 Dicaeophylax
1368 2347 1599 2389 Scutariotes3
1627 2345 1689 2391 qui

243 2390 480 2423 confirmarent
511 2391 704 2435 promisisse
736 2392 929 2438 Iosephum,
962 2393 991 2426 si
1022 2392 1125 2438 legati
1148 2394 1274 2428 Romae
1298 2394 1468 2437 negotium
1491 2392 1693 2426 concordiae

240 2434 486 2478 transigerent,
516 2437 749 2480 patriarchatu
771 2449 809 2472 se
832 2449 1020 2479 cessurum3
1055 2439 1272 2484 eumdemque
1300 2439 1445 2473 iuratum
1475 2447 1688 2472 asseverasse

240 2491 279 2515 se
301 2491 536 2523 consensurum
559 2493 725 2526 nunquam
746 2483 783 2517 in
805 2483 903 2518 istam
926 2495 1054 2529 pacem.
1100 2484 1151 2518 his
1173 2484 1350 2529 compertis
1372 2481 1566 2528 congregati
1586 2486 1689 2527 super

240 2527 305 2560 hoc
327 2525 476 2570 episcopi
499 2528 717 2562 concordibus
739 2529 827 2563 votis
849 2533 1041 2563 statuerunt
1073 2530 1179 2563 videri
1202 2530 1264 2563 hoc
1285 2529 1358 2575 ipso
1381 2529 1642 2574 patriarchatum
1664 2537 1687 2561 a

239 2572 382 2616 losepho
404 2571 467 2604 iam
491 2583 578 2605 nunc
608 2573 696 2607 ultro
721 2574 927 2619 depositum,
964 2575 1079 2620 utique
1109 2575 1318 2618 conditione,
1359 2586 1402 2609 ex
1425 2585 1491 2620 qua
1511 2573 1571 2607 ille
1593 2583 1685 2606 suam

238 2617 378 2651 liberam
408 2616 651 2652 abdicationem
685 2620 924 2664 suspenderat,
954 2620 1019 2654 iam
1044 2621 1134 2654 clare
1162 2620 1319 2666 impleta,
1349 2620 1487 2665 ipsoque
1508 2617 1687 2653 manifeste
1743 2640 1746 2643 Δ

239 2663 396 2707 deinceps
417 2662 578 2703 inhabili,
611 2669 750 2708 propter
771 2664 1001 2700 iusiurandum
1024 2677 1090 2711 quo
1113 2677 1152 2700 se
1174 2666 1423 2705 obstrinxerat,
1461 2664 1504 2698 ad
1527 2675 1600 2697 eam
1623 2674 1686 2707 ge-

239 2709 377 2742 rendam
409 2708 614 2752 dignitatern.
659 2720 721 2742 nec
753 2709 854 2743 istam
877 2711 976 2755 longe
1008 2711 1195 2756 quaesitam
1218 2709 1529 2756 interpretationem
1553 2707 1686 2742 censeri

241 2764 361 2797 posse,
398 2754 457 2787 sed
480 2765 594 2789 veram
616 2754 864 2798 expressionem
887 2761 1002 2790 certae
1024 2757 1225 2798 voluntatis,
1263 2767 1351 2802 quae
1384 2766 1425 2788 ex
1456 2754 1686 2789 conditionata

240 2798 274 2832 in
301 2798 486 2833 absolutam
508 2803 630 2833 eventu
652 2799 726 2844 ipso
750 2800 799 2833 rei
824 2812 884 2845 per
905 2801 1124 2836 conditionem
1149 2811 1330 2847 expressae
1359 2799 1551 2842 transierit,
1583 2810 1686 2844 prae-

238 2844 356 2879 sertim
387 2856 461 2879 cum
491 2845 552 2890 qui
565 2867 567 2870 .
581 2845 682 2879 fidem
712 2844 757 2879 ad
787 2844 823 2879 id
853 2856 946 2881 suam
969 2846 1071 2882 etiam
1093 2847 1254 2892 religione
1275 2845 1486 2881 irrevocabili
1506 2844 1684 2880 iuramenti
