1884 3262
267 237 382 284 482
695 234 928 279 GEORGII
960 232 1306 279 PACHYMERIS

285 349 342 399 ὥς
370 347 434 390 διὰ
464 350 646 401 σωλῆνος
673 345 850 401 αἵρεσιν,
887 345 1010 402 φησί,
1045 343 1289 402 τ’ταρεμφῆνῃ
1305 344 1326 388 ὅ
1344 350 1457 396 θεῖος
1478 341 1719 396 ἀπόστολος,

285 420 417 460 ταῦτα
446 417 512 457 καὶ
539 414 591 457 τὰ
623 417 794 457 τοιαῦτα
823 411 1018 468 ὁσημέραι
1040 411 1390 469 συνερανιζόμενος
1407 414 1538 455 πολλὰ
1555 415 1622 455 καὶ
1645 412 1721 466 τὴν

287 483 329 526 ἴκ
358 483 414 532 εἷς
439 482 511 536 τὴν
543 479 609 524 διά
632 484 850 536 παρεξῆγε,
898 480 1116 523 κάντεῦθεν
1147 483 1277 535 δῆθεν
1312 481 1384 534 τὴν
1415 480 1458 522 ἔκ
1485 479 1718 536 ἐθεράπευε.

231 558 263 592 Ε
286 551 359 604 τὴν
379 551 423 591 δὲ
440 554 512 592 τοῦ
538 549 654 591 θείου
677 551 957 603 Δαμασκηνοῦ
995 548 1111 605 ῥῆσιν
1139 547 1265 604 εὑρών
1292 548 1365 602 τὴν
1391 547 1458 589 διὰ
1477 546 1598 602 λόγου
1616 564 1721 603 προ-

216 638 218 641 ’
278 617 423 673 βολεῦς
442 618 732 674 ἔκφαντορικοῦ
760 615 985 671 πνεύματος
1013 616 1230 671 λέγουσαν,
1271 618 1336 657 καὶ
1357 615 1402 657 τὸ
1425 613 1645 669 προβολεύς
1666 617 1751 664 εῗςὸ

278 686 326 728 τὸ
348 685 475 734 αἴτιος
493 681 840 739 μεταλαμβάνων,
879 684 1006 726 αἴτιον
1027 684 1100 737 μὲν
1126 683 1198 726 οὐκ
1217 683 1320 738 ἔλεγε
1342 683 1412 725 τὸν
1428 682 1517 724 υἱὸν
1542 680 1721 735 πνεύμα-

281 770 373 805 τος,
401 753 529 795 αἴτιον
547 753 591 794 δὲ
607 752 673 794 διὰ
693 755 766 793 τοῦ
785 751 876 794 υἷοῦ
897 751 968 793 τὸν
990 752 1145 807 πατέρα
1171 756 1244 793 τοῦ
1265 748 1492 803 πνεύματος
1511 747 1718 804 ὡμολόγει,

284 822 348 863 ἐπὶ
370 823 436 863 καὶ
460 820 527 862 διὰ
544 817 663 876 λόγου
684 819 909 875 προβολεύς
928 818 1003 861 εἴτ’
1033 815 1104 861 οὖν
1126 818 1255 868 αἴτιος
1276 819 1428 874 λέγεται
1448 822 1521 859 τοῦ
1540 815 1722 870 πνεύμα-

281 904 353 937 τος
385 886 407 930 ὃ
444 885 592 944 πατήρ.
663 884 818 940 ταύτην
853 887 927 941 τὴν
953 887 1071 943 ῥῆσιν
1100 887 1203 936 τινὲς
1230 887 1302 940 μέν
1324 883 1378 935 ὥς
1400 883 1527 928 νόθον
1546 885 1721 940 γέννημα

282 960 357 999 τοῦ
388 955 543 1011 πατρὸς
567 955 848 1009 Δαμασκηνοῦ
876 954 949 996 οὐκ
975 954 1178 1008 ἐδέχοντο·
1221 954 1324 1003 τινὲς
1354 954 1398 995 δὲ
1427 954 1493 994 καὶ
1514 950 1720 1006 δεχόμενοι
1732 958 1776 993 10

280 1021 523 1078 μετήμειβον
551 1022 597 1065 τὸ
620 1019 845 1078 προβολεύς
871 1023 926 1070 εἲς
952 1021 998 1063 τὸ
1025 1019 1243 1076 παροχεῦς,
1274 1023 1338 1063 καὶ
1359 1020 1433 1075 τὴν
1455 1021 1720 1076 ἑκφαντορίαν

145 1106 172 1140 P
196 1109 262 1144 329
286 1090 362 1134 οὐκ
390 1093 446 1140 εἷς
475 1090 549 1145 τὴν
577 1088 748 1145 ὕπαρξιν
778 1087 1096 1142 ἒξελαμβάνοντο
1126 1089 1220 1130 ἀλλ’
1254 1091 1308 1138 εἲς
1338 1089 1413 1143 τὴν
1437 1089 1477 1136 ἐς
1503 1088 1633 1130 ἀΐδιον
1652 1087 1720 1130 ἴκ-

279 1174 442 1216 φανσιν.
511 1157 647 1211 μέντοι
663 1173 706 1212 γε
728 1158 793 1198 καὶ
811 1155 1047 1199 σκανδάλων
1067 1154 1251 1212 μεγάλων
1269 1155 1458 1212 ἀφορμὰς
1480 1155 1530 1197 τὰ
1549 1159 1719 1197 τοιαῦτα

279 1226 481 1282 παρέσχον
510 1232 595 1274 τοῖς
624 1224 806 1280 ὕστερον.
876 1222 1010 1279 ὥσπερ
1043 1226 1147 1277 δῆτα
1174 1226 1239 1266 καὶ
1259 1224 1307 1266 τὸ
1326 1228 1399 1265 τοῦ
1419 1221 1590 1277 Νύσσης
1609 1226 1647 1264 Γ
1644 1240 1719 1278 ρη-

278 1294 417 1351 γορίου
449 1292 604 1349 πατρὸς
636 1292 759 1350 ῥητὸν
796 1291 843 1333 τὸ
877 1291 979 1334 κατὰ
1002 1293 1192 1347 διαίρεσιν
1218 1289 1495 1346 προαγόμενον
1521 1292 1585 1332 καὶ
1607 1289 1718 1332 οὕτω
1730 1293 1773 1330 15

280 1378 367 1409 πως
385 1361 496 1415 λε’γον
511 1392 522 1411 ,
562 1358 616 1408 ὥς
637 1359 684 1401 τὸ
703 1360 775 1413 μὲν
794 1358 920 1400 αἴτιον
943 1357 1138 1401 πιστεύειν
1158 1359 1204 1400 τὸ
1229 1360 1271 1401 δὲ
1298 1360 1339 1399 ἐκ
1357 1362 1429 1412 τῆς
1452 1359 1604 1410 αι’τιάς,
1642 1361 1718 1400 τοῦ

279 1429 324 1471 δὲ
348 1428 388 1479 ἔξ
411 1428 541 1475 αἰτίας
564 1426 679 1477 ὄντος
699 1424 819 1468 πάλιν
839 1425 965 1481 ἄλλην
985 1427 1187 1483 διαφορὰν
1208 1427 1439 1480 ἐννοοῦμεν·
1474 1425 1521 1468 τὸ
1543 1426 1616 1478 μὲν
1638 1425 1716 1481 γὰρ

279 1500 489 1553 προσεχῶς
508 1494 550 1537 ἔκ
568 1499 642 1537 τοῦ
663 1492 826 1551 πρώτου
839 1526 852 1546 ,
888 1495 936 1537 τὸ
970 1495 1014 1536 δὲ
1034 1495 1101 1537 διὰ
1121 1498 1194 1537 τοῦ
1214 1498 1419 1551 προσεχῶς
1441 1494 1483 1535 ἐκ
1506 1497 1578 1535 τοῦ
1603 1490 1717 1549 πριό-

226 1572 257 1607 Β
280 1570 377 1617 του,
414 1568 486 1617 τῆς
503 1566 575 1605 τοῦ
603 1563 694 1605 υἱοῦ
713 1562 911 1617 μεσιτείας
938 1564 1004 1604 καὶ
1035 1561 1166 1621 ἑαυτῷ
1188 1562 1233 1605 τὸ
1259 1562 1467 1617 μονογενὲς
1486 1558 1718 1617 φυλαττού-

255 1648 355 1688 σης
387 1633 454 1674 καὶ
480 1631 527 1673 τὸ
555 1634 716 1685 πνεῦμα
749 1634 823 1685 τῆς
848 1634 921 1673 τοῦ
950 1631 1105 1689 πατρὸς
1141 1630 1312 1686 σχέσεως
1348 1629 1405 1685 μὴ
1437 1627 1772 1686 ἀπειργούσης.’20

218 1779 224 1783 ’
275 1783 367 1818 illam
389 1783 556 1817 haeresim
584 1782 767 1817 insinuasse
794 1782 925 1818 divinus
956 1784 1137 1831 Apostolus
1170 1785 1307 1828 putetur
1334 1793 1401 1836 qua
1436 1779 1592 1815 Christus
1621 1778 1718 1824 quasi

274 1840 339 1874 per
361 1829 509 1862 canalem
539 1829 703 1862 transisse
736 1840 797 1873 per
824 1829 985 1873 virginem
1016 1831 1176 1875 fingitur:
1209 1828 1313 1871 haec,
1343 1838 1495 1872 mquam,
1527 1824 1717 1870 similiaque

276 1874 424 1918 undique
447 1874 621 1907 conferens
644 1874 793 1917 quotidie
814 1874 978 1918 plurima,
1002 1887 1043 1910 ex
1069 1877 1103 1910 in
1128 1886 1187 1920 per
1211 1875 1430 1913 immittebat,
1452 1882 1510 1905 eas
1534 1871 1716 1915 particulas

277 1918 453 1953 conflando
476 1918 512 1952 in
534 1919 700 1953 notionem
723 1930 844 1958 uuam;
863 1920 979 1965 sicque
1002 1921 1159 1954 videlicet
1179 1920 1330 1953 diluebat
1346 1919 1469 1952 crimen
1495 1915 1716 1950 additamenti

276 1964 313 1998 in
344 1963 527 2008 symbolum
554 1964 699 2005 intrusi,
731 1976 796 2008 quo
828 1965 865 2000 S.
899 1965 1069 2010 Spiritus,
1093 1971 1131 1999 ut
1153 1976 1195 1998 ex
1218 1970 1333 2009 patre,
1364 1964 1415 1997 ita
1437 1974 1480 1996 ex
1502 1962 1572 1994 filio
1596 1972 1717 2005 proce-

277 2010 360 2043 dere
387 2009 590 2049 affirmatun
631 2013 812 2054 praeterea
843 2010 928 2043 idem
959 2011 1099 2045 inventa
1128 2011 1198 2044 divi
1227 2009 1420 2043 Damasceni
1452 2006 1617 2042 sententia
1647 2017 1716 2051 qua

277 2060 377 2100 pater
399 2065 461 2100 per
481 2055 619 2088 verbum
644 2052 844 2101 προβολεὺς
866 2055 1004 2090 emissor
1026 2055 1238 2090 enuntiatorii
1259 2054 1406 2099 Spiritus
1428 2053 1573 2094 dicitur,
1596 2055 1633 2086 et
1654 2062 1715 2086 vo-

277 2111 350 2134 cem
375 2098 578 2144 προβολεῦς
608 2099 747 2134 emissor
775 2100 851 2134 sive
880 2101 1030 2146 prolator
1058 2107 1224 2146 tamquam
1246 2100 1332 2134 idem
1362 2099 1604 2143 significantem
1625 2097 1717 2142 quod

277 2146 397 2185 αἴτιος
419 2155 522 2178 causa
544 2144 617 2178 sive
649 2145 848 2189 principium
882 2157 1064 2192 usurpans,
1093 2147 1152 2181 ubi
1184 2147 1396 2180 observasset
1416 2156 1481 2177 non
1504 2143 1619 2176 dicere
1641 2141 1716 2186 qui-

277 2190 352 2224 dem
377 2191 617 2224 Damascenum
638 2190 831 2236 simpliciter
853 2190 955 2225 filium
986 2204 1061 2226 esse
1083 2203 1216 2225 causam
1254 2191 1326 2225 sive
1350 2189 1546 2234 principium
1568 2187 1717 2233 Spiritus

278 2236 415 2277 Sancti,
438 2235 541 2268 fateri
561 2239 673 2269 tamen
694 2241 826 2280 patrem
844 2247 920 2270 esse
939 2249 1070 2271 causam
1087 2238 1236 2282 Spiritus
1254 2235 1372 2270 Sancti
1393 2246 1453 2280 per
1472 2235 1587 2276 filium,
1610 2243 1717 2278 quan-

278 2280 456 2325 doquidem
480 2282 521 2314 ab
544 2292 583 2313 eo
605 2285 703 2326 pater
726 2292 788 2327 per
809 2283 949 2316 verbum
970 2283 1119 2327 Spiritus
1140 2283 1257 2317 Sancti
1279 2278 1496 2327 προβολεύς,
1517 2278 1607 2324 quod
1627 2279 1716 2312 idem

280 2330 379 2360 sonat
409 2336 450 2358 ac
477 2326 614 2367 αἴτιος,
648 2337 723 2360 esse
745 2326 940 2361 affirmetur.
986 2330 1072 2362 hanc
1105 2329 1303 2362 sententiam
1325 2327 1427 2372 aliqui
1450 2331 1486 2360 ut
1508 2323 1717 2359 subdititiam

280 2375 317 2405 et
339 2370 423 2404 falso
447 2372 640 2405 attributam
662 2371 751 2416 patri
774 2372 979 2407 Damasceno
1001 2374 1164 2407 reiiciunt.
1209 2374 1344 2419 quidam
1367 2376 1479 2406 autem
1501 2381 1574 2406 eam
1596 2368 1718 2403 admit·-

279 2419 414 2456 tentes,
446 2415 519 2468 loco
549 2416 703 2450 vocabuli
727 2415 928 2462 προβολεῦς
961 2419 1168 2453 substituunt
1189 2419 1222 2453 in
1244 2419 1302 2453 illa
1322 2416 1506 2462 παροχεῦς
1527 2415 1716 2461 praebitor,

281 2464 318 2495 et
349 2461 532 2514 quaenlllis
562 2461 686 2495 mentio
719 2463 910 2507 adiungitur
940 2462 1184 2508 ἐκφαντορίας
1224 2464 1471 2499 enuntiatoriae
1509 2459 1717 2507 prolationis,

277 2516 354 2558 ¹¹9¹!
364 2505 413 2558 ad
434 2506 591 2558 ὐπαρξιν
616 2507 799 2541 extantiam
820 2510 970 2544 referunt
991 2510 1050 2544 aed
1074 2511 1115 2544 ad
1133 2508 1256 2546 ἀΐδιον
1274 2509 1450 2554 ἓκφανσιν
1471 2513 1641 2550 aeternam
1655 2516 1718 2539 ex-

278 2551 482 2585 hibitionem.
529 2562 695 2585 enimvero
720 2554 949 2589 scandalorum
968 2567 1158 2598 magnorum
1180 2556 1372 2590 occasiones
1386 2555 1469 2588 talia
1489 2552 1717 2598 praebuerunt

281 2595 447 2649 ΡΡξῧθῐῖῠ,
471 2598 511 2629 ¹¹¹3
531 2595 749 2649 vid-elicetflt
769 2599 832 2632 hoc
855 2599 1003 2644 Nysseni
1025 2601 1186 2646 Gregorii
1208 2601 1315 2646 patris
1337 2601 1460 2634 dictum
1473 2622 1484 2642 ,
1516 2598 1551 2632 in
1574 2607 1639 2641 quo
1663 2595 1716 2628 di—

281 2652 377 2674 visim
398 2640 442 2675 de
464 2646 614 2686 personis
636 2643 756 2676 divinis
778 2645 891 2688 agitur
914 2645 965 2680 his
987 2647 1099 2681 verbis
1121 2650 1191 2680 “ut
1212 2648 1299 2681 illam
1321 2646 1453 2692 quidem
1483 2652 1618 2677 causam
1639 2651 1717 2674 cre-

280 2686 417 2739 damus,
439 2686 525 2740 hanc
546 2692 658 2720 autem
679 2698 722 2720 ex
745 2700 867 2730 causa,
888 2701 1003 2725 rursus
1026 2692 1125 2726 aliam
1147 2692 1367 2726 differentiam
1379 2688 1608 2734 intelligimus:
1629 2687 1716 2721 haec

279 2742 367 2765 enim
390 2734 552 2782 continu-³·
565 2742 607 2765 ex
629 2731 756 2775 prima,
779 2733 845 2767 ista
867 2745 927 2778 per
948 2737 1181 2772 mediationem
1203 2738 1263 2772 filii
1283 2737 1341 2783 qui
1361 2735 1514 2770 continue
1544 2746 1587 2768 ex
1607 2732 1717 2779 prima

280 2781 334 2810 est
347 2801 357 2818 ‚
378 2787 446 2821 qua
467 2776 666 2817 mediatione
686 2776 777 2811 filius
801 2778 889 2813 idem
920 2785 956 2814 et
990 2781 1055 2816 sibi
1086 2783 1248 2827 unigeniti
1268 2782 1507 2828 proprietatem
1542 2784 1658 2815 servat
1679 2780 1717 2812 et

281 2820 444 2867 Spiritum
465 2832 486 2856 a
508 2821 670 2857 relatione
691 2823 800 2868 patris
820 2833 886 2860 non
908 2826 1036 2862 arcet.”
1082 2827 1167 2863 haec
1187 2828 1356 2874 allegabat
1375 2825 1581 2875 patriarcha,
1602 2828 1717 2862 ostea-
