1846 3262
421 176 522 272 'DE
555 200 837 245 MICHAELE
867 201 1249 246 PALAEoLoGo
1284 203 1332 246 L.
1362 202 1396 247 1.
1586 204 1650 249 85

170 315 301 371 u'pmg·
330 314 390 370 μὴ
420 314 522 371 ἔχειν
555 313 835 372 ἐπιπλήττειν,
870 319 931 374 τῷ
951 315 1001 358 δέ
1023 333 1067 372 γε
1090 313 1222 376 detinet
1239 317 1308 358 καὶ
1325 316 1418 358 λίαν
1443 316 1650 372 ἕπιμωκη-

168 383 348 440 σάμενον
363 382 584 440 χλευάσαι,
625 385 766 428 καὶτὰ
793 387 850 436 εἷς
881 384 1017 441 γένος,
1054 383 1111 435 ὦς
1141 383 1294 438 νόθος,
1330 386 1423 428 λιάν
1449 389 1648 443 λαμπρῶς

168 453 378 498 ὀνειδίσαι.
450 456 519 496 καὶ
549 452 607 505 ὥς
634 448 756 505 οὗτος
784 453 844 510 εἴη
871 451 1026 511 φάναι,
1065 454 1138 497 τὸν
1155 451 1399 511 Νικηφόρον
1423 455 1584 508 δείξας,
1621 453 1643 498 ὅ

167 523 266 578 ἐμὸς
284 521 486 580 ἀδελφός,
526 524 576 566 σύ
600 525 644 567 δὲ
661 521 847 576 σκότιος,
877 522 938 578 μὴ
963 522 1040 577 οὐχ
1070 522 1181 573 ὅπως
1204 520 1422 581 ἐλεύθερος
1437 523 1543 566 ἀλλὰ
1564 526 1631 566 καὶ
1657 538 1688 572 E:

133 594 317 643 ὅδοῦλος
338 593 482 637 αὐτοῦ.
553 597 687 636 ταῦτα
715 592 815 647 μετ’
839 593 1083 649 ἐμβριθείας
1110 589 1295 642 εἰπόντος
1316 597 1391 635 τοῦ
1416 594 1646 649 Πρίγκιπος

161 661 364 716 Ἀχιλλεὺς
387 658 438 717 ἦν
464 661 589 713 ἄλλος
615 659 849 717 δ’Ῑωᾶννης
862 662 1054 717 μηνίσας.
1124 658 1218 704 τότε
1249 661 1385 705 θέλων
1411 663 1542 713 δεῖξαι
1562 662 1642 705 αὗ-

164 731 236 781 τὸς
262 730 319 774 ὢν
348 731 397 774 τὸ
433 735 515 774 πᾶν
547 736 622 775 τοῦ
652 735 859 788 στρατοῦ,
900 732 968 774 καὶ
1002 728 1064 781 οἷς
1086 728 1138 773 ἄν
1159 729 1426 788 προσκέοιτο,
1465 731 1642 782 ἐκείνους

163 804 386 854 νικῶντας,
414 800 583 855 πέμψας
601 800 665 844 δι’
685 797 933 857 ἀπορρήτων
948 799 1095 849 νυκτὸς
1117 806 1203 850 τοῖς
1219 806 1466 857 στρατηγοῖς
1488 802 1640 856 διαμη-

163 867 302 912 νῦεται
330 868 388 920 ὥς
406 869 532 920 αὐτὸς
549 869 645 925 μετ’
677 868 816 919 αὐτῶν
842 868 957 913 ἔσται
995 871 1063 913 καὶ
1093 866 1148 920 ὥς
1166 866 1410 924 ἐπιθήσω-το
1434 876 1521 920 τοῖς
1537 869 1635 924 μετ’

109 945 153 978 10
164 937 293 982 αὐτοῦ
308 938 502 992 Ἰταλοῖς,
539 941 662 994 βλαξὶ
678 941 745 982 καὶ
765 945 986 996 τρυφεροῖς
1005 933 1143 991 οὖσιν,
1183 938 1216 981 εἷ
1238 936 1367 993 μόνον
1397 940 1541 982 ἐκεῖνοι
1559 937 1631 996 ὅρ-
1656 954 1686 988 Ρ
1710 956 1753 990 51

160 1013 286 1066 μῷεν.
354 1008 461 1063 πλὴν
486 1012 699 1052 καθιστῶν
728 1009 834 1066 πρὸς
865 1009 1040 1058 ἐκείνους
1077 1008 1174 1058 τοὺς
1207 1006 1379 1065 ὅρκους,
1427 1007 1480 1051 τοὶ
1511 1008 1636 1051 πιστὰ

161 1074 294 1134 ἐτήρει
321 1084 408 1128 τοῖς
431 1080 521 1135 περὶ
549 1078 622 1122 τὸν
648 1077 809 1135 πατέρα
830 1079 899 1120 καὶ
929 1077 1002 1121 τὸν
1022 1076 1152 1120 αὐτοῦ
1175 1076 1356 1135 ἀδελφὸν
1374 1075 1632 1134 Νικηφόρον,

160 1145 266 1189 ὥστε
283 1144 526 1202 ἀλωβήτους
547 1147 700 1198 αὐτοῦς
717 1144 1050 1204 διατηρήσαντας
1068 1153 1154 1197 τοῖς
1171 1150 1329 1197 λοιποῖς
1339 1146 1510 1197 Ἰταλοῖς
1526 1142 1633 1199 οὖσι,

159 1217 227 1258 καὶ
248 1214 527 1274 διαφερόντως
547 1224 632 1267 τοῖς
651 1221 726 1261 τοῦ
745 1218 994 1274 Πρίγκιπος,
1031 1213 1157 1271 ὁμόσε
1171 1223 1335 1273 χωρεῖν.
1376 1220 1508 1259 ταῦτα
1530 1233 1632 1259 συν-

105 1288 150 1334 15
161 1285 347 1340 θεμένων
379 1285 538 1330 ἐκείνων
548 1320 561 1340 ,
610 1288 679 1330 καὶ
713 1284 1059 1337 ἆνταλλαξάντων
1088 1287 1145 1336 εἲς
1173 1285 1272 1336 τοὺς
1297 1284 1445 1342 ὅρκους
1469 1284 1521 1328 τὰ
1542 1285 1630 1342 ἱεροὶ

157 1352 439 1411 περιάμματα,
469 1353 748 1413 συρρήγνυται
765 1353 879 1411 μάχη
898 1356 1067 1412 μεγίστη
1089 1354 1207 1398 ἔνθεν
1224 1355 1298 1410 μὲν
1310 1353 1527 1410 Ῥωμαίοις
1550 1354 1632 1398 σὺν·

156 1424 342 1480 Πέρσαις
372 1427 440 1468 καὶ
467 1430 664 1485 Σκυθικῷ
692 1426 868 1483 πλείστῳ
884 1457 898 1477 ,
945 1426 1100 1467 ἐκεῖθεν
1124 1425 1170 1468 δὲ
1196 1431 1282 1474 τοῖς
1302 1428 1376 1468 τοῦ
1397 1424 1629 1480 Πρίγκιπος

151 1492 349 1544 Ἰταλοῖς·
385 1495 456 1537 τὸν
482 1495 562 1551 γὰρ
588 1494 746 1551 πατέρα
785 1496 852 1537 καὶ
880 1493 1059 1551 ἀδελφὸν
1092 1493 1168 1537 σὺν
1211 1500 1299 1556 τοῖς
1329 1494 1419 1550 περὶ
1450 1493 1625 1543 ἐκείνους
1646 1504 1679 1538 Β

156 1564 273 1619 σφίσι
298 1563 351 1606 τὰ
382 1565 493 1607 δεινὰ
523 1566 727 1614 ἐπισείσας
749 1562 989 1620 ἄποναρκᾶν
1005 1563 1109 1618 πρὸς
1133 1562 1206 1618 τὴν
1221 1561 1359 1619 μάχην
1378 1563 1499 1605 ἐποίει
1510 1595 1526 1615 ,
1557 1563 1625 1605 καὶ

98 1641 145 1675 20
156 1631 232 1687 οὐχ
253 1630 365 1683 ὅπως
380 1633 452 1676 τὸν
473 1631 652 1689 πόλεμον
676 1630 986 1688 ἀναβάλλεσθαι
1009 1631 1115 1675 ἀλλὰ
1139 1634 1206 1675 καὶ
1231 1630 1312 1675 {md
1333 1629 1442 1675 πόδα
1462 1631 1624 1686 ἀναχω-

154 1709 261 1757 ρεῖν,
298 1702 423 1753 αὐτὸς
444 1703 488 1745 δὲ
507 1702 612 1746 κατὰ
638 1700 772 1746 νώτου
795 1709 882 1752 τοῖς
897 1701 1069 1752 Ἰταλοῖς
1096 1701 1483 1758 προσεπιτιθέμενος
1512 1701 1624 1744 δεινοὶ

152 1772 290 1816 ἐποίει.
359 1774 428 1815 καὶ
459 1770 552 1816 τότε
585 1772 766 1829 ἔγνωσαν
794 1771 945 1815 Ἰταλοὶ
985 1771 1334 1829 παραδεδομένοι,
1381 1772 1448 1813 καὶ
1479 1769 1621 1813 ἀπεδί-

148 1891 321 1934 stinuisse,
348 1891 426 1927 duci
449 1895 562 1928 autem
583 1895 624 1928 ut
638 1893 806 1928 tumultus
825 1891 956 1927 auctori
979 1893 1253 1933 succensentem,
1278 1902 1354 1925 eum
1376 1890 1619 1926 contumeliose

149 1938 364 1984 appellasse,
394 1940 631 1985 exprobrando
665 1940 767 1974 etiam
805 1939 995 1974 luculenter
1029 1951 1070 1974 ac
1100 1939 1211 1984 palam
1243 1937 1411 1972 dedecore
1441 1937 1618 1971 natalium.

149 1996 223 2019 cum
247 1985 334 2020 enim
357 1985 387 2020 is
410 1986 640 2031 Nicephorum
660 1986 839 2021 ostendens
865 1986 1010 2020 “frater
1031 1984 1160 2020 meus''
1183 1983 1343 2029 dixisset,
1367 1986 1512 2030 “apage
1523 1983 1543 1998 ’'
1568 1982 1618 2017 ait

147 2030 316 2077 Princeps
340 2043 426 2066 voce
446 2033 608 2076 sublata,
632 2034 731 2067 oculo
753 2044 829 2068 eum
854 2031 1086 2079 contemptore
1109 2030 1241 2076 figensz
1274 2034 1335 2065 “tu
1368 2030 1453 2064 enim
1484 2029 1617 2074 spurius

146 2088 210 2112 nec
232 2078 320 2112 liber
341 2077 517 2123 tenebrio,
540 2079 597 2114 vix
633 2091 676 2114 eo
706 2079 782 2114 iure
814 2078 945 2125 aspires
977 2083 1017 2114 ut
1046 2089 1165 2114 servus
1191 2077 1265 2112 eius
1296 2076 1379 2112 sis.”
1423 2076 1476 2111 his
1499 2075 1616 2111 verbis

145 2123 236 2158 haud
259 2124 375 2159 mitius
397 2137 497 2172 quam
521 2126 578 2160 ille
610 2130 712 2160 vetus
735 2125 994 2171 Agamemnonis
1019 2123 1178 2160 conviciis
1211 2135 1319 2158 novus
1339 2123 1490 2158 Achilles
1510 2122 1615 2156 Ioan-

145 2181 208 2204 nes
239 2171 428 2206 concitatus
459 2172 494 2206 in
521 2173 608 2207 iram
642 2184 710 2207 non
742 2173 850 2207 minus
872 2184 1051 2207 memorem
1082 2175 1118 2205 et
1140 2170 1234 2205 exitu
1256 2169 1391 2205 noxiam
1414 2167 1611 2204 excanduit.

143 2228 290 2263 moxque
312 2222 351 2252 ut
375 2219 621 2254 demonstraret
639 2220 857 2266 praecipuam
889 2230 927 2253 se
949 2223 1082 2265 partem
1103 2218 1222 2251 harum
1248 2217 1419 2262 copiarum
1443 2226 1521 2249 esse
1534 2241 1546 2258 ‚
1571 2226 1613 2248 ac

144 2275 359 2310 quocumque
388 2264 585 2300 inclinasset
620 2277 735 2300 secum
770 2266 948 2300 victoriam
979 2271 1188 2307 tracturum,
1219 2262 1326 2297 missis
1348 2262 1483 2296 arcanis
1506 2262 1611 2295 noctu

142 2310 255 2345 literis
289 2310 333 2345 ad
364 2310 469 2345 duces
501 2311 644 2346 hostium
674 2311 846 2357 significat
876 2324 914 2346 se
951 2323 1026 2346 cum
1049 2310 1134 2357 ipsis
1162 2311 1260 2352 fore,
1291 2314 1327 2343 et
1348 2308 1508 2354 impetum
1533 2318 1610 2341 cum

143 2356 216 2392 suis
239 2358 410 2392 facturum
432 2357 469 2391 in
483 2357 647 2393 Italorum
669 2358 918 2392 multitudinem
940 2358 1087 2393 mollium
1108 2355 1380 2401 imbelliumque‚
1415 2354 1445 2390 si
1475 2365 1535 2388 eos
1557 2352 1608 2387 illi

140 2403 370 2438 adorirentur.
416 2403 509 2438 cavit
538 2407 672 2446 tamen,
704 2410 825 2439 exacto
863 2405 898 2439 in
932 2405 968 2439 id
1002 2405 1046 2438 ab
1077 2403 1127 2438 eis
1159 2401 1401 2444 iureiurando,
1427 2400 1520 2447 patri
1547 2411 1608 2434 suo

140 2449 304 2496 despotae
327 2462 369 2485 ac
395 2451 497 2484 fratri
527 2451 745 2496 Nicephoro,
783 2456 824 2485 ut
851 2452 939 2486 salvi
962 2457 1106 2496 uterque
1131 2447 1325 2494 innoxiique
1346 2447 1610 2482 dimitterentur.

141 2495 176 2530 in
199 2496 351 2550 reliquos
374 2497 498 2540 Italos,
522 2497 734 2542 maximeque
755 2497 791 2531 in
812 2497 934 2532 milites
958 2496 1151 2542 Principis,
1182 2494 1273 2529 omni
1292 2494 1327 2529 vi
1349 2493 1430 2528 belli
1452 2493 1606 2528 saevire-

140 2545 210 2576 tur.
257 2543 315 2577 lus
338 2543 430 2577 inter
462 2555 520 2578 eos
553 2545 747 2588 conventis,
777 2548 813 2578 et
834 2543 971 2579 firmata
1003 2543 1176 2588 utrimque
1206 2540 1425 2575 iureiurando
1448 2539 1517 2574 fide
1542 2549 1605 2584 per

139 2589 434 2624 commutationem
455 2601 628 2625 sacrorum
651 2591 892 2632 amuletorum,
915 2595 1014 2625 atrox
1038 2600 1154 2635 pugna
1175 2587 1405 2630 committitur,
1427 2586 1505 2620 hinc
1528 2584 1603 2639 qui-

139 2635 216 2669 dem
235 2635 397 2670 Romanis
420 2648 495 2672 cum
518 2637 640 2672 Persis·
657 2640 694 2671 et
720 2637 927 2681 Scytharum
950 2647 1051 2670 manu
1071 2645 1195 2680 magna
1218 2633 1449 2676 irruentibus,
1479 2635 1604 2667 stanti-

137 2681 203 2715 bus
226 2687 346 2716 contra
366 2682 484 2726 Italis,
507 2683 567 2730 qui
588 2684 652 2718 sub
676 2683 835 2728 Principe
863 2683 1050 2718 merebant.
1096 2693 1172 2716 nam
1202 2680 1294 2725 patri
1320 2685 1355 2714 et
1376 2678 1478 2714 fiatri
1499 2677 1601 2711 Ioan-

139 2737 200 2761 nes
228 2734 472 2773 persuaserat,
503 2741 610 2776 grave
642 2729 679 2764 ni
709 2729 864 2764 facerent
895 2729 1080 2776 periculum
1102 2726 1296 2771 intentam,
1319 2730 1359 2761 ut
1380 2737 1447 2760 non
1468 2725 1600 2777 tantum

139 2773 351 2810 abstinerent
372 2787 488 2821 pugna
501 2802 514 2820 ,
546 2776 608 2811 sed
631 2776 751 2822 pedem
774 2775 875 2810 etiam
895 2777 1067 2810 referrent
1090 2777 1194 2821 atque
1215 2773 1252 2807 in
1273 2777 1383 2808 tutum
1406 2783 1444 2807 se
1469 2781 1602 2824 recipe-

136 2822 225 2855 rent.
270 2820 347 2866 ipse
374 2833 478 2867 porro
501 2834 523 2857 a
542 2827 643 2868 tergo
674 2821 781 2856 Italos
802 2822 944 2858 adortus
974 2832 1127 2868 magnam
1158 2829 1275 2855 eorum
1308 2825 1461 2863 stragem
1495 2816 1600 2850 dedlt.

135 2868 206 2900 tum
230 2866 362 2903 demum
383 2879 461 2904 sese
484 2869 564 2905 Itali
585 2868 741 2914 proditos
762 2874 962 2913 senserunt3
993 2867 1171 2914 sparsique
1193 2865 1232 2900 in
1251 2866 1367 2911 fugam
1390 2862 1517 2911 passim
1541 2874 1600 2897 nec
