1846 3262
201 195 295 242 124
619 193 854 238 GEORGII
886 195 1239 243 PACHYMERIS

194 313 278 364 μᾶν
298 308 463 361 ἐξιέναι,
503 306 590 362 ἅμα
615 309 659 350 δὲ
681 309 746 350 καὶ
773 312 848 352 τοῦ
879 309 1004 353 αὐτὸν
1027 310 1201 362 βασιλέα
1222 307 1337 362 δόξαι
1356 316 1471 355 νικᾶν
1491 315 1557 355 καὶ
1579 318 1662 355 πᾶ-

194 395 273 420 σαν
293 377 367 432 τὴν
389 376 517 419 αὐτοῦ
547 374 721 432 δύναμιν
740 378 802 420 ἐπὶ
827 378 952 421 ταύτὸ
972 383 1258 422 συνελθοῦσαν
1279 379 1380 435 ἅμα.
1449 378 1540 424 τότε
1560 386 1660 437 γοῦν

191 450 354 488 πολλῶν
383 445 489 488 καθ’
514 443 670 502 ἡμέραν
698 447 741 489 ἐκ
770 451 844 490 τοῦ
865 449 1022 502 τείχους
1039 448 1307 503 βαλλομένων
1330 466 1382 492 τε-
1393 451 1459 492 καὶ
1484 448 1657 493 πιπτόν-

139 525 169 559 C
193 532 274 556 των
293 512 472 568 ιὀβόλοις
489 516 692 570 μεγίστοις
714 514 958 571 μαγγάνοις,
999 515 1102 559 ὥστε
1130 519 1197 559 καὶ
1219 519 1437 571 οῗκτίζοντο
1460 536 1657 575 κατειρω-

187 581 417 637 νευόμενοι,
454 584 512 639 μὴ
544 584 736 634 θέλοντες
757 583 923 640 βάλλειν
953 585 1050 627 ἀλλ’
1085 585 1335 640 ἀποπέμπειν
1353 585 1424 629 τὸν
1445 587 1558 637 ἐντὸς
1581 592 1691 636 τοῦ5

187 652 336 705 βέλους
357 651 470 695 ῗόντα
491 653 557 695 διὰ
581 654 653 710 τὴν
673 652 892 710 ἐγγύτητα,
934 653 989 704 ὡς
1010 659 1060 711 τῇ
1080 657 1249 710 γυναικί,
1290 652 1345 704 ὥς
1366 655 1524 710 ἔλεγον,
1562 657 1655 698 δια-

188 719 384 774 σώζοιτο,
423 723 489 765 καὶ
511 721 598 776 ἅμα
630 721 770 780 φήμης
801 725 1059 779 διαχεθείσης
1081 722 1136 774 ὡς
1167 726 1210 774 ἕξ
1229 724 1462 779 ἀποστολῆς
1483 723 1654 780 ἐπέστη-

188 806 267 831 σαν
298 790 412 833 ἄλλοι
440 795 620 835 πλεῖστοι
661 794 726 835 καὶ
762 794 946 849 ἰσχυροί,
992 791 1294 849 ὑπερπαθήσας
1326 790 1413 835 οἷον
1440 791 1508 835 ὁιά
1535 809 1578 835 τε
1605 793 1652 836 τὸ

187 863 262 901 τοῦ
296 858 424 903 κόπου
452 860 589 913 κενόν,
628 863 695 904 καὶ
721 862 825 915 μετὰ
858 861 931 916 τὴν
964 866 1046 904 τῶν
1070 860 1277 905 πεσόντων
1301 861 1512 917 ἀποβολὴν
1531 863 1566 903 εἴ
1585 863 1652 903 καὶ

187 928 344 983 γέλωτα
380 929 503 987 ὦφλει
530 929 588 985 μὴ
621 929 910 987 καταπράξας,
953 930 1052 986 ἔγνω
1092 930 1305 974 καταλύειν
1346 930 1417 973 τὸν
1460 929 1649 983 πόλεμον,
1665 943 1710 976 10

135 1001 168 1036 D
191 996 297 1052 πλὴν
321 998 368 1041 οὗ
386 999 491 1041 κατὰ
513 998 746 1054 συνθήκας,
780 999 840 1042 ‘lv’
861 998 994 1057 ἑαυτῷ
1015 1000 1238 1056 ἀπολογίαν
1266 999 1443 1055 εὐπρεπῆ
1464 1001 1653 1042 καταλεί-

187 1077 263 1120 ψοι
285 1066 341 1118 ὥς
366 1070 432 1110 καὶ
455 1066 576 1111 πάλιν
595 1069 695 1111 κατ’
716 1068 878 1124 ἀγαθὰς
899 1070 1064 1119 ἐλπίδας
1085 1068 1395 1124 ἐπιθησόμενος.

133 1139 166 1174 Ε
329 1138 406 1182 21.
481 1136 586 1180 Τότε
617 1138 664 1180 ὁέ
693 1155 796 1187 τινες
827 1142 909 1180 τῶν
938 1139 1092 1180 οἰκείων
1125 1142 1182 1196 τῷ
1209 1142 1374 1193 βασιλεῖ
1398 1136 1494 1179 κατ’
1517 1135 1651 1179 ἄνεσιν

184 1210 401 1263 διατριβῆς
432 1204 665 1258 ἐξελθόντες
689 1207 914 1262 ἐπέστησαν
942 1212 991 1263 τῇ
1013 1207 1118 1249 κατὰ
1138 1207 1207 1250 τὸν
1226 1206 1432 1262 Ἕβδομον
1455 1210 1531 1248 τοῦ
1552 1210 1651 1248 θεο-

183 1276 306 1333 λόγου
337 1280 469 1332 μονῇ,
511 1275 641 1329 ὄνομα
673 1274 819 1330 μόνον,
858 1275 904 1317 οὐ
936 1280 1074 1330 σχῆμα
1097 1274 1283 1333 σωζούσῃ
1301 1279 1451 1336 μονῆς,
1488 1276 1555 1316 καὶ
1577 1274 1647 1317 τὸν
1661 1283 1707 1319 15

182 1348 306 1389 ἐκεῖσε
327 1345 426 1388 ναὸν
458 1342 735 1396 εἷσελθόντες,
773 1344 1012 1399 ἦρειμμένον
1033 1346 1099 1386 καὶ
1127 1350 1273 1387 τοῦτον
1293 1347 1359 1386 καὶ
1380 1345 1434 1393 εἰς
1453 1341 1648 1399 θρεμμά-

59 1422 88 1456 Ρ
113 1423 154 1457 81
182 1433 264 1458 των
286 1414 455 1456 ἔπαυλιν
475 1412 573 1456 ὄντα
587 1446 600 1466 ,
639 1416 704 1455 καὶ
735 1416 831 1470 τῇδε
866 1412 1021 1455 κάκεῖσε
1043 1412 1376 1469 περιβλεπόμενοι
1397 1415 1462 1454 καὶ
1483 1410 1529 1454 τό
1550 1428 1648 1454 ποτε

179 1488 255 1528 τοῦ
284 1487 386 1526 ναοῦ
417 1480 565 1532 κάλλος
594 1483 636 1524 ἐκ
666 1487 748 1526 τῶν
775 1480 982 1537 λειψάνων
1014 1480 1300 1537 θαυμάζοντες
1318 1477 1441 1539 (ἦσαν
1463 1479 1508 1523 δ’
1533 1474 1648 1524 οὗτοι

270 1594 304 1629 2.
329 1591 435 1638 τότε]
461 1590 503 1628 τό
527 1604 566 1638 γε
590 1593 631 1628 Ρ.
766 1593 820 1627 10.
847 1589 987 1637 ὅφλοιῖ)

183 1685 417 1726 cernentibus,
443 1695 480 1719 se
502 1688 573 1719 tam
600 1696 728 1731 paucos
751 1687 790 1718 ut
813 1684 953 1730 prodire
975 1696 1042 1718 non
1066 1682 1250 1726 auderent,
1274 1682 1317 1717 ab
1340 1683 1519 1726 ingruente
1539 1681 1648 1716 unde-

182 1744 324 1777 cumque
346 1731 580 1766 innumerabili
603 1731 817 1765 multitudine
841 1731 995 1776 superari
1011 1730 1216 1776 nequivisse,
1240 1729 1431 1763 blandiente
1453 1733 1649 1773 praeterea,

182 1780 212 1813 si
246 1779 288 1811 ad
319 1783 505 1811 extremum
538 1778 657 1811 invicti
690 1778 871 1819 durarent,
906 1789 966 1822 spe
1000 1789 1069 1811 non
1103 1788 1189 1810 vane
1227 1775 1398 1820 gloriandi
1432 1778 1647 1820 praesentem

179 1825 291 1870 ipsum
313 1825 500 1867 Augustum
518 1835 592 1858 cum
617 1824 744 1858 coactis
767 1824 801 1858 in
824 1835 926 1857 unum
947 1823 1116 1857 universis
1137 1822 1272 1867 imperii
1295 1822 1424 1856 viribus
1450 1820 1647 1854 Latinorum

180 1882 292 1916 parva
320 1882 419 1904 manu
445 1871 638 1905 debellatos.
688 1875 859 1904 caeterum
883 1870 1147 1914 oppugnantium
1181 1868 1334 1913 quotidie
1366 1867 1536 1912 plurimis,
1568 1866 1647 1900 telis

181 1916 376 1961 ingentibus
399 1919 648 1963 catapultarum
673 1927 714 1949 ex
739 1917 871 1950 crebris
894 1916 978 1949 muri
1001 1916 1134 1950 fissuris
1159 1914 1293 1948 assidue
1316 1914 1534 1948 iaculantium
1548 1938 1556 1953 ‚
1587 1923 1647 1946 ca-

183 1963 365 2005 dentibus,
391 1963 579 1998 addebatur
602 1962 783 1997 ludibrium
806 1963 947 2004 damno,
972 1962 1071 1996 etiam
1094 1961 1314 1995 illudentibus
1337 1972 1380 1994 ex
1404 1964 1478 1993 tuto
1501 1959 1647 1992 librato-

181 2009 294 2052 ribus,
324 2014 358 2043 et
381 2021 478 2054 quem
499 2009 590 2044 intra
612 2009 737 2044 iactum
761 2020 822 2054 per
844 2010 1039 2044 fenestellas
1062 2008 1257 2048 cernebant,
1282 2017 1324 2039 ex
1348 2005 1535 2051 propinquo
1553 2015 1646 2038 com-

182 2055 344 2101 pellatum
377 2055 508 2090 ironica
542 2055 776 2089 misericordia
806 2055 926 2089 timere
960 2055 1178 2088 vetantibusz
1213 2053 1300 2087 haud
1327 2051 1414 2086 enim
1438 2063 1513 2085 sese
1536 2051 1646 2095 ipsum

182 2105 355 2147 utcunque
379 2103 570 2147 contiguum
592 2102 660 2136 telo
687 2103 878 2148 petituros,
909 2113 952 2135 ne
974 2103 1042 2134 tam
1066 2102 1174 2135 bellus
1197 2099 1249 2133 vir
1271 2098 1454 2132 uxorculae
1477 2109 1560 2131 suae
1582 2108 1645 2142 pe-

181 2147 279 2181 riret.
328 2159 431 2192 super
461 2149 546 2183 haec
568 2159 687 2194 sparsa
709 2149 798 2182 sama
831 2151 884 2181 est
914 2158 992 2182 mox
1015 2147 1123 2181 affore
1147 2158 1167 2180 a
1200 2145 1281 2180 sede
1312 2144 1431 2178 missas
1455 2143 1646 2187 apostolica

181 2194 293 2227 lectas
322 2194 519 2240 validasque
550 2195 665 2240 copias
705 2196 741 2229 in
770 2193 927 2228 auxilium
959 2194 1117 2228 obsessis,
1171 2196 1253 2226 tunc
1288 2191 1420 2225 demum
1459 2189 1645 2233 imperator

178 2239 279 2283 quasi
303 2241 434 2274 fractus
458 2242 587 2285 animo,
612 2241 701 2286 quod
725 2245 863 2287 praeter
885 2239 1017 2274 irritum
1041 2240 1187 2273 laborem
1211 2244 1246 2272 et
1269 2243 1321 2275 tot
1345 2240 1556 2270 strenuorum
1580 2234 1644 2268 mi-

177 2285 276 2319 litum
299 2286 463 2321 iacturam
489 2287 590 2322 etiam
614 2290 780 2322 metueret
803 2298 845 2321 ne
867 2297 990 2331 magno
1014 2298 1074 2320 suo
1098 2286 1224 2330 probro
1249 2295 1312 2329 per
1333 2283 1398 2316 vim
1427 2281 1505 2315 inde
1527 2292 1567 2314 re
1587 2280 1644 2314 in-

177 2331 273 2365 fecta
295 2332 492 2376 pelleretur,
516 2338 638 2378 sponte
657 2334 863 2368 obsidionem
887 2335 1017 2367 solvere
1040 2338 1074 2366 et
1097 2332 1349 2376 oppugnatione
1371 2328 1536 2362 absistere
1561 2337 1644 2360 con-

180 2377 317 2420 stituit,
341 2378 400 2412 sed
427 2379 516 2413 citra
540 2380 791 2414 conventionem
815 2390 888 2413 cum
916 2379 1065 2413 obsessis
1086 2379 1187 2412 ullam
1204 2404 1212 2418 ‚
1239 2377 1276 2410 id
1300 2377 1342 2410 ad
1367 2375 1645 2420 qualemcumque

177 2424 359 2458 valiturum
378 2425 627 2459 excusationem
651 2431 838 2468 autumans,
862 2426 957 2470 quasi
981 2437 1047 2460 non
1069 2430 1139 2459 tam
1163 2423 1336 2458 omitteret
1357 2421 1528 2464 inceptum
1542 2429 1645 2464 quam

176 2468 212 2503 in
234 2472 367 2524 tempus
391 2472 610 2517 opportunius
635 2472 812 2516 differret,
837 2483 911 2506 cum
934 2472 986 2506 rei
1017 2470 1212 2518 prosperius
1234 2468 1418 2504 tentandae
1440 2477 1478 2501 se
1501 2463 1644 2500 offerret

177 2527 324 2550 occasio.

271 2563 328 2597 21.
375 2563 547 2608 Tempore
577 2563 675 2598 istius
706 2564 829 2599 obsidii
860 2563 994 2610 quidam
1027 2575 1070 2598 ex
1109 2561 1238 2597 familia
1259 2557 1476 2605 imperatoris
1498 2556 1642 2591 circum-

179 2618 337 2653 quaque,
359 2611 398 2642 ut
421 2609 462 2642 fit
478 2634 489 2652 ,
513 2615 696 2654 evagantes
719 2611 818 2645 animi
842 2610 957 2650 gratia
985 2610 1195 2645 devenerunt
1223 2609 1259 2642 in
1288 2604 1435 2649 theologi
1468 2607 1641 2637 monaste—

183 2653 292 2697 rium,
316 2654 351 2688 in
375 2655 538 2690 suburbio
563 2656 616 2690 cui
653 2668 771 2690 nomen
803 2657 1012 2691 Hebdomum
1033 2657 1145 2691 situm.
1192 2658 1370 2701 supererat
1391 2662 1508 2686 nomen
1531 2649 1640 2684 solum

182 2700 400 2743 monasterii,
435 2702 545 2736 forma
579 2702 652 2737 eius
683 2703 770 2736 omni
793 2703 898 2737 ruinis
921 2703 1044 2739 deleta.
1091 2703 1139 2736 illi
1161 2702 1320 2746 templum
1345 2699 1431 2743 quod
1454 2697 1502 2731 ibi
1525 2696 1640 2730 ruerat

183 2744 347 2790 ingressi,
374 2748 582 2782 destructum
613 2753 649 2783 et
679 2748 785 2794 ipsum
811 2754 847 2783 et.
868 2749 902 2783 in
925 2750 1094 2784 stabulum
1117 2754 1342 2783 armentorum
1364 2749 1550 2784 mutatum,
1573 2741 1640 2774 huc

183 2791 332 2845 illucque
355 2793 636 2828 circumferebant
669 2794 805 2838 oculos,
839 2807 859 2829 e
893 2795 1076 2829 miserabili
1108 2795 1222 2840 specie
1255 2792 1493 2838 reliquiarum,
1513 2792 1643 2834 quant-⁸

184 2838 307 2873 suisset
328 2838 417 2874 illius
442 2851 516 2876 cum
542 2840 651 2876 adhue
680 2846 791 2877 staret
815 2841 909 2878 aedis
942 2852 1061 2877 sacrae
1081 2841 1295 2888 pulchritudo
1311 2864 1323 2885 ,
1354 2851 1420 2875 non
1442 2839 1516 2874 sine
1537 2834 1642 2872 admi-
