1884 3262
461 167 538 210 DE
574 168 857 212 MlCHAELE
889 170 1273 217 PALAEOLOGO
1309 174 1360 217 L.
1392 173 1495 241 III.⁴
1582 174 1706 221 ‘229

212 283 348 323 ταῦτα
377 285 546 325 παθεῖν.
616 286 742 326 τοῦτο
773 284 800 325 δ
805 281 820 301 ’
850 278 902 339 ἦν
923 288 1199 339 μεμονῶσθαι
1218 285 1292 331 τὸν
1310 284 1571 347 πατριάρχην
1597 286 1705 333 ’ὕπο-

211 349 461 405 κλιθέντων,
501 348 558 401 ὥς
578 353 645 393 καὶ
665 356 749 395 τῶν
769 351 931 405 ἄλλων,
970 354 1144 399 ἐκείνων.

354 419 435 464 25.
483 419 764 483 Ἀναληπτέον
786 422 854 465 καὶ
878 422 928 465 τὸ
947 427 1021 466 τοῦ
1039 422 1220 466 σουλτὰν
1236 422 1463 480 Ἀζατίνου,
1499 423 1546 478 ὃς
1565 425 1695 485 μοῒροί
1723 431 1750 473 P
1776 438 1841 475 153

210 504 272 538 τις
302 487 439 544 γέγονε
469 490 679 545 δυστυχὴς
711 488 981 543 Μακεδόσιν,
1029 491 1129 535 εἶ’πω
1167 493 1308 536 δὲκαὶ
1343 496 1501 555 Θρᾳξί,
1550 498 1619 539 καὶ
1652 497 1700 541 τὸ

175 561 285 600 ὄτοῦ
324 555 510 613 κομήτου
540 558 804 616 προάγγελμα
835 561 894 610 εἷς
924 560 1094 612 ἔκβασιν
1123 561 1244 604 ἔθετο
1264 568 1475 620 προφανῆ.
1549 565 1700 617 ἐκεῖνος

205 626 286 684 γὰρ
307 627 371 669 ἐπὶ
398 632 590 671 πλεῖστον
617 633 670 687 τῇ
701 631 1023 673 Κωνσταντίνου
1050 629 1364 686 προστετηκιός,
1400 634 1469 675 καὶ
1496 630 1698 693 ὅσημέραι

205 698 452 752 προσδοκῶν
474 695 686 752 ἐπανήξειν
701 697 809 752 μεθ’
833 697 896 741 ὅτι
923 700 1117 755 πλείστης
1140 697 1306 755 ι’σχύος,
1344 701 1428 743 ἐπεὶ
1449 700 1498 745 τὸ
1518 703 1560 745 ἓν
1576 702 1695 746 ’ἐλπί-

203 780 270 808 σιν
299 764 538 822 ἀπέγνωστο
570 766 678 825 (ᾔδει
706 766 784 824 γὰρ
816 766 924 811 ἄλλα
964 767 1038 811 τὸν
1077 769 1253 823 βασιλέα
1283 768 1691 828 πραγματευόμενον,

204 834 338 878 καὶτὸ
363 837 490 891 κῆδος
519 835 658 879 ἔπειθε
680 835 728 879 τὸ
759 836 865 893 πρὸς
896 836 970 880 τὸν
997 837 1182 894 Ἀπαγᾶν
1216 836 1274 888 ὥς
1302 838 1455 883 οὐκέθ’
1488 838 1694 899 ὑποστρέ-

148 911 192 944 10
203 901 335 960 ψειεν)
348 936 362 957 ,
401 902 533 960 εὗρών
552 909 615 964 τῷ,
633 903 726 948 τότε
748 905 891 962 καιρὸν
913 904 960 950 ὃν
982 903 1008 962 ἦ
1026 912 1102 950 τοῦ
1133 907 1339 961 βασιλέως
1367 908 1549 952 ἀπουσία
1570 909 1686 955 δέον·
1712 919 1743 954 Β

200 970 254 1015 τά
275 973 314 1015 οἱ
339 980 544 1030 παρεῖχεν,
580 972 850 1030 διαμηνύεται
873 979 956 1018 τῶν
975 977 1053 1018 τινὶ
1075 981 1292 1033 συγγενῶν,
1331 976 1506 1038 ἕπιδόξῳ
1527 996 1571 1035 γε
1599 978 1688 1023 ὄντι

198 1041 306 1084 κατὰ
327 1041 382 1084 τὰ
402 1042 507 1098 πρὸς
535 1041 688 1099 ι’ίρκΐον
708 1043 814 1099 μέρη
834 1048 909 1087 τοῦ
929 1044 1125 1096 Εὐξείνου
1149 1043 1320 1098 πόντου,
1359 1048 1566 1092 δυσωπῶν
1584 1048 1689 1092 ἐπα-

196 1111 330 1164 μῦναί
351 1110 391 1154 οἳ
424 1109 610 1171 ἀσιδήρῳ
643 1114 940 1172 πεφυλαγμένῳ
969 1114 1084 1171 παρὰ
1115 1116 1224 1174 φίλῳ
1251 1118 1312 1173 τῷ
1344 1119 1530 1170 βασιλεῖ,
1565 1116 1688 1162 οῦδὲν

198 1179 356 1236 ἔχθροῦ
386 1181 639 1238 διαφέροντι.
713 1180 814 1225 εἶναι
848 1182 928 1239 γὰρ
968 1182 1131 1242 ἐκείνῳ,
1190 1184 1224 1227 εἰ
1255 1181 1452 1238 βούλοιτο
1492 1190 1684 1242 βοηθεῖν,

142 1254 184 1290 15
197 1253 411 1293 συνελθεῖν
436 1251 744 1310 Κωνσταντίνῳ
767 1253 834 1294 καὶ
862 1249 1095 1296 σπεύδοντα
1113 1257 1372 1310 παροτρῦναι
1391 1254 1497 1312 πρὸς
1514 1255 1590 1311 τὴν
1607 1261 1684 1300 τοῦ

193 1319 398 1374 βασιλέως
417 1320 616 1365 ἐπίθεσιν.
686 1322 755 1363 καὶ
776 1320 903 1364 αὐτὸν
925 1323 971 1364 δὲ
999 1324 1227 1376 οῗκονομεΐν
1248 1321 1351 1379 παρ’
1382 1323 1532 1368 ἐκεῖνον
1555 1324 1671 1379 ἴέναι,
1698 1330 1729 1365 C

195 1389 263 1430 καὶ
292 1386 426 1438 οὕτως
453 1389 588 1448 ἐκείνῳ
619 1388 798 1432 συνόντα
825 1389 928 1450 ῥᾷον
959 1391 1067 1433 καθ’
1112 1389 1211 1434 ὁδὸν
1244 1392 1425 1435 ἐκπεσεῖν
1455 1394 1513 1442 εἲς
1539 1400 1684 1451 χεῖρας

194 1457 386 1510 ἐκείνοις,
436 1459 472 1500 εἲ
498 1457 628 1513 μόνον
658 1457 867 1513 Τοχοῖροις
901 1460 1076 1510 συνεξίοι
1116 1458 1205 1514 ἅμα
1236 1462 1546 1521 Κωνσταντίνῳ
1574 1462 1681 1518 μετὰ

193 1524 462 1582 Βουλγᾶρων.
532 1529 600 1570 καὶ
620 1530 656 1570 εἴ
672 1528 747 1581 μὲν
767 1526 856 1587 ἁλῷ
877 1530 945 1570 καὶ
973 1528 1100 1579 αὐτὸς
1128 1527 1347 1583 βασιλεύς,
1387 1524 1431 1573 εὖ
1466 1528 1568 1574 εἶναι
1591 1539 1679 1583 τοῖς

134 1593 534 1652 Ξοέπιθησομένοις·
572 1598 609 1640 εἴ
630 1599 656 1639 δ
663 1596 675 1612 '
703 1591 802 1651 οὗν,
842 1595 950 1640 ἀλλὰ
969 1598 1082 1641 λείαν
1114 1597 1465 1656 περιβαλομένους
1483 1601 1677 1658 πλείστην

187 1762 400 1844 ίτῖατοῐιιιιιιί]
427 1762 481 1798 his
510 1773 667 1810 quoque,
701 1762 802 1798 sicuti
833 1762 901 1799 iam
933 1762 993 1799 alii
1024 1765 1196 1807 fecerant,
1234 1763 1279 1799 ad
1309 1766 1428 1811 partes
1458 1763 1673 1810 imperatoris

183 1809 377 1846 transeunti
402 1820 456 1847 us.

280 1856 337 1891 25.
383 1855 602 1891 Resumenda
623 1867 713 1890 nunc
735 1859 790 1891 est
812 1855 967 1892 narratio
991 1867 1106 1891 rernm
1125 1855 1279 1891 Sultanis
1300 1855 1454 1898 Azatini‚
1478 1855 1539 1903 qui
1560 1857 1670 1892 fatum

186 1902 288 1938 triste
311 1907 418 1949 atque
452 1902 639 1937 infaustum
671 1903 842 1948 quoddam
865 1903 1113 1938 Macedonibus
1146 1902 1283 1945 extitit,
1307 1903 1362 1938 aio
1386 1902 1490 1937 etiam
1514 1903 1666 1938 Thraci-

186 1949 271 1992 bus3
294 1953 331 1984 et
363 1960 454 1996 quae
486 1949 589 1983 laeva
621 1960 795 1996 saevaque
827 1950 943 1984 minax
977 1954 1110 1984 cometa
1140 1949 1383 1995 portenderat,
1407 1952 1535 1984 eventu
1557 1950 1667 1985 mani-

184 1995 295 2038 festo,
323 1995 478 2041 pernicie
501 1995 638 2040 publica
660 1996 827 2041 patravit.
873 1996 929 2031 hic
952 2001 1132 2042 postquam
1164 1995 1223 2029 diu
1257 1996 1350 2041 apud
1373 1995 1666 2042 constantinopo-

183 2041 242 2076 lim
265 2042 421 2077 taediosa
444 2041 679 2076 contabuisset
701 2054 820 2085 mora,
851 2042 888 2077 in
919 2042 996 2077 dies
1019 2047 1207 2088 expectans
1240 2042 1361 2076 reduci
1383 2054 1422 2076 se
1445 2053 1520 2076 cum
1544 2053 1666 2088 magno

185 2088 340 2122 exercitu
363 2088 400 2123 in
422 2088 599 2122 Persidem
614 2114 625 2132 ,
647 2089 707 2122 ubi
730 2101 810 2135 spes
833 2089 906 2123 eins
928 2089 983 2124 rei
1005 2089 1112 2124 omnis
1135 2089 1287 2123 extincta
1320 2088 1387 2133 ipsi
1418 2087 1574 2122 funditus
1598 2093 1664 2129 est,

183 2137 255 2168 tum
277 2136 381 2179 longa
409 2134 616 2169 infinitarum
648 2136 911 2170 frustrationum
942 2135 1172 2181 experientia,
1206 2139 1279 2168 tum
1309 2132 1457 2168 maxime
1480 2134 1573 2179 quod
1596 2145 1664 2168 non

181 2179 362 2224 ignoraret
383 2181 466 2226 quid
490 2192 564 2215 cum
587 2180 658 2216 suis
680 2181 838 2217 hostibus
860 2182 945 2216 clam
969 2186 1139 2216 tractaret
1165 2181 1373 2226 imperator,
1408 2183 1444 2214 et
1473 2180 1595 2215 foedus
1618 2182 1662 2215 ab

182 2238 223 2260 eo
244 2226 350 2260 ictum
371 2238 447 2261 cum
469 2229 634 2272 Apagane
656 2234 866 2274 compertum
897 2229 1061 2270 haberet,
1097 2230 1186 2261 unde
1219 2226 1304 2261 satis
1334 2225 1505 2260 intellexit
1535 2226 1661 2261 nullm

181 2271 245 2306 sibi
267 2272 434 2307 redeundi
464 2285 612 2318 unquam
645 2274 788 2320 amplius
813 2275 862 2319 ⁸ad
886 2274 1043 2309 amissum
1066 2273 1294 2319 principatum
1323 2271 1492 2318 reliquam
1514 2283 1591 2307 esse
1613 2273 1659 2307 fi-

179 2318 315 2353 duciam
339 2319 489 2361 debere,
515 2325 636 2354 nactus
657 2322 943 2355 accommodatam
966 2321 1037 2355 suis
1058 2319 1247 2354 rationibus
1269 2319 1499 2360 occasionem,
1529 2319 1658 2354 absen-

180 2364 262 2399 tiam
284 2365 521 2409 imperatoris,
554 2365 682 2411 allegat
714 2367 819 2402 fidum
843 2367 911 2402 sibi
933 2367 1099 2402 hominem
1123 2365 1168 2400 ad
1198 2365 1376 2411 quemdam
1399 2376 1419 2399 e
1442 2365 1597 2410 cognatis
1619 2364 1657 2399 in

179 2411 439 2456 septentrionali
461 2411 588 2446 Euxini
610 2411 710 2446 Ponti
733 2417 847 2448 tractu
870 2417 1127 2459 praepotentem
1140 2438 1151 2456 ,
1174 2422 1276 2446 orans
1298 2414 1338 2446 ut
1359 2410 1428 2446 sibi
1454 2411 1656 2446 subveniret

179 2457 265 2492 citra
286 2459 416 2492 ferrum
435 2460 471 2492 et
495 2457 630 2492 vincula
652 2459 807 2494 custodia
836 2460 977 2494 detento
1002 2460 1045 2494 ab
1068 2459 1277 2504 imperatore
1300 2457 1409 2493 amico
1431 2457 1468 2492 ia
1491 2457 1654 2503 speciem,

177 2514 303 2539 revera
326 2504 407 2538 nihil
431 2505 476 2538 ab
499 2504 600 2539 hoste
622 2504 817 2540 differente.
863 2517 968 2552 posse
990 2505 1079 2539 enim
1100 2505 1192 2539 illum
1214 2504 1336 2547 facile,
1360 2503 1391 2538 si
1413 2503 1532 2546 vellet,
1555 2503 1654 2539 auxi-

176 2549 253 2584 liari
277 2550 347 2585 sibi
370 2562 455 2596 opes
486 2562 560 2585 cum
584 2550 810 2586 Constantino
838 2552 1093 2596 coniungendo,
1123 2554 1160 2585 et
1187 2550 1279 2585 hunc
1309 2553 1431 2595 sponte
1458 2555 1653 2584 currentem

176 2596 351 2632 incitando
384 2598 428 2632 ad
458 2597 653 2632 irruendum
681 2597 866 2644 improviso
897 2598 932 2632 in
962 2598 1211 2643 imperatorem.
1267 2607 1346 2631 sese
1376 2596 1486 2641 ipsum
1518 2595 1585 2630 iam
1612 2594 1651 2629 id

175 2653 303 2687 agere,
337 2655 380 2678 ac
411 2648 672 2679 consecuturum
701 2655 846 2690 sperare
862 2669 872 2684 ,
905 2648 946 2679 ut
975 2644 1074 2679 adire
1102 2644 1343 2689 imperatorem
1364 2642 1431 2677 sibi
1453 2643 1557 2677 liceat
1570 2665 1582 2684 ‚
1607 2650 1650 2676 eo

176 2689 319 2724 consilio
340 2693 381 2724 ut
403 2701 565 2735 praesens
588 2701 664 2725 eum
686 2690 937 2726 dissimulanter
958 2690 996 2725 in
1018 2695 1162 2736 paratas
1184 2700 1248 2735 per
1268 2689 1360 2724 viam
1381 2687 1523 2723 insidias
1544 2696 1650 2734 prae-

176 2734 309 2781 cipitet.
354 2737 491 2772 veniret
510 2740 643 2771 tantum
665 2741 703 2771 et
725 2737 868 2772 eductos
887 2749 1000 2772 secum
1014 2737 1194 2772 'rocham
1218 2747 1293 2771 cnm
1316 2734 1542 2769 Constantino
1562 2732 1650 2768 Bul-

174 2781 337 2828 garisque
358 2782 395 2817 in
418 2795 626 2818 communem
649 2783 896 2830 expeditionem
918 2784 1093 2827 traheret-;
1124 2793 1169 2819 ac
1197 2782 1232 2817 si
1254 2781 1411 2828 quidem,
1447 2780 1540 2827 quod
1561 2788 1647 2826 pro-

176 2838 253 2863 num
283 2833 425 2875 spei-atu
455 2829 659 2873 videbatur,
692 2834 876 2877 caperetur
912 2830 1121 2876 imperatos,
1151 2829 1253 2865 facile
1284 2836 1456 2875 apparete
1485 2829 1649 2874 qun-un
