<?xml version="1.0" encoding="UTF-8"?>
<!DOCTYPE html PUBLIC "-//W3C//DTD XHTML 1.0 Transitional//EN"
    "http://www.w3.org/TR/xhtml1/DTD/xhtml1-transitional.dtd">
<html xmlns="http://www.w3.org/1999/xhtml" xml:lang="en" lang="en">
 <head>
  <title>
</title>
<meta http-equiv="Content-Type" content="text/html;charset=utf-8" />
  <meta name='ocr-system' content='tesseract 3.04.00' />
  <meta name='ocr-capabilities' content='ocr_page ocr_carea ocr_par ocr_line ocrx_word'/>
</head>
<body>
  <div class='ocr_page' id='page_1' title='image "./corpusscriptorum17niebuoft_0598.png"; bbox 0 0 1884 3262; ppageno 0'>
   <div class='ocr_carea' id='block_1_1' title="bbox 91 2149 211 2183">
    <p class='ocr_par' dir='ltr' id='par_1_1' title="bbox 91 2149 211 2183">
     <span class='ocr_line' id='line_1_1' title="bbox 91 2149 211 2183; baseline 0 0"><span class='ocrx_word' id='word_1_1' title='bbox 91 2149 211 2183; x_wconf 87' lang='lat' dir='ltr'>P4oo</span> 
     </span>
    </p>
   </div>
   <div class='ocr_carea' id='block_1_2' title="bbox 256 228 1316 280">
    <p class='ocr_par' dir='ltr' id='par_1_2' title="bbox 256 228 1316 280">
     <span class='ocr_line' id='line_1_2' title="bbox 256 228 1316 280; baseline -0.006 0"><span class='ocrx_word' id='word_1_2' title='bbox 256 235 354 280; x_wconf 85' lang='lat'>580</span> <span class='ocrx_word' id='word_1_3' title='bbox 659 228 969 273; x_wconf 87' lang='lat' dir='ltr'>OBSERVAT.</span> <span class='ocrx_word' id='word_1_4' title='bbox 1002 228 1316 274; x_wconf 87' lang='lat' dir='ltr'>PACHYMER.</span> 
     </span>
    </p>
   </div>
   <div class='ocr_carea' id='block_1_3' title="bbox 242 337 1709 1350">
    <p class='ocr_par' dir='ltr' id='par_1_3' title="bbox 244 337 1709 957">
     <span class='ocr_line' id='line_1_3' title="bbox 252 337 1709 391; baseline -0.002 -9"><span class='ocrx_word' id='word_1_5' title='bbox 252 345 280 383; x_wconf 87' lang='lat' dir='ltr'>ii</span> <span class='ocrx_word' id='word_1_6' title='bbox 306 341 483 381; x_wconf 89' lang='lat' dir='ltr'>solebant</span> <span class='ocrx_word' id='word_1_7' title='bbox 512 339 580 390; x_wconf 85' lang='lat' dir='ltr'>qui</span> <span class='ocrx_word' id='word_1_8' title='bbox 609 344 722 377; x_wconf 86' lang='lat' dir='ltr'>erant</span> <span class='ocrx_word' id='word_1_9' title='bbox 743 351 794 376; x_wconf 79' lang='lat' dir='ltr'>ex</span> <span class='ocrx_word' id='word_1_10' title='bbox 822 337 1023 376; x_wconf 78' lang='lat' dir='ltr'>monachis</span> <span class='ocrx_word' id='word_1_11' title='bbox 1050 338 1235 390; x_wconf 85' lang='lat' dir='ltr'>promoti.</span> <span class='ocrx_word' id='word_1_12' title='bbox 1292 351 1342 377; x_wconf 85' lang='lat' dir='ltr'>ex</span> <span class='ocrx_word' id='word_1_13' title='bbox 1362 353 1440 390; x_wconf 90' lang='lat' dir='ltr'>quo</span> <span class='ocrx_word' id='word_1_14' title='bbox 1460 351 1600 391; x_wconf 79' lang='lat' dir='ltr'>genere</span> <span class='ocrx_word' id='word_1_15' title='bbox 1617 353 1709 379; x_wconf 89' lang='lat' dir='ltr'>eum</span> 
     </span>
     <span class='ocr_line' id='line_1_4' title="bbox 253 394 1708 448; baseline -0.001 -11"><span class='ocrx_word' id='word_1_16' title='bbox 253 405 351 438; x_wconf 88' lang='lat' dir='ltr'>esset</span> <span class='ocrx_word' id='word_1_17' title='bbox 381 396 567 436; x_wconf 86' lang='lat' dir='ltr'>Arsenius</span> <span class='ocrx_word' id='word_1_18' title='bbox 595 407 645 434; x_wconf 82' lang='lat' dir='ltr'>ex</span> <span class='ocrx_word' id='word_1_19' title='bbox 669 394 936 447; x_wconf 84' lang='lat' dir='ltr'>Apolloniensi</span> <span class='ocrx_word' id='word_1_20' title='bbox 965 396 1203 433; x_wconf 87' lang='lat' dir='ltr'>monasterio</span> <span class='ocrx_word' id='word_1_21' title='bbox 1234 394 1287 432; x_wconf 85' lang='lat' dir='ltr'>ad</span> <span class='ocrx_word' id='word_1_22' title='bbox 1314 394 1504 434; x_wconf 87' lang='lat' dir='ltr'><strong>thronum</strong></span> <span class='ocrx_word' id='word_1_23' title='bbox 1533 398 1708 448; x_wconf 88' lang='lat' dir='ltr'>patriar-</span> 
     </span>
     <span class='ocr_line' id='line_1_5' title="bbox 253 451 1708 504; baseline -0.002 -10"><span class='ocrx_word' id='word_1_24' title='bbox 253 455 404 494; x_wconf 88' lang='lat' dir='ltr'><strong>chalem</strong></span> <span class='ocrx_word' id='word_1_25' title='bbox 431 453 523 491; x_wconf 89' lang='lat' dir='ltr'>olim</span> <span class='ocrx_word' id='word_1_26' title='bbox 554 457 794 504; x_wconf 84' lang='lat' dir='ltr'>assumptus,</span> <span class='ocrx_word' id='word_1_27' title='bbox 824 458 873 490; x_wconf 87' lang='lat' dir='ltr'>ut</span> <span class='ocrx_word' id='word_1_28' title='bbox 900 451 1024 490; x_wconf 79' lang='lat' dir='ltr'><strong>tradit</strong></span> <span class='ocrx_word' id='word_1_29' title='bbox 1051 453 1244 502; x_wconf 83' lang='lat' dir='ltr'>Gregoras</span> <span class='ocrx_word' id='word_1_30' title='bbox 1271 451 1297 490; x_wconf 89' lang='lat' dir='ltr'>l.</span> <span class='ocrx_word' id='word_1_31' title='bbox 1321 454 1368 500; x_wconf 84' lang='lat'>3,</span> <span class='ocrx_word' id='word_1_32' title='bbox 1398 466 1478 490; x_wconf 90' lang='lat' dir='ltr'>non</span> <span class='ocrx_word' id='word_1_33' title='bbox 1502 454 1646 491; x_wconf 87' lang='lat' dir='ltr'>mirum</span> <span class='ocrx_word' id='word_1_34' title='bbox 1674 453 1708 491; x_wconf 86' lang='lat' dir='ltr'>si</span> 
     </span>
     <span class='ocr_line' id='line_1_6' title="bbox 251 508 1707 561; baseline 0 -13"><span class='ocrx_word' id='word_1_35' title='bbox 251 511 466 561; x_wconf 85' lang='lat' dir='ltr'>mandyam</span> <span class='ocrx_word' id='word_1_36' title='bbox 494 510 612 546; x_wconf 81' lang='lat' dir='ltr'>etiam</span> <span class='ocrx_word' id='word_1_37' title='bbox 641 514 755 547; x_wconf 81' lang='lat' dir='ltr'>extra</span> <span class='ocrx_word' id='word_1_38' title='bbox 779 521 908 550; x_wconf 82' lang='lat' dir='ltr'>sacras</span> <span class='ocrx_word' id='word_1_39' title='bbox 931 514 1099 559; x_wconf 77' lang='lat' dir='ltr'><strong>gestaret</strong></span> <span class='ocrx_word' id='word_1_40' title='bbox 1129 508 1363 546; x_wconf 83' lang='lat' dir='ltr'>functiones.</span> <span class='ocrx_word' id='word_1_41' title='bbox 1419 522 1510 546; x_wconf 88' lang='lat' dir='ltr'>nam</span> <span class='ocrx_word' id='word_1_42' title='bbox 1536 510 1643 548; x_wconf 86' lang='lat' dir='ltr'>civili</span> <span class='ocrx_word' id='word_1_43' title='bbox 1667 515 1707 548; x_wconf 89' lang='lat' dir='ltr'>et</span> 
     </span>
     <span class='ocr_line' id='line_1_7' title="bbox 250 564 1706 616; baseline -0.001 -11"><span class='ocrx_word' id='word_1_44' title='bbox 250 566 423 606; x_wconf 75' lang='lat' dir='ltr'>oidinai</span> <span class='ocrx_word' id='word_1_45' title='bbox 416 580 451 604; x_wconf 88' lang='lat'>10</span> <span class='ocrx_word' id='word_1_46' title='bbox 477 566 626 603; x_wconf 79' lang='lat' dir='ltr'>vestitu</span> <span class='ocrx_word' id='word_1_47' title='bbox 655 565 771 603; x_wconf 79' lang='lat' dir='ltr'>fuisse</span> <span class='ocrx_word' id='word_1_48' title='bbox 803 571 902 603; x_wconf 83' lang='lat' dir='ltr'>tune</span> <span class='ocrx_word' id='word_1_49' title='bbox 924 565 1110 602; x_wconf 83' lang='lat' dir='ltr'>indutum</span> <span class='ocrx_word' id='word_1_50' title='bbox 1128 565 1241 603; x_wconf 90' lang='lat' dir='ltr'>illum</span> <span class='ocrx_word' id='word_1_51' title='bbox 1265 578 1355 603; x_wconf 91' lang='lat' dir='ltr'>cum</span> <span class='ocrx_word' id='word_1_52' title='bbox 1378 564 1565 616; x_wconf 84' lang='lat' dir='ltr'>privatim</span> <span class='ocrx_word' id='word_1_53' title='bbox 1587 572 1626 604; x_wconf 88' lang='lat' dir='ltr'>et</span> <span class='ocrx_word' id='word_1_54' title='bbox 1644 567 1706 604; x_wconf 76' lang='lat' dir='ltr'>fa·-</span> 
     </span>
     <span class='ocr_line' id='line_1_8' title="bbox 248 621 1705 672; baseline -0.003 -10"><span class='ocrx_word' id='word_1_55' title='bbox 248 623 450 662; x_wconf 86' lang='lat' dir='ltr'>miliariter</span> <span class='ocrx_word' id='word_1_56' title='bbox 466 622 679 672; x_wconf 85' lang='lat' dir='ltr'>imperator</span> <span class='ocrx_word' id='word_1_57' title='bbox 682 635 742 658; x_wconf 89' lang='lat' dir='ltr'>em</span> <span class='ocrx_word' id='word_1_58' title='bbox 761 621 868 659; x_wconf 87' lang='lat' dir='ltr'>domi</span> <span class='ocrx_word' id='word_1_59' title='bbox 887 634 978 659; x_wconf 89' lang='lat' dir='ltr'>suae</span> <span class='ocrx_word' id='word_1_60' title='bbox 998 621 1204 670; x_wconf 80' lang='lat' dir='ltr'>inviseret,</span> <span class='ocrx_word' id='word_1_61' title='bbox 1231 635 1294 659; x_wconf 88' lang='lat' dir='ltr'>res</span> <span class='ocrx_word' id='word_1_62' title='bbox 1312 621 1397 672; x_wconf 85' lang='lat' dir='ltr'>ipsa</span> <span class='ocrx_word' id='word_1_63' title='bbox 1416 621 1544 671; x_wconf 81' lang='lat' dir='ltr'>exigit.</span> <span class='ocrx_word' id='word_1_64' title='bbox 1600 625 1705 661; x_wconf 82' lang='lat' dir='ltr'>non-&#39;-</span> 
     </span>
     <span class='ocr_line' id='line_1_9' title="bbox 250 674 1706 730; baseline -0.001 -13"><span class='ocrx_word' id='word_1_65' title='bbox 250 681 347 718; x_wconf 87' lang='lat' dir='ltr'>dum</span> <span class='ocrx_word' id='word_1_66' title='bbox 380 691 442 717; x_wconf 87' lang='lat' dir='ltr'>me</span> <span class='ocrx_word' id='word_1_67' title='bbox 475 679 650 729; x_wconf 86' lang='lat' dir='ltr'>poenitet</span> <span class='ocrx_word' id='word_1_68' title='bbox 670 674 861 730; x_wconf 82' lang='grc' dir='ltr'><em>μανδύαν</em></span> <span class='ocrx_word' id='word_1_69' title='bbox 871 691 1020 716; x_wconf 68' lang='lat' dir='ltr'>sacuam</span> <span class='ocrx_word' id='word_1_70' title='bbox 1042 678 1226 729; x_wconf 83' lang='lat' dir='ltr'>penulam</span> <span class='ocrx_word' id='word_1_71' title='bbox 1250 677 1328 716; x_wconf 91' lang='lat' dir='ltr'>hoc</span> <span class='ocrx_word' id='word_1_72' title='bbox 1348 678 1434 715; x_wconf 91' lang='lat' dir='ltr'>loco</span> <span class='ocrx_word' id='word_1_73' title='bbox 1456 691 1526 716; x_wconf 88' lang='lat' dir='ltr'>ver</span> <span class='ocrx_word' id='word_1_74' title='bbox 1530 678 1638 728; x_wconf 88' lang='lat' dir='ltr'>tisse;</span> <span class='ocrx_word' id='word_1_75' title='bbox 1667 684 1706 716; x_wconf 87' lang='lat' dir='ltr'>et</span> 
     </span>
     <span class='ocr_line' id='line_1_10' title="bbox 249 734 1704 788; baseline -0.001 -14"><span class='ocrx_word' id='word_1_76' title='bbox 249 737 319 788; x_wconf 88' lang='lat' dir='ltr'>qui</span> <span class='ocrx_word' id='word_1_77' title='bbox 345 734 626 787; x_wconf 85' lang='lat' dir='ltr'>perpenderint</span> <span class='ocrx_word' id='word_1_78' title='bbox 654 747 753 785; x_wconf 87' lang='lat' dir='ltr'>quae</span> <span class='ocrx_word' id='word_1_79' title='bbox 786 734 834 772; x_wconf 86' lang='lat' dir='ltr'>de</span> <span class='ocrx_word' id='word_1_80' title='bbox 860 735 1023 786; x_wconf 84' lang='lat' dir='ltr'>penulae</span> <span class='ocrx_word' id='word_1_81' title='bbox 1054 735 1182 772; x_wconf 77' lang='lat' dir='ltr'>1¹·onna</span> <span class='ocrx_word' id='word_1_82' title='bbox 1200 740 1239 772; x_wconf 88' lang='lat' dir='ltr'>et</span> <span class='ocrx_word' id='word_1_83' title='bbox 1260 748 1334 773; x_wconf 90' lang='lat' dir='ltr'>usu</span> <span class='ocrx_word' id='word_1_84' title='bbox 1358 748 1381 771; x_wconf 88' lang='lat' dir='ltr'>a</span> <span class='ocrx_word' id='word_1_85' title='bbox 1402 734 1600 772; x_wconf 82' lang='lat' dir='ltr'>veteribus</span> <span class='ocrx_word' id='word_1_86' title='bbox 1615 740 1704 772; x_wconf 62' lang='lat' dir='ltr'>tra-⁵</span> 
     </span>
     <span class='ocr_line' id='line_1_11' title="bbox 250 789 1703 842; baseline -0.001 -12"><span class='ocrx_word' id='word_1_87' title='bbox 250 793 416 838; x_wconf 83' lang='lat' dir='ltr'>duntur,</span> <span class='ocrx_word' id='word_1_88' title='bbox 446 797 486 828; x_wconf 89' lang='lat' dir='ltr'>et</span> <span class='ocrx_word' id='word_1_89' title='bbox 501 804 545 828; x_wconf 90' lang='lat' dir='ltr'>ea</span> <span class='ocrx_word' id='word_1_90' title='bbox 566 804 655 830; x_wconf 84' lang='lat' dir='ltr'>cum</span> <span class='ocrx_word' id='word_1_91' title='bbox 673 790 831 829; x_wconf 84' lang='lat' dir='ltr'>traditis</span> <span class='ocrx_word' id='word_1_92' title='bbox 852 791 899 828; x_wconf 77' lang='lat' dir='ltr'>&lt;le</span> <span class='ocrx_word' id='word_1_93' title='bbox 918 790 1090 842; x_wconf 84' lang='lat' dir='ltr'>inandya</span> <span class='ocrx_word' id='word_1_94' title='bbox 1111 791 1364 840; x_wconf 76' lang='lat' dir='ltr'>contulerint,</span> <span class='ocrx_word' id='word_1_95' title='bbox 1392 789 1502 828; x_wconf 86' lang='lat' dir='ltr'>haud</span> <span class='ocrx_word' id='word_1_96' title='bbox 1520 791 1703 841; x_wconf 88' lang='lat' dir='ltr'>multum,</span> 
     </span>
     <span class='ocr_line' id='line_1_12' title="bbox 247 844 1705 900; baseline 0.001 -13"><span class='ocrx_word' id='word_1_97' title='bbox 247 855 295 887; x_wconf 88' lang='lat' dir='ltr'>ut</span> <span class='ocrx_word' id='word_1_98' title='bbox 313 861 445 900; x_wconf 86' lang='lat' dir='ltr'>spero,</span> <span class='ocrx_word' id='word_1_99' title='bbox 475 848 760 899; x_wconf 85' lang='lat' dir='ltr'>repugnabunt.</span> <span class='ocrx_word' id='word_1_100' title='bbox 817 847 909 887; x_wconf 83' lang='lat' dir='ltr'>vide</span> <span class='ocrx_word' id='word_1_101' title='bbox 927 853 967 886; x_wconf 85' lang='lat' dir='ltr'>et</span> <span class='ocrx_word' id='word_1_102' title='bbox 986 847 1181 886; x_wconf 83' lang='lat' dir='ltr'>eodinum</span> <span class='ocrx_word' id='word_1_103' title='bbox 1200 848 1352 900; x_wconf 86' lang='lat' dir='ltr'>saepius</span> <span class='ocrx_word' id='word_1_104' title='bbox 1369 860 1506 887; x_wconf 85' lang='lat' dir='ltr'>vocem</span> <span class='ocrx_word' id='word_1_105' title='bbox 1523 844 1705 900; x_wconf 80' lang='grc' dir='ltr'><strong><em>μανδύας</em></strong></span> 
     </span>
     <span class='ocr_line' id='line_1_13' title="bbox 244 910 514 957; baseline -0.008 -14"><span class='ocrx_word' id='word_1_106' title='bbox 244 910 514 957; x_wconf 81' lang='lat' dir='ltr'>usurpantem.</span> 
     </span>
    </p>

    <p class='ocr_par' dir='ltr' id='par_1_4' title="bbox 242 955 1703 1350">
     <span class='ocr_line' id='line_1_14' title="bbox 359 955 1701 1014; baseline -0.001 -12"><span class='ocrx_word' id='word_1_107' title='bbox 359 956 759 1014; x_wconf 82' lang='grc' dir='ltr'><strong>μαρμουτζαςΡ</strong></span> <span class='ocrx_word' id='word_1_108' title='bbox 763 963 890 1003; x_wconf 77' lang='grc'><strong>.282</strong></span> <span class='ocrx_word' id='word_1_109' title='bbox 933 974 971 999; x_wconf 87' lang='lat' dir='ltr'>v.</span> <span class='ocrx_word' id='word_1_110' title='bbox 997 963 1036 1002; x_wconf 89' lang='grc'>8.</span> <span class='ocrx_word' id='word_1_111' title='bbox 1093 956 1348 1013; x_wconf 80' lang='grc' dir='ltr'><strong><em>μαρμούτζαν</em></strong></span> <span class='ocrx_word' id='word_1_112' title='bbox 1381 955 1701 1012; x_wconf 75' lang='grc' dir='ltr'><strong><em>προσωνόμαζὸν,</em></strong></span> 
     </span>
     <span class='ocr_line' id='line_1_15' title="bbox 243 1013 1703 1081; baseline -0.005 -21"><span class='ocrx_word' id='word_1_113' title='bbox 243 1015 540 1081; x_wconf 78' lang='grc' dir='ltr'><strong><em>προσάπτοντες</em></strong></span> <span class='ocrx_word' id='word_1_114' title='bbox 574 1015 702 1068; x_wconf 77' lang='grc' dir='ltr'><em>ὄνομα</em></span> <span class='ocrx_word' id='word_1_115' title='bbox 745 1013 951 1067; x_wconf 82' lang='grc' dir='ltr'><strong>Περσικόν.</strong></span> <span class='ocrx_word' id='word_1_116' title='bbox 1009 1023 1094 1055; x_wconf 87' lang='lat' dir='ltr'>erat</span> <span class='ocrx_word' id='word_1_117' title='bbox 1127 1017 1247 1067; x_wconf 82' lang='lat' dir='ltr'>igitur</span> <span class='ocrx_word' id='word_1_118' title='bbox 1284 1013 1533 1068; x_wconf 80' lang='grc' dir='ltr'><em>μαρμούτζας</em></span> <span class='ocrx_word' id='word_1_119' title='bbox 1558 1029 1703 1055; x_wconf 88' lang='lat' dir='ltr'>nomen</span> 
     </span>
     <span class='ocr_line' id='line_1_16' title="bbox 243 1071 1702 1124; baseline -0.003 -11"><span class='ocrx_word' id='word_1_120' title='bbox 243 1075 370 1114; x_wconf 83' lang='lat' dir='ltr'>Persis</span> <span class='ocrx_word' id='word_1_121' title='bbox 396 1073 608 1122; x_wconf 69' lang='lat' dir='ltr'>familiare,</span> <span class='ocrx_word' id='word_1_122' title='bbox 638 1072 783 1122; x_wconf 79' lang='lat' dir='ltr'>quod</span> <span class='ocrx_word' id='word_1_123' title='bbox 774 1086 815 1109; x_wconf 79' lang='lat' dir='ltr'>in</span> <span class='ocrx_word' id='word_1_124' title='bbox 841 1085 884 1110; x_wconf 91' lang='lat' dir='ltr'>ea</span> <span class='ocrx_word' id='word_1_125' title='bbox 904 1079 1018 1123; x_wconf 80' lang='lat' dir='ltr'>gente</span> <span class='ocrx_word' id='word_1_126' title='bbox 1038 1073 1150 1110; x_wconf 84' lang='lat' dir='ltr'>multi</span> <span class='ocrx_word' id='word_1_127' title='bbox 1168 1073 1374 1124; x_wconf 89' lang='lat' dir='ltr'>proprium</span> <span class='ocrx_word' id='word_1_128' title='bbox 1393 1071 1596 1112; x_wconf 80' lang='lat' dir='ltr'>haberent.</span> <span class='ocrx_word' id='word_1_129' title='bbox 1654 1072 1702 1110; x_wconf 88' lang='lat' dir='ltr'>Id</span> 
     </span>
     <span class='ocr_line' id='line_1_17' title="bbox 244 1127 1702 1180; baseline -0.001 -11"><span class='ocrx_word' id='word_1_130' title='bbox 244 1137 375 1170; x_wconf 86' lang='lat' dir='ltr'>autem</span> <span class='ocrx_word' id='word_1_131' title='bbox 400 1130 549 1168; x_wconf 89' lang='lat' dir='ltr'>idcirco</span> <span class='ocrx_word' id='word_1_132' title='bbox 581 1143 603 1167; x_wconf 86' lang='lat' dir='ltr'>a</span> <span class='ocrx_word' id='word_1_133' title='bbox 629 1127 826 1166; x_wconf 81' lang='lat' dir='ltr'>maledicis</span> <span class='ocrx_word' id='word_1_134' title='bbox 857 1130 1051 1167; x_wconf 84' lang='lat' dir='ltr'>Germano</span> <span class='ocrx_word' id='word_1_135' title='bbox 1084 1129 1379 1180; x_wconf 82' lang='lat' dir='ltr'>imponebatur,</span> <span class='ocrx_word' id='word_1_136' title='bbox 1419 1129 1526 1178; x_wconf 88' lang='lat' dir='ltr'>quod</span> <span class='ocrx_word' id='word_1_137' title='bbox 1562 1129 1617 1177; x_wconf 93' lang='lat' dir='ltr'>is,</span> <span class='ocrx_word' id='word_1_138' title='bbox 1653 1134 1702 1167; x_wconf 83' lang='lat' dir='ltr'>ut</span> 
     </span>
     <span class='ocr_line' id='line_1_18' title="bbox 242 1185 1700 1240; baseline -0.002 -15"><span class='ocrx_word' id='word_1_139' title='bbox 242 1188 363 1240; x_wconf 84' lang='lat' dir='ltr'>paulo</span> <span class='ocrx_word' id='word_1_140' title='bbox 387 1192 477 1237; x_wconf 90' lang='lat' dir='ltr'>post</span> <span class='ocrx_word' id='word_1_141' title='bbox 506 1185 673 1232; x_wconf 88' lang='lat' dir='ltr'>dieitur,</span> <span class='ocrx_word' id='word_1_142' title='bbox 711 1185 964 1223; x_wconf 72' lang='lat' dir='ltr'>remotiorem</span> <span class='ocrx_word' id='word_1_143' title='bbox 993 1186 1180 1236; x_wconf 83' lang='lat' dir='ltr'>originem</span> <span class='ocrx_word' id='word_1_144' title='bbox 1212 1185 1361 1235; x_wconf 82' lang='lat' dir='ltr'>generis</span> <span class='ocrx_word' id='word_1_145' title='bbox 1389 1197 1411 1221; x_wconf 91' lang='lat' dir='ltr'>a</span> <span class='ocrx_word' id='word_1_146' title='bbox 1440 1185 1571 1223; x_wconf 82' lang='lat' dir='ltr'>Gabra</span> <span class='ocrx_word' id='word_1_147' title='bbox 1600 1185 1700 1222; x_wconf 87' lang='lat' dir='ltr'>urbe</span> 
     </span>
     <span class='ocr_line' id='line_1_19' title="bbox 242 1241 1700 1293; baseline -0.001 -11"><span class='ocrx_word' id='word_1_148' title='bbox 242 1243 430 1290; x_wconf 88' lang='lat' dir='ltr'>Persidis,</span> <span class='ocrx_word' id='word_1_149' title='bbox 463 1241 787 1293; x_wconf 82' lang='lat' dir='ltr'>propinquiorem</span> <span class='ocrx_word' id='word_1_150' title='bbox 805 1254 827 1277; x_wconf 86' lang='lat' dir='ltr'>a</span> <span class='ocrx_word' id='word_1_151' title='bbox 843 1242 952 1279; x_wconf 88' lang='lat' dir='ltr'>Lazis</span> <span class='ocrx_word' id='word_1_152' title='bbox 971 1241 1146 1279; x_wconf 85' lang='lat' dir='ltr'>duceret.</span> <span class='ocrx_word' id='word_1_153' title='bbox 1175 1241 1302 1278; x_wconf 84' lang='lat' dir='ltr'>codex</span> <span class='ocrx_word' id='word_1_154' title='bbox 1322 1241 1438 1278; x_wconf 87' lang='lat' dir='ltr'>Allat.</span> <span class='ocrx_word' id='word_1_155' title='bbox 1453 1243 1700 1293; x_wconf 81' lang='grc' dir='ltr'><em>μαρκουτζᾶν</em></span> 
     </span>
     <span class='ocr_line' id='line_1_20' title="bbox 242 1296 1700 1350; baseline -0.001 -13"><span class='ocrx_word' id='word_1_156' title='bbox 242 1300 355 1350; x_wconf 81' lang='lat' dir='ltr'>legit,</span> <span class='ocrx_word' id='word_1_157' title='bbox 399 1298 629 1348; x_wconf 79' lang='lat' dir='ltr'>Anonymus</span> <span class='ocrx_word' id='word_1_158' title='bbox 660 1309 756 1336; x_wconf 89' lang='lat' dir='ltr'>vero</span> <span class='ocrx_word' id='word_1_159' title='bbox 787 1309 867 1346; x_wconf 81' lang='lat' dir='ltr'>ms,</span> <span class='ocrx_word' id='word_1_160' title='bbox 907 1311 1024 1348; x_wconf 85' lang='lat' dir='ltr'>quem</span> <span class='ocrx_word' id='word_1_161' title='bbox 1049 1297 1214 1335; x_wconf 88' lang='lat' dir='ltr'>Allatius</span> <span class='ocrx_word' id='word_1_162' title='bbox 1247 1296 1435 1334; x_wconf 80' lang='lat' dir='ltr'>exscribit</span> <span class='ocrx_word' id='word_1_163' title='bbox 1464 1297 1506 1334; x_wconf 87' lang='lat' dir='ltr'>in</span> <span class='ocrx_word' id='word_1_164' title='bbox 1529 1297 1700 1335; x_wconf 81' lang='lat' dir='ltr'>Exercit.</span> 
     </span>
    </p>
   </div>
   <div class='ocr_carea' id='block_1_4' title="bbox 244 1353 1700 1406">
    <p class='ocr_par' dir='ltr' id='par_1_5' title="bbox 244 1353 1700 1406">
     <span class='ocr_line' id='line_1_21' title="bbox 244 1353 1700 1406; baseline -0.001 -12"><span class='ocrx_word' id='word_1_165' title='bbox 244 1362 384 1394; x_wconf 89' lang='lat' dir='ltr'>contra</span> <span class='ocrx_word' id='word_1_166' title='bbox 408 1356 673 1405; x_wconf 86' lang='lat' dir='ltr'>Creygtonum</span> <span class='ocrx_word' id='word_1_167' title='bbox 689 1367 727 1404; x_wconf 92' lang='lat' dir='ltr'>p.</span> <span class='ocrx_word' id='word_1_168' title='bbox 751 1353 854 1402; x_wconf 86' lang='lat'>605,</span> <span class='ocrx_word' id='word_1_169' title='bbox 887 1355 1140 1406; x_wconf 82' lang='grc' dir='ltr'><strong>μαλχουτζᾶν.</strong></span> <span class='ocrx_word' id='word_1_170' title='bbox 1198 1358 1235 1390; x_wconf 85' lang='lat' dir='ltr'>et</span> <span class='ocrx_word' id='word_1_171' title='bbox 1261 1353 1425 1390; x_wconf 86' lang='lat' dir='ltr'>sortasse</span> <span class='ocrx_word' id='word_1_172' title='bbox 1454 1354 1700 1404; x_wconf 81' lang='grc' dir='ltr'><strong><em>μαρκουτζᾶς</em></strong></span> 
     </span>
    </p>
   </div>
   <div class='ocr_carea' id='block_1_5' title="bbox 240 1408 1746 1461">
    <p class='ocr_par' dir='ltr' id='par_1_6' title="bbox 240 1408 1746 1461">
     <span class='ocr_line' id='line_1_22' title="bbox 240 1408 1746 1461; baseline -0.002 -11"><span class='ocrx_word' id='word_1_173' title='bbox 240 1413 285 1450; x_wconf 85' lang='grc'>111</span> <span class='ocrx_word' id='word_1_174' title='bbox 303 1411 462 1450; x_wconf 83' lang='lat' dir='ltr'>Barbei</span> <span class='ocrx_word' id='word_1_175' title='bbox 453 1424 518 1448; x_wconf 88' lang='lat' dir='ltr'>mo</span> <span class='ocrx_word' id='word_1_176' title='bbox 539 1409 748 1461; x_wconf 86' lang='lat' dir='ltr'>legendum</span> <span class='ocrx_word' id='word_1_177' title='bbox 767 1409 862 1459; x_wconf 84' lang='lat' dir='ltr'>fuit,</span> <span class='ocrx_word' id='word_1_178' title='bbox 890 1410 1047 1448; x_wconf 77' lang='lat' dir='ltr'>fallente</span> <span class='ocrx_word' id='word_1_179' title='bbox 1071 1411 1114 1449; x_wconf 90' lang='lat' dir='ltr'>in</span> <span class='ocrx_word' id='word_1_180' title='bbox 1138 1423 1198 1447; x_wconf 89' lang='lat' dir='ltr'>ms</span> <span class='ocrx_word' id='word_1_181' title='bbox 1217 1408 1470 1447; x_wconf 88' lang='lat' dir='ltr'>similitudine</span> <span class='ocrx_word' id='word_1_182' title='bbox 1489 1409 1698 1448; x_wconf 51' lang='lat' dir='ltr'>character·</span> <span class='ocrx_word' id='word_1_183' title='bbox 1742 1423 1746 1426; x_wconf 85' lang='grc'><strong>’</strong></span> 
     </span>
    </p>
   </div>
   <div class='ocr_carea' id='block_1_6' title="bbox 227 1439 1696 2805">
    <p class='ocr_par' dir='ltr' id='par_1_7' title="bbox 238 1471 511 1508">
     <span class='ocr_line' id='line_1_23' title="bbox 238 1471 511 1508; baseline -0.004 0"><span class='ocrx_word' id='word_1_184' title='bbox 238 1483 328 1508; x_wconf 87' lang='lat' dir='ltr'>rum</span> <span class='ocrx_word' id='word_1_185' title='bbox 393 1473 434 1506; x_wconf 88' lang='lat' dir='ltr'>et</span> <span class='ocrx_word' id='word_1_186' title='bbox 448 1483 472 1507; x_wconf 79' lang='grc' dir='ltr'><strong><em>κ</em></strong></span> <span class='ocrx_word' id='word_1_187' title='bbox 492 1471 511 1493; x_wconf 91' lang='grc'>*</span> 
     </span>
    </p>

    <p class='ocr_par' dir='ltr' id='par_1_8' title="bbox 234 1439 1696 2138">
     <span class='ocr_line' id='line_1_24' title="bbox 347 1439 1696 1577; baseline -0.003 -13"><span class='ocrx_word' id='word_1_188' title='bbox 347 1439 600 1577; x_wconf 50' lang='grc' dir='ltr'>μΖιῑᾶάρπῖηιζ,</span> <span class='ocrx_word' id='word_1_189' title='bbox 606 1536 647 1574; x_wconf 86' lang='grc' dir='ltr'>Ρ.</span> <span class='ocrx_word' id='word_1_190' title='bbox 672 1524 726 1565; x_wconf 79' lang='lat'>28</span> <span class='ocrx_word' id='word_1_191' title='bbox 754 1535 795 1560; x_wconf 80' lang='lat' dir='ltr'>v</span> <span class='ocrx_word' id='word_1_192' title='bbox 812 1525 839 1563; x_wconf 85' lang='lat'><strong>9</strong></span> <span class='ocrx_word' id='word_1_193' title='bbox 865 1527 906 1560; x_wconf 85' lang='lat' dir='ltr'>et</span> <span class='ocrx_word' id='word_1_194' title='bbox 931 1535 969 1574; x_wconf 90' lang='lat' dir='ltr'>p.</span> <span class='ocrx_word' id='word_1_195' title='bbox 994 1525 1075 1564; x_wconf 85' lang='lat'>102</span> <span class='ocrx_word' id='word_1_196' title='bbox 1100 1535 1139 1561; x_wconf 83' lang='lat' dir='ltr'>v.</span> <span class='ocrx_word' id='word_1_197' title='bbox 1161 1524 1224 1563; x_wconf 86' lang='lat'>18.</span> <span class='ocrx_word' id='word_1_198' title='bbox 1283 1521 1587 1573; x_wconf 85' lang='lat' dir='ltr'>Dyrrhachiensi</span> <span class='ocrx_word' id='word_1_199' title='bbox 1611 1522 1696 1574; x_wconf 74' lang='lat' dir='ltr'>epi-⁶</span> 
     </span>
     <span class='ocr_line' id='line_1_25' title="bbox 238 1578 1694 1632; baseline -0.003 -13"><span class='ocrx_word' id='word_1_200' title='bbox 238 1594 356 1632; x_wconf 87' lang='lat' dir='ltr'>scopo</span> <span class='ocrx_word' id='word_1_201' title='bbox 385 1594 458 1631; x_wconf 87' lang='lat' dir='ltr'>pro</span> <span class='ocrx_word' id='word_1_202' title='bbox 488 1578 677 1618; x_wconf 73' lang='lat' dir='ltr'>Michaele</span> <span class='ocrx_word' id='word_1_203' title='bbox 703 1578 928 1628; x_wconf 83' lang='lat' dir='ltr'>Palaeologo</span> <span class='ocrx_word' id='word_1_204' title='bbox 949 1578 1079 1616; x_wconf 88' lang='lat' dir='ltr'>adhuc</span> <span class='ocrx_word' id='word_1_205' title='bbox 1097 1578 1252 1630; x_wconf 86' lang='lat' dir='ltr'>privato</span> <span class='ocrx_word' id='word_1_206' title='bbox 1280 1585 1320 1617; x_wconf 90' lang='lat' dir='ltr'>et</span> <span class='ocrx_word' id='word_1_207' title='bbox 1344 1585 1429 1617; x_wconf 84' lang='lat' dir='ltr'>tum</span> <span class='ocrx_word' id='word_1_208' title='bbox 1448 1579 1694 1631; x_wconf 85' lang='lat' dir='ltr'>periclitante</span> 
     </span>
     <span class='ocr_line' id='line_1_26' title="bbox 238 1634 1692 1686; baseline -0.001 -12"><span class='ocrx_word' id='word_1_209' title='bbox 238 1651 285 1675; x_wconf 83' lang='lat' dir='ltr'>ac</span> <span class='ocrx_word' id='word_1_210' title='bbox 304 1637 453 1674; x_wconf 86' lang='lat' dir='ltr'>solicito</span> <span class='ocrx_word' id='word_1_211' title='bbox 474 1636 592 1673; x_wconf 89' lang='lat' dir='ltr'>deum</span> <span class='ocrx_word' id='word_1_212' title='bbox 613 1634 742 1673; x_wconf 72' lang='lat' dir='ltr'>oranti</span> <span class='ocrx_word' id='word_1_213' title='bbox 761 1635 898 1672; x_wconf 81' lang='lat' dir='ltr'>audita</span> <span class='ocrx_word' id='word_1_214' title='bbox 918 1648 1000 1673; x_wconf 78' lang='lat' dir='ltr'>vox</span> <span class='ocrx_word' id='word_1_215' title='bbox 1022 1636 1194 1673; x_wconf 83' lang='lat' dir='ltr'>refertur</span> <span class='ocrx_word' id='word_1_216' title='bbox 1220 1635 1435 1686; x_wconf 82' lang='lat' dir='ltr'>incognita,</span> <span class='ocrx_word' id='word_1_217' title='bbox 1470 1635 1619 1673; x_wconf 88' lang='lat' dir='ltr'>nullam</span> <span class='ocrx_word' id='word_1_218' title='bbox 1640 1635 1692 1672; x_wconf 80' lang='lat' dir='ltr'>ad</span> 
     </span>
     <span class='ocr_line' id='line_1_27' title="bbox 236 1691 1693 1744; baseline -0.001 -14"><span class='ocrx_word' id='word_1_219' title='bbox 236 1693 408 1744; x_wconf 77' lang='lat' dir='ltr'>linguam</span> <span class='ocrx_word' id='word_1_220' title='bbox 430 1692 651 1744; x_wconf 83' lang='lat' dir='ltr'>pertinens,</span> <span class='ocrx_word' id='word_1_221' title='bbox 680 1692 880 1742; x_wconf 70' lang='grc' dir='ltr'>Μανροιι,</span> <span class='ocrx_word' id='word_1_222' title='bbox 911 1704 1027 1741; x_wconf 87' lang='lat' dir='ltr'>quam</span> <span class='ocrx_word' id='word_1_223' title='bbox 1055 1691 1126 1734; x_wconf 82' lang='lat' dir='ltr'>sibi</span> <span class='ocrx_word' id='word_1_224' title='bbox 1153 1692 1360 1729; x_wconf 83' lang='lat' dir='ltr'>recitatam</span> <span class='ocrx_word' id='word_1_225' title='bbox 1386 1691 1548 1729; x_wconf 71' lang='lat' dir='ltr'>Manu&#39;eLl·</span> <span class='ocrx_word' id='word_1_226' title='bbox 1574 1691 1693 1743; x_wconf 83' lang='lat' dir='ltr'>Disy-</span> 
     </span>
     <span class='ocr_line' id='line_1_28' title="bbox 234 1746 1691 1800; baseline 0 -15"><span class='ocrx_word' id='word_1_227' title='bbox 234 1757 351 1800; x_wconf 86' lang='lat' dir='ltr'>patus</span> <span class='ocrx_word' id='word_1_228' title='bbox 373 1749 573 1800; x_wconf 88' lang='lat' dir='ltr'>episcopus</span> <span class='ocrx_word' id='word_1_229' title='bbox 591 1747 943 1785; x_wconf 85' lang='lat' dir='ltr'>Thessalonicensis</span> <span class='ocrx_word' id='word_1_230' title='bbox 966 1748 1022 1785; x_wconf 87' lang='lat' dir='ltr'>sie</span> <span class='ocrx_word' id='word_1_231' title='bbox 1039 1754 1097 1786; x_wconf 87' lang='lat' dir='ltr'>est</span> <span class='ocrx_word' id='word_1_232' title='bbox 1111 1748 1410 1799; x_wconf 86' lang='lat' dir='ltr'>interpretatus,</span> <span class='ocrx_word' id='word_1_233' title='bbox 1439 1754 1486 1787; x_wconf 87' lang='lat' dir='ltr'>ut</span> <span class='ocrx_word' id='word_1_234' title='bbox 1506 1746 1691 1799; x_wconf 84' lang='lat' dir='ltr'>portendi</span> 
     </span>
     <span class='ocr_line' id='line_1_29' title="bbox 235 1803 1687 1856; baseline 0 -14"><span class='ocrx_word' id='word_1_235' title='bbox 235 1818 307 1856; x_wconf 80' lang='lat' dir='ltr'>per</span> <span class='ocrx_word' id='word_1_236' title='bbox 334 1818 418 1842; x_wconf 88' lang='lat' dir='ltr'>eam</span> <span class='ocrx_word' id='word_1_237' title='bbox 445 1804 652 1855; x_wconf 87' lang='lat' dir='ltr'>imperium</span> <span class='ocrx_word' id='word_1_238' title='bbox 674 1803 853 1842; x_wconf 66' lang='lat' dir='ltr'>Michaeli</span> <span class='ocrx_word' id='word_1_239' title='bbox 884 1804 1046 1842; x_wconf 87' lang='lat' dir='ltr'>diceret:</span> <span class='ocrx_word' id='word_1_240' title='bbox 1074 1804 1242 1843; x_wconf 87' lang='lat' dir='ltr'>indicari</span> <span class='ocrx_word' id='word_1_241' title='bbox 1262 1805 1363 1842; x_wconf 84' lang='lat' dir='ltr'>enim</span> <span class='ocrx_word' id='word_1_242' title='bbox 1387 1805 1462 1842; x_wconf 83' lang='lat' dir='ltr'>isto</span> <span class='ocrx_word' id='word_1_243' title='bbox 1481 1804 1687 1852; x_wconf 83' lang='lat' dir='ltr'>vocabulo,</span> 
     </span>
     <span class='ocr_line' id='line_1_30' title="bbox 235 1856 1690 1912; baseline -0.001 -15"><span class='ocrx_word' id='word_1_244' title='bbox 235 1873 287 1898; x_wconf 79' lang='lat' dir='ltr'>ex</span> <span class='ocrx_word' id='word_1_245' title='bbox 306 1861 439 1912; x_wconf 88' lang='lat' dir='ltr'>primis</span> <span class='ocrx_word' id='word_1_246' title='bbox 460 1874 529 1898; x_wconf 82' lang='lat' dir='ltr'>sex</span> <span class='ocrx_word' id='word_1_247' title='bbox 549 1860 833 1898; x_wconf 85' lang='lat' dir='ltr'>vocabulorum</span> <span class='ocrx_word' id='word_1_248' title='bbox 853 1861 974 1898; x_wconf 87' lang='lat' dir='ltr'>literis</span> <span class='ocrx_word' id='word_1_249' title='bbox 996 1856 1235 1912; x_wconf 76' lang='grc' dir='ltr'><em>ἆκροστίχως</em></span> <span class='ocrx_word' id='word_1_250' title='bbox 1253 1861 1423 1898; x_wconf 77' lang='lat' dir='ltr'>conflato</span> <span class='ocrx_word' id='word_1_251' title='bbox 1435 1890 1446 1909; x_wconf 88' lang='lat'>,</span> <span class='ocrx_word' id='word_1_252' title='bbox 1476 1860 1580 1897; x_wconf 88' lang='lat' dir='ltr'>hanc</span> <span class='ocrx_word' id='word_1_253' title='bbox 1596 1873 1690 1897; x_wconf 88' lang='lat' dir='ltr'>sen-</span> 
     </span>
     <span class='ocr_line' id='line_1_31' title="bbox 234 1915 1689 1967; baseline -0.001 -13"><span class='ocrx_word' id='word_1_254' title='bbox 234 1918 396 1955; x_wconf 80' lang='lat' dir='ltr'>tentiam</span> <span class='ocrx_word' id='word_1_255' title='bbox 422 1915 613 1955; x_wconf 83' lang='lat' dir='ltr'>divinitus</span> <span class='ocrx_word' id='word_1_256' title='bbox 633 1921 841 1953; x_wconf 86' lang='lat' dir='ltr'>ostensam:</span> <span class='ocrx_word' id='word_1_257' title='bbox 871 1916 1052 1954; x_wconf 68' lang='grc' dir='ltr'>,ΜίοῘιαϋί</span> <span class='ocrx_word' id='word_1_258' title='bbox 1066 1917 1284 1967; x_wconf 72' lang='lat' dir='ltr'>Augustus</span> <span class='ocrx_word' id='word_1_259' title='bbox 1304 1917 1578 1954; x_wconf 78' lang='lat' dir='ltr'>Romanorum</span> <span class='ocrx_word' id='word_1_260' title='bbox 1599 1918 1689 1954; x_wconf 83' lang='lat' dir='ltr'>Pa-</span> 
     </span>
     <span class='ocr_line' id='line_1_32' title="bbox 234 1971 1686 2024; baseline -0.001 -14"><span class='ocrx_word' id='word_1_261' title='bbox 234 1974 443 2024; x_wconf 70' lang='lat' dir='ltr'>laeologzcs·</span> <span class='ocrx_word' id='word_1_262' title='bbox 472 1986 593 2022; x_wconf 63' lang='lat' dir='ltr'>ocyus</span> <span class='ocrx_word' id='word_1_263' title='bbox 621 1972 844 2009; x_wconf 74' lang='lat' dir='ltr'>vocabitur.</span> <span class='ocrx_word' id='word_1_264' title='bbox 900 1971 955 2010; x_wconf 79' lang='lat' dir='ltr'>sic</span> <span class='ocrx_word' id='word_1_265' title='bbox 988 1972 1123 2009; x_wconf 83' lang='lat' dir='ltr'>Latine</span> <span class='ocrx_word' id='word_1_266' title='bbox 1149 1972 1408 2023; x_wconf 81' lang='lat' dir='ltr'>expressimus</span> <span class='ocrx_word' id='word_1_267' title='bbox 1434 1978 1590 2010; x_wconf 85' lang='lat' dir='ltr'>servata</span> <span class='ocrx_word' id='word_1_268' title='bbox 1607 1972 1686 2010; x_wconf 91' lang='lat' dir='ltr'>ele-</span> 
     </span>
     <span class='ocr_line' id='line_1_33' title="bbox 234 2021 1687 2080; baseline 0.002 -14"><span class='ocrx_word' id='word_1_269' title='bbox 234 2035 475 2068; x_wconf 87' lang='lat' dir='ltr'>mentorum</span> <span class='ocrx_word' id='word_1_270' title='bbox 491 2028 657 2066; x_wconf 74' lang='lat' dir='ltr'>veiitate</span> <span class='ocrx_word' id='word_1_271' title='bbox 676 2028 743 2066; x_wconf 87' lang='lat' dir='ltr'>illa</span> <span class='ocrx_word' id='word_1_272' title='bbox 762 2021 927 2067; x_wconf 80' lang='lat' dir='ltr'>Graeca:</span> <span class='ocrx_word' id='word_1_273' title='bbox 959 2026 1127 2080; x_wconf 78' lang='grc' dir='ltr'><em>Μιχαηλ</em></span> <span class='ocrx_word' id='word_1_274' title='bbox 1152 2025 1252 2077; x_wconf 72' lang='grc' dir='ltr'><em>ἅναξ</em></span> <span class='ocrx_word' id='word_1_275' title='bbox 1275 2027 1475 2080; x_wconf 83' lang='grc' dir='ltr'><em>Ῥωμαίων</em></span> <span class='ocrx_word' id='word_1_276' title='bbox 1506 2031 1687 2070; x_wconf 80' lang='grc' dir='ltr'><strong><em>Παλαισ-</em></strong></span> 
     </span>
     <span class='ocr_line' id='line_1_34' title="bbox 235 2079 1687 2150; baseline 0 -26"><span class='ocrx_word' id='word_1_277' title='bbox 235 2082 347 2138; x_wconf 78' lang='grc' dir='ltr'>λὸγος</span> <span class='ocrx_word' id='word_1_278' title='bbox 366 2081 486 2133; x_wconf 78' lang='grc' dir='ltr'><em>ὄξὲως</em></span> <span class='ocrx_word' id='word_1_279' title='bbox 502 2079 792 2150; x_wconf 82' lang='grc' dir='ltr'><strong>υμνηθήσεται.</strong></span> <span class='ocrx_word' id='word_1_280' title='bbox 1686 2104 1687 2107; x_wconf 54' lang='grc'>’</span> 
     </span>
    </p>

    <p class='ocr_par' dir='ltr' id='par_1_9' title="bbox 230 2136 1685 2528">
     <span class='ocr_line' id='line_1_35' title="bbox 347 2136 1685 2193; baseline -0.001 -14"><span class='ocrx_word' id='word_1_281' title='bbox 347 2136 586 2193; x_wconf 71' lang='grc' dir='ltr'><strong><em>ματρῶνα</em></strong></span> <span class='ocrx_word' id='word_1_282' title='bbox 613 2153 651 2190; x_wconf 89' lang='grc' dir='ltr'>Ρ.</span> <span class='ocrx_word' id='word_1_283' title='bbox 669 2143 721 2180; x_wconf 77' lang='grc'>33</span> <span class='ocrx_word' id='word_1_284' title='bbox 741 2153 779 2178; x_wconf 89' lang='lat' dir='ltr'><strong>v</strong></span> <span class='ocrx_word' id='word_1_285' title='bbox 799 2143 864 2182; x_wconf 82' lang='lat'>20.</span> <span class='ocrx_word' id='word_1_286' title='bbox 921 2145 1123 2178; x_wconf 82' lang='lat' dir='ltr'>matronae</span> <span class='ocrx_word' id='word_1_287' title='bbox 1142 2154 1284 2178; x_wconf 86' lang='lat' dir='ltr'>nomen</span> <span class='ocrx_word' id='word_1_288' title='bbox 1300 2140 1340 2177; x_wconf 85' lang='lat' dir='ltr'>id</span> <span class='ocrx_word' id='word_1_289' title='bbox 1361 2140 1487 2179; x_wconf 80' lang='lat' dir='ltr'>veteri</span> <span class='ocrx_word' id='word_1_290' title='bbox 1505 2154 1581 2178; x_wconf 89' lang='lat' dir='ltr'>usu</span> <span class='ocrx_word' id='word_1_291' title='bbox 1600 2141 1685 2178; x_wconf 85' lang='lat' dir='ltr'>Ro-</span> 
     </span>
     <span class='ocr_line' id='line_1_36' title="bbox 230 2196 1685 2247; baseline -0.001 -12"><span class='ocrx_word' id='word_1_292' title='bbox 230 2210 440 2235; x_wconf 86' lang='lat' dir='ltr'>manorum</span> <span class='ocrx_word' id='word_1_293' title='bbox 469 2201 582 2234; x_wconf 81' lang='lat' dir='ltr'>sonat</span> <span class='ocrx_word' id='word_1_294' title='bbox 607 2196 807 2234; x_wconf 86' lang='lat' dir='ltr'>mulierem</span> <span class='ocrx_word' id='word_1_295' title='bbox 834 2196 1038 2247; x_wconf 89' lang='lat' dir='ltr'>patriciam</span> <span class='ocrx_word' id='word_1_296' title='bbox 1068 2202 1107 2233; x_wconf 88' lang='lat' dir='ltr'>et</span> <span class='ocrx_word' id='word_1_297' title='bbox 1134 2203 1247 2247; x_wconf 85' lang='lat' dir='ltr'>gente</span> <span class='ocrx_word' id='word_1_298' title='bbox 1267 2197 1450 2235; x_wconf 84' lang='lat' dir='ltr'>nobilem.</span> <span class='ocrx_word' id='word_1_299' title='bbox 1509 2197 1685 2234; x_wconf 85' lang='lat' dir='ltr'>Clemens</span> 
     </span>
     <span class='ocr_line' id='line_1_37' title="bbox 232 2248 1687 2308; baseline 0.001 -17"><span class='ocrx_word' id='word_1_300' title='bbox 232 2254 273 2291; x_wconf 89' lang='lat' dir='ltr'>in</span> <span class='ocrx_word' id='word_1_301' title='bbox 288 2253 394 2291; x_wconf 86' lang='lat' dir='ltr'>Actis</span> <span class='ocrx_word' id='word_1_302' title='bbox 416 2252 536 2290; x_wconf 79' lang='lat' dir='ltr'>Petri:</span> <span class='ocrx_word' id='word_1_303' title='bbox 565 2250 619 2300; x_wconf 72' lang='grc' dir='ltr'>ὥς</span> <span class='ocrx_word' id='word_1_304' title='bbox 642 2252 708 2292; x_wconf 77' lang='grc' dir='ltr'>και</span> <span class='ocrx_word' id='word_1_305' title='bbox 729 2255 808 2292; x_wconf 80' lang='grc' dir='ltr'>τῶν</span> <span class='ocrx_word' id='word_1_306' title='bbox 832 2248 1004 2303; x_wconf 70' lang='grc' dir='ltr'><em>εὐγενῶν</em></span> <span class='ocrx_word' id='word_1_307' title='bbox 1026 2257 1227 2305; x_wconf 80' lang='grc' dir='ltr'><em>γυναικῶν</em></span> <span class='ocrx_word' id='word_1_308' title='bbox 1246 2250 1317 2300; x_wconf 63' lang='grc' dir='ltr'>ταὶς</span> <span class='ocrx_word' id='word_1_309' title='bbox 1336 2253 1687 2308; x_wconf 76' lang='grc' dir='ltr'><strong><em>περιφανεστὲρας,</em></strong></span> 
     </span>
     <span class='ocr_line' id='line_1_38' title="bbox 231 2303 1682 2361; baseline -0.002 -12"><span class='ocrx_word' id='word_1_310' title='bbox 231 2308 300 2349; x_wconf 78' lang='grc' dir='ltr'>καὶ</span> <span class='ocrx_word' id='word_1_311' title='bbox 330 2306 384 2355; x_wconf 77' lang='grc' dir='ltr'>ἃς-</span> <span class='ocrx_word' id='word_1_312' title='bbox 406 2303 427 2348; x_wconf 83' lang='grc' dir='ltr'><strong><em>ὃ</em></strong></span> <span class='ocrx_word' id='word_1_313' title='bbox 454 2304 570 2361; x_wconf 82' lang='grc' dir='ltr'><strong><em>λόγος</em></strong></span> <span class='ocrx_word' id='word_1_314' title='bbox 595 2305 803 2360; x_wconf 74' lang='grc' dir='ltr'><strong><em>ματρώνας</em></strong></span> <span class='ocrx_word' id='word_1_315' title='bbox 837 2306 919 2348; x_wconf 81' lang='grc' dir='ltr'><em>οἶδε</em></span> <span class='ocrx_word' id='word_1_316' title='bbox 943 2312 1091 2348; x_wconf 78' lang='grc' dir='ltr'>καλεῖν.</span> <span class='ocrx_word' id='word_1_317' title='bbox 1152 2310 1206 2347; x_wconf 87' lang='lat' dir='ltr'>ait</span> <span class='ocrx_word' id='word_1_318' title='bbox 1242 2323 1332 2359; x_wconf 72' lang='lat'>(31⁰0</span> <span class='ocrx_word' id='word_1_319' title='bbox 1360 2316 1493 2347; x_wconf 86' lang='lat' dir='ltr'>noster</span> <span class='ocrx_word' id='word_1_320' title='bbox 1521 2309 1682 2347; x_wconf 87' lang='lat' dir='ltr'>solitum</span> 
     </span>
     <span class='ocr_line' id='line_1_39' title="bbox 232 2364 1680 2429; baseline 0 -26"><span class='ocrx_word' id='word_1_321' title='bbox 232 2364 486 2403; x_wconf 88' lang='lat' dir='ltr'>Theodorum</span> <span class='ocrx_word' id='word_1_322' title='bbox 515 2364 730 2414; x_wconf 82' lang='lat' dir='ltr'>Augustum</span> <span class='ocrx_word' id='word_1_323' title='bbox 760 2364 855 2403; x_wconf 87' lang='lat' dir='ltr'>viris</span> <span class='ocrx_word' id='word_1_324' title='bbox 889 2365 1004 2402; x_wconf 90' lang='lat' dir='ltr'>domo</span> <span class='ocrx_word' id='word_1_325' title='bbox 1038 2366 1198 2403; x_wconf 88' lang='lat' dir='ltr'>minime</span> <span class='ocrx_word' id='word_1_326' title='bbox 1218 2366 1446 2429; x_wconf 60' lang='lat' dir='ltr'>.¹&#39;⁰.bi¹ib¹¹⁵’</span> <span class='ocrx_word' id='word_1_327' title='bbox 1485 2371 1680 2403; x_wconf 85' lang='lat' dir='ltr'>caeterum</span> 
     </span>
     <span class='ocr_line' id='line_1_40' title="bbox 231 2421 1686 2483; baseline 0.003 -27"><span class='ocrx_word' id='word_1_328' title='bbox 231 2421 339 2471; x_wconf 85' lang='lat' dir='ltr'>apud</span> <span class='ocrx_word' id='word_1_329' title='bbox 366 2432 405 2457; x_wconf 89' lang='lat' dir='ltr'>se</span> <span class='ocrx_word' id='word_1_330' title='bbox 434 2421 634 2469; x_wconf 85' lang='lat' dir='ltr'>gratiosis,</span> <span class='ocrx_word' id='word_1_331' title='bbox 674 2421 878 2459; x_wconf 82' lang='lat' dir='ltr'>conciliare</span> <span class='ocrx_word' id='word_1_332' title='bbox 906 2421 1152 2459; x_wconf 80' lang='lat' dir='ltr'>matrimonia</span> <span class='ocrx_word' id='word_1_333' title='bbox 1188 2421 1250 2460; x_wconf 88' lang='lat' dir='ltr'>vir</span> <span class='ocrx_word' id='word_1_334' title='bbox 1251 2422 1383 2472; x_wconf 79' lang='lat' dir='ltr'>ginum</span> <span class='ocrx_word' id='word_1_335' title='bbox 1409 2421 1686 2483; x_wconf 78' lang='lat' dir='ltr'>patriciarum,</span> 
     </span>
     <span class='ocr_line' id='line_1_41' title="bbox 231 2475 1349 2528; baseline 0.002 -14"><span class='ocrx_word' id='word_1_336' title='bbox 231 2476 372 2527; x_wconf 84' lang='lat' dir='ltr'>quibus</span> <span class='ocrx_word' id='word_1_337' title='bbox 394 2475 451 2512; x_wconf 89' lang='lat' dir='ltr'>illi</span> <span class='ocrx_word' id='word_1_338' title='bbox 474 2475 654 2527; x_wconf 85' lang='lat' dir='ltr'>deinceps</span> <span class='ocrx_word' id='word_1_339' title='bbox 673 2483 777 2514; x_wconf 85' lang='lat' dir='ltr'>matr</span> <span class='ocrx_word' id='word_1_340' title='bbox 780 2477 865 2514; x_wconf 87' lang='lat' dir='ltr'>onis</span> <span class='ocrx_word' id='word_1_341' title='bbox 886 2477 1004 2528; x_wconf 87' lang='lat' dir='ltr'>ampli</span> <span class='ocrx_word' id='word_1_342' title='bbox 1022 2492 1067 2515; x_wconf 91' lang='lat' dir='ltr'>ac</span> <span class='ocrx_word' id='word_1_343' title='bbox 1082 2477 1186 2515; x_wconf 89' lang='lat' dir='ltr'>beati</span> <span class='ocrx_word' id='word_1_344' title='bbox 1207 2479 1269 2516; x_wconf 81' lang='lat' dir='ltr'>sm</span> <span class='ocrx_word' id='word_1_345' title='bbox 1272 2485 1349 2517; x_wconf 84' lang='lat' dir='ltr'>ent.</span> 
     </span>
    </p>

    <p class='ocr_par' dir='ltr' id='par_1_10' title="bbox 227 2533 1681 2805">
     <span class='ocr_line' id='line_1_42' title="bbox 345 2533 1678 2586; baseline 0 -15"><span class='ocrx_word' id='word_1_346' title='bbox 345 2533 800 2583; x_wconf 72' lang='grc' dir='ltr'><em>Μεγαλοβλαχῖται</em></span> <span class='ocrx_word' id='word_1_347' title='bbox 828 2547 867 2584; x_wconf 87' lang='lat' dir='ltr'>p.</span> <span class='ocrx_word' id='word_1_348' title='bbox 895 2535 947 2574; x_wconf 88' lang='lat'>83</span> <span class='ocrx_word' id='word_1_349' title='bbox 982 2538 1107 2576; x_wconf 89' lang='lat' dir='ltr'>v.11.</span> <span class='ocrx_word' id='word_1_350' title='bbox 1162 2534 1204 2572; x_wconf 89' lang='grc'>111</span> <span class='ocrx_word' id='word_1_351' title='bbox 1235 2534 1297 2572; x_wconf 87' lang='lat' dir='ltr'>his</span> <span class='ocrx_word' id='word_1_352' title='bbox 1331 2533 1562 2586; x_wconf 86' lang='lat' dir='ltr'>apponenda</span> <span class='ocrx_word' id='word_1_353' title='bbox 1587 2539 1678 2585; x_wconf 84' lang='lat' dir='ltr'>post</span> 
     </span>
     <span class='ocr_line' id='line_1_43' title="bbox 230 2586 1680 2640; baseline -0.001 -13"><span class='ocrx_word' id='word_1_354' title='bbox 230 2589 363 2627; x_wconf 75' lang='grc' dir='ltr'><strong><em>καλῶν</em></strong></span> <span class='ocrx_word' id='word_1_355' title='bbox 392 2586 728 2625; x_wconf 86' lang='lat' dir='ltr'>distinctiunculae</span> <span class='ocrx_word' id='word_1_356' title='bbox 753 2589 892 2626; x_wconf 87' lang='lat' dir='ltr'>notula</span> <span class='ocrx_word' id='word_1_357' title='bbox 913 2590 1015 2637; x_wconf 83' lang='lat' dir='ltr'>suit,</span> <span class='ocrx_word' id='word_1_358' title='bbox 1047 2600 1150 2640; x_wconf 81' lang='lat' dir='ltr'>quae·</span> <span class='ocrx_word' id='word_1_359' title='bbox 1168 2604 1245 2628; x_wconf 87' lang='lat' dir='ltr'>mss</span> <span class='ocrx_word' id='word_1_360' title='bbox 1267 2591 1400 2628; x_wconf 84' lang='lat' dir='ltr'>deerat</span> <span class='ocrx_word' id='word_1_361' title='bbox 1408 2604 1420 2639; x_wconf 89' lang='lat'>;</span> <span class='ocrx_word' id='word_1_362' title='bbox 1447 2603 1496 2627; x_wconf 88' lang='lat' dir='ltr'>ne</span> <span class='ocrx_word' id='word_1_363' title='bbox 1517 2589 1592 2626; x_wconf 88' lang='lat' dir='ltr'>dici</span> <span class='ocrx_word' id='word_1_364' title='bbox 1614 2590 1680 2627; x_wconf 87' lang='lat' dir='ltr'>vi-·</span> 
     </span>
     <span class='ocr_line' id='line_1_44' title="bbox 229 2641 1676 2696; baseline 0.001 -17"><span class='ocrx_word' id='word_1_365' title='bbox 229 2644 390 2682; x_wconf 85' lang='lat' dir='ltr'>deretur</span> <span class='ocrx_word' id='word_1_366' title='bbox 410 2641 598 2680; x_wconf 80' lang='lat' dir='ltr'>Achillem</span> <span class='ocrx_word' id='word_1_367' title='bbox 621 2643 698 2680; x_wconf 90' lang='lat' dir='ltr'>iam</span> <span class='ocrx_word' id='word_1_368' title='bbox 717 2651 804 2682; x_wconf 86' lang='lat' dir='ltr'>tum</span> <span class='ocrx_word' id='word_1_369' title='bbox 824 2659 894 2682; x_wconf 92' lang='lat' dir='ltr'>suo</span> <span class='ocrx_word' id='word_1_370' title='bbox 914 2651 1090 2696; x_wconf 86' lang='lat' dir='ltr'>tempore</span> <span class='ocrx_word' id='word_1_371' title='bbox 1107 2645 1312 2684; x_wconf 84' lang='lat' dir='ltr'>Phthiotas</span> <span class='ocrx_word' id='word_1_372' title='bbox 1335 2658 1425 2684; x_wconf 90' lang='lat' dir='ltr'>suos</span> <span class='ocrx_word' id='word_1_373' title='bbox 1440 2644 1676 2695; x_wconf 87' lang='lat' dir='ltr'>Megalobla-</span> 
     </span>
     <span class='ocr_line' id='line_1_45' title="bbox 227 2698 1681 2753; baseline 0.001 -17"><span class='ocrx_word' id='word_1_374' title='bbox 227 2699 352 2737; x_wconf 88' lang='lat' dir='ltr'>chitas</span> <span class='ocrx_word' id='word_1_375' title='bbox 372 2698 590 2750; x_wconf 78' lang='lat' dir='ltr'>appellasse.</span> <span class='ocrx_word' id='word_1_376' title='bbox 648 2699 716 2736; x_wconf 86' lang='lat' dir='ltr'>sed</span> <span class='ocrx_word' id='word_1_377' title='bbox 740 2706 780 2738; x_wconf 87' lang='lat' dir='ltr'>et</span> <span class='ocrx_word' id='word_1_378' title='bbox 803 2714 893 2738; x_wconf 87' lang='lat' dir='ltr'>cum</span> <span class='ocrx_word' id='word_1_379' title='bbox 915 2702 1166 2753; x_wconf 84' lang='lat' dir='ltr'>participium</span> <span class='ocrx_word' id='word_1_380' title='bbox 1189 2705 1321 2743; x_wconf 76' lang='grc' dir='ltr'><em>καλῶν</em></span> <span class='ocrx_word' id='word_1_381' title='bbox 1340 2701 1475 2740; x_wconf 79' lang='lat' dir='ltr'>Ioanni</span> <span class='ocrx_word' id='word_1_382' title='bbox 1491 2700 1681 2752; x_wconf 76' lang='lat' dir='ltr'>adiungi-¹</span> 
     </span>
     <span class='ocr_line' id='line_1_46' title="bbox 228 2754 1674 2805; baseline 0.003 -13"><span class='ocrx_word' id='word_1_383' title='bbox 228 2760 317 2804; x_wconf 82' lang='lat' dir='ltr'>tur,</span> <span class='ocrx_word' id='word_1_384' title='bbox 347 2754 389 2792; x_wconf 84' lang='lat' dir='ltr'>id</span> <span class='ocrx_word' id='word_1_385' title='bbox 409 2755 462 2792; x_wconf 91' lang='lat' dir='ltr'>ita</span> <span class='ocrx_word' id='word_1_386' title='bbox 482 2754 794 2805; x_wconf 85' lang='lat' dir='ltr'>intelligendum,</span> <span class='ocrx_word' id='word_1_387' title='bbox 824 2762 870 2795; x_wconf 87' lang='lat' dir='ltr'>ut</span> <span class='ocrx_word' id='word_1_388' title='bbox 890 2769 971 2796; x_wconf 87' lang='lat' dir='ltr'>non</span> <span class='ocrx_word' id='word_1_389' title='bbox 991 2757 1096 2800; x_wconf 85' lang='lat' dir='ltr'>solus</span> <span class='ocrx_word' id='word_1_390' title='bbox 1118 2758 1176 2798; x_wconf 85' lang='lat' dir='ltr'>ita</span> <span class='ocrx_word' id='word_1_391' title='bbox 1198 2771 1262 2798; x_wconf 85' lang='lat' dir='ltr'>eos</span> <span class='ocrx_word' id='word_1_392' title='bbox 1285 2762 1466 2800; x_wconf 82' lang='lat' dir='ltr'>vocaret:</span> <span class='ocrx_word' id='word_1_393' title='bbox 1495 2770 1674 2797; x_wconf 78' lang='lat' dir='ltr'>commu—</span> 
     </span>
    </p>
   </div>
   <div class='ocr_carea' id='block_1_7' title="bbox 237 2835 466 2847">
    <p class='ocr_par' dir='ltr' id='par_1_11' title="bbox 237 2835 466 2847">
     <span class='ocr_line' id='line_1_47' title="bbox 237 2835 466 2847; baseline 0 0"><span class='ocrx_word' id='word_1_394' title='bbox 237 2835 466 2847; x_wconf 95' lang='lat' dir='ltr'> </span> 
     </span>
    </p>
   </div>
   <div class='ocr_carea' id='block_1_8' title="bbox 315 2875 800 2920">
    <p class='ocr_par' dir='ltr' id='par_1_12' title="bbox 315 2875 800 2920">
     <span class='ocr_line' id='line_1_48' title="bbox 315 2875 800 2920; baseline 0.01 -13"><span class='ocrx_word' id='word_1_395' title='bbox 315 2876 352 2920; x_wconf 71' lang='grc'>*)</span> <span class='ocrx_word' id='word_1_396' title='bbox 401 2876 444 2909; x_wconf 78' lang='lat' dir='ltr'>cl&#39;.</span> <span class='ocrx_word' id='word_1_397' title='bbox 470 2875 624 2912; x_wconf 72' lang='lat' dir='ltr'>Glossar.</span> <span class='ocrx_word' id='word_1_398' title='bbox 647 2875 800 2912; x_wconf 79' lang='lat' dir='ltr'>alterum.</span> 
     </span>
    </p>
   </div>
  </div>
 </body>
</html>
