1884 3262
251 211 350 257 586
652 203 964 251 OBSERVAT.
995 202 1307 249 PACHYMER.

248 328 383 360 torum
413 317 610 358 vocabulo
633 315 834 368 Augustus
863 321 903 354 et
929 314 1108 367 Augusta
1131 327 1222 354 cum
1244 313 1377 354 liberis
1397 321 1535 355 eorum
1553 314 1707 367 signifi-

249 378 442 416 cabantur
454 404 465 425 ‚
495 374 712 412 addebatur
733 373 807 411 ista
826 372 1036 425 utriusque
1054 372 1174 411 sexus
1198 371 1413 423 expressio.

361 432 486 483 μνία
512 445 556 483 p.
576 432 660 473 293
679 443 721 469 v.
746 433 810 472 10.
868 442 951 468 non
978 429 1107 468 solum
1133 428 1217 479 alga
1236 433 1277 465 et
1292 440 1483 479 muscus‚.
1500 428 1570 467 sed
1591 428 1706 479 quid-

245 488 342 539 quid
361 488 544 525 innatans
562 487 673 537 aquis
693 486 932 524 soliditatem
951 492 1116 538 aspectu
1135 484 1324 523 mentitur
1342 485 1550 534 quandam,
1575 486 1704 537 μνίων

243 544 442 583 vocabulo
475 542 725 593 designatur,
756 548 946 593 quantum
974 556 1026 581 ex
1056 540 1214 580 collatis
1245 539 1436 592 Hesychii
1453 540 1599 580 Suidse
1619 542 1703 594 Op-

243 601 353 654 piani
372 599 564 639 Nicandri
583 605 622 637 et
642 599 809 637 aliorum
834 599 935 637 locis
957 598 1076 637 datur
1092 597 1270 647 intelligi.

355 660 412 697 M
415 652 468 710 ὁρ
480 671 497 696 ε
509 671 565 696 ον
593 669 632 708 p.
657 658 737 699 180
753 669 791 695 v.
815 658 879 697 19.
937 668 1038 707 quae
1060 654 1157 693 olim
1176 654 1470 706 Peloponnesus
1485 652 1703 704 dicebatur,

242 726 327 752 eam
346 712 467 751 hodie
489 712 631 751 Graeci
648 713 769 763 vulgo
787 714 970 750 Moream
990 716 1148 751 vocant.
1205 710 1366 750 videtur
1392 716 1522 748 autem
1550 709 1703 761 Pachy-

240 769 360 809 meris
391 775 516 808 aetate
541 766 587 810 τό
613 765 778 823 Μὸρεον
805 769 934 819 dicta3
961 769 1068 807 unde
1087 774 1127 807 et
1145 766 1248 806 hanc
1267 779 1407 806 vocem
1425 766 1702 818 supplevimus

242 827 285 864 in
314 827 457 864 lacuna
482 825 624 877 capitis
654 829 680 868 9
707 825 881 863 eiusdem
907 825 978 865 lib.
995 828 1037 868 3.
1095 824 1145 863 ad
1172 836 1288 875 quem
1306 823 1440 861 locum
1464 823 1557 862 vide
1574 829 1702 861 notas.

242 882 393 920 alicubi
409 889 541 920 tamen
553 882 811 934 Pachymeres
824 880 993 937 Μορέαν
1008 881 1164 921 scribit:
1192 879 1262 919 sed
1279 880 1523 919 constantius
1539 879 1583 918 in
1598 891 1703 918 neu-

243 944 310 977 tro
330 939 371 978 id
391 939 632 977 vocabulum
653 945 831 990 usurpat.

357 991 597 1043 Μόσυνες
632 1008 673 1047 p.
700 998 778 1036 311
811 1008 853 1037 v.
884 997 949 1036 12.
1007 993 1090 1032 scio
1122 994 1220 1032 alios
1252 994 1477 1045 scriptores
1499 992 1700 1044 Mmynos,

244 1064 327 1090 non
354 1051 538 1103 Mosynas
553 1051 628 1089 hos
643 1051 816 1103 populos
834 1063 999 1090 vocare:
1026 1056 1159 1089 tamen
1183 1064 1272 1089 cum
1294 1047 1458 1091 Μόσυσι
1475 1062 1556 1087 non
1578 1048 1703 1100 possit

245 1120 330 1146 esse
346 1121 368 1145 a
388 1114 500 1146 recto
519 1105 711 1149 Μόσυνοι
726 1107 795 1146 sed
819 1121 841 1146 a
863 1104 1071 1156 Μόσυνες,
1099 1107 1194 1159 plus
1210 1120 1346 1160 sapere
1365 1119 1482 1158 quam
1498 1118 1608 1144 meus
1625 1117 1702 1143 au-

243 1170 334 1203 ctor
356 1163 483 1203 nolui.

355 1215 684 1274 Μόυγούλιοι
711 1234 754 1272 Ρ.
774 1218 857 1262 344
879 1231 918 1260 v.
943 1216 1007 1259 15.
1061 1218 1223 1257 videtur
1251 1218 1380 1257 dicere
1408 1230 1474 1256 eos
1497 1230 1596 1268 quos
1614 1217 1700 1269 By-

239 1276 389 1315 zantini
422 1276 623 1315 Tocharos
648 1281 858 1325 vocarent,
893 1275 1074 1327 ipsorum
1101 1274 1372 1317 Tocharorum
1400 1287 1473 1313 usu
1498 1279 1537 1312 et
1561 1273 1699 1324 lingua

239 1332 439 1384 Mugulios
457 1332 538 1371 dici
556 1332 820 1373 consuevisse.
1672 1350 1673 1353 =

355 1384 648 1443 μυριοστός
675 1402 716 1441 p.
734 1389 818 1431 470
840 1400 881 1426 V.
900 1390 941 1430 6.
995 1385 1075 1426 hoc
1102 1386 1342 1425 vocabulum
1372 1381 1613 1439 μυριοστῦας
1640 1385 1697 1423 sic

241 1444 432 1484 scribitur
451 1446 494 1483 in
522 1445 679 1484 duobus
701 1457 802 1494 mss,
831 1443 1022 1483 Vaticano
1046 1444 1260 1482 omittente.
1317 1442 1493 1481 flectitur
1510 1441 1698 1480 videlicet

233 1516 263 1539 <a
289 1508 401 1540 recto
434 1497 661 1554 μυριοστύς.
719 1513 799 1552 quo
828 1513 912 1538 non
941 1499 1104 1548 dubito,
1134 1501 1208 1538 etsi
1236 1498 1331 1536 alibi
1360 1498 1586 1550 exemplum
1613 1511 1695 1536 non

239 1557 394 1609 reperi,
423 1558 520 1609 quin
541 1556 799 1609 Pachymeres
816 1552 992 1609 μυριάδα
1012 1555 1229 1606 significet,
1261 1555 1363 1593 sicut
1384 1568 1419 1594 c.
1442 1558 1495 1597 38
1513 1555 1540 1593 l.
1553 1557 1578 1596 6
1601 1553 1696 1594 ἕκα-

240 1611 388 1654 τοστύα
419 1614 636 1652 centuriam
661 1613 857 1666 appellat,
886 1613 945 1651 sic
971 1612 1168 1651 scribens:
1203 1611 1243 1659 ἒς
1258 1609 1315 1652 ’ὅτι
1332 1614 1514 1651 πλεῖστον
1533 1615 1695 1662 συχναῖς

241 1666 472 1710 ἕκατοστύσι
493 1671 706 1722 διείληπτο.
765 1675 804 1708 et
822 1669 902 1707 eius
923 1668 1093 1719 aequalis
1112 1668 1285 1719 scriptor
1303 1667 1493 1717 Georgius
1511 1667 1695 1717 Aeropo-

240 1727 314 1764 lita
334 1723 534 1778 χιλιοστύα
551 1726 761 1765 chiliadem
779 1726 958 1764 nominat
975 1725 1017 1763 in
1037 1724 1098 1763 his
1118 1724 1247 1764 verbis
1266 1738 1303 1776 p.
1321 1722 1348 1764 4
1367 1723 1429 1762 ed.
1448 1724 1560 1774 Reg.=
1590 1723 1632 1763 οἱ
1650 1720 1694 1763 δὲ

243 1778 459 1834 αὐτόμολοι
487 1780 587 1835 πρός
611 1780 703 1830 τούς
731 1782 944 1834 πολεμίους
970 1784 1146 1833 χωροῦσι
1171 1775 1387 1833 χιλιοστύες
1411 1779 1564 1819 πολλαί.
1620 1779 1694 1817 ubi

241 1844 348 1876 recte
368 1839 618 1877 doctissimus
634 1839 831 1890 interpres
850 1839 928 1876 Leo
948 1837 1117 1877 Anatius
1137 1832 1360 1890 χιλιοστύας
1377 1831 1525 1883 πολλάς
1540 1835 1692 1874 reddit:

242 1895 376 1931 multa
390 1895 537 1932 millia.

353 1965 412 1991 νο
424 1947 509 1990 oto}
539 1963 578 2002 p.
599 1949 680 1992 515
702 1962 742 1990 v.
764 1948 829 1991 15.
883 1948 1122 1988 vocabulum
1140 1943 1282 1988 νοσιᾶν
1300 1946 1359 1984 sic
1378 1946 1483 1984 clare
1505 1945 1693 1984 scribitur

241 2006 284 2044 in
304 2006 419 2045 codd.
438 2006 597 2044 Barber.
617 2012 656 2044 et
676 2005 800 2045 Vatic.
821 2005 1042 2043 Allatianus
1063 2010 1193 2043 autem
1211 2003 1369 2041 videtur
1388 2003 1517 2052 legere
1531 1997 1689 2050 voew'g:

242 2062 311 2100 sed
337 2075 386 2100 ex
412 2062 575 2101 caeteris
596 2075 750 2113 quoque
766 2061 936 2112 vestigiis
954 2060 1160 2100 titubantis
1177 2059 1264 2097 illic
1285 2059 1426 2096 calami
1443 2058 1537 2096 satis
1557 2071 1691 2109 appa-

242 2125 303 2157 ret
321 2132 494 2157 errorem
515 2131 597 2157 esse
605 2147 616 2167 ‚
647 2131 692 2156 ac
713 2118 874 2156 omnino
891 2117 1182 2156 rescribendum
1197 2115 1341 2166 ubique
1361 2110 1516 2156 νοσιάν.
1571 2113 1690 2152 vide-

240 2180 310 2212 tur
340 2181 470 2213 autem
497 2171 614 2215 νοσιοὲ
645 2174 818 2226 positum
847 2188 868 2212 a
897 2173 1134 2225 Pachymere
1152 2174 1402 2224 συγκοπικαῖς
1418 2184 1493 2223 pro
1515 2170 1688 2220 νεοσσία,

101 2240 131 2275 Ρ
153 2238 221 2275 405
244 2243 345 2281 quae
364 2244 445 2269 vox
465 2231 658 2281 significat
685 2229 829 2268 nidum
855 2244 946 2268 cum
968 2230 1099 2282 pullis
1123 2228 1394 2279 implumibus.
1450 2225 1689 2278 perstringi·-

241 2293 309 2324 tur
327 2286 431 2324 enim
449 2287 687 2338 proverbiali
707 2286 962 2325 similitudine
980 2285 1217 2325 confidentia
1237 2284 1488 2332 Latinorum,
1518 2281 1585 2332 qui
1601 2282 1687 2320 Ro-

240 2342 431 2391 maniam,
461 2342 539 2381 hoc
566 2349 625 2381 est
652 2342 903 2395 imperatoris
929 2339 1352 2392 Constantinopolitani
1378 2338 1568 2376 ditionem
1585 2337 1687 2376 uni-

242 2411 418 2446 versam,
449 2405 529 2436 tam
550 2399 665 2437 facile
684 2413 726 2437 se
749 2399 1097 2451 comprehensuros
1113 2402 1316 2449 sperarent
1333 2408 1448 2447 quam
1466 2393 1685 2432 ludibunde

243 2468 266 2493 a
284 2455 388 2493 forte
402 2454 629 2493 incurrente
644 2455 801 2494 tollitur
816 2456 1060 2495 avicularum
1077 2467 1213 2494 recens
1232 2453 1317 2494 ovis
1334 2451 1584 2492 exclusarum
1601 2455 1685 2489 tota

240 2523 332 2550 cum
352 2510 441 2563 ipso
460 2510 555 2549 nido
573 2511 733 2550 familia.
1675 2531 1677 2536 ⁴

354 2563 708 2620 οἰκειόχειρος
736 2581 775 2619 p.
806 2568 890 2611 497
920 2580 958 2607 v.
987 2569 1027 2608 2.
1085 2565 1134 2606 de
1165 2565 1371 2605 Muzalone
1396 2562 1509 2603 malis
1533 2560 1682 2608 inflexo

241 2623 294 2662 ad
318 2622 609 2675 obsequendum
639 2624 879 2675 imperatori.
932 2637 1029 2674 quae
1060 2623 1139 2661 sint
1161 2622 1257 2661 istae
1287 2616 1528 2672 οἰκειὸχειροι
1545 2611 1684 2666 ἐσφά-

242 2682 345 2720 zema
370 2679 650 2719 divinandum:
678 2693 769 2717 nam
785 2680 883 2719 illud
906 2676 1159 2733 οἰκειόχειρον
1182 2677 1276 2716 alibi
1294 2691 1374 2716 non
1392 2674 1532 2727 reperi.
1586 2672 1682 2710 licet

243 2736 402 2787 opinari
430 2735 601 2775 voluisse
640 2734 859 2785 significare
886 2742 1113 2786 auctorem,
1154 2748 1237 2773 non
1268 2734 1394 2773 solum
1422 2727 1682 2782 spopondisse

242 2791 488 2831 Muzalonem
517 2790 775 2831 obedientiam
806 2791 848 2829 in
882 2798 1104 2842 posterum,
1132 2791 1202 2830 sed
1229 2803 1273 2828 ea
1302 2785 1478 2842 prompti
1504 2784 1681 2836 obsequii

244 2847 482 2888 documenta
507 2848 550 2888 in
574 2860 761 2901 praesens
789 2846 1033 2897 exhibuisse,
1062 2859 1163 2900 quae
1186 2845 1306 2886 fidem
1330 2841 1485 2891 abunde
1503 2841 1680 2882 facerent
