1884 3262
80 1378 109 1411 P
132 1373 197 1410 387

231 239 328 287 564
629 234 941 280 OBSERVAT.
973 231 1282 278 PACHYMER.

233 350 342 388 omni
358 346 423 384 die
453 343 653 382 dominico
677 349 715 380 et
741 342 786 378 in
815 339 956 379 diebus
970 341 1099 393 fieti-s·
1126 341 1264 380 exinde
1292 346 1503 395 quaecum
1525 343 1687 388 benedi.

234 409 359 444 ctc'one
367 401 678 454 priusfaeiats
705 396 804 436 haec
821 398 912 436 Pius
930 411 1031 450 papa
1052 405 1092 436 et
1110 405 1275 450 martyr.
1334 412 1384 436 ex
1405 404 1545 453 quibus
1572 406 1688 444 vide,

233 475 305 500 cur
337 458 516 496 exclusus
543 454 844 525 participatione
872 454 1043 505 eulogiae
1073 455 1115 493 in
1146 456 1244 493 sesto
1274 456 1314 497 S,
1342 456 1495 511 Georgii
1519 462 1686 501 ΜίοΙιιιὲΙ

232 518 430 567 Augustus
456 513 603 551 dixerit
631 507 796 564 οἷνὲορτα
824 507 1066 563 ἓορτὰσαμεν
1086 510 1239 565 festum
1257 512 1449 563 infislum
1468 518 1686 558 celebravi-

232 587 335 612 maS.
391 570 470 608 lioe
492 575 572 607 est:
621 581 701 606 non
721 567 764 605 id
791 564 955 606 fecimus
971 567 1079 618 quod
1103 567 1188 606 fieri
1206 569 1305 607 festo
1325 569 1387 607 die
1415 572 1467 610 ad
1489 573 1570 612 eius
1587 575 1685 627 legi-

230 631 368 668 timam
387 625 685 664 celebrationem
702 625 760 663 fas
782 630 820 661 et
839 637 933 662 usus
957 624 1236 663 ecclesiasticus
1257 628 1454 675 poscebat.

345 681 490 735 ευχέλ
506 696 626 722 αιον
652 694 693 732 p.
715 681 793 723 511
807 693 848 719 v,
870 684 933 722 11.
990 681 1040 718 ad
1061 694 1200 719 vocem
1221 677 1422 734 εὕχέλαιον
1438 683 1537 722 haec
1555 698 1684 724 anno-

230 748 293 780 tat
308 740 522 779 Meursius:
559 739 621 775 sic
648 736 860 774 dicebatur
883 754 909 789 ἠ
940 732 1166 778 α’κολουθία
1195 752 1299 789 quae
1326 741 1369 778 in
1393 744 1694 780 consecratione*

231 799 308 836 olen
312 796 575 863 psallebatur
580 810 607 832 a
617 801 762 845 septem
771 793 1057 832 sacerdotibus.
1083 794 1264 833 eruditus
1278 795 1471 848 interpres
1487 797 1687 836 Eucholo-

231 855 285 906 gii
313 854 419 892 notis
450 851 502 889 ad
532 847 730 905 ευχέλαιον
758 863 796 901 Ρ.
816 850 895 892 431
923 850 980 888 sic
1007 851 1161 889 scribit.
1187 853 1345 902 passim
1376 861 1509 891 antem
1539 868 1692 892 rursus-

231 907 432 963 εὕχέλαιον
459 915 656 973 vocatur3
694 908 815 958 quasi
849 905 969 944 dicas
1000 906 1111 955 (non
1149 908 1226 945 olei
1252 912 1602 959 consecrationem,
1638 917 1687 949 ut

230 967 400 1005 barbare
420 966 624 1004 Μεαιείιιε
640 966 684 1001 in
707 963 878 1001 Glossat
879 963 935 1015 ιο)
952 962 1025 1001 sed
1040 963 1170 1002 oleum
1188 977 1279 1002 cum
1297 966 1489 1016 oratione,
1519 980 1692 1018 compo-¹

230 1025 324 1061 sitis
342 1022 402 1060 ad
427 1023 597 1059 invicem
624 1016 743 1071 εὐχῆς
773 1026 809 1055 et
835 1019 968 1060 ἐλαίου
986 1020 1162 1058 vocibus.
1219 1017 1318 1060 haec
1335 1020 1424 1083 ille3
1454 1022 1523 1073 qui
1542 1035 1684 1062 vereor

229 1086 278 1119 ut
300 1085 378 1117 tam
398 1077 510 1116 facile
531 1082 704 1128 praestet
722 1075 958 1126 aequitatem
984 1089 1076 1114 suae
1101 1086 1329 1127 censurae,
1348 1092 1465 1129 quam
1491 1078 1684 1119 Meursius

229 1137 279 1174 ab
306 1134 630 1199 interpretatione
657 1145 728 1170 sua
752 1131 944 1171 barbariei
977 1139 1110 1171 notam
1141 1133 1255 1171 eluet.
1312 1147 1405 1172 nam
1430 1148 1568 1174 revera
1597 1139 1687 1173 tota·

228 1192 448 1231 ceremonia
468 1203 514 1239 ac
528 1190 629 1228 ritus
647 1187 783 1227 multis
797 1189 1040 1227 orationibus
1060 1203 1106 1227 ac
1125 1189 1462 1229 benedictionibus
1483 1197 1683 1239 constans,

228 1263 308 1301 quo
343 1243 645 1287 consecrabatur
673 1245 824 1294 oleum,
875 1241 1076 1297 ευχέλαιον
1103 1252 1284 1285 vocatur.
1349 1247 1511 1286 videtur
1549 1254 1682 1286 autem

227 1311 369 1344 auctor
398 1309 581 1342 notarum
612 1302 664 1340 ad
691 1300 973 1352 Euchologium
994 1301 1100 1339 idem
1138 1301 1216 1339 hoc
1250 1302 1338 1340 loco
1377 1316 1533 1352 passus,
1572 1303 1683 1354 quod

224 1361 453 1401 humanitus
485 1358 689 1409 contigisse
713 1358 837 1396 refert
864 1357 1052 1396 Gelliusl.
1074 1360 1102 1399 7
1125 1358 1310 1396 Noctium
1329 1359 1552 1398 Atticarum
1572 1373 1606 1398 c.
1628 1362 1681 1401 17

223 1418 478 1470 grammatico
509 1414 675 1453 cuidam
692 1412 835 1452 celebri
861 1427 883 1451 a
902 1426 942 1452 se
965 1413 1210 1465 interrogato
1229 1414 1278 1452 de
1299 1416 1460 1454 notione
1477 1415 1586 1455 vocis
1609 1415 1691 1455 οὐ·-ι

226 1476 382 1514 noxius.
439 1472 488 1510 de
514 1484 592 1523 quo
615 1472 670 1510 sic
698 1470 754 1510 ibi
777 1470 925 1508 Gellius
949 1470 1102 1510 scribit:
1128 1485 1212 1522 qua
1240 1486 1329 1509 vero
1349 1472 1417 1510 ille
1429 1475 1691 1524 grammati-¹

228 1531 497 1582 cas-finitione
515 1542 616 1566 usus
637 1534 715 1576 est,
745 1541 792 1564 ea
813 1526 973 1565 videtur
1002 1528 1046 1565 in
1069 1527 1185 1566 verbo
1207 1534 1293 1565 tam
1313 1529 1536 1580 multiplici
1555 1543 1681 1567 unam

227 1584 504 1626 tantummodo
531 1585 835 1635 usurpationem
866 1585 953 1621 eius
980 1591 1149 1622 notasse.
1207 1585 1262 1622 sic
1291 1584 1396 1622 enim
1426 1590 1465 1622 et
1491 1585 1533 1623 P.
1561 1586 1680 1635 Gozzr,

225 1658 317 1683 cum
338 1644 470 1695 plures
488 1657 530 1681 ευ
521 1636 691 1693 ιελαιου
711 1639 856 1691 species
875 1641 1041 1690 suerint,
1068 1639 1199 1679 omnia
1213 1640 1264 1678 ad
1285 1654 1406 1679 unam
1424 1640 1563 1690 trahit,
1593 1654 1690 1680 eam*

225 1715 303 1751 qua
329 1701 458 1738 oleum
486 1697 537 1735 ad
564 1696 790 1735 unctionem
818 1696 1067 1735 infirmorum
1101 1697 1339 1765 parabatur3
1385 1711 1408 1735 a
1435 1710 1514 1749 qua
1547 1703 1691 1736 tamen‘

224 1758 308 1822 ipse
337 1756 428 1794 alibi
454 1754 650 1793 diversam
680 1759 873 1791 memorat
894 1767 933 1805 p.
963 1753 1060 1798 441.
1087 1754 1197 1791 cuius
1219 1750 1467 1795 ἀκολουθίαν
1483 1754 1566 1793 sive
1587 1755 1691 1793 ossi-r

224 1815 330 1851 cium
353 1826 398 1850 ac
414 1809 715 1849 consecrationis
738 1809 860 1847 ritum
880 1809 1030 1847 editum
1047 1823 1086 1847 se
1105 1810 1247 1849 vidisse
1265 1811 1320 1848 ait
1332 1840 1342 1859 ‚
1380 1811 1452 1848 etsi
1482 1823 1574 1849 suae
1591 1811 1686 1850 col-³

221 1869 381 1917 lectioni
401 1881 481 1906 non
514 1879 635 1905 curav
637 1866 712 1904 erit
737 1866 908 1904 inserere
934 1871 1095 1918 propter
1119 1867 1377 1918 suspicionem
1405 1867 1607 1906 cuiusdam
1633 1867 1677 1905 in

223 1939 270 1964 eo
288 1924 623 1976 ἐθελοθρησκείας
643 1929 684 1960 et
698 1921 994 1973 superstitionis.
1050 1928 1157 1960 certe
1190 1922 1268 1961 hoc
1299 1935 1454 1974 quoque
1486 1923 1596 1961 cuius
1609 1922 1676 1961 hic

221 1981 479 2033 Pachymeres
507 1979 684 2018 meminit
707 1993 750 2018 ευ
742 1975 930 2030 Asi-mov,
968 1984 1055 2017 tum
1085 1979 1133 2016 ab
1153 1979 1218 2017 illo
1240 1993 1321 2017 non
1339 1979 1535 2017 immerito
1555 1979 1687 2049 (ἷοειτίι

223 2043 404 2090 suspecto
438 2035 644 2074 euchelaeo
678 2049 751 2087 pro
784 2035 952 2073 mortuis
971 2066 981 2084 ,
1023 2048 1141 2086 quam
1177 2036 1316 2074 Graeci
1343 2041 1491 2075 vocant
1516 2033 1683 2087 τελετήν

221 2095 356 2136 ἐλαίου
375 2091 478 2144 ὑπὲρ
497 2095 578 2132 τῶν
594 2090 893 2143 κοιμηθέντων,
921 2097 1006 2129 tum
1022 2105 1043 2129 a
1063 2093 1354 2131 consecratione
1376 2092 1449 2130 olei
1467 2105 1539 2143 pro
1560 2092 1688 2130 infir--

220 2152 313 2200 mis,
343 2149 543 2188 manifeste
564 2148 766 2187 diversum
781 2153 848 2186 est.
904 2148 999 2199 quin
1021 2148 1155 2186 docuit
1173 2145 1232 2187 me
1253 2149 1536 2187 eruditissimus
1560 2147 1681 2186 Allaa

220 2209 299 2245 tius
318 2221 394 2245 usu
411 2205 622 2244 obtinuisse
644 2204 750 2256 apud
769 2205 937 2243 Graecos
963 2210 1008 2243 ut
1028 2205 1188 2256 quidam
1207 2206 1306 2244 ritus
1326 2201 1508 2257 εὔχὲλαια
1524 2214 1688 2244 vocen-v>

220 2270 312 2311 tur,
341 2264 383 2300 in
401 2263 541 2314 quibus
560 2261 692 2300 nullus
711 2261 784 2299 olei
804 2274 896 2299 usus
917 2261 1153 2310 intervenit,
1183 2262 1242 2300 uti
1260 2262 1426 2313 exempli
1452 2261 1576 2313 gratia
1597 2261 1673 2299 ali-

221 2319 403 2370 quando,
433 2319 580 2369 inquit,
613 2318 752 2356 florem
783 2324 854 2356 aut
879 2319 1077 2357 ramulum
1107 2319 1232 2356 sancti
1261 2318 1475 2370 cuiuspiam
1499 2318 1673 2368 reliquiis

221 2382 292 2414 aut
308 2375 464 2426 imagini
481 2374 711 2426 praecipuae
728 2375 991 2414 venerationis
1006 2375 1208 2413 admotum
1228 2375 1278 2413 ad
1297 2388 1454 2426 aegrum
1477 2374 1685 2423 deseruntf

221 2431 290 2483 qui
324 2430 524 2469 confidens
549 2431 675 2469 sancti
703 2431 784 2469 eius
811 2432 990 2484 precibus
1019 2432 1168 2480 iuvari,
1208 2444 1253 2470 eo
1278 2431 1442 2469 flosculo
1467 2444 1578 2469 ramo
1601 2437 1688 2468 aut·

220 2489 339 2526 etiam
370 2485 491 2526 linteo
517 2487 689 2525 dolentia
719 2488 791 2526 sibi
821 2489 995 2527 membra
1028 2488 1228 2539 contingit.
1284 2487 1382 2535 hoc,
1411 2493 1458 2525 ut
1476 2488 1543 2537 qui
1570 2486 1687 2525 vidit*

219 2544 300 2583 fide
326 2543 569 2595 dignissimus
589 2550 781 2593 testatur,
812 2543 1014 2597 εὔχε’λαιον
1042 2545 1251 2597 appellant.
1306 2557 1433 2595 neque
1454 2543 1518 2581 hic
1535 2543 1682 2584 ἐλαίου

218 2601 458 2639 mentionem
480 2600 626 2652 κυρίως
649 2614 694 2637 ac
721 2601 899 2652 proprie,
929 2601 998 2640 sed
1023 2605 1221 2655 μυστικῶς
1238 2607 1279 2640 et
1297 2601 1464 2652 figurate
1486 2599 1683 2649 usurpari*

219 2663 387 2709 putant,
417 2662 611 2707 quatenus
638 2656 711 2693 olei
730 2657 907 2707 symbolo
940 2658 1024 2728 ἀεί’,
1055 2671 1153 2709 quae
1179 2657 1241 2696 his
1263 2658 1404 2696 ritibus
1422 2655 1669 2708 imploratur,

219 2713 508 2763 misericordia,
537 2712 760 2763 designatur
777 2719 815 2750 et
833 2711 1012 2754 ἕλαιον’
985 2731 1073 2755 αντι
1089 2714 1201 2756 ἕλεόυ
1219 2714 1398 2753 sumitur.

331 2771 458 2824 ζνγῆ
469 2784 550 2810 νοι
605 2769 648 2806 in
668 2768 786 2807 titulo
814 2770 952 2821 capitis
979 2771 1076 2814 121.
1101 2774 1127 2812 3
1157 2771 1213 2823 (p
1237 2772 1281 2820 6)
1299 2786 1347 2811 τοι
1364 2765 1464 2819 κιττοὶ
1485 2764 1581 2816 τούς
1602 2767 1669 2816 ζυ-

214 2823 385 2878 γήνους,
419 2832 459 2865 et
480 2824 688 2864 similiter
676 2838 718 2863 m
737 2825 855 2863 titulo
877 2839 911 2866 c.
933 2830 984 2868 13
1014 2823 1207 2880 απολογία
1227 2829 1308 2867 τῶν
1337 2816 1529 2892 ζυγήνων;
1586 2836 1668 2862 esse

215 2882 293 2921 hoc
308 2896 449 2921 nomen
476 2896 557 2922 non
578 2881 782 2936 proprium
808 2883 955 2933 gentis,
984 2883 1053 2922 sed
1081 2883 1293 2936 appellatis
1295 2895 1382 2932 um,
1422 2886 1470 2920 ut
1502 2875 1670 2935 ἀγρόται
