1846 3262
494 169 571 213 DE
604 154 884 213 MICHAELE
918 170 1295 215 PALAEOLOGO
1333 171 1382 213 L.
1425 170 1457 214 1.
1635 170 1701 217 87

224 283 311 328 ἕντι
329 284 479 342 τελείῳ.
552 285 587 328 εἴ
603 285 648 327 δὲ
666 282 860 337 βούλοιτο
874 318 890 339 ‚
927 286 995 328 καὶ
1017 282 1147 342 λύτρα
1170 283 1329 330 διδόναι
1349 283 1451 342 ὖπέρ
1476 283 1608 328 αὐτοῦ
1641 278 1700 328 [gv

221 353 300 407 {figet
321 353 373 396 τὰ
391 352 589 396 κάλλιστα
603 387 617 407 ,
651 353 678 397 ἃ
703 356 738 397 εἶ
754 352 815 410 μή
837 371 880 410 γε
901 353 981 397 ἀνὰ
1007 362 1149 412 χεῖρας
1170 353 1195 411 ἦ
1223 353 1340 409 πόλις
1362 353 1512 407 ἔκειτο,
1552 353 1627 397 οὐκ
1646 353 1698 397 ἂν

221 422 394 478 ἦξίωντο
420 429 508 473 τοῖς
523 420 739 478 Ῥωμαίοις
759 427 835 466 τοῦ
851 419 1049 478 μηδενός·
1085 418 1159 481 νῦν
1189 425 1234 467 δὲ
1257 426 1325 466 καὶ
1345 428 1485 478 λαβεῖν
1509 423 1696 479 ἀσμένως
1719 430 1747 466 P
1772 431 1818 466 52

221 489 423 535 πιστεύειν
460 493 528 535 καὶ
555 492 724 547 ἔχοντας
765 492 913 542 ἱκανῶς
948 490 1271 548 μεγαλύνεσθαι.
1340 490 1361 536 ὅ
1397 494 1473 547 μὲν
1505 494 1695 550 Πρίγκιψ

188 565 379 614 5ταῦτα,
418 561 543 612 ἀξιῶν
568 563 635 604 καὶ
658 563 806 611 δοῦλος
835 562 877 612 ἐς
907 560 968 604 ἀεὶ
998 565 1226 617 κεκλῆσθαι
1243 562 1319 604 ’καί
1336 579 1374 604 τι
1399 569 1568 617 σημεῖον
1593 562 1716 617 ἔχειν

221 632 266 673 ἐκ
287 631 500 684 βασιλείας
530 635 606 686 τῆς
634 632 820 680 δουλείας
845 627 1082 684 σύμβολον·
1121 628 1142 673 ὃ
1166 629 1215 673 δέ
1231 624 1276 687 γε
1291 633 1487 684 βασιλεὺς
1512 629 1696 681 ἀκούσας

219 700 294 754 μὲν
317 702 385 742 καὶ
405 699 458 742 τὰ
475 697 607 757 λύτρα
635 701 701 742 καὶ
728 699 918 755 διαγνοὺς
950 699 1067 742 ἱκανοὶ
1087 697 1240 753 (πόλεις
1259 699 1337 756 γὰρ
1360 700 1497 743 ἐδίδου
1518 702 1585 745 καὶ
1604 698 1692 756 χῶ-

220 782 298 824 ρας
331 767 563 825 ἀπόμοιραν
591 766 741 812 ἑαυτοῦ
779 769 820 811 ἐν
851 767 1160 828 Πελοποννήσῳ
1189 769 1333 818 ἱκανὰς
1362 771 1417 819 εἷς
1454 771 1693 819 δεσποτείας

219 838 416 892 σέμνωμα
435 838 580 894 μέγα),
613 836 856 892 ἀποβλέψας
882 838 927 881 δὲ
956 840 1023 882 καὶ
1044 838 1146 895 πρὸς
1180 838 1253 894 τὴν
1275 837 1477 881 εἶσὲπειτα
1492 843 1567 881 τοῦ
1587 842 1690 882 Λα-

164 918 210 951 10
221 908 331 950 τίνου
360 908 572 959 δουλείαν,
619 905 674 957 ὦς
713 907 902 950 ἐντεῦθεν
930 909 996 951 καὶ
1017 903 1323 964 μεγαλύνεσθαι
1351 905 1690 961 τοῦςῬωμαίους
1710 918 1741 953 Β

219 978 292 1018 καί
305 994 347 1033 γε
366 977 612 1031 κερδαίνειν,
651 976 750 1032 ἔγνω
771 977 1024 1020 σπείσασθαι
1043 977 1096 1020 τὰ
1117 976 1220 1032 πρὸς
1239 981 1400 1020 τοῦτον.
1466 978 1529 1018 ἐπὶ
1551 976 1692 1033 ῥητοῖς

217 1049 316 1101 γοῦν
341 1043 526 1099 ἐκβάλλει
549 1042 696 1088 τοῦτόν
731 1063 772 1088 τε
806 1050 880 1100 τῆς
913 1050 1103 1103 φυλακῆς
1120 1047 1187 1088 καὶ
1210 1050 1292 1089 τῶν
1316 1044 1428 1103 ἄμφ’
1454 1045 1580 1088 αὐτὸν
1601 1044 1691 1089 ὅσοι

215 1118 412 1171 περιῆσαν
433 1116 474 1158 ἐν
493 1118 696 1171 φυλακαῖς
717 1113 1216 1172 προσταλαιπωρούμενοι,
1253 1119 1353 1175 τιμᾷ
1378 1116 1422 1158 δὲ
1441 1116 1508 1158 καὶ
1531 1117 1690 1166 δεξιοῦ-

215 1201 285 1226 ται
305 1191 390 1233 τοῖς
412 1183 636 1241 πρέπουσι,
668 1186 735 1228 καὶ
753 1183 885 1235 οὕτως
905 1183 1040 1243 ἑαυτῷ
1063 1187 1279 1228 οἰκειοῦται
1308 1183 1412 1228 ὥστε
1440 1186 1506 1227 καὶ
1531 1182 1688 1227 ἀνάδο-

162 1264 205 1300 15
217 1270 291 1307 χον
320 1252 446 1296 αὐτὸν
476 1258 737 1309 καταστῆσαι
763 1254 912 1304 παιδὸς
940 1256 1047 1297 ι’δίου
1080 1255 1123 1297 ἐκ
1154 1258 1229 1298 τοῦ
1262 1251 1379 1310 ἇγίου
1397 1248 1687 1308 βαπτίσματος

214 1319 320 1364 κατά
340 1339 431 1364 τινα
451 1324 737 1380 πληροφορίαν
754 1324 959 1379 μεγίστην.
1007 1321 1228 1367 συνέθεντό
1246 1340 1288 1366 τε
1305 1323 1410 1378 μετὰ
1431 1326 1564 1365 ταῦτα
1588 1322 1687 1372 τούς

154 1396 159 1400 ’
215 1390 363 1447 ὅρκους
390 1390 611 1449 φρικτούς,
651 1390 706 1442 ὥς
738 1391 901 1448 λε’γουσί
925 1409 1052 1446 τινες,
1097 1391 1202 1435 ὥστε
1235 1394 1302 1435 καὶ
1334 1389 1560 1449 φρύκτωρα
1577 1389 1736 1435 ἀνά-Ο

213 1459 379 1514 ψαντας
411 1459 500 1514 ἅμα
527 1468 614 1511 τοῖς
634 1465 836 1515 λεχθεῖσιν
865 1464 921 1512 εἷς
940 1461 1087 1518 ὅρκους
1109 1463 1175 1503 καὶ
1200 1460 1306 1516 ἀρὰς
1325 1461 1400 1511 τὰς
1422 1464 1683 1514 παλαμναιο-

213 1527 341 1580 τάτας
374 1534 525 1586 σβῆναι
556 1534 749 1587 ποιῆσαι,
787 1529 809 1574 ὃ
831 1530 882 1588 δὴ
912 1533 978 1575 καὶ
1009 1531 1064 1582 εἶς
1086 1530 1271 1589 ἀσφαλὲς
1294 1537 1380 1581 τοῖς
1406 1529 1578 1581 Ἰταλοῖς
1599 1534 1680 1575 τῶν

306 1641 360 1676 12.
384 1637 524 1686 αὐτὸν]
551 1638 672 1678 αὐτοῦ
693 1642 733 1677 Ρ.

210 1724 395 1767 praeterea
415 1721 444 1755 si
467 1721 611 1756 tractari
634 1722 678 1756 de
700 1733 763 1757 sua
785 1722 986 1759 liberatione
1010 1723 1132 1767 vellet,
1162 1722 1276 1769 pretia
1297 1721 1467 1757 libertatis
1491 1721 1525 1756 ei
1546 1720 1677 1756 solutu-

208 1778 283 1801 rum
307 1779 396 1813 quae
418 1769 560 1803 haberet
582 1769 720 1814 optima.
764 1770 851 1804 haec
879 1774 1061 1816 utcumque
1092 1770 1254 1813 Romani,
1287 1775 1469 1815 antequam
1500 1768 1618 1802 urbem
1640 1768 1677 1802 in

208 1814 362 1848 manibus
385 1814 552 1849 haberent
578 1819 792 1850 contemnere
814 1817 906 1851 forte
941 1817 1154 1862 potuissent,
1187 1827 1275 1851 nunc
1305 1819 1419 1850 tamen
1444 1814 1615 1850 confidere
1638 1825 1677 1849 se

209 1864 247 1893 et
268 1860 343 1895 illos
367 1872 409 1895 ea
431 1861 576 1896 libenter
608 1868 830 1909 accepturos,
862 1867 898 1897 et
931 1875 1008 1898 cum
1030 1863 1231 1906 habuerint,
1262 1874 1329 1897 non
1354 1873 1474 1909 parum
1497 1861 1575 1895 inde
1599 1872 1676 1895 cre-

208 1905 304 1940 visse
325 1918 421 1949 suam
442 1907 707 1952 magnitudinem
729 1920 900 1945 sensuros.
946 1910 1096 1944 addebat
1118 1921 1184 1944 non
1206 1920 1367 1944 recusare
1390 1920 1440 1950 se,
1464 1908 1546 1954 quin
1571 1907 1675 1941 etiam

207 1953 298 1987 ultro
322 1965 448 1998 cupere
463 1979 474 1996 ‚
507 1954 626 1988 subiici
647 1955 867 2000 imperatori,
899 1959 934 1991 et
961 1956 1141 1991 clientelae
1171 1967 1259 1991 nexu
1284 1959 1471 2001 perpetuae
1493 1965 1532 1988 se
1558 1956 1673 1988 suum·

206 2010 274 2044 que
296 1999 521 2045 principatum
545 2000 577 2035 ei
600 2001 776 2047 obligare3
811 2002 966 2048 velleque
987 2003 1085 2037 huius
1107 2001 1330 2036 subiectionis
1352 2001 1483 2046 signum
1518 2012 1559 2034 ac
1581 2011 1672 2046 sym-

204 2045 318 2079 bolum
351 2057 484 2080 sumere
514 2047 647 2082 titulum
681 2048 787 2083 officii
819 2049 864 2083 ab
897 2061 937 2083 eo
968 2048 1132 2095 impositi.
1178 2048 1232 2083 his
1255 2048 1439 2093 imperator
1462 2045 1611 2090 auditis,
1635 2049 1673 2080 et

203 2092 351 2137 probato
390 2092 501 2138 pretio
532 2105 645 2128 rerum
680 2094 714 2129 in
749 2095 1015 2141 redemptionem
1049 2095 1216 2130 libertatis
1244 2095 1433 2130 oblatarum
1465 2104 1486 2128 a
1510 2091 1671 2137 Principe

205 2139 322 2182 (erant
345 2139 408 2173 bae
428 2140 531 2174 urbes
553 2145 589 2175 et
613 2140 792 2186 regiones,
816 2153 897 2187 pars
922 2154 994 2177 non
1019 2142 1148 2180 modica
1180 2139 1389 2187 principatus
1412 2139 1484 2173 eius
1507 2139 1543 2173 in
1569 2138 1671 2172 Pelo-

203 2195 378 2230 ponneso,
402 2191 563 2230 quantam
585 2186 643 2232 qui
666 2187 859 2232 possideret
880 2189 1000 2223 merito
1022 2190 1115 2224 ferre
1135 2187 1272 2222 titulum
1295 2199 1337 2221 ac
1366 2185 1536 2221 sustinere
1559 2183 1672 2229 digni?

203 2234 312 2264 tatem
335 2231 499 2275 despotae
527 2233 684 2277 posset),
714 2234 814 2268 simul
836 2235 939 2269 etiam
971 2234 1184 2270 considerato
1208 2245 1309 2279 quam
1331 2233 1478 2278 amplum
1500 2231 1553 2267 illi
1575 2234 1671 2264 esset

203 2279 334 2310 tantum
359 2277 449 2311 inter
471 2278 612 2315 Latinos
633 2279 812 2323 dynastam
845 2281 999 2316 clientem
1021 2281 1057 2316 in
1077 2284 1251 2326 posterum
1273 2291 1315 2314 ac
1332 2279 1506 2313 subditum
1528 2277 1668 2319 habere,

201 2323 293 2356 unde
315 2328 351 2357 et
372 2323 476 2358 decus
498 2324 672 2359 Romanae
694 2327 747 2360 rei
767 2332 804 2360 et
825 2327 953 2362 lucrum
974 2330 1205 2370 accresceret,
1238 2325 1399 2372 optimum
1422 2325 1516 2358 sactu
1538 2323 1669 2357 iudica-

201 2369 254 2403 vit
283 2372 439 2414 accipere
472 2382 562 2415 quae
598 2372 855 2416 offerebantur,
891 2379 928 2408 et
960 2375 1080 2408 foedus
1114 2371 1262 2407 ostensis
1291 2370 1539 2407 conditionibus
1561 2369 1669 2405 icere.

201 2415 313 2461 pactis
335 2416 440 2460 igitur
463 2417 647 2452 secundum
671 2419 760 2453 dicta
783 2419 900 2464 initis,
925 2420 1041 2455 educit
1062 2419 1256 2465 Principem
1275 2430 1295 2453 e
1318 2428 1478 2459 carcere,
1504 2420 1540 2450 et
1561 2419 1664 2462 quot-

200 2467 286 2507 quot
307 2473 350 2496 ex
373 2463 446 2496 eius
468 2463 690 2498 familiaribus
709 2466 914 2511 superstites
945 2471 1025 2501 sunt
1048 2465 1196 2511 reperti:
1227 2476 1309 2500 nam
1326 2464 1459 2510 aliquos
1483 2461 1665 2496 diuturnae

200 2508 374 2542 custodiae
398 2509 551 2543 miseriae
573 2511 841 2556 absumpserant.
888 2513 1136 2557 honoravitque
1158 2511 1251 2546 illum
1274 2515 1310 2546 et
1331 2509 1511 2557 splendide
1533 2511 1664 2544 tracta-

198 2554 272 2595 vit,
296 2560 335 2588 ut
358 2554 524 2596 decebat3
547 2559 745 2603 tantumque
768 2557 830 2592 sibi
854 2559 1027 2603 admovit,
1061 2562 1100 2592 ut
1122 2557 1251 2605 suscipi
1275 2557 1318 2592 ab
1344 2567 1385 2591 eo
1408 2568 1452 2590 ex
1476 2567 1576 2590 sacro
1598 2555 1663 2588 ba·

197 2600 358 2645 ptismate
376 2602 551 2647 proprium
573 2603 678 2638 filium
700 2603 806 2638 vellet
822 2604 856 2638 in
879 2605 1013 2649 signum
1043 2610 1080 2639 et
1111 2604 1243 2651 pignus⁴
1258 2602 1481 2638 certissimum
1505 2600 1662 2636 reconci-

193 2645 301 2681 liatae
323 2647 392 2682 fide
415 2648 544 2693 optima
564 2649 710 2693 gratiae.
759 2651 934 2686 celebrata
956 2650 1077 2685 deinde
1108 2651 1286 2685 conventio
1310 2652 1364 2684 est
1391 2654 1506 2685 mutuo
1529 2646 1658 2681 iureiu-

194 2693 324 2735 rando,
354 2694 523 2730 horrificis
552 2695 678 2738 etiam,
710 2699 750 2730 ut
783 2696 896 2739 aiunt,
927 2698 1087 2744 utrinque
1109 2696 1242 2732 sancito
1263 2696 1406 2731 ritibus:
1443 2705 1519 2730 nam
1542 2694 1659 2728 funale

195 2749 374 2774 accensum
397 2742 657 2786 praeferentes,
681 2741 739 2776 ubi
761 2754 858 2777 suum
879 2744 1023 2790 quisque
1046 2748 1170 2789 caput,
1193 2742 1225 2778 si
1248 2755 1270 2778 a
1292 2743 1394 2789 pacto
1418 2740 1584 2783 resiliret,
1608 2739 1658 2774 di—

195 2783 245 2818 ris
266 2797 368 2830 quam
390 2787 532 2822 maxime
554 2788 778 2824 formidolosis
798 2789 959 2834 devovit,
989 2790 1073 2826 illud
1105 2789 1346 2832 extinxerunt3
1370 2786 1557 2822 cuiusmodi
1581 2797 1658 2821 cae-

194 2832 345 2867 remonia
372 2837 496 2879 putant
527 2835 604 2870 Itali
634 2834 907 2879 execrationibus
937 2848 997 2872 seu
1028 2834 1425 2883 excommunicationibus
1448 2844 1543 2870 more
1564 2831 1659 2880 ipso—
