1884 3262
263 173 359 221 408
677 175 910 219 GEORGII
944 176 1293 222 PACHYMERIS

262 287 497 340 ἄνθρωπον.
569 287 683 335 τέλος
704 286 910 339 ἀντιβολεῖ
921 287 1113 341 βασιλεὺς
1135 288 1181 330 τὸ
1203 287 1363 344 κλάσμα
1383 288 1624 345 λαμβάνειν,
1662 292 1709 335 οὗ

262 355 366 397 κατὰ
395 353 533 407 χρείαν
564 358 744 408 μᾶλλον,
781 352 835 404 ὥς
864 355 1032 408 ἔδειξεν,
1068 355 1092 410 ἢ
1122 355 1197 412 εἷ’γε
1226 357 1337 407 κενὸς
1367 359 1612 415 ἀποστρέψει
1639 361 1710 404 τὸν

263 421 362 463 λαὸν
383 419 681 475 αἰσχυνόμενος.
753 420 808 472 ὥς
832 422 874 465 δ’
897 423 969 466 οὐκ
992 425 1151 476 ἐδίδου,
1188 424 1244 474 εἷς
1261 432 1383 480 κρῖμα
1403 427 1525 482 λέγων
1547 426 1713 482 λαμβά-,

260 506 338 531 νειν
349 521 362 540 ,
401 491 434 530 εἴ
449 489 506 544 μὴ
531 487 615 532 λύει
638 494 695 547 τῷ
718 492 902 545 διακενῆς
933 493 1168 550 λυπουμένῳ
1189 493 1262 547 τὴν
1282 491 1434 548 λύπην,
1470 501 1710 550 μεταβαλεῖν

262 573 304 599 τε
327 556 398 599 τὸν
424 557 598 610 βασιλέα
629 558 675 600 τὸ
700 559 839 613 ἱλαρὸν
866 562 919 610 εἷς
946 559 1095 615 ὀργήν,
1134 562 1198 603 καὶ
1219 562 1346 616 μηδὲν
1371 562 1604 617 προσθέντα
1637 569 1746 608 τοῦ5

212 632 241 664 C
268 624 518 678 “adopta'’
552 628 672 668 εἰπεῖν
708 625 1036 683 “ε(ορτάσαμεν”
1068 633 1253 682 χωρῆσαι
1275 629 1376 685 πρὸς
1396 630 1441 672 τὸ
1463 629 1671 676 παλάτιον.

122 700 147 733 Ρ
171 701 236 735 277
400 694 477 737 25.
542 693 629 736 Ἐπὶ
655 691 815 745 τούτοις
844 694 865 739 ὃ
895 695 1086 749 βασιλεὺς
1110 699 1312 746 αἰδεσθεὶς
1331 698 1403 740 τὸν
1422 697 1574 758 ᾄνδρα,
1610 699 1711 756 ὠρέ-

262 777 352 816 γετο
381 761 455 814 μὲν
486 760 658 804 ἴκποθεν
681 764 815 805 αἰτίαν
838 767 1132 819 σχεδιασθῆναι
1154 770 1226 807 τοῦ
1249 764 1356 815 ὅπως
1375 768 1641 822 ταπεινωθειή
1662 766 1710 811 τὸ

263 833 336 870 τοῦ
366 829 514 884 ἀνδρὸς
541 828 874 884 ἀκατάπληκτον,
910 837 968 890 τῷ
991 833 1038 875 δέ
1058 850 1100 888 γε
1122 833 1220 882 τέως
1247 841 1331 883 τοῖς
1351 835 1437 890 περὶ
1460 833 1583 877 αὐτὸν
1606 835 1712 878 ἀπο-

263 895 503 952 λογούμενος
533 896 642 947 ὅπως
670 898 861 950 πολλάκις
884 900 1101 953 ἀντιβαίνει
1123 903 1187 943 καὶ
1212 901 1258 943 οὐ
1280 903 1460 944 πείθεται
1479 900 1711 955 μεσιτεύον-
1725 913 1768 946 10

263 982 356 1016 τος,
389 965 463 1018 τὴν
482 971 626 1020 συνεχῆ
647 970 908 1021 προσεδρείαν
929 968 1071 1024 ᾐτιᾶτο
1092 973 1163 1022 τῆς
1179 969 1405 1022 ἀπειθείας,
1438 972 1503 1012 καὶ
1522 969 1576 1020 ὠς
1595 989 1714 1014 συνε-

258 1037 342 1087 χῶς
368 1031 652 1087 ἐνοχλούμενος
675 1033 823 1078 ταύτόν
843 1054 879 1078 τι
900 1035 1040 1090 πάσχει
1062 1043 1145 1085 τοῖς
1169 1035 1381 1093 ἁψικόροις
1399 1042 1558 1081 πολλῶν
1576 1056 1713 1095 παρα-ε

212 1102 240 1135 Β
264 1101 487 1154 τιθεμένων
517 1099 770 1156 βρωμάτων·
808 1103 1038 1159 ὀργίζεσθαι
1057 1105 1133 1160 γὰρ
1158 1106 1348 1156 ἐκείνους,
1386 1105 1434 1159 ἢν
1454 1104 1512 1160 μή
1531 1123 1590 1156 τις
1607 1107 1712 1150 ἀπο-

261 1167 501 1222 σκευάζηται
531 1170 583 1211 τὰ
614 1171 785 1212 τεθέντα
804 1203 816 1223 ,
855 1175 919 1213 καὶ
941 1172 1065 1214 αὐτὸν
1084 1177 1241 1214 πολλῶν
1261 1173 1365 1215 καθ’
1391 1173 1562 1228 ἑκάστην
1589 1176 1713 1218 ἐπαν-

259 1236 490 1289 τλουμένων
509 1241 590 1279 τῶν
607 1235 856 1291 ὑποθέσεων,
879 1241 943 1282 καὶ
962 1239 1081 1282 ταῦτ’
1099 1241 1171 1282 οὐκ
1193 1242 1234 1282 ἐκ
1249 1240 1497 1295 μηνυμάτων
1517 1242 1611 1284 ἀλλ’
1637 1242 1710 1284 αὖ·
1724 1249 1766 1285 15

262 1303 566 1358 τοπροσώπως,
606 1303 724 1348 ὁπότε
759 1308 824 1348 καὶ
859 1306 882 1361 ἦ
917 1308 1121 1363 ἀντιλογία
1153 1308 1290 1363 καιρὸν
1311 1309 1386 1362 ἔχει
1406 1309 1507 1364 πρὸς
1529 1310 1710 1362 ἕκαστον,

265 1373 332 1414 διὰ
361 1372 406 1414 τὸ
438 1372 597 1425 ἀξίωμα
619 1373 854 1428 ἀγανακτεῖν
873 1377 938 1417 καὶ
960 1378 1232 1418 δυσκολαίνειν
1253 1378 1352 1430 πρὸς
1371 1377 1442 1430 τὴν
1459 1376 1709 1431 κατάνευσιν,

212 1447 241 1480 C
267 1444 427 1482 πολλῶν
458 1439 740 1497 ἐπεισρεόντων
773 1442 950 1486 ἄλλοθεν
981 1442 1114 1487 ἄλλων
1142 1446 1207 1486 καὶ
1236 1443 1516 1497 μεθελκόντων
1540 1444 1712 1489 ἑκάστου

263 1509 366 1563 πρὸς
385 1506 505 1551 ἑαυτὸ
525 1509 596 1551 τὸν
617 1514 713 1552 νοῦν
737 1510 806 1553 τὸν
824 1513 1044 1565 βασίλειον.
1114 1514 1179 1554 καὶ
1198 1512 1268 1555 τὸν
1285 1518 1436 1567 μαθεῖν
1456 1515 1521 1556 καὶ
1544 1515 1710 1569 ζητῆσαι

354 1616 408 1652 19.
431 1614 496 1651 τὸν
518 1616 636 1662 μαθ.]
658 1615 703 1653 vo*
724 1620 818 1664 μαθ.
841 1620 880 1654 Ρ.

260 1716 383 1749 expers
415 1707 534 1741 ferculi
568 1708 610 1742 ab
641 1720 703 1743 ara
728 1712 970 1745 reverteretur.
1018 1721 1132 1744 verum
1156 1722 1197 1744 ex
1222 1710 1366 1745 adverso
1387 1711 1582 1757 patriarcha
1605 1712 1713 1757 magis

259 1752 439 1785 timendam
461 1754 711 1798 cavendamque
733 1755 918 1790 studiosius
940 1756 1090 1790 indicans
1114 1757 1168 1790 dei
1191 1757 1426 1799 offensionem,
1449 1758 1653 1803 “acciperes
1675 1758 1711 1793 in

259 1796 437 1840 iudicium,
463 1799 662 1842 Auguste‚”
692 1800 820 1846 inquit,
850 1802 971 1835 “hunc
994 1813 1123 1835 sacrum
1146 1802 1278 1845 cibum,
1309 1804 1420 1849 quoad
1440 1807 1568 1837 certum
1589 1804 1712 1838 fixum-

261 1853 327 1886 que
350 1842 414 1876 tibi
438 1842 504 1876 erit
524 1843 646 1878 homini
667 1845 791 1879 iniuste
813 1851 935 1880 vexato
958 1847 1113 1880 solatium
1135 1858 1269 1891 negare.
1281 1848 1301 1865 ’⁹
1345 1852 1425 1882 tunc
1447 1860 1526 1882 vero
1551 1852 1712 1893 caperata

261 1888 374 1920 fronte
404 1886 607 1932 imperator,
644 1895 679 1923 et
711 1890 816 1936 priori
848 1891 1045 1936 placiditate
1075 1892 1189 1926 vultus
1218 1892 1250 1926 in
1287 1894 1465 1927 manifesta
1493 1893 1566 1927 irae
1586 1894 1710 1929 indicia

260 1936 410 1974 mutata,
451 1944 524 1966 cum
558 1945 699 1978 surgens
730 1935 870 1969 dixisset
907 1939 1023 1981 “ergo
1054 1937 1176 1971 festum
1206 1938 1361 1973 infestum
1397 1939 1577 1984 egimus,”
1619 1940 1710 1974 nullo

260 1983 438 2022 praeterea
459 1980 563 2013 verbo
587 1981 702 2014 addito
725 1981 760 2015 in
784 1982 943 2026 palatium
965 1982 1118 2018 recessit.

350 2023 405 2058 25.
450 2023 514 2058 His
547 2026 781 2070 experimentis
814 2027 942 2061 veritus
973 2027 1154 2072 imperator
1186 2031 1255 2062 tarn
1288 2040 1398 2063 acrem
1421 2029 1454 2063 in
1477 2029 1627 2074 urgendo
1656 2029 1710 2064 vi-

259 2079 355 2110 rum,
397 2070 556 2114 cupiebat
583 2071 736 2105 alicunde
766 2072 910 2117 aliquam
934 2073 1084 2118 expediri
1106 2073 1268 2108 rationem
1292 2076 1494 2109 commodam
1517 2075 1711 2121 intrepidae

260 2115 333 2147 eius
356 2119 391 2147 et
414 2114 607 2150 inflexibilis
630 2117 860 2152 retundendas
893 2118 1133 2153 vehementiae.
1181 2120 1223 2153 de
1251 2131 1318 2165 qua
1342 2132 1414 2154 cum
1439 2121 1528 2165 apud
1554 2131 1632 2155 suos
1655 2121 1710 2156 fa-

260 2159 407 2193 miliares
430 2172 506 2194 sese
530 2172 678 2206 purgans
701 2168 839 2208 ageret,
874 2175 1033 2198 accusare
1055 2165 1256 2199 contumacis
1280 2165 1487 2210 pertinaciae
1509 2166 1642 2201 solebat
1661 2166 1711 2200 ir-

260 2205 483 2240 revocabilem
519 2205 608 2241 illam
640 2209 854 2254 patriarchae
877 2210 1161 2254 perseverantiam
1184 2211 1219 2244 in
1242 2222 1349 2256 usque
1372 2216 1406 2246 et
1428 2222 1535 2256 usque
1556 2211 1721 2246 instando¹

262 2250 305 2283 ad
328 2250 572 2295 impetrandum
594 2253 629 2286 id
653 2255 742 2299 quod
764 2254 906 2297 iterum,
946 2258 982 2289 et
1003 2256 1136 2300 saepius
1161 2256 1322 2298 petitum,
1364 2257 1492 2291 idoneis
1516 2257 1628 2291 causis
1650 2268 1712 2292 ne-

261 2299 375 2339 gatum
411 2297 542 2333 suisset.
591 2299 738 2333 addebat
759 2300 935 2354 fatigatum
959 2311 996 2334 se
1019 2301 1166 2335 molestis
1188 2301 1280 2336 hisce
1303 2302 1550 2336 obtrusionibus
1573 2302 1712 2348 petitio-

262 2351 339 2374 num
362 2342 557 2386 frequenter
584 2344 804 2387 reiecturum,
828 2347 915 2380 idem
942 2346 1014 2390 pati
1038 2347 1126 2391 quod
1149 2351 1348 2382 nauseantes
1371 2348 1479 2382 solent
1497 2347 1637 2392 ingestis
1661 2347 1712 2383 ci-

261 2385 315 2419 bis
340 2397 460 2430 magna
483 2389 600 2432 copia,
633 2391 755 2435 quibus
777 2391 861 2426 iram
884 2397 1069 2426 commovet
1091 2393 1323 2438 importunitas
1346 2404 1510 2438 reponere
1533 2405 1597 2429 non
1620 2392 1712 2430 desi-

262 2431 420 2465 stentium
444 2433 626 2468 fastiditam
650 2437 817 2471 cramben.
862 2437 967 2471 multa
989 2437 1138 2483 quotidie
1161 2438 1226 2472 sibi
1250 2439 1385 2484 negotia
1409 2440 1480 2473 eius
1503 2439 1636 2483 generis
1657 2438 1709 2471 in-

262 2477 335 2520 geri
358 2477 556 2511 assiduitate
580 2481 783 2524 insatiabili,
821 2494 931 2528 neque
953 2482 985 2516 id
1010 2494 1071 2528 per
1093 2484 1209 2518 literas
1230 2487 1289 2519 aut
1316 2485 1470 2526 nuntios,
1508 2484 1567 2518 sed
1597 2493 1710 2518 coram

263 2523 307 2556 ab
338 2521 411 2567 ipso
444 2522 601 2558 adstante
633 2538 694 2570 per
728 2538 831 2572 seque
865 2532 987 2572 agente
1021 2529 1238 2574 patriarcha3
1279 2530 1367 2563 unde
1399 2530 1498 2564 fieret
1519 2531 1558 2563 ut
1578 2528 1710 2574 quoties

263 2567 353 2613 quod
386 2568 521 2601 concedi
553 2580 617 2603 non
647 2573 821 2616 expediret
852 2578 1047 2618 peteretur,
1087 2586 1194 2620 grave
1217 2575 1340 2609 sibiet
1363 2575 1595 2620 permolestum
1617 2575 1710 2608 esset

262 2624 406 2647 renuere
425 2617 566 2658 propter
587 2618 820 2652 verecundiam
843 2618 909 2651 viri
931 2623 1047 2653 tantae
1074 2620 1284 2654 auctoritatis
1310 2619 1502 2665 praesentia
1531 2619 1708 2654 incussam.

262 2658 296 2691 id
322 2670 381 2702 per
404 2670 441 2692 se
463 2658 701 2695 incommodum
724 2662 964 2698 intolerabilius
987 2665 1083 2699 reddi
1106 2678 1268 2700 concursu
1291 2670 1326 2700 et
1348 2666 1515 2710 gravitate
1538 2663 1709 2709 principa-

262 2703 343 2737 lium
368 2715 520 2738 curarum
544 2709 579 2739 et
600 2708 871 2751 occupationum,
909 2710 1127 2756 undecunque
1148 2711 1372 2755 ingruentium
1402 2722 1442 2744 ac
1469 2709 1626 2744 videlicet
1647 2721 1710 2745 ne-

266 2750 412 2784 cessario
444 2750 630 2786 attentione
658 2752 753 2786 varia
783 2757 926 2788 mentem
948 2756 1105 2801 principis
1128 2757 1160 2790 in
1185 2757 1318 2791 diversa
1339 2754 1551 2790 trahentium.
1597 2755 1647 2789 his
1670 2757 1709 2790 ut

266 2794 394 2829 modum
418 2795 615 2839 adhiberet,
652 2797 828 2833 constituit
853 2803 978 2834 certam
1001 2802 1292 2846 praescribendam
1313 2801 1528 2847 patriarchae
1550 2811 1708 2846 congres-
