1884 3262
214 136 310 185 248
637 133 826 187 GEORG
832 133 872 174 11
905 131 1258 174 PACHYMERIS

217 249 376 295 εἶσιέναι
395 249 460 291 καὶ
489 249 689 301 κρατῆσαι
712 244 760 286 τὸ
784 244 888 287 ἄστυ
903 277 916 297 ,
955 244 1028 287 οὗκ
1046 245 1096 295 ἐξ.
1117 238 1173 287 ὧν
1203 245 1378 294 ἐκείνους
1396 243 1566 298 ἔβλεπον
1585 242 1683 286 ἀλλ’

217 321 259 371 ἐξ
287 313 343 361 ὧν
373 316 446 358 τὸν
476 318 559 356 τῶν
590 315 761 356 ἐποίκων
789 311 978 370 θόρυβον
1007 314 1199 356 ἐθεῶντο.
1273 315 1339 355 καὶ
1373 312 1423 367 δὴ
1444 316 1527 355 τῶν
1554 314 1687 354 πεδῶν

218 384 455 432 ἐκλυθέντες
474 382 646 438 οὐραγοί
661 399 766 431 τινες
784 378 889 437 ἦσαν
905 379 1211 437 προεκθεοῦσης
1231 385 1305 433 τῆς
1323 379 1546 438 φάλαγγος,
1583 381 1688 434 πλὴν

218 455 266 497 οὗ
286 451 384 496 κατ’
411 451 572 504 ἄμυναν
593 450 708 494 ἀλλὰ
722 452 827 494 κατὰ
846 452 1086 507 προθυμίαν
1106 455 1178 492 τοῦ
1202 446 1508 506 φυλάσσεσθαι.
1577 445 1626 503 ἦν
1645 450 1690 490 δὲ

191 539 196 542 ·
219 523 266 565 τὸ
288 525 362 576 τῆς
380 522 583 576 ἐκδρομῆς
603 519 718 570 τέλος
740 522 804 563 ἐπὶ
835 520 911 570 τὰς
945 519 1077 569 πύλας
1107 520 1207 561 ἴέναι
1236 522 1310 573 τῆς
1341 515 1511 567 πόλεως.
1579 519 1646 559 καὶ
1666 515 1722 560 55

77 604 104 637 P
131 601 195 637 165
221 590 320 640 λαὸς
345 590 474 632 ε’ίπετο
507 587 660 645 χύδην,
708 591 774 631 καὶ
809 590 850 632 ἐν
886 588 1088 646 ἀλογίστῳ
1118 593 1169 645 τῇ
1205 587 1309 630 καθ’
1343 585 1468 629 αὑτὸν
1499 585 1694 646 ἀσθενείᾳ
1732 581 1734 584 ’

220 655 442 715 ὠρρώδουν
469 658 664 710 ἕκαστος,
705 656 759 707 ὥς
782 657 805 712 ἢ
830 656 1128 713 τεθνηξόμενος
1150 660 1233 699 τῶν
1266 654 1440 710 πρώτων
1469 652 1692 706 πεσόντων,

221 730 254 770 εἶ
272 728 311 771 οἱ
331 726 514 781 πολέμιοι
547 726 705 777 ἔξωθεν
737 728 996 779 διεκπαίοιεν,
1043 725 1067 781 ἢ
1102 723 1261 769 τούτων
1292 721 1576 768 ἀνωθούντων
1598 723 1696 772 τοὺς

221 794 499 851 εἲσχεομὲνους
517 797 581 838 καὶ
605 794 937 838 ἄναστελλόντων
959 794 1129 839 ἔνδοθεν
1151 793 1276 843 αὐτὸς
1298 793 1485 850 οὐραγῶν
1506 796 1696 834 συνελευ-

221 862 393 920 σόμενός
425 881 468 907 τε
510 865 578 906 καὶ
621 862 925 921 ἓκφευξόμενος.
1006 863 1053 906 τὸ
1084 864 1128 906 δὲ
1162 858 1213 918 ἦν
1242 861 1326 919 ἄρα
1359 861 1514 910 ὄνειδος
1541 861 1695 910 αὐτοῖς.
1710 865 1753 899 10

223 930 524 990 προσπεσόντες
553 933 635 989 γὰρ
657 939 747 982 ταῖς
776 931 923 983 πύλαις
951 932 998 975 οὗ
1026 933 1129 987 μετὰ
1150 935 1223 987 τῆς
1245 931 1373 986 αὐτῆς
1393 932 1459 974 καὶ
1478 934 1576 985 μιᾶς
1594 946 1700 986 προ-

224 1001 382 1052 θέσεως
416 998 642 1056 ἕπήρχοντό
671 1018 713 1044 τε
740 1004 807 1044 καὶ
843 999 1100 1057 ἀνεχώρουν,
1146 1000 1244 1043 ἀλλ’
1279 1000 1320 1042 ἓν
1347 1002 1508 1056 ταραχῇ
1535 999 1600 1040 καὶ
1625 997 1702 1041 σὺν

175 1079 204 1112 Β
229 1070 361 1114 οὐδενὶ
380 1067 521 1129 κόσμῳ
543 1070 808 1124 ἐμπίπτοντες
833 1070 938 1126 μεθ’
975 1068 1150 1126 ἡσυχίας
1187 1070 1253 1112 καὶ
1283 1067 1359 1110 σὺν
1381 1065 1629 1110 καταστάσει
1650 1070 1701 1122 τῇ

227 1135 494 1197 προσηκούσῃ
523 1136 798 1196 ἀνεζεύγνυον.
868 1137 1056 1195 εὕρισκον
1089 1138 1166 1195 γὰρ
1183 1137 1291 1180 καθ’
1315 1135 1489 1192 ἡσυχίαν
1513 1134 1702 1190 καθημέ-

228 1224 326 1259 νους
344 1207 441 1257 τοὺς
459 1204 649 1264 φύλακας
670 1209 737 1249 καὶ
762 1208 891 1263 μηδὲν
910 1209 1126 1256 ἔπαῖὀντας
1151 1211 1235 1249 τῶν
1255 1205 1334 1248 ἀντὶ
1360 1206 1437 1261 τὴν,
1454 1202 1571 1247 πόλιν
1587 1220 1701 1260 γενο-
1716 1205 1757 1240 15

228 1276 374 1331 μένων.
433 1274 535 1319 ὅθεν
559 1278 626 1318 καὶ
640 1280 799 1330 μᾶλλον
822 1275 974 1332 ἤλγουν
990 1274 1044 1326 ὥς
1067 1273 1190 1318 τόσον
1211 1274 1478 1331 ἠπατημένοι,
1510 1272 1535 1328 ἢ
1558 1269 1705 1328 ὠρρώ-

232 1347 333 1388 δουν
365 1344 407 1387 ἕν
446 1343 590 1394 ἄλλαις
617 1342 766 1395 πύλαις
796 1338 1055 1399 ἐλπιζόμενον
1083 1344 1128 1387 τό
1167 1341 1302 1386 κακόν.
1376 1342 1398 1385 ὃ
1421 1342 1472 1397 δὴ
1494 1343 1560 1384 καὶ
1581 1342 1705 1384 πλείω

232 1420 419 1472 παρεῖχεν
450 1413 613 1463 ἐκείνοις
640 1413 714 1468 τὴν
743 1412 953 1470 ταραχήν,
1000 1416 1034 1455 εἷ
1064 1412 1172 1456 οὕτω
1192 1410 1490 1469 βραδυνάντων
1509 1414 1582 1465 τῆς
1603 1409 1706 1466 πρὸς

326 1524 360 1557 4.
384 1521 472 1559 κατ’
498 1521 773 1568 ἅπροθυμίανῗ

235 1627 307 1659 stes
332 1626 368 1658 et
390 1624 426 1658 in
449 1625 535 1659 urbe
559 1625 780 1671 praevalere,
804 1637 869 1659 non
891 1626 980 1671 quod
1005 1626 1100 1673 ipsos
1123 1626 1305 1667 viderent,
1329 1624 1390 1658 sed
1414 1636 1456 1660 ex
1479 1624 1710 1670 trepidatione

235 1682 337 1715 quam
361 1672 547 1705 cernebant
569 1672 692 1705 civium
716 1673 820 1706 ducta
841 1673 1055 1715 coniectura,
1088 1672 1191 1706 soluti
1215 1671 1358 1706 vinculis
1383 1682 1421 1705 se
1447 1672 1588 1706 comites
1611 1671 1710 1705 addi-

236 1719 361 1750 derunt
392 1716 436 1750 iis
468 1717 511 1750 de
543 1718 665 1762 quibus
697 1718 766 1752 dixi
799 1719 962 1760 armatis,
995 1724 1032 1753 et
1065 1725 1217 1753 extremo
1250 1717 1343 1752 velut
1378 1718 1514 1762 agmine
1538 1719 1711 1751 cohortem

237 1767 406 1796 auxerunt
430 1763 630 1807 obeuntem,
658 1770 695 1797 ut
719 1770 774 1798 est
796 1771 1037 1806 memoratum,
1068 1766 1142 1799 vias
1167 1765 1280 1805 urbis,
1313 1768 1348 1797 et
1372 1768 1633 1808 praecurrentes
1655 1774 1712 1797 se-

236 1809 447 1853 quebantur,
473 1820 539 1843 non
562 1810 610 1843 illi
634 1810 768 1854 quidem
791 1811 900 1844 animo
932 1816 993 1844 aut
1015 1811 1144 1856 impetu
1168 1809 1340 1855 pugnandi
1369 1810 1554 1844 ultionisvo
1579 1810 1622 1843 ab
1648 1809 1711 1842 ho-

238 1859 292 1887 ste
314 1855 519 1893 sumendae,
556 1856 616 1889 sed
639 1856 755 1890 taedio
787 1857 935 1890 carceris
967 1858 1178 1891 occasionem
1198 1881 1207 1897 ‚
1246 1862 1285 1889 ut
1309 1855 1369 1896 fit,
1399 1855 1712 1900 quomodocumque

240 1899 391 1933 oblatam
420 1901 637 1946 usurpandae
670 1902 842 1936 libertatis
874 1902 1024 1936 libenter
1066 1902 1222 1947 amplexi.
1278 1901 1348 1935 ista
1384 1913 1485 1946 porro
1516 1906 1713 1934 cunctorum

241 1945 291 1980 sic
325 1945 474 1979 euntium
506 1946 680 1991 procursio
715 1949 758 1981 ad
789 1953 909 1994 portas
939 1949 1089 1982 civitatis
1123 1949 1308 1982 ferebatur.
1357 1949 1566 1992 sequebatur
1599 1950 1714 1980 autem

243 1991 419 2025 multitudo
450 1993 590 2027 confusa
613 1995 752 2039 populi,
782 1995 1044 2028 exhorrescente
1067 2006 1128 2040 pro
1160 2005 1198 2027 se
1218 2005 1441 2038 unoquoque,
1474 1993 1552 2027 dum
1575 1997 1715 2037 reputat

243 2049 344 2083 quam
365 2037 518 2071 infirmus
542 2050 605 2084 per
627 2051 665 2073 se
697 2041 745 2074 sit
781 2041 825 2074 ad
857 2041 1118 2085 propulsandum
1149 2043 1272 2074 malum
1304 2040 1488 2084 ingruens,
1523 2044 1560 2072 et
1588 2039 1640 2072 ita
1676 2049 1715 2071 se

244 2083 398 2129 pluribus
433 2084 644 2128 applicante,
677 2085 728 2119 sic
772 2087 846 2120 fere
878 2087 1044 2121 subducta
1077 2086 1264 2120 errantium
1297 2086 1540 2130 cogitationum
1573 2095 1713 2126 summa,

245 2134 306 2163 aut
337 2140 376 2163 se
399 2130 517 2163 statim
538 2131 743 2171 morituros,
767 2132 796 2166 si
821 2132 962 2166 hostium
989 2135 1081 2167 ferro
1106 2144 1167 2178 per
1190 2137 1325 2177 portam
1348 2138 1520 2177 patentem
1546 2131 1716 2165 extrinse-

247 2184 307 2209 cus
330 2174 531 2209 irruentium
566 2177 663 2220 primi
695 2182 923 2220 armatorum,
956 2190 1041 2224 quos
1074 2179 1323 2224 sequebantur,
1357 2178 1579 2220 cecidissent;
1603 2181 1664 2211 aut
1685 2175 1716 2210 si

248 2221 283 2254 hi
306 2221 443 2255 fortuna
467 2222 519 2255 usi
544 2223 675 2257 meliori
710 2224 916 2269 repellerent
937 2225 1168 2269 ingredientes
1190 2225 1356 2258 barbaros
1381 2228 1416 2258 et
1438 2224 1564 2258 maiore
1586 2223 1717 2268 impetu

248 2267 469 2301 incumbendo
500 2270 726 2313 reprimerent
755 2271 822 2304 vim
860 2270 1028 2316 ipsorum,
1069 2283 1133 2305 non
1169 2271 1400 2315 desperabant
1431 2269 1556 2314 singuli
1588 2280 1717 2310 eorum,

249 2323 335 2358 quos
364 2313 509 2347 diximus
540 2316 703 2350 custodiis
735 2318 892 2361 elapsos,
924 2317 1083 2351 iuvenire
1119 2317 1155 2350 in
1191 2317 1354 2350 communi
1377 2316 1604 2361 trepidatione
1627 2315 1717 2350 viam

252 2358 321 2392 sibi
344 2359 502 2403 privatim
527 2362 744 2405 consulendi,
769 2364 974 2408 erumpendo
1002 2375 1063 2408 per
1086 2366 1206 2408 aperta
1232 2363 1324 2397 ostia
1346 2362 1443 2397 simul
1466 2374 1542 2396 curu
1564 2362 1719 2396 referen-

252 2404 345 2437 tibus
377 2405 497 2449 pedem
529 2407 700 2449 hostibus,
734 2413 769 2442 et
801 2408 851 2442 ita
886 2409 1045 2454 effugium
1077 2409 1201 2443 alicubi
1232 2408 1401 2454 captandi.
1448 2407 1484 2443 in
1513 2409 1581 2442 fine
1604 2411 1718 2440 autem

252 2449 349 2483 huius
376 2450 451 2484 viae
477 2451 656 2486 ludibrium
679 2453 732 2487 sui
756 2454 927 2500 risumque
950 2459 1161 2500 repererunt.
1209 2466 1283 2489 cum
1306 2455 1394 2489 enim
1415 2453 1459 2488 ad
1483 2459 1627 2499 portam,
1649 2454 1717 2497 quo

253 2496 320 2530 iter
341 2496 581 2541 intenderant,
615 2500 873 2544 pervenissent,
906 2513 971 2535 non
1005 2502 1124 2536 eodem
1148 2504 1246 2534 aestu
1269 2505 1306 2535 et
1328 2501 1502 2536 anxietate
1525 2499 1627 2534 alumi
1650 2509 1719 2543 qua

254 2547 418 2576 venerant
440 2543 634 2585 redierunt,
670 2546 731 2579 sed
763 2548 967 2581 tumultuose
995 2548 1254 2592 inordinateque
1285 2559 1325 2581 eo
1350 2545 1522 2592 progressi
1546 2543 1719 2589 tranquilli

253 2587 434 2632 securique
465 2590 692 2634 recedebant,
728 2595 885 2626 custodes
921 2594 1085 2638 siquidem
1119 2597 1240 2639 portae
1272 2593 1390 2639 quiete
1421 2591 1613 2627 desidentes
1645 2590 1720 2624 sine

253 2634 321 2667 ullo
345 2634 456 2667 adhuc
480 2646 592 2669 rerum
616 2645 703 2681 quae
729 2647 789 2682 per
811 2639 928 2672 urbem
951 2641 1158 2683 gerebantur
1178 2650 1280 2674 sensu
1303 2638 1488 2674 inveniunt.
1534 2637 1623 2671 unde
1653 2647 1721 2670 uua

256 2691 293 2712 re
316 2679 497 2722 dolebant,
522 2682 611 2726 quod
636 2681 769 2717 illusum
796 2685 861 2718 sibi
887 2692 979 2719 esset
1037 2698 1103 2720 non
1126 2689 1239 2720 tamen
1263 2686 1352 2720 omui
1374 2685 1484 2718 adhuc
1506 2682 1722 2717 solicitudine

258 2727 448 2770 vacabant,
474 2733 674 2774 reputantes
699 2730 849 2775 potuisse
873 2731 949 2764 fieri
984 2737 1023 2765 ut
1058 2745 1119 2777 per
1150 2732 1235 2766 alius
1259 2737 1376 2777 portas
1407 2731 1522 2764 hostes
1546 2729 1579 2762 iu
1606 2729 1722 2762 urbem

258 2777 509 2815 penetrassent.
546 2775 643 2809 immo
667 2787 741 2810 cum
766 2778 928 2811 attentius
953 2777 1198 2823 cogitaverant,
1231 2779 1288 2813 illa
1312 2780 1397 2824 ipsa,
1421 2787 1523 2821 «pium
1549 2775 1723 2816 videbant,
