1884 3262
458 165 532 206 DE
568 165 844 208 MICI-IAELE
878 167 1252 213 PALAEOLOGO
1287 171 1338 213 L.‘
1364 170 1442 214 IV.
1579 172 1676 217 279

201 278 268 335 δρὶ
303 277 506 337 ἐλευθέρῳ
541 278 614 322 τὸν
648 276 802 336 τρόπον
831 281 898 323 καὶ
931 282 1056 338 ἱεραῖς
1081 284 1341 340 διεξαγωγαῖς
1361 283 1576 341 πρέποντι,
1614 284 1672 328 ἴτι

203 347 247 388 δὲ
267 348 333 388 καὶ
352 347 426 402 τὴν
447 349 491 390 ἐκ
509 349 711 400 βασιλέως
731 350 773 391 ἔκ
796 353 975 392 παλαιοῦ
992 354 1237 394 πλουτοῖντι
1256 350 1457 397 διάθεσιν.
1509 353 1567 397 ὢν
1586 354 1663 413 γὰρ
1689 367 1717 401 Β

199 413 220 458 ὅ
255 414 357 471 ἀνὴρ
385 423 476 466 ταῖς
506 416 722 471 ἀληθείαις
753 415 976 474 φιλόκαλος
1004 419 1081 471 μὲν
1114 423 1182 462 καὶ
1214 419 1432 478 φιλολόγος
1462 423 1503 471 ἐς
1526 422 1667 480 ἄκρον,

198 484 322 527 καλὸν
352 483 396 526 δ’
429 484 537 528 ἅπαν
563 486 680 536 εἷδώς
700 485 721 529 ὃ
741 485 790 528 ἂν
809 489 877 528 καὶ
897 489 953 536 εἷς
973 487 1023 530 τοὶ
1052 487 1276 544 πράγματα
1300 489 1568 544 χρησιμεύοι,
1604 493 1664 548 μὴ

163 550 320 608 ὁμόνον
350 555 405 603 εἷς
437 551 610 611 ἀρετήν,
649 556 692 597 ἓν
719 554 958 612 προτιμήσει
987 555 1184 607 πολλάκις
1214 563 1298 601 τῶν
1328 558 1502 602 ἐπαίνων
1534 561 1662 604 ἐτίθει

193 622 265 665 τὸν
292 622 385 676 μετ’
416 622 640 678 ἓντρεχειάς
667 625 733 666 καὶ
762 624 808 667 τὸ
838 625 878 673 ἒς
908 625 1047 680 ψυχὴν
1074 625 1259 683 ἀσφαλὲς
1285 625 1430 679 ἔχοντα
1454 632 1529 670 τοῦ
1555 627 1659 680 ὅλως

192 690 317 748 ἀρετῇ
346 693 549 744 συζιῧντος
573 697 725 748 γυμνῇ,
766 693 797 735 εἷ
826 692 931 735 κατὰ
949 696 1042 747 βίον
1062 694 1204 751 καὶμὴ
1226 693 1293 737 ἐπ’
1318 695 1488 751 ἐρημίας
1510 694 1655 751 διάγοι.

190 759 291 803 ὅθεν
309 758 444 815 λόγιος
461 762 535 815 μὲν
554 760 628 803 οὐκ
650 756 720 815 ἦν,
757 763 908 817 λογίοις
931 764 975 805 δὲ
999 763 1093 817 μετ’
1124 766 1268 814 αἰδοῦς
1296 765 1362 804 καὶ
1385 769 1459 807 τοῦ
1477 764 1654 821 πρέπον-

188 846 260 878 τος
288 814 560 886 π’ροσεφὲρετο
571 863 583 882 ,
616 831 682 871 καὶ
707 828 829 886 λόγου
859 829 1020 874 ἀκούων
1040 829 1178 888 ἠγάπα
1189 865 1202 885 ,
1238 833 1306 875 καὶ
1328 833 1448 888 φίλος
1467 828 1518 889 ἦν
1538 833 1582 884 ἐς
1597 834 1650 878 τὰ
1674 849 1704 883 c

133 908 177 941 10
186 895 367 952 μάλιστα
386 903 469 941 τῶν
488 897 708 951 τοιούτων,
747 897 803 948 ὥς
824 901 891 942 καὶ
915 900 1040 950 αὐτὸς
1061 905 1134 944 τοῦ
1156 905 1285 944 καλοῦ
1302 901 1461 956 μετέχοι
1484 900 1539 952 ὥς
1559 902 1651 959 ὅρι-

186 983 278 1009 στα.
351 965 499 1024 ἀρετῆς
521 968 565 1009 δὲ
584 971 712 1022 μετῆν
733 972 792 1026 τῷ
812 967 930 1024 ἀνδρὶ
953 969 1030 1023 οὔχ
1046 969 1096 1025 ἢν
1119 969 1169 1012 ἂν
1196 970 1236 1013 οἱ
1255 967 1456 1025 παρόντες
1482 973 1646 1024 αι’νοῖεν,

182 1034 206 1090 ἢ
228 1039 387 1088 μᾶλλον
411 1035 450 1078 οἱ
470 1035 571 1091 παρ’
597 1034 759 1085 ἑαυτοῖς
775 1035 962 1093 προύχειν
983 1040 1197 1089 δοκοῦντες
1227 1043 1309 1082 τῶν
1339 1037 1497 1092 ἄλλων,
1533 1038 1647 1096 βρώ-

179 1121 294 1157 ματα
315 1106 381 1146 καὶ
404 1102 541 1154 πόσεις
561 1109 889 1161 φιλοκρινοῢντες
919 1108 985 1148 καὶ
1006 1105 1160 1165 ἡμέρας
1180 1106 1340 1150 τούτων
1366 1105 1526 1166 ἑκάστῳ
1546 1125 1647 1166 πρε-

178 1169 339 1222 πούσας
365 1174 432 1215 καὶ
452 1173 566 1229 παρὰ
587 1173 632 1216 τὸ
652 1173 755 1223 εῗκός
788 1176 1104 1232 προσνέμοντες,
1142 1178 1238 1234 πεζῇ
1261 1193 1303 1218 τε
1327 1177 1394 1218 καὶ
1415 1174 1553 1233 βάδην
1580 1178 1646 1220 αἴ-

123 1251 165 1286 15
179 1238 368 1296 ρούμενοι
400 1242 636 1299 διέρχεσθαι
662 1242 737 1292 τὰς
768 1241 914 1297 ὅδούς,
951 1244 1220 1296 ἀνιπτόποδες
1241 1247 1307 1288 καὶ
1325 1250 1556 1299 χαμαεῢναι
1577 1249 1644 1288 καὶ

172 1311 460 1365 μονοχίτωνες,
498 1314 540 1353 ἐν
569 1311 743 1369 δευτέρῳ
773 1313 818 1354 δὲ
846 1311 1004 1356 τούτων
1028 1315 1100 1357 τὸν
1130 1312 1265 1356 οἶκτον
1293 1315 1360 1355 καὶ
1383 1314 1458 1367 τὴν
1479 1312 1640 1370 ἀγάπην
1661 1321 1693 1355 D

172 1380 402 1433 τιθέμενοι,
441 1379 498 1422 ἔτι
519 1381 564 1422 δὲ
582 1382 648 1422 καὶ
665 1380 740 1435 τὴν
759 1383 1078 1437 φιλανθρωπίαν
1097 1385 1164 1425 καὶ
1186 1382 1261 1437 τὴν
1286 1380 1550 1436 συμπάθειαν
1571 1385 1639 1426 καὶ

172 1447 219 1491 τὸ
239 1448 335 1491 ὅλον
359 1450 479 1491 εἰπεῖν
499 1449 574 1503 τὴν
595 1446 818 1505 διάκρισιν,
855 1452 1031 1506 σκληροί
1048 1469 1153 1501 τινες
1176 1451 1288 1500 ὄντες
1307 1451 1374 1492 καὶ
1393 1457 1478 1499 τοῖς
1500 1450 1639 1502 ἄλλοις

170 1519 399 1573 μωμητικοὶ
430 1519 496 1560 καὶ
521 1519 816 1575 μεμψᾲιοιροι,
862 1517 917 1568 ὥς
953 1517 1114 1571 ἑαυτοῖς
1151 1521 1267 1578 σφίσι
1295 1521 1362 1562 καὶ
1393 1517 1537 1574 μόνοις
1562 1520 1637 1575 τὴν

259 1653 293 1687 2.
317 1648 393 1696 ὧν]
418 1645 464 1697 ἦν
488 1650 528 1685 Ρ.
671 1652 723 1685 10.
746 1649 884 1697 μετέχει
906 1652 946 1687 Ρ.

165 1766 430 1811 Adi-iunopoleos
454 1765 634 1811 episcopo,
670 1765 744 1799 viro
770 1764 897 1800 liberae
923 1764 1043 1800 indolis
1066 1767 1102 1799 et
1125 1765 1232 1800 sacris
1254 1764 1483 1800 functionibus
1506 1766 1632 1802 decore

162 1813 367 1858 peragendis
396 1813 539 1852 idoneo,
571 1811 613 1846 ad
648 1812 731 1845 haec
764 1812 915 1856 gratioso
940 1812 1118 1857 plurimum
1140 1811 1207 1845 iam
1231 1811 1308 1845 olim
1332 1813 1422 1856 apud
1445 1813 1631 1858 imperato-

161 1870 244 1894 rem.
293 1863 369 1893 erat
391 1858 478 1892 enim
500 1869 623 1892 revera
647 1858 743 1892 homo
765 1859 904 1902 elegans
927 1863 963 1891 et
985 1858 1138 1892 eruditus
1160 1863 1200 1892 ut
1224 1858 1281 1903 qui
1303 1859 1467 1901 maxime,
1490 1870 1531 1893 ac
1554 1870 1629 1894 cum

161 1904 195 1938 in
218 1905 310 1939 nullo
333 1916 399 1939 non
422 1905 630 1938 exercitatus
652 1904 868 1938 laudabilium
896 1915 1022 1947 genere
1046 1904 1191 1946 artium,
1216 1909 1286 1938 tum
1308 1904 1387 1938 illas
1409 1916 1451 1938 ex
1474 1904 1516 1938 iis
1538 1916 1628 1950 quae

161 1962 226 1984 non
251 1951 296 1985 ad
317 1953 422 1985 solam
444 1951 604 1985 virtutem
627 1951 687 1984 sed
712 1951 757 1985 ad
781 1962 837 1984 res
860 1951 946 1984 bene
969 1961 1011 1984 ac
1033 1961 1107 1984 cum
1132 1961 1290 1984 successu
1322 1950 1487 1994 gerendas
1511 1956 1628 1985 essent

158 1997 280 2040 utiles,
313 1998 489 2042 praeferre
513 1997 709 2042 plerumque
730 1997 855 2030 iudicio
879 2008 920 2030 ac
942 1996 1226 2030 commendatione
1249 1995 1394 2030 caeteris
1415 1997 1554 2038 solitus,
1589 2000 1625 2031 et

156 2055 198 2077 ex
222 2043 410 2078 bominibus
436 2055 511 2076 eum
536 2043 594 2088 qui
620 2054 693 2077 cum
717 2042 926 2077 dexteritate
949 2042 1071 2087 agendi
1101 2042 1327 2087 versandiqne
1351 2042 1384 2076 in
1406 2043 1509 2076 rebus
1531 2042 1624 2076 salu-

155 2090 203 2124 tis
233 2089 366 2124 animae
395 2089 545 2123 rationes
567 2090 601 2123 in
625 2093 700 2123 tuto
732 2090 896 2131 haberet,
927 2088 984 2123 illo
1012 2088 1208 2123 existimare
1238 2088 1402 2132 potiorem
1426 2088 1545 2133 quise
1568 2093 1622 2122 to-

155 2141 227 2169 tum
250 2136 361 2169 nudae
383 2147 424 2169 ac
448 2147 561 2169 merae
582 2134 702 2169 virtuti
723 2135 886 2178 dederet,
915 2135 944 2168 si
967 2134 1000 2168 ei
1024 2146 1089 2168 non
1112 2134 1146 2168 in
1169 2134 1348 2168 solitudine
1371 2133 1432 2167 sed
1455 2133 1488 2166 in
1512 2133 1622 2168 socie-

154 2185 228 2215 tate
261 2193 302 2215 ac
332 2192 394 2214 usu
427 2181 594 2215 hominum
624 2181 802 2215 vivendum
824 2185 926 2215 esset.
974 2181 1063 2214 unde
1086 2192 1159 2214 cum
1184 2191 1250 2213 non
1273 2184 1365 2213 esset
1385 2179 1460 2224 ipse
1482 2179 1618 2224 quidem

152 2227 333 2273 eloquens,
372 2227 519 2261 disertos
547 2231 660 2261 tamen
689 2227 778 2262 scita
811 2233 848 2261 et
878 2227 1048 2261 reverenti
1092 2225 1335 2260 consuetudine
1367 2224 1618 2268 demerebatur,

150 2273 334 2307 benevolus
365 2273 500 2306 auditor
532 2273 779 2318 perorantium‚
812 2273 1004 2318 amorisque
1034 2273 1067 2306 in
1099 2272 1136 2305 id
1167 2270 1333 2304 hominum
1366 2282 1474 2314 genus
1502 2271 1617 2306 eximii

147 2320 344 2364 professor-3
375 2319 498 2363 quibus
520 2321 623 2353 rebus
644 2320 914 2365 assequebatur,
946 2322 986 2352 ut
1006 2318 1182 2352 doctrinae
1205 2328 1246 2350 ac
1269 2316 1481 2361 sapientiae,
1513 2328 1612 2362 quam

148 2364 184 2398 in
208 2365 282 2398 aliis
305 2365 471 2405 armabat,
495 2365 551 2398 vel
573 2365 752 2410 plurimum
774 2366 811 2399 in
835 2376 872 2399 se
895 2365 1021 2399 babere
1039 2365 1223 2397 videretur.
1270 2362 1382 2396 virtus
1406 2374 1487 2397 vero
1510 2374 1611 2408 qaam

146 2410 180 2443 in
205 2411 278 2446 vita
302 2411 530 2455 exprimebat,
568 2422 635 2444 non
664 2415 740 2446 erat
770 2411 829 2445 illa
854 2411 987 2456 quidem
1020 2410 1155 2455 qualem
1176 2408 1329 2443 hodierni
1352 2409 1531 2442 laudarent
1555 2414 1610 2443 te-

145 2457 247 2498 trici,
282 2462 341 2491 aut
370 2456 485 2501 potius
507 2456 567 2501 qui
587 2468 711 2491 arcano
744 2457 972 2491 conscientiae
995 2457 1087 2490 fastu
1110 2460 1286 2500 praestare
1312 2466 1350 2488 se
1370 2454 1511 2500 reliquis
1534 2455 1609 2488 exi-

145 2503 306 2544 stimant,
341 2514 545 2547 magnopere
575 2502 640 2536 sibi
673 2503 850 2547 placentes
872 2503 908 2536 in
930 2513 1064 2536 moroso
1084 2501 1229 2546 quodam
1250 2501 1400 2534 ciborum
1423 2512 1464 2534 ac
1493 2500 1608 2546 potio-

144 2559 222 2582 num
255 2549 411 2590 delectu,
448 2549 519 2582 suis
553 2548 753 2593 unicuique,
793 2548 984 2582 voluntaria
1014 2547 1202 2592 religione,
1237 2546 1328 2580 ultra
1356 2546 1605 2592 praescriptum

143 2592 365 2629 communiter
387 2594 537 2628 ordinem
561 2594 682 2628 diebus
704 2594 939 2639 assignandis,
973 2594 1177 2628 affectantes
1197 2593 1324 2627 itinera
1346 2593 1514 2626 conficere
1542 2604 1607 2636 pe-

141 2640 261 2683 dibus,
293 2651 379 2686 quos
411 2640 515 2674 etiam
541 2651 676 2685 semper
706 2640 819 2674 illotos
839 2644 1012 2674 ostentare
1034 2645 1167 2679 amant,
1203 2639 1294 2672 humi
1316 2639 1502 2679 cubantes,
1535 2648 1604 2671 una

141 2686 258 2720 tunica
286 2683 461 2728 contenti‚'
488 2693 657 2720 caeterum
687 2685 955 2720 misericordiam
975 2686 1066 2720 bisce
1097 2685 1340 2729 caritatemque
1362 2684 1606 2729 posthabentes

141 2736 391 2778 praetereaque
420 2732 662 2777 benignitatem
694 2737 730 2767 et
760 2733 938 2766 humanum
969 2731 1167 2766 condolendi
1190 2729 1419 2765 moerentibus
1440 2728 1604 2769 officium,

143 2777 288 2822 denique
308 2783 349 2812 ut
372 2789 440 2812 uno
462 2780 570 2813 verbo
593 2783 716 2812 cuncta
737 2779 964 2824 complectar,
987 2777 1241 2816 discretionem,
1269 2776 1383 2822 asperi
1405 2774 1541 2820 quidam
1565 2778 1602 2808 et

143 2823 353 2868 superciliosi
387 2835 565 2869 censores,
597 2825 720 2859 nullum
744 2825 904 2870 carpendi
928 2836 969 2859 ac
991 2823 1169 2859 vellicandi
1193 2827 1314 2857 cuncta
1345 2821 1447 2856 obvia
1466 2820 1600 2855 modum
