1846 3262
443 199 519 242 DE
545 198 825 243 MICHAELE
851 198 1226 244 PALAEOLOGO
1258 199 1306 243 L.
1330 198 1384 243 Π.
1544 198 1641 245 137

172 314 240 357 καὶ
272 310 382 357 οὕτω
413 310 600 363 δεδιότας
629 313 862 366 ξυνέβαινεν
888 312 1125 370 ἅντιφοβεῒν
1154 314 1197 356 ἔκ
1223 313 1444 364 συνέσεως·
1479 309 1573 356 τότε
1594 311 1637 357 δ’

173 381 340 437 ὁμαλῶς
355 385 422 426 καὶ
439 382 568 436 ἠπίως
584 380 691 425 πάνυ
709 383 938 437 ἐπεχείρουν
949 380 1252 437 πρεσβεύεσθαι
1269 384 1344 438 μὲν
1364 381 1431 425 ἐπ’
1452 383 1638 436 ἐκείνους,

172 452 328 494 ἐκεῖθεν
358 453 404 494 δὲ
432 451 621 506 πρέσβεις
647 451 866 507 δέχεσθαι,
908 448 964 501 ῶς
998 451 1146 494 αὐτίκα
1168 453 1235 494 καὶ
1263 451 1367 494 κατὰ
1383 448 1487 508 κήδη
1511 453 1634 496 σπέν-
1658 456 1691 491 Ε

173 522 323 564 δεσθαι
341 525 527 574 μελετᾶν.
1229 567 1232 570 ,

142 596 166 632 5
316 588 439 632 Οῧτω
455 591 500 632 δὲ
521 593 604 633 τῶν
625 592 699 643 τῆς
718 588 923 643 ἀνατολῆς
947 591 1084 644 μερῶν
1100 588 1412 645 κρατυνομένων
1442 589 1510 631 καὶ
1540 587 1639 631 κατ’

173 658 344 707 ἐλπίδας
372 658 539 714 ἀγαθὰς
570 656 723 710 ὄντων,
771 657 824 700 τὰ
852 658 958 700 κατὰ
987 655 1105 700 δύσιν
1139 659 1206 699 καὶ
1243 652 1371 708 αὖθις
1407 654 1638 711 ε’κύμαινον.

174 725 283 787 (26)
320 725 342 770 ὅ
375 727 452 784 γὰρ
485 724 686 780 δεσπότης
710 726 885 781 Μιχαὴλ
915 725 974 782 μὴ
1006 725 1181 781 εὗχερῶς
1205 727 1341 783 φέρων
1366 723 1634 782 στερούμενος
1658 732 1688 767 P
1715 732 1760 768 89

174 799 256 838 τῶν
287 797 497 853 φρουρίων
525 797 592 838 καὶ
624 799 698 850 τῆς
721 793 865 852 χώρας
893 794 1198 850 ἀπεληλαμένος
1206 828 1220 848 ,
1257 795 1308 850 ἢν
1334 792 1490 845 ὅθεΐος
1512 795 1641 839 αὐτοῦ

175 866 243 907 καὶ
266 864 402 920 πατὴρ
425 862 445 907 ὃ
468 862 710 918 Θεόδωρος,
750 862 795 913 ὃς
813 865 880 906 καὶ
898 868 1115 919 βασιλικῆς
1137 862 1400 921 ἀναρρήσεως
1432 865 1536 907 κατὰ
1567 863 1643 907 δύ-

70 984 73 985 ⁷
122 944 165 978 10
177 951 241 977 σιν
268 931 429 989 ἠξιώθη
457 937 531 975 τοῦ
560 932 757 988 Ἀχριδῶν
782 931 1075 983 ταινιώσαντος
1098 931 1320 988 Ἰακώβου,
1352 933 1496 990 ἱδρῶσι
1529 935 1643 977 πλεί-

175 1019 290 1052 στοις
319 1004 386 1045 nai
414 999 560 1059 σπάθῃ
590 999 798 1051 ε’κσπάσας
825 1006 908 1044 τῶν
932 1001 1101 1045 Ἰταλῶν
1130 1009 1216 1052 τοῖς
1248 1004 1367 1052 ἰδίοις
1394 1000 1642 1058 προσεποιή-

175 1088 279 1114 σατο
292 1103 304 1123 ,
340 1068 501 1114 τούτων
525 1070 583 1126 μὴ
615 1070 750 1127 φέρων
777 1068 798 1113 ὃ
827 1070 1003 1126 Μιχαὴλ
1030 1068 1297 1127 στερούμενος
1315 1069 1575 1125 ἀνελάμβανέ
1594 1089 1638 1115 τε

174 1139 252 1189 τὰς
278 1139 382 1197 πρὸς
413 1139 486 1182 τὸν
512 1140 686 1194 βασιλέα
706 1137 944 1194 συνθήκας,
984 1141 1051 1182 καὶ
1079 1140 1132 1182 τὰ
1153 1140 1258 1183 κατὰ
1277 1137 1394 1183 δύσιν
1410 1138 1638 1184 ὖποποιού-
1660 1141 1692 1176 Β

176 1225 297 1263 μενος
321 1208 496 1264 εὐχερῶς
515 1207 616 1264 πρὸς
641 1206 787 1251 ἑαυτὸν
814 1208 883 1250 διὰ
903 1208 950 1251 τὸ
972 1210 1039 1251 καὶ
1061 1208 1196 1258 ἄλλως
1223 1213 1305 1252 τῶν
1337 1211 1514 1252 δυσικῶν
1534 1209 1643 1266 εὗρί-

123 1287 166 1322 15
179 1294 321 1320 πιστον
342 1276 502 1320 ἔπειθεν
525 1276 754 1320 ἀποκλίνειν
787 1271 926 1327 αὖθις.
995 1277 1064 1320 διὰ
1087 1282 1221 1320 ταῦτα
1244 1277 1316 1320 τόν
1344 1278 1419 1332 μὲν
1441 1275 1644 1334 δεσπότην

177 1344 199 1389 ὃ
223 1346 416 1400 βασιλεὺς
429 1343 645 1401 Ἰωάννην,
684 1348 844 1402 σπουδῇ
863 1346 915 1388 τὰ
938 1344 1139 1403 φωσσάτα
1159 1345 1359 1398 λαβόντα,
1395 1347 1645 1402 προσέταττε

175 1415 248 1457 τὸν
270 1411 446 1469 πόλεμον
463 1414 566 1470 πρὸς
588 1415 738 1457 ἐκεῖνον
758 1414 936 1471 ἐκφέρειν
951 1428 962 1439 ·
999 1415 1082 1457 ἐπεὶ
1101 1415 1229 1457 δὲκαὶ
1254 1415 1293 1458 οἱ
1322 1414 1402 1457 ἀπὸ
1430 1418 1505 1470 τῆς
1526 1419 1646 1458 Σικε-

177 1487 292 1537 λικῆς
325 1482 490 1540 ῥηγικῆς
516 1483 702 1534 ἐξουσίας
723 1483 856 1525 πολλὰ
884 1488 967 1526 τῶν
987 1483 1195 1541 Ἰλλυριῶν
1215 1485 1282 1526 καὶ
1302 1487 1375 1538 τῆς
1390 1483 1484 1533 νέας
1503 1483 1646 1526 Ἠπεί-

180 1569 255 1607 ρου
286 1553 705 1608 προσεσφετερίσαντο
717 1585 729 1604 ,
773 1552 918 1606 πέμπει
958 1551 1115 1595 κᾶκεΐσε
1147 1552 1247 1603 τούς
1292 1552 1642 1606 ἀντιταξομένους.

123 1621 246 1665 eom}
268 1620 319 1674 δὴ
348 1625 407 1679 τῷ
440 1621 622 1676 Καίσαρι
640 1620 803 1678 Ἀλεξίῳ
828 1620 874 1663 τὸ
908 1621 1114 1664 Σκυθικὸν
1134 1621 1348 1679 παραδοὺς
1365 1620 1441 1663 σὺν
1463 1621 1510 1663 οὗ
1533 1626 1635 1664 πολ-
1660 1633 1691 1667 c

178 1693 264 1738 λοΐς
293 1688 431 1738 ἄλλοις
458 1694 624 1746 πρῶτον
649 1689 752 1744 πρὸς
786 1687 955 1749 Θρᾴκην
986 1687 1174 1746 ἐξώρμα,
1219 1690 1270 1733 τὰ
1296 1688 1402 1732 κατὰ
1427 1689 1502 1745 τὴν
1524 1689 1642 1746 Ὀρε-

179 1755 330 1800 στιοῖδα
358 1761 493 1808 καλῶς
524 1755 580 1808 ὥς
608 1755 686 1813 εἶχε
711 1756 1015 1814 διαθησόμενον
1030 1786 1043 1811 ,
1081 1760 1123 1802 ἒν
1148 1759 1323 1819 δευτέρῳ
1345 1757 1507 1802 κάκεῖνα
1525 1759 1643 1802 τιθέ-

176 1878 335 1923 fragosas
366 1881 403 1913 et
434 1881 639 1924 praeruptas
669 1878 744 1913 vias
776 1878 866 1915 duci.
912 1879 948 1914 in
979 1878 1070 1914 hunc
1101 1878 1234 1914 modum
1264 1882 1347 1914 tunc
1367 1878 1425 1914 ille
1447 1883 1641 1925 suspectam

178 1923 408 1969 arrogantiam
432 1924 544 1969 gentis
576 1925 745 1959 barbarae
774 1925 932 1961 simulata
955 1927 1140 1971 prudenter
1162 1926 1322 1972 superbia
1345 1926 1526 1961 retundere
1548 1931 1640 1961 sate-

177 1971 249 2015 git,
270 1970 346 2004 utili
369 1975 441 2005 tuin
464 1971 611 2006 consilio.
650 1971 710 2005 sed
733 1971 825 2005 aliud
847 1976 966 2006 secuta
989 1978 1067 2018 post
1089 1979 1243 2018 tempora
1260 1977 1497 2018 poposcerunt.
1532 1985 1641 2018 quare

177 2029 245 2051 non
267 2017 375 2051 minus
397 2017 572 2062 sapienter
594 2017 654 2063 qui
676 2022 798 2062 postea
820 2017 1050 2064 imperarunt,
1082 2019 1260 2053 Tocharos
1282 2024 1318 2053 et
1349 2025 1556 2064 exceperunt
1578 2031 1639 2053 ve-

175 2064 309 2098 nientes
339 2063 517 2097 humanius
550 2068 585 2097 et
617 2063 766 2098 vicissim
796 2064 992 2099 honorificis
1014 2065 1241 2110 legationibus
1275 2070 1527 2107 convenerunt,
1549 2065 1639 2099 omni

178 2120 238 2144 eos
266 2109 400 2144 ratione
439 2109 502 2144 sibi
531 2109 710 2144 conciliare
740 2114 936 2156 satagentes
973 2115 1010 2146 et
1048 2112 1190 2146 foedere
1224 2122 1324 2157 quam
1353 2110 1521 2146 artissimo
1555 2123 1638 2145 con·-

171 2166 232 2190 1un
258 2166 328 2189 ere.

234 2167 330 2234 gSic
366 2200 591 2235 Orientalium
621 2201 868 2247 provinciarum
898 2205 990 2237 statu
1023 2214 1092 2249 qua
1125 2214 1212 2250 pace
1233 2202 1269 2236 in
1300 2213 1462 2250 praesens
1485 2213 1554 2247 qua
1577 2212 1640 2248 spe

177 2249 267 2282 bona
289 2246 326 2280 in
347 2251 520 2290 posterum
543 2248 687 2290 firmato,
711 2260 767 2283 res
787 2249 1015 2283 Occiduorum
1037 2253 1207 2284 tractuum
1230 2248 1398 2283 fluctuare
1424 2249 1534 2282 denuo
1558 2260 1639 2282 coe-

177 2304 274 2339 pere.
320 2293 403 2337 (26)
426 2304 503 2327 nam
523 2293 672 2329 Michael
698 2295 842 2340 despota
864 2295 981 2341 iniquo
1008 2296 1118 2330 animo
1151 2297 1263 2330 ferens
1293 2296 1462 2340 privatum
1485 2305 1523 2328 se
1548 2293 1640 2328 arci-

178 2341 243 2374 bus
266 2342 303 2372 et
338 2339 514 2384 expulsum
546 2339 707 2385 regione,
744 2353 844 2387 quam
870 2346 1012 2387 patruus
1043 2342 1115 2376 eius
1145 2346 1181 2376 et
1213 2346 1314 2386 pater
1337 2341 1536 2375 Theodorus
1559 2340 1639 2385 (qui

177 2385 280 2420 etiam
302 2384 506 2419 acclamatus
530 2385 566 2419 in
597 2386 783 2421 Occidente
803 2387 988 2432 imperator
1008 2389 1145 2431 suerat,
1177 2390 1361 2421 coronante
1384 2387 1493 2432 ipsum
1515 2387 1642 2421 Iacobo

178 2430 337 2476 episcopo
360 2430 579 2476 Achridensi)
612 2432 715 2467 multo
749 2433 873 2468 sudore
896 2437 1027 2468 armata
1050 2446 1150 2468 manu
1173 2438 1341 2468 extortam
1361 2433 1458 2467 Italis
1480 2444 1562 2467 suae
1585 2432 1641 2466 di-

178 2477 265 2511 tioni
289 2477 463 2511 adiecerat
478 2502 489 2520 ‚
513 2477 585 2520 his,
609 2477 768 2524 inquam,
790 2490 828 2513 se
850 2479 1031 2524 spoliatum
1054 2480 1202 2514 Michael
1233 2490 1300 2514 non
1330 2480 1444 2514 ferens
1469 2478 1644 2513 revocavit

178 2534 268 2569 quae
293 2523 396 2569 paulo
420 2528 500 2557 ante
522 2522 719 2568 imperatori
741 2524 966 2570 promiserat,
1000 2530 1036 2559 et
1059 2526 1231 2560 Occiduas
1253 2530 1371 2570 gentes
1394 2536 1512 2559 rursus
1535 2525 1579 2558 ad
1603 2536 1642 2558 se

178 2569 316 2604 trahere
337 2580 518 2615 aggressus
551 2570 653 2604 facile
684 2571 729 2604 ad
762 2571 987 2605 defectionem
1010 2572 1145 2618 impulit
1166 2572 1258 2606 leves
1271 2576 1323 2606 ‘ac
1344 2572 1463 2606 faciles
1486 2571 1642 2617 populos.

178 2616 223 2649 ob
257 2626 299 2648 ea
326 2615 512 2660 imperator
542 2616 720 2662 despotam
746 2616 904 2652 Ioannem
934 2617 1061 2651 iussum
1082 2617 1196 2654 statim
1218 2618 1403 2653 exercitum
1426 2617 1572 2652 educere
1594 2616 1639 2650 ad

178 2660 379 2695 Michaelem
412 2661 500 2695 bello
529 2664 716 2706 urgendum
749 2663 854 2699 misit.
912 2668 1096 2709 praeterea.
1128 2664 1285 2710 quoniam
1318 2664 1441 2698 missae
1473 2662 1590 2707 copiae
1617 2673 1639 2696 a

177 2717 262 2751 rege
284 2706 421 2741 Siciliae
442 2707 548 2742 multa
570 2709 695 2753 lllyrici
719 2712 755 2742 et
776 2721 885 2744 novae
906 2710 1008 2752 Epiri
1029 2710 1105 2746 loca
1129 2711 1193 2746 sibi
1215 2710 1454 2750 subiecerant,
1487 2708 1638 2742 destina-

179 2752 228 2786 vit
251 2753 353 2787 etiam
375 2753 456 2787 illuc
478 2754 538 2799 qui
562 2754 646 2800 ipsis
669 2755 882 2791 obsisterent.
926 2756 1082 2791 Alexium
1101 2755 1243 2803 insuper
1267 2756 1473 2797 Caesarem,
1498 2753 1639 2798 Scythis

179 2797 215 2831 ei
237 2798 459 2835 auxiliaribus
482 2811 557 2834 cum
581 2801 658 2836 aliis
689 2812 757 2835 non
778 2801 891 2836 multis
913 2803 1017 2849 copiis
1039 2803 1197 2845 traditis,
1231 2803 1374 2848 primum
1396 2801 1432 2834 in
1454 2800 1637 2835 Thraciam

178 2843 333 2887 immisit,
366 2857 441 2880 cum
474 2846 644 2883 mandatis
678 2850 719 2882 ut
751 2846 947 2894 invigilaret
976 2849 1154 2884 Orestiadi
1176 2849 1316 2895 eiusque
1338 2845 1517 2883 securitati
1537 2857 1636 2893 quam
