1884 3262
288 166 384 213 402
704 163 938 208 GEORGII
971 164 1315 209 PACHYMERIS

290 280 464 333 ἐγκαλεῖν
491 274 584 317 ἀλλ’
611 275 784 331 ἱστορεῖν
802 274 1078 332 προεθέμεθα.
1150 273 1247 318 ὅθεν
1270 278 1334 319 καὶ
1356 275 1376 320 ὃ
1395 278 1469 330 μὲν
1493 275 1611 334 λόγος
1631 278 1734 334 ψιλὰ

286 346 338 387 τὰ
360 343 597 400 πραχθέντα
620 345 807 399 τίθησιν,
843 343 996 395 ἐξέσται
1018 344 1061 385 δὲ
1079 344 1222 399 κρίνειν
1240 348 1297 401 τῷ
1316 346 1565 405 βουλομένῳ.

148 429 174 461 Ρ
200 429 265 463 273
426 409 502 456 24.
575 409 679 454 Τότε
710 413 845 454 τοίνυν
874 416 948 454 τοῦ
975 412 1048 465 μὲν
1064 410 1214 467 Ἰωσὴφ
1235 409 1506 467 ἀργήσαντος,
1544 412 1599 464 ὥς
1630 431 1732 469 προ-

285 479 489 531 λέλεκται,
520 482 602 533 τῆς
623 479 665 521 δ’
692 480 903 534 ἐκκλησίας
934 477 1131 534 ζητούσης
1152 479 1222 521 τὸν
1245 478 1593 534 προστησόμενον,
1631 487 1733 524 πολ-

283 549 346 590 λοὶ
373 547 615 601 ἓνεκρίνοντο
639 551 720 590 τῶν
745 546 974 600 δοκούντων
1000 545 1079 589 ἀπό
1098 564 1139 589 τε
1161 551 1241 589 τῶν
1258 551 1449 601 μοναχῶν
1467 550 1534 601 καὶ
1554 553 1633 592 τῶν
1657 549 1730 592 ἄλ·-
1744 557 1764 591 5

283 620 362 665 λως
393 614 641 671 ἱερωμένων,
680 615 817 670 ἔρρεπε
852 617 896 658 δὲ
928 615 1046 657 πλέον
1066 613 1090 668 ἦ
1109 619 1251 670 ψῆφος
1282 620 1340 672 τῷ
1359 616 1578 671 Πρίγκιπι,
1615 616 1732 671 ἀνδρὶ

285 683 434 739 εὐγενεῖ
446 683 519 736 μὲν
539 682 590 725 τὰ
610 682 648 732 ἐς
672 683 806 738 γένος,
844 685 886 725 ἐκ
908 684 1143 738 Πριγκίπων
1173 684 1216 725 δὲ
1244 687 1324 725 τῶν
1345 683 1449 725 κατὰ
1469 682 1732 740 Πελοπόννη-

286 769 359 794 σον
377 748 591 805 κατάγοντι
609 750 655 793 τὸ
676 750 899 804 ἀνέκαθεν,
938 749 1090 793 ὁπόθεν
1115 751 1203 800 νεός
1227 749 1451 801 ξενιτεύσας
1473 751 1567 794 κατ’
1587 751 1733 808 ἀρετῆς

236 833 265 866 Β
290 817 432 874 λόγους
459 820 525 860 καὶ
552 820 753 869 πολιτείας
783 818 1075 873 ἀκριβεστάτης
1100 818 1140 860 ἕν
1167 836 1243 860 τινι
1263 824 1342 862 τῶν
1364 818 1470 860 κατὰ
1490 820 1563 874 τὴν
1584 819 1732 863 ἀνατο-

285 887 360 941 λὴν
376 890 513 940 μονῶν
535 891 608 928 τοῦ
626 887 818 936 Μέλανος
838 886 972 943 ὄρους,
1010 885 1112 929 ὅπου
1135 904 1175 941 γε
1198 889 1264 929 καὶ
1283 887 1353 930 τὸν
1374 886 1453 929 ἀπὸ
1472 893 1730 944 πατριαρχῶν
1745 897 1788 930 10

285 954 496 1009 Γερμανόν
526 954 660 997 ἀσκεῖν
688 954 894 1009 ἐλέγομεν,
932 955 1066 1010 φέρων
1093 953 1237 997 ἑαυτὸν
1263 956 1435 1010 ἐγκλείει.
1505 956 1656 998 ἐκεῖθεν
1689 957 1733 998 δὲ

282 1022 384 1074 μετὰ
402 1019 575 1079 χρόνους
593 1027 651 1079 τῷ
667 1027 832 1075 βασιλεῖ
845 1029 1082 1078 προσχωρεΐ,
1121 1024 1186 1064 καὶ
1206 1022 1278 1076 τὴν
1297 1027 1369 1064 τοῦ
1388 1021 1732 1080 Παντοκράτορος

283 1091 412 1145 μονὴν
450 1091 704 1142 πιστευθείς,
754 1090 960 1140 καταστὰς
1000 1093 1055 1139 εἷς
1090 1090 1430 1146 ἀρχιμανὸρίτην,
1465 1089 1549 1133 εἶτα
1580 1093 1647 1134 καὶ
1677 1091 1730 1134 τὰ

285 1158 388 1212 πρὸς
423 1157 520 1206 τούς
554 1157 819 1207 ἅνατολικοῦς
850 1156 1063 1214 Τοχοῖρους
1099 1157 1448 1212 διαπρεσβεύσας,
1489 1159 1562 1213 τὴν
1602 1157 1730 1202 νόθον

235 1241 264 1276 c
287 1227 462 1281 Μαρίαν
481 1229 555 1267 τοῦ
575 1225 775 1277 βασιλέως
794 1228 848 1275 εἷς
871 1224 1035 1281 νύμφην
1054 1225 1211 1280 ἀγαγών
1230 1227 1349 1268 ἐκεῖσε
1368 1231 1425 1282 τῷ
1435 1226 1604 1285 Ἀπαγᾷ,
1629 1225 1729 1283 πρός
1743 1234 1785 1282 115

283 1311 359 1336 τινι
383 1294 524 1350 κελλίῳ
543 1297 616 1347 τῆς
634 1298 715 1335 τῶν
730 1291 913 1348 Ὁὸηγῶν
932 1298 1059 1348 μονῆς
1079 1293 1314 1335 ἐπανελθών
1334 1290 1542 1348 ἡσύχαζεν.
1610 1293 1730 1336 ὕστε-

285 1378 356 1417 ρον
377 1361 420 1403 δὲ
443 1360 516 1403 κᾶν
535 1365 584 1417 τῇ
605 1365 678 1414 τῆς
693 1360 934 1415 Ἀντιοχείας
964 1362 1150 1420 ἐκκλησίᾳ
1180 1363 1234 1410 εἷς
1256 1359 1506 1417 πατριάρχην
1525 1363 1729 1404 καθίστα-

281 1446 364 1474 ται.
434 1426 525 1471 τότε
554 1429 598 1471 δὲ
629 1429 734 1470 καθ’
760 1427 885 1471 αὑτὸν
915 1428 998 1471 ὄντι
1029 1431 1094 1470 καὶ
1122 1427 1360 1483 ἡσυχάζοντι
1386 1427 1407 1483 ἢ
1429 1434 1570 1485 ψῆφος
1591 1429 1730 1486 ἔρρεπε

282 1502 363 1539 τῶν
392 1500 541 1539 λοιπῶν
570 1496 690 1538 πλέον
720 1497 759 1546 ἒς
779 1495 800 1538 ὃ
822 1501 894 1550 τῆς
916 1496 1020 1538 κατὰ
1041 1496 1114 1551 τὴν
1136 1495 1564 1540 Κωνσταντινοῦπολιν
1587 1498 1728 1552 ἔκκλη-

282 1567 374 1613 σιάς
406 1561 727 1620 προστήσεσθαι.
798 1563 871 1606 κᾶν
901 1562 1066 1619 ἐγεγόνει
1093 1568 1239 1617 τοῦτο,
1278 1563 1327 1619 ἢν
1356 1563 1413 1620 μή
1443 1565 1489 1618 γέ
1516 1582 1619 1615 τινες
1646 1570 1783 1608 nauso

282 1632 496 1687 ἀρχιερέων
526 1630 717 1675 εὖδόκουν
747 1633 810 1674 ἐπὶ
846 1637 902 1690 τῷ
931 1633 1093 1691 Βὲκκῳ,
1130 1631 1216 1685 ἅμα
1241 1633 1314 1686 μὲν
1340 1630 1622 1690 χαρτοφύλακι
1643 1632 1728 1676 ὄντι

230 1714 260 1747 D
285 1699 370 1754 ἅμα
407 1701 450 1742 δὲ
480 1701 546 1742 καὶ
572 1699 735 1760 μεγάλῳ
762 1697 1057 1757 σκευοφύλακι,
1104 1702 1171 1743 καὶ
1213 1701 1327 1750 κλέος
1358 1700 1488 1756 ἔχοντι
1523 1701 1725 1757 μέγιστον.

279 1831 393 1864 orbem
415 1829 480 1864 iam
502 1841 591 1864 nunc
610 1828 728 1863 redeat
750 1829 879 1872 oratio,
902 1842 959 1865 res
981 1831 1069 1865 nude
1092 1833 1130 1864 ut
1153 1834 1271 1875 gestae
1292 1831 1359 1865 sint
1380 1842 1570 1876 proponens
1593 1830 1724 1866 iudica-

278 1875 363 1910 turis
385 1886 448 1920 pro
471 1874 610 1909 arbitrio
632 1875 824 1909 lectoribus.

369 1920 424 1955 24.
470 1921 570 1954 Tunc
591 1919 716 1964 igitur,
740 1925 902 1962 vacante,
924 1925 963 1954 ut
986 1920 1110 1954 dictum
1135 1924 1204 1962 est,
1230 1932 1292 1965 per
1313 1920 1555 1966 depositionem
1577 1921 1722 1966 Iosephi,

278 1965 498 2012 patriarchali
526 1965 627 2006 sede,
659 1970 695 1999 et
727 1965 759 1999 ei
794 1966 850 2011 qui
881 1966 1074 2000 succederet
1106 1966 1139 1999 in
1175 1965 1225 2000 sui
1249 1977 1361 2000 curam
1385 1966 1527 2000 ecclesia
1551 1972 1721 2011 poscente,

279 2011 374 2046 multi
397 2011 527 2056 quidem
549 2011 661 2044 idonei
684 2011 726 2044 ad
752 2011 814 2044 hoc
837 2011 901 2045 visi
925 2011 1208 2056 designabantur,
1230 2022 1296 2056 qua
1312 2023 1354 2045 ex
1369 2011 1559 2053 monachis,
1589 2023 1657 2056 qua
1678 2024 1720 2046 ex

279 2057 418 2091 alterius
439 2056 588 2090 instituti
611 2056 851 2091 sacerdotibus.
899 2057 1041 2101 plurium
1060 2062 1169 2090 tamen
1191 2056 1227 2089 in
1250 2057 1437 2101 Principem
1459 2057 1622 2101 suffragia
1639 2069 1721 2102 pro-

278 2102 479 2147 pendebant.
527 2105 602 2135 erat
623 2102 651 2135 is
674 2113 797 2145 genere
819 2101 1042 2136 nobilissimus
1056 2127 1065 2144 ‚
1089 2114 1108 2135 e
1131 2102 1239 2135 veteri
1262 2104 1418 2146 prosapia
1441 2101 1630 2146 Principum
1653 2102 1720 2136 Pe-

277 2148 456 2193 loponneso
487 2146 769 2192 imperitantium3
807 2147 895 2181 unde
923 2147 1050 2181 iuvenis
1072 2149 1243 2192 profectus
1266 2147 1358 2180 vitae
1382 2147 1593 2191 perfectioris
1615 2147 1720 2192 profi-

277 2193 399 2226 tendae
435 2193 545 2237 gratia
576 2192 610 2225 in
639 2193 804 2238 quoddam
836 2192 1020 2227 orientalis
1051 2197 1180 2226 tractus
1210 2193 1444 2226 monasterium
1473 2191 1593 2226 montis
1621 2193 1720 2237 nigri,

276 2238 334 2272 ubi
367 2241 401 2271 et
435 2237 703 2282 expatriarcham
736 2239 940 2272 Germanum
971 2238 1185 2272 monasticam
1212 2237 1404 2271 exercuisse
1429 2237 1533 2272 vitam
1563 2237 1716 2281 diximus,

277 2295 316 2316 eo
352 2293 428 2316 sese
458 2283 606 2317 inclusit.
652 2283 730 2317 inde
765 2284 866 2318 multo
901 2287 978 2328 post
1006 2288 1157 2328 tempore
1191 2283 1234 2317 ad
1268 2283 1503 2328 imperatorem
1543 2283 1716 2321 accedens..

276 2328 448 2361 commisso
477 2328 538 2361 sibi
560 2328 808 2363 Pantocratoris
841 2329 1040 2363 monasterio
1064 2328 1342 2363 archimandritae
1364 2332 1535 2373 potestate
1558 2329 1716 2372 praefuit.

275 2372 395 2407 deinde
426 2372 594 2416 legatione
626 2375 760 2408 functus
792 2374 836 2408 ad
860 2374 1050 2408 Orientales
1073 2375 1266 2417 Tocharos,
1301 2378 1336 2407 et
1366 2373 1476 2408 Maria
1506 2373 1716 2418 imperatoris

275 2418 344 2451 filia
367 2418 469 2451 notha
491 2418 527 2451 in
549 2430 703 2463 sponsam
730 2431 769 2453 eo
793 2420 894 2453 ducta
924 2419 1164 2464 coniunctaque
1187 2420 1346 2464 Apagae,
1378 2430 1535 2453 reversus
1564 2419 1599 2452 in
1629 2429 1716 2463 qua-

276 2464 351 2496 dam
375 2462 493 2496 cellula
515 2464 708 2503 monasterii
729 2464 943 2508 Hodegorum
971 2465 1172 2509 tranquillae
1202 2465 1292 2499 vitae
1314 2477 1355 2498 ac
1378 2463 1644 2508 contemplationi
1676 2475 1715 2498 se

275 2507 430 2543 reddidit.
475 2507 635 2542 insecutis
665 2510 872 2555 temporibus
894 2510 1027 2544 vacanti
1047 2515 1185 2554 pastore
1212 2510 1434 2544 Antiochenae
1467 2507 1629 2543 ecclesiae
1650 2519 1713 2552 pa-

273 2553 424 2587 triarcha
455 2556 507 2587 est
539 2554 763 2598 praepositus.
811 2556 899 2588 hunc
931 2561 1001 2590 tum
1034 2556 1122 2600 apud
1145 2567 1183 2589 se
1207 2560 1360 2599 agentem
1382 2553 1625 2600 tranquilleque
1656 2565 1714 2587 re-

275 2598 391 2643 ligioni
414 2601 606 2643 operantem
629 2599 789 2643 plurium‚
822 2605 860 2634 ut
883 2600 973 2644 dixi,
1005 2601 1120 2635 calculi
1145 2601 1187 2634 ad
1212 2598 1599 2644 Constantinopolitanae
1620 2598 1713 2633 sedis

275 2643 422 2687 regimen
451 2643 629 2678 vocabant.
675 2645 961 2690 pervicissentque
993 2646 1082 2690 quod
1110 2646 1290 2686 volebant,
1322 2645 1385 2680 nisi
1407 2655 1471 2678 non
1494 2654 1597 2687 parvo
1621 2643 1711 2677 anti-

276 2690 392 2722 stitum
415 2699 550 2723 numero
569 2688 680 2742 potior
703 2689 746 2723 ad
769 2701 842 2723 eam
865 2702 934 2724 rem
959 2692 1087 2725 Veccus
1111 2691 1232 2725 fuisset
1251 2691 1363 2731 visus,
1394 2689 1451 2734 qui
1473 2693 1509 2722 et
1530 2688 1564 2722 in
1589 2688 1711 2722 officiis

274 2734 431 2768 momenti
452 2733 606 2775 maximi,
639 2734 904 2779 chartophylacis
926 2736 1137 2781 supremique
1161 2735 1308 2770 custodis
1331 2733 1547 2780 supellectilis
1581 2745 1712 2775 sacrae,

272 2778 372 2813 fidem
395 2782 499 2824 atque
519 2778 716 2814 industriam
739 2791 825 2813 nunc
849 2791 923 2814 cum
946 2782 1087 2815 maxime
1109 2782 1305 2826 probaret„
1323 2785 1359 2814 et
1389 2790 1515 2814 summa
1537 2779 1569 2813 in
1595 2778 1711 2814 existi-
