1884 3262
280 182 380 231 604
682 181 992 225 OBSERVAT.
1025 182 1335 229 PACHYMER.

278 293 383 332 enim
403 303 472 337 ne,
499 289 532 329 εἰ
553 295 593 328 et
611 289 689 328 hoc
707 290 915 340 vetuisset,
945 303 1106 330 excussa
1127 304 1203 342 qua
1231 298 1430 345 utcunque
1450 293 1730 333 continebatur

277 349 491 400 imperator
516 346 756 385 verecundia
783 347 952 397 quadam
981 361 1113 385 sacrae
1134 348 1361 399 potestatis,
1391 351 1582 388 omnia-in
1598 357 1725 390 extre-

276 418 380 442 mam
405 402 740 456 peiturbationem
769 403 1012 454 impelleret,
1050 405 1303 455 eveniretque
1332 405 1411 443 tale
1435 406 1583 458 aliquid
1606 407 1724 458 quale

273 460 316 497 in
344 460 497 511 Ulyssis
527 472 648 509 nave,
679 459 932 497 dormiente
921 474 1030 512 ipso,
1060 460 1230 498 feliciter
1254 460 1303 498 ad
1327 466 1490 513 portum
1509 464 1721 516 aspirante,

273 517 481 556 temeraria
498 515 715 583 cupiditate
741 516 930 554 comitum
950 516 1031 554 eius
1051 516 1224 566 accidit,
1226 516 1326 582 qui

489 567 614 612 ἆσκὸν
632 570 704 623 μὲν
721 574 867 622 λυσαν,
897 569 1037 624 ἄνεμοι
1057 569 1099 612 δ’
1114 572 1158 613 ἐκ
1179 568 1323 620 πάντες
1341 570 1528 639 ορουσαν,

487 625 580 676 τούς
601 625 638 668 δ’
658 623 750 680 αἶψ’
769 624 979 680 ἁρπάσασα
1002 628 1121 680 φέρεν
1141 625 1336 670 πόντονδε
1358 625 1507 670 θυελλα

488 685 696 732 κλαίοντας
716 685 831 738 γαίης
851 701 928 726 cmo
946 686 1148 737 πατρίδος,

270 744 317 783 ut
335 740 420 793 ipse
440 741 600 792 Ulysses
616 742 754 792 lugens
774 741 943 779 Alcinoo
965 748 1100 779 narrat
1121 742 1196 782 od.
1216 757 1241 782 κ
1265 741 1336 779 sub
1355 741 1527 781 initium.

488 804 617 834 utrem
637 796 799 849 quidem
823 799 1050 835 solverunt:
1082 800 1187 836 venti
1217 806 1354 836 autem
1369 812 1501 836 omnes
1514 811 1694 848 erupere.-

487 855 598 904 ipsos
621 868 711 893 vero
728 854 862 893 subito
880 857 1046 905 rapiens
1064 856 1163 892 tulit
1180 856 1223 892 in
1240 857 1417 893 Pontum
1431 854 1612 908 procella

478 911 625 962 flentes
642 925 669 948 α
689 918 797 948 terra
807 918 906 962 patr
908 913 964 951 ιά.

270 963 464 1003 eiusmodi
485 967 709 1018 quempiam
727 968 890 1018 fictum
910 967 1210 1019 tempestatibus
1237 975 1386 1016 utrem,
1417 972 1461 1005 ut
1488 965 1635 1004 alicubi
1658 965 1722 1004 lo-

272 1020 409 1070 quitur
435 1020 644 1072 Horatius,
675 1022 741 1060 hic
769 1025 943 1075 σφαίρου
972 1025 1167 1062 vocabulo
1198 1023 1415 1073 designavit
1447 1022 1721 1074 l'achymereS,

271 1076 356 1114 eius
375 1076 500 1127 figura
517 1078 766 1131 impeiatmis
784 1080 1013 1117 imitabilem
1034 1081 1209 1117 animum
1226 1079 1481 1129 adumbrans,
1511 1092 1626 1129 quem
1642 1077 1722 1116 iam

271 1139 510 1172 aestuantem
533 1136 592 1173 ira
622 1135 734 1185 gravi
763 1135 812 1174 ob
841 1134 1043 1174 anathema
1068 1136 1262 1174 inflictum
1284 1135 1318 1174 si
1343 1148 1482 1173 rursus
1496 1133 1723 1186 patriarcha

269 1187 500 1239 lacesseret,
541 1191 762 1242 periculum
800 1198 883 1230 erat
911 1205 961 1229 ne
990 1193 1024 1230 is
1062 1199 1165 1230 totas
1199 1191 1371 1229 habenas
1400 1191 1525 1229 furori
1554 1191 1721 1232 laxaret.

270 1244 417 1295 audio,
449 1246 552 1285 dicet
567 1248 670 1285 sorte
689 1248 848 1298 quidam
876 1248 1053 1286 eruditus
1083 1249 1230 1285 lector:
1261 1247 1330 1285 sed
1359 1253 1455 1285 tunc
1488 1252 1723 1299 oportuerat

270 1299 378 1338 hunc
408 1306 582 1355 σφαῖρον
608 1299 853 1353 Ὀδύσσειον,
889 1318 971 1342 non
999 1300 1300 1355 Ἐμπεδόκλειον
1330 1302 1480 1341 dictum
1506 1317 1528 1340 a
1560 1302 1722 1354 Pachy-
1746 1326 1752 1333 ·

269 1369 387 1397 mere.
444 1372 536 1397 nam
564 1358 660 1410 quid
690 1360 844 1398 utribus
873 1360 1020 1399 Aeoliis
1044 1373 1130 1397 cum
1151 1359 1420 1410 Empedocle‘?
1449 1359 1499 1396 ad
1522 1358 1618 1398 haec
1644 1372 1720 1397 oc-

270 1426 461 1452 cursurus
489 1429 584 1466 rogo
615 1429 784 1467 aequum
807 1416 1000 1454 arbitrum
1022 1430 1155 1455 rerum
1180 1416 1393 1454 informare
1410 1428 1541 1453 secum
1563 1428 1613 1453 ne
1628 1429 1719 1466 gra-

268 1475 387 1508 vetur
405 1470 533 1509 ideam
553 1471 700 1522 ingenii
717 1472 968 1524 Pachymeris
988 1487 1105 1524 supra
1124 1473 1285 1510 modum
1304 1471 1539 1523 antiquarii;
1570 1478 1609 1510 et
1625 1484 1719 1510 eru-

269 1525 432 1564 ditionis
451 1527 665 1578 abstrusae,
695 1529 802 1579 quod
824 1528 957 1567 multis
980 1543 1029 1567 ex
1046 1529 1144 1567 locis
1164 1534 1290 1580 patet,
1321 1527 1577 1566 ostentatoris
1594 1541 1719 1579 paene

266 1582 410 1633 putidi.
467 1596 558 1634 ergo
579 1585 613 1623 is
643 1598 727 1622 non
745 1584 838 1623 satis
868 1584 1015 1623 habens
1041 1585 1233 1623 indicasse
1253 1591 1384 1622 notam
1407 1584 1481 1622 sibi
1507 1590 1716 1622 ventorum

266 1637 311 1674 in
331 1645 437 1677 utres
454 1646 682 1679 coactorum
700 1641 748 1678 ab
770 1641 892 1679 Aeolo
915 1648 954 1679 et
970 1642 1101 1693 Ulyssi
1120 1641 1356 1679 tladitorum
1377 1640 1568 1689 fabulam,
1598 1640 1715 1679 etiam

266 1692 432 1733 innuere
452 1697 608 1736 curavit
621 1696 730 1735 haud
747 1710 787 1735 se
815 1698 998 1748 ignorare
1020 1697 1218 1749 quodnam
1242 1703 1342 1734 esset
1371 1697 1456 1735 eius
1477 1697 1716 1735 fundamen-

122 1747 151 1782 P
173 1747 242 1784 418
265 1755 350 1788 tum
375 1752 542 1792 fabulae.
600 1767 682 1792 non
701 1753 804 1791 enim
826 1755 874 1792 de
894 1753 1021 1792 nihilo
1050 1754 1119 1791 illa
1138 1753 1283 1791 Homer
1287 1766 1331 1791 us
1357 1752 1494 1802 finxit,
1522 1752 1591 1791 sed
1609 1753 1716 1791 allu-

265 1806 318 1844 sit
337 1807 382 1844 in
398 1821 444 1845 eo
463 1808 514 1846 ad
531 1810 723 1859 magicam
743 1810 826 1848 vim
851 1810 1002 1848 utrium
1020 1810 1278 1861 quorumdam
1290 1839 1302 1858 ‚
1333 1809 1474 1860 quibus
1498 1809 1548 1847 ad
1571 1815 1713 1847 ventos

264 1862 474 1914 sopiendos
498 1865 814 1916 praestigiatores
843 1866 921 1903 iam
949 1866 1043 1903 olim
1062 1871 1280 1903 uterentur.
1338 1879 1358 1902 e
1387 1877 1554 1915 quorum
1574 1870 1714 1915 postea

263 1931 428 1957 numero
445 1920 524 1957 fuit
542 1921 810 1972 Empedocles.
857 1920 923 1958 hic
940 1921 1044 1959 enim
1065 1922 1168 1958 inter
1187 1921 1262 1958 alia
1281 1921 1452 1971 magicae
1469 1920 1564 1958 artis
1583 1933 1712 1972 expe-

262 1974 455 2025 rimenta,
486 1976 663 2027 qualium
680 1977 921 2015 edendorum
944 1978 1103 2015 modum
1124 1990 1169 2013 ac
1196 1977 1300 2014 viam
1327 1976 1629 2016 setraditurum
1651 1976 1711 2013 ia-

264 2030 416 2080 ctabat,
446 2032 711 2071 sedandorum
731 2039 769 2071 et
784 2034 1085 2071 excitandorum
1106 2038 1315 2071 ventorum
1335 2033 1582 2071 arbitrariam
1600 2038 1711 2082 pote-

265 2091 406 2126 statem
425 2094 629 2138 numerat,
660 2090 718 2127 sic
737 2089 780 2126 in
799 2090 968 2140 quodam
989 2092 1164 2141 poEmate
1184 2089 1425 2138 discipulum
1444 2089 1671 2163 alloqueqz

432 2142 601 2193 παύσεις
620 2142 662 2185 δ’
685 2142 894 2198 α’καματων
912 2142 1069 2197 οἷνέμων
1086 2143 1224 2197 μένος,
1254 2141 1326 2186 οίτ’
1347 2143 1412 2187 ἐπὶ
1430 2160 1548 2198 γαιαν
1609 2144 1615 2150 ’

433 2195 644 2267 ὀρνύμενοι
659 2206 837 2242 πνοιαῖσι
851 2203 1170 2252 καταφθίνουσιν
1187 2198 1375 2252 ἄρουραν,

433 2256 503 2297 καὶ
522 2253 643 2297 παλιν
663 2255 718 2310 ἢν
737 2274 761 2298 κ
768 2254 1015 2310 ’ἐθέλησθα,
1033 2258 1237 2297 παλίντιτα
1253 2253 1432 2310 πνεύματι
1440 2251 1623 2305 ’ἕπαξεις
1636 2262 1710 2297 etc.

434 2312 596 2350 sedabis
606 2314 894 2362 indefessorum
906 2314 1317 2365 ventorumsurorem‚
1338 2314 1410 2364 qui
1422 2326 1548 2365 supra
1560 2320 1710 2351 terram

434 2377 588 2406 ruentes
595 2371 775 2421 flatibus
792 2369 1003 2409 devastant
1018 2377 1124 2407 sata.

433 2432 469 2461 et
485 2440 649 2476 ι’,ιινειιε
683 2429 721 2464 εἰ
738 2427 916 2476 libuerit,
950 2433 1136 2465 revocata
1155 2425 1319 2464 reduces
1333 2439 1468 2464 eorum
1476 2425 1633 2477 flabra.

267 2479 465 2530 quomodo
490 2487 618 2519 autem
647 2482 744 2521 haec
771 2490 1009 2535 praestaret,
1048 2482 1172 2521 uadit
1198 2483 1377 2521 Timaeus
1397 2483 1497 2523 Hist
1513 2482 1540 2520 l.
1563 2483 1628 2530 18,
1647 2479 1706 2518 sic

265 2535 450 2574 recitatus
468 2549 489 2573 a
511 2537 696 2587 Diogene.
725 2538 890 2590 ἐτησίων
913 2537 1006 2580 ποτὲ
1028 2539 1213 2591 σφοδρως
1230 2551 1513 2588 πνευσαντων,
1542 2552 1597 2584 ως
1610 2549 1706 2582 τους

264 2589 445 2658 καρπους
473 2594 667 2644 λυμῆναι,
705 2591 892 2642 κελεύσας
921 2592 937 2648 (
945 2592 1267 2662 Ἐμπεδοκλῆς)’
1253 2592 1372 2642 ὄνους
1400 2594 1609 2646 ἐκδαρῆναι
1635 2589 1706 2630 καὶ

261 2641 411 2695 ἆσκθυς
427 2650 603 2700 ποιῆσαι,
633 2664 732 2701 προς
749 2647 842 2698 τούς
856 2647 1007 2701 λόφους
1023 2651 1091 2691 καὶ
1104 2666 1175 2698 τας
1193 2646 1412 2704 ακρωρείας
1427 2647 1585 2690 διέτεινε
1602 2643 1705 2699 πρός

260 2717 305 2743 το
327 2705 534 2757 συλλαβεῖν
553 2702 597 2745 τό
616 2708 783 2757 πνεῦμα.
838 2709 989 2745 Etesiis
1002 2705 1225 2758 aliquando
1244 2702 1705 2756 velzementerflantibu⁸‚

260 2760 320 2796 stc
342 2766 386 2796 ut
402 2761 574 2811 fructu&
599 2770 956 2812 corrumperentur,
982 2765 1109 2801 iussis
1134 2764 1329 2800 excoriari
1353 2762 1504 2809 asinis,
1533 2767 1641 2796 utres
1657 2771 1704 2796 ex

260 2827 396 2854 eorum
418 2815 750 2874 pellibuesactos
778 2817 969 2870 expandit
994 2820 1154 2858 hiantes
1181 2832 1326 2858 auram
1353 2829 1492 2856 ver-sue
1519 2817 1564 2854 in
1590 2816 1704 2868 iugi&
