1884 3262
422 188 499 230 DE
529 186 804 230 MICHAELE
837 182 1210 229 PALAEOLOGO
1244 184 1292 226 L.
1320 182 1397 226 VI.
1554 177 1650 227 461

184 303 293 361 μένῳ
319 298 542 357 συνήθειαν
568 300 716 356 ἄλογον
744 303 826 342 τῶν
859 295 1144 355 κρατούντων,
1180 297 1285 340 καθ’
1307 295 1358 352 ἢν
1386 295 1461 352 τὴν
1481 295 1556 350 μὲν
1575 312 1651 337 συ-

186 372 411 428 κοφαντίαν
439 372 588 412 ἰᾶσθαι
619 371 684 410 καὶ
712 368 782 410 τὸν
810 364 1192 423 συκοφαντούμενον
1219 363 1394 423 ῥύεσθαι
1420 368 1495 407 τοῦ
1511 362 1648 406 κινδύ-
1673 369 1704 404 O

186 457 260 482 νου
271 472 285 492 ,
322 436 585 495 συκοφάντην
610 438 653 479 δὲ
673 436 779 491 μηδ’
801 434 992 478 ὁπωσοῦν
1016 439 1309 488 τιμωρεῖσθαι,
1347 432 1422 476 κᾶν
1443 449 1653 489 συκοφαν-

187 508 278 562 τοίη
298 507 350 549 τὰ
373 507 524 561 ἔσχατα
535 538 548 558 ,
579 506 788 548 τέτακται·
823 505 928 557 μηδὲ
949 503 1026 558 γὰρ
1050 502 1148 545 εἶναι
1166 503 1221 545 τὸι
1240 502 1395 558 ἀληθὲς
1415 506 1473 560 τῷ
1493 505 1660 554 βασιλεῖ

155 573 443 630 spartham,
482 573 584 617 ὅπου
613 578 670 632 τῷ
692 573 747 627 μὴ
772 571 1025 621 ἀποδειξοντι
1046 573 1231 613 κίνδυνον
1262 572 1451 627 ε’φῆφθαι
1477 572 1652 623 ξυμβαί-

190 660 265 688 νοι.
335 642 461 686 ταῦτ’
494 642 576 697 ἄρα
605 643 670 684 καὶ
702 640 761 695 μὴ
785 637 942 692 α’νύων,
981 642 1048 682 καὶ
1077 643 1235 694 μᾶλλον
1262 639 1423 694 ἀφιέναι
1453 637 1499 680 τό
1529 645 1650 680 πταῖ-

189 728 277 765 σμα
298 709 662 766 παρακαλούμενος
671 743 684 762 ,
719 710 890 763 μίμησιν
910 708 1086 764 φέροντα
1109 712 1184 750 τοῦ
1204 710 1417 763 Χριστοῦ,
1453 706 1528 761 τὴν
1548 704 1652 761 πρό-

191 785 331 835 κλησιν
363 780 542 834 δέχεται,
581 780 646 820 καὶ
675 777 770 834 ἕκτῃ
793 779 1074 825 Ποσειδεῶνος
1095 774 1175 818 ὑπὸ
1198 779 1368 834 λαμπρᾷ
1394 780 1444 832 τῇ
1467 777 1650 830 δορυφο-

193 850 261 908 ρίᾳ
285 852 559 904 συγκλητικῶν
579 863 621 889 τε
639 845 726 900 ἅμα
750 847 816 888 καὶ
838 846 1190 899 ἔκκλησιαστικῶν,
1212 849 1285 899 τῆς
1304 844 1431 897 αὐτῆς
1449 845 1647 886 ῖνδικτιῶ-
1671 852 1705 887 D

137 931 180 965 10
192 934 284 968 νος,
324 914 526 972 ἀνάγεται.
597 913 688 957 τότε
713 912 1047 967 συμπλασάμενοι
1067 911 1236 967 γράμμα
1257 916 1330 966 τῆς
1351 912 1454 967 πρὸς
1475 911 1547 954 τὸν
1570 910 1651 954 πα’-

191 1004 272 1029 παν
290 985 509 1039 ἀπολογίας
545 983 561 1040 (
578 982 795 1038 Οὗρβανός
815 983 860 1023 δὲ
881 979 971 1023 τότε
992 976 1069 1036 ἦν)
1106 984 1274 1030 πολλαῖς
1291 981 1369 1033 ’μὲν
1389 978 1652 1036 ὖπογραφαῖς

189 1051 291 1108 μήτ’
316 1052 444 1096 ὄντων
467 1048 694 1093 ἐπισκόπων
715 1048 818 1103 μήτ’
849 1051 1077 1091 ἐπισκοπῶν
1096 1048 1254 1100 οὐσῶν,
1290 1053 1365 1107 μιᾷ
1386 1051 1452 1090 καὶ
1473 1053 1524 1104 τῇ
1545 1048 1650 1105 αὐτῇ

186 1123 290 1178 χειρὶ
319 1124 392 1163 τοῦ
420 1119 633 1175 γραφέως,
673 1116 729 1167 ὥς
754 1120 883 1171 δῆθεν
915 1121 1076 1160 πολλῶν
1110 1117 1227 1171 ἱερῶν
1254 1116 1414 1171 ἀνδρῶν
1434 1119 1500 1159 καὶ
1524 1115 1649 1172 μεγά-

190 1194 273 1232 λων
302 1189 675 1244 κατησφαλίζοντο,
712 1188 746 1229 εἷ
777 1187 852 1239 μὲν
881 1188 946 1228 καὶ
974 1183 1205 1242 πατριάρχῃ
1233 1187 1406 1238 δοκοῦν,
1443 1185 1517 1228 οὐκ
1538 1184 1646 1237 οἶδα,

138 1266 180 1302 15
192 1258 292 1308 τέως
313 1257 360 1300 δέ
379 1274 421 1313 γε
444 1258 510 1298 καὶ
540 1257 631 1298 λίαν
656 1259 714 1312 τῷ
734 1257 916 1308 βασιλεῖ’,
957 1253 1090 1309 φέρειν
1108 1256 1259 1303 πίστεις
1278 1254 1565 1312 προνοουμένῳ
1588 1255 1651 1296 ἐπὶ

191 1330 243 1384 τῇ
262 1330 344 1370 τῶν
365 1327 585 1380 ἐκκλησιῶν
612 1321 812 1377 συμβάσει
832 1321 943 1380 παρὰ
963 1320 1192 1365 δοκούντων
1220 1326 1382 1365 πολλῶν
1404 1325 1472 1364 καὶ
1493 1321 1586 1365 κατ’
1608 1323 1650 1364 ε’-

192 1503 250 1539 tis.
298 1501 341 1537 ad
364 1501 453 1547 quod
478 1512 550 1534 cum
573 1499 662 1534 idem
687 1503 932 1546 consequenter
953 1504 1156 1542 vocaretur,
1195 1499 1360 1533 renuebat
1390 1498 1551 1544 obsequi,
1588 1509 1652 1544 po-

193 1549 324 1584 stulans
348 1548 440 1593 prius
465 1547 555 1581 affici
578 1546 697 1592 poenis
720 1547 870 1588 meritis,
894 1547 951 1592 qui
976 1559 1012 1581 se
1033 1546 1234 1582 calumniose
1256 1545 1460 1579 criminando
1481 1544 1653 1578 traduxis-

193 1600 281 1630 sent.
331 1605 447 1628 verum
470 1594 503 1626 id
527 1603 627 1639 posse
649 1591 825 1636 impetrari
848 1593 890 1626 ab
912 1592 1116 1638 imperatore
1139 1592 1338 1637 sperandum
1363 1603 1427 1624 non
1451 1594 1545 1624 erat:
1571 1601 1654 1623 cau-

194 1641 336 1676 sabatur
359 1640 446 1673 enim
469 1639 526 1673 ille
550 1649 588 1672 se
613 1638 648 1672 id
672 1639 788 1671 facere
811 1638 961 1684 nequire.
1007 1639 1146 1672 tenebat
1178 1636 1338 1671 videlicet
1362 1637 1532 1671 mordicus
1555 1636 1654 1669 inve-

194 1691 340 1721 teratum
374 1685 410 1719 in
439 1685 525 1718 aulis
548 1695 671 1718 morem
697 1683 883 1718 delationes
908 1684 1155 1728 cuiusquemodi
1178 1683 1268 1717 inter
1291 1682 1500 1728 principatus
1522 1682 1652 1716 instru-

194 1739 308 1766 menta
332 1731 510 1772 censendi,
548 1735 583 1764 at
604 1729 654 1763 sic
679 1729 863 1763 calumniae
886 1730 1059 1773 medendi,
1093 1741 1166 1763 cum
1191 1728 1410 1773 regnantibus
1435 1727 1569 1772 expedit
1592 1729 1654 1761 aut

193 1778 298 1818 libet,
337 1780 375 1811 ut
398 1776 564 1810 eximatur
587 1775 719 1821 quidem
743 1775 891 1820 periculo
914 1777 1002 1809 male
1024 1776 1177 1820 culpatus
1200 1775 1335 1817 insons,
1373 1775 1509 1818 impune
1539 1777 1651 1807 autem

194 1823 326 1858 omnino
350 1824 441 1857 ferat
462 1822 595 1867 iniquus
621 1826 797 1855 accusator
820 1821 1033 1867 quantumvis
1056 1822 1163 1855 falsae
1186 1826 1290 1866 atque
1313 1819 1515 1865 impudentis
1538 1819 1651 1853 crimi-

194 1868 345 1903 nationis
384 1868 505 1902 scelus.
553 1866 608 1901 cui
645 1867 817 1911 flagitioso
855 1867 974 1902 abusui
1017 1867 1104 1901 hanc
1141 1866 1250 1901 solent
1287 1877 1421 1900 causam
1453 1865 1651 1905 obtendere,

194 1915 284 1961 quod
309 1914 414 1948 omnis
438 1925 517 1959 spes
539 1925 580 1947 ac
602 1913 747 1947 facultas
770 1912 913 1959 principi
944 1913 1136 1958 eriperetur
1158 1911 1381 1957 cognoscendi
1404 1911 1585 1957 quidquam
1606 1910 1649 1944 de

194 1960 494 1996 machinationibus
529 1958 690 2001 occultis,
725 1971 812 2004 quae
841 1964 959 1993 contra
988 1959 1097 2004 ipsum
1119 1963 1179 1993 aut
1201 1957 1437 2004 rempublicam
1467 1957 1545 1990 iniri
1567 1968 1649 1990 con-

195 2006 364 2051 tingeret,
401 2006 431 2040 si
462 2004 558 2050 gravi
590 2004 740 2050 periculo
773 2005 1027 2038 deterrerentur
1049 2006 1090 2038 ab
1116 2004 1266 2038 audenda
1289 2003 1541 2038 denuntiatione
1565 2014 1648 2048 qua-

194 2054 389 2106 lescumque
412 2051 588 2085 delatores.
636 2062 718 2095 ergo
749 2050 933 2096 imperator
957 2057 1069 2084 certus
1093 2050 1264 2084 convictos
1286 2051 1367 2084 licet
1389 2048 1650 2082 calumniatores

197 2109 263 2131 non
286 2097 424 2139 ulcisci,
459 2097 528 2141 egit
550 2096 623 2142 ipse
647 2108 719 2130 cum
744 2098 877 2138 Vecc0‚
901 2108 1026 2141 rogans
1049 2097 1151 2130 etiam
1174 2101 1276 2140 atque
1300 2095 1419 2135 etiam,
1444 2094 1651 2127 condonaret

195 2143 238 2176 iis
261 2154 380 2176 noxam
404 2143 555 2188 exemplo
580 2142 718 2176 Christi.
764 2154 826 2176 nec
848 2142 906 2176 ille
929 2143 971 2176 ad
995 2147 1181 2175 extremum
1204 2141 1337 2181 abn'uit;
1362 2143 1397 2173 et
1413 2149 1569 2173 assensus
1584 2137 1650 2172 iam

197 2188 316 2222 studiis
339 2192 532 2222 cunctorum
557 2188 612 2221 die
634 2191 732 2222 sexta
755 2188 879 2222 mensis
900 2188 1045 2231 Augusti
1071 2187 1220 2220 eiusdem
1243 2184 1450 2224 indictionis.
1474 2183 1651 2230 splendido

197 2233 362 2267 deductus
385 2234 542 2267 comitatu
563 2238 756 2267 senatorum
780 2237 815 2268 et
838 2234 1002 2268 ecclesiae
1024 2243 1220 2278 procerum,
1256 2231 1291 2265 in
1322 2230 1480 2276 palatium
1504 2229 1652 2275 patriar-

200 2280 284 2313 chae
306 2278 428 2312 iterum
452 2279 589 2312 solemni
612 2279 680 2312 ritu
703 2279 856 2313 invectus
879 2285 941 2313 est.
989 2279 1065 2312 hinc
1096 2277 1162 2311 iam
1193 2278 1274 2311 data
1297 2283 1350 2311 est
1373 2287 1478 2321 opera
1513 2275 1651 2309 concin-

198 2324 308 2359 nando
329 2324 455 2368 scripto
479 2336 544 2367 quo
569 2336 676 2369 papae
697 2325 755 2368 (is
781 2329 862 2358 tunc
885 2328 960 2359 erat
981 2325 1167 2364 Urbanus)
1199 2334 1302 2368 super
1323 2321 1490 2356 mandatis
1508 2333 1575 2366 >per
1598 2321 1650 2355 le-

198 2376 298 2415 gatos
321 2369 521 2403 renuntiatis
542 2369 738 2404 satisfieret.
786 2371 874 2404 hunc
901 2369 1046 2404 libellum
1078 2369 1278 2402 studuerunt
1301 2367 1477 2402 ambitiosa
1499 2366 1650 2401 subscri-

199 2416 352 2462 ptionum
375 2427 497 2460 pompa
521 2416 772 2458 commendare3
814 2416 847 2449 in
869 2427 935 2460 quo
958 2415 1080 2449 multos
1102 2426 1164 2459 pro
1194 2413 1360 2459 episcopis
1390 2414 1568 2447 obtrusere
1591 2411 1652 2458 qui

201 2474 263 2496 nec
294 2460 437 2494 ordinati
466 2472 611 2505 unquam
642 2462 777 2494 fuerant
809 2461 843 2494 in
867 2461 968 2494 istum
992 2461 1153 2504 gradum,
1187 2472 1248 2494 nec
1271 2472 1292 2494 a
1314 2459 1435 2505 quibus
1459 2458 1652 2493 denomina-

200 2509 324 2541 bantur
347 2507 442 2547 loca,
475 2506 691 2551 episcopatus
712 2506 845 2540 titulum
870 2506 1002 2540 aliunde
1035 2506 1222 2540 habuerant
1246 2517 1344 2551 quam
1368 2517 1388 2539 a
1412 2504 1559 2546 librarii,
1591 2503 1650 2549 qui

200 2553 361 2597 scriptum
386 2554 448 2586 hoc
469 2551 647 2592 formavit,
677 2563 796 2592 manu;
836 2563 924 2596 quae
948 2552 1047 2585 etiam
1071 2552 1167 2585 varia
1190 2552 1311 2597 peritia
1334 2550 1578 2595 chirographos
1599 2550 1653 2583 ef-

199 2598 348 2643 fingendi
381 2599 423 2632 de
454 2604 518 2631 suo'
549 2597 680 2632 addidit
701 2597 833 2631 nomina
856 2596 1089 2642 plerorumque
1110 2596 1177 2631 illic
1199 2597 1459 2642 subscriptorum
1483 2600 1653 2641 tamquam

202 2645 245 2678 ab
267 2644 353 2688 ipsis
376 2644 535 2677 videlicet
558 2643 679 2688 posita,
703 2654 777 2677 eum
799 2654 934 2688 quoque
956 2643 991 2677 in
1014 2654 1182 2677 numerum
1209 2653 1394 2688 congerens
1409 2642 1529 2675 multos
1553 2653 1572 2675 e
1594 2651 1651 2674 sa-

202 2689 269 2724 cris
298 2689 483 2723 hominibus
513 2690 603 2723 fama
629 2688 795 2730 illustres,
830 2692 869 2722 ut
890 2693 986 2723 tanto
1010 2688 1135 2723 certius
1156 2690 1417 2734 persuaderetur
1439 2687 1526 2732 quod
1552 2687 1650 2720 obta-

201 2735 295 2769 bant.
341 2735 426 2769 haec
460 2746 503 2769 an
537 2734 669 2769 conscio
698 2734 894 2780 patriarcha
926 2734 978 2769 sic
1008 2740 1086 2768 acta
1115 2734 1201 2776 sint,
1242 2735 1330 2769 haud
1363 2732 1517 2778 equidem
1539 2732 1648 2766 habeo

202 2784 415 2825 compertum.
461 2780 676 2826 imperatoris
707 2780 960 2826 aemulationem
982 2780 1016 2814 iu
1039 2781 1103 2815 hoc
1124 2781 1291 2826 quandam
1312 2779 1433 2820 video,
1468 2777 1646 2812 ambitiose

202 2825 314 2861 conati
336 2837 527 2872 exaequare
548 2838 623 2862 cum
645 2825 778 2861 Latinis
799 2837 857 2861 res
878 2825 1041 2862 ecclesiae
1063 2827 1284 2862 Graecorum.
1329 2835 1404 2866 cum
1427 2824 1515 2859 enim
1534 2823 1570 2858 in
1591 2823 1645 2858 in-
