1846 3262
454 196 531 238 DE
564 195 843 254 MICHAELE
882 194 1260 240 PALAEOLOGO
1289 197 1337 239 L.
1368 196 1419 240 ΙΙ.
1566 195 1662 242 167

179 309 380 365 βασιλέας
398 307 561 366 ἀνάγειν
581 309 713 353 δεινὸν
732 311 903 352 ε’ποιεῖτο
922 310 996 352 καί
1013 310 1052 352 οἱ
1069 309 1118 353 οὗ
1141 311 1325 368 φορητὸν
1353 310 1556 364 ε’νομίζετο
1567 343 1580 362 ,
1611 311 1659 353 τὸ

182 381 227 422 δὲ
257 379 380 422 πλέον
411 376 439 434 ἦ
470 380 638 434 μεγίστη
664 379 876 436 φιλοτιμία
894 380 961 421 καὶ
983 379 1030 422 τὸ
1054 378 1226 435 ἄκαιρον
1244 377 1511 436 ὑπερήφανον
1526 378 1659 434 μένειν

180 450 243 490 ἐπὶ
274 449 455 504 μετρίοις
485 446 564 490 οὐκ
593 447 861 505 ἀρκουμένου.
931 445 958 503 ἥ
993 449 1038 490 δὲ
1067 453 1141 490 τοῦ
1166 451 1299 491 δοκεῖν
1329 448 1406 492 οὐκ
1433 448 1658 504 ἀλογίστως
1721 455 1726 459 “

179 521 313 560 ταῦτα
332 515 564 571 βούλεσθαι
583 514 792 574 πρόφασις
809 514 835 572 ἡ
857 519 933 570 τῆς
949 514 1106 567 πόλεως
1126 516 1292 569 ἅλωσις,
1325 519 1381 567 εἷς
1401 516 1559 573 θρόνον
1575 522 1658 571 βα-
1682 528 1711 563 Ρ
1739 531 1806 565 108

144 587 332 636 5σιλείας
363 585 621 642 λογιζομένης
650 583 836 641 αὐτάρκη
856 589 915 644 τῷ
940 584 1187 640 κατασχόντι
1203 601 1212 610 ·
1250 586 1379 629 αὐτὸν
1402 587 1446 629 δ’
1470 584 1570 629 εἶναι
1591 589 1660 629 καὶ

178 653 307 710 μόνον
329 655 401 698 τὸν
421 657 478 704 εἷς
498 653 654 710 ταύτην
673 654 880 710 κληθέντα
902 655 1151 710 προτείνων,
1184 655 1310 698 αὐτὸν
1337 657 1404 698 καὶ
1426 653 1554 710 μόνον
1575 660 1659 710 βα-

178 723 349 767 σιλεύειν
387 725 674 779 συνελογίζετο.
746 723 805 765 ἔτι
837 722 883 765 δ’
917 721 1030 777 ὅμως
1056 722 1241 767 ὕπουλον
1275 719 1324 779 ἧν
1354 724 1401 767 τὸ
1431 724 1563 767 δεινὸν
1588 726 1656 767 καὶ

175 800 264 842 τοῖς
296 797 465 843 πολλοῖς
496 792 571 835 οὐκ
599 789 852 835 εὐσύνοπτον
860 825 875 846 ,
914 794 949 834 εἲ
968 793 1040 835 καί
1054 810 1142 843 πως
1162 793 1202 836 οἱ
1225 791 1464 849 βαθύτερον
1484 791 1657 847 ἐπιβάλ-

176 867 317 912 λοντες
346 862 390 904 ἔκ
420 879 464 904 τε
491 865 655 904 πολλῶν
690 860 826 904 ἄλλων
853 863 921 903 καὶ
948 865 1024 905 τοῦ
1049 862 1110 918 μὴ
1137 866 1411 905 συνεισελθεῖν
1440 862 1516 916 τὴν
1537 860 1655 905 πόλιν

121 946 167 978 10
178 931 314 990 ἐκείνῳ
334 931 407 973 τὸν
424 927 617 986 Ἰωάννην
639 930 686 973 οὗ
708 932 918 986 δυσχερῶς
935 928 1042 985 εῗχον
1056 929 1279 975 ὑπιδέσθαι
1296 931 1343 974 τὸ
1358 929 1653 986 μελετώμενον,

175 999 198 1042 ὃ
231 1000 283 1055 δὴ
318 997 570 1056 τρεφόμενον
601 997 678 1042 ὑπ’
716 999 862 1055 ἀγρίας
894 1001 1150 1053 πλεονεξίας,
1199 1002 1255 1050 εἰς
1293 1000 1395 1043 θεὸν
1424 999 1653 1055 πειθούσης
1676 1004 1703 1037 Β

172 1066 420 1126 ἁμαρτάνειν
449 1068 502 1110 τὰ
532 1067 704 1124 με’γιστα
735 1068 802 1110 διὰ
832 1072 907 1123 τῆς
932 1073 1014 1111 τῶν
1035 1067 1168 1125 ὅρκων
1186 1067 1482 1123 παραβάσεως,
1517 1071 1654 1123 μεῖζον

170 1137 293 1194 ᾔρετο
312 1136 340 1192 ’ἢ
364 1137 468 1179 ὥστε
488 1141 760 1194 παρορᾶσθαι
788 1141 847 1195 τῷ
876 1141 1109 1192 μελετῶντι.
1179 1139 1228 1181 τὸ
1252 1137 1297 1180 δ’
1320 1133 1371 1193 ἦν
1390 1138 1473 1194 ἄρα
1495 1138 1544 1181 τὸ
1565 1146 1652 1188 τοῖς

167 1206 384 1261 Ῥωμαίοις
410 1203 597 1261 μεγάλων
618 1205 748 1261 ἔρξαν
769 1210 906 1249 κακῶν
925 1208 990 1248 καὶ
1008 1205 1193 1263 ταραχῆς
1214 1206 1466 1250 ἇνυποίστου
1485 1206 1648 1263 ῥεχθέν.

114 1282 160 1323 '15
311 1273 417 1317 Τότε
438 1276 483 1317 δὲ
502 1275 553 1317 τὰ
573 1279 647 1330 τῆς
665 1273 820 1325 πόλεως
840 1272 895 1325 ὥς
917 1273 1005 1318 οἷόν
1024 1289 1067 1318 τε
1086 1277 1294 1326 καθιστὰς
1315 1276 1419 1333 πρὸς
1438 1276 1486 1318 τὸ
1509 1276 1650 1332 ἄσφα-

169 1344 386 1399 λε’στερον,
423 1347 465 1386 Γ
461 1347 669 1393 εννου“ι’τας
701 1345 775 1402 μὲν
805 1341 904 1393 τούς
930 1343 974 1386 τ’
1008 1343 1130 1393 ὄντας
1160 1342 1258 1394 τοίς
1288 1362 1330 1387 τε
1354 1345 1648 1400 προσδοκωμέ-

167 1428 266 1460 νους
294 1412 594 1466 προσγενέσθαι
622 1413 837 1460 πλείστους
866 1409 1033 1463 ε’νιδών,
1071 1414 1138 1455 καὶ
1171 1415 1377 1469 δυσχερεῖς
1397 1412 1422 1468 ἢ
1444 1411 1548 1455 ὥστε
1576 1415 1642 1455 καὶ
1668 1420 1699 1455 C

166 1478 461 1522 ὖποκλίνεσθαι
499 1479 654 1539 ῥᾳδίως
683 1478 918 1533 Ῥωμαίοις,
966 1480 1073 1523 ἀλλὰ
1112 1483 1179 1524 καὶ
1214 1484 1278 1523 ἐπὶ
1308 1489 1400 1531 ταῖς
1425 1480 1645 1536 τυχούσαις

166 1546 423 1605 προφάσεσιν
452 1546 890 1605 ὖποκινηθησομένους
913 1547 965 1592 ἂν
991 1547 1046 1600 ὥς
1073 1547 1311 1609 ὖπερόφρυς
1332 1553 1399 1593 καὶ
1419 1549 1645 1609 σοβαρούς,

259 1677 291 1716 1.
315 1678 483 1726 ἐνὸμιζεῒ

164 1795 383 1838 stimulabat,
417 1795 516 1842 quasi
541 1796 732 1842 deprecans
754 1808 799 1831 ne
821 1807 860 1831 se
882 1797 1053 1842 privatum
1080 1797 1277 1832 adolescere
1299 1798 1525 1844 permitteret.
1570 1811 1639 1844 quo

163 1848 296 1877 tantum
321 1843 621 1885 commovebatur,
657 1847 698 1876 ut
732 1843 853 1877 videre
878 1842 1088 1878 carissimum
1111 1843 1218 1878 filium
1241 1851 1416 1889 expertem
1439 1845 1559 1879 summi
1581 1846 1641 1881 ho-

161 1890 254 1923 noris
286 1899 357 1923 rem
388 1889 489 1935 piane
520 1888 769 1923 intolerandam
799 1890 1042 1924 arbitraretur.
1089 1891 1419 1925 vehementissimum
1443 1903 1544 1937 porro
1568 1904 1640 1926 ma-

162 1935 366 1970 chinationis
397 1934 639 1969 iniustissimae
668 1935 878 1970 incentivum
910 1941 987 1970 erat
1018 1936 1139 1980 ingens
1167 1938 1307 1972 ambitio
1335 1943 1380 1971 et·
1401 1938 1642 1983 intempestiva

162 1981 323 2027 superbia
356 1981 527 2015 moderari
559 1981 623 2015 sibi
653 1987 758 2027 atque
793 1983 883 2016 intra
913 1983 1001 2016 fines
1035 1994 1166 2028 aequae
1196 1983 1439 2019 mediocritatis
1461 1995 1500 2018 se
1522 1989 1641 2019 tenere

159 2027 398 2073 dedignantis3
442 2028 496 2061 cui
529 2033 745 2073 praetextum
781 2029 996 2075 coloremque
1026 2029 1208 2075 cupiditati
1239 2031 1408 2064 fucandae
1430 2031 1640 2075 suggerebat

154 2074 306 2120 ‘aliquem
330 2074 548 2118 recuperatio
571 2074 688 2118 urbis,
721 2086 811 2120 quae
833 2075 933 2109 sedes
957 2080 1050 2109 esset
1081 2075 1215 2121 imperii
1235 2076 1442 2122 praecipua,
1476 2077 1571 2121 quasi
1594 2088 1638 2111 ea

160 2120 327 2165 capienda
362 2120 501 2165 proprie
532 2120 566 2153 in
602 2120 735 2166 imperii
767 2123 927 2156 thronum
960 2121 1193 2167 ascendisset,
1229 2134 1270 2156 ac
1303 2126 1342 2156 ut
1375 2123 1408 2156 in
1433 2134 1508 2157 eam
1530 2124 1637 2165 solus,

157 2166 230 2200 suis
252 2166 371 2212 utique
394 2171 622 2211 expugnatam
653 2167 836 2213 auspiciis,
869 2174 1032 2202 evocatus
1061 2172 1175 2211 esset,
1207 2169 1259 2203 sic
1289 2169 1457 2214 imperare
1479 2170 1571 2202 solus
1594 2169 1631 2203 in

158 2224 200 2246 ea
224 2216 260 2246 et
282 2223 325 2245 ex
349 2223 391 2245 ea
414 2212 565 2246 deberet.
611 2225 714 2259 porro
735 2214 770 2248 id
793 2214 1005 2260 propositum
1028 2214 1178 2249 babebat
1198 2214 1234 2249 in
1258 2226 1384 2249 arcano
1404 2215 1630 2260 indeprehen-

156 2257 254 2292 sibile
273 2258 391 2304 primis
415 2259 588 2292 obtutibus
610 2260 870 2295 occurrentium.
907 2261 935 2294 si
961 2261 1019 2306 qui
1043 2266 1156 2295 tamen
1179 2261 1330 2306 penitius
1352 2261 1630 2306 introspicerent,

157 2315 232 2338 cum
267 2315 310 2337 ex
339 2303 415 2338 aliis
446 2304 570 2348 signis,
602 2308 673 2338 tum
697 2317 739 2340 ex
764 2319 805 2341 eo
829 2307 919 2353 quod
953 2318 1067 2341 secum
1089 2307 1250 2342 Ioannem
1272 2307 1309 2341 in
1332 2308 1450 2341 urbem
1474 2319 1540 2341 non
1564 2307 1628 2341 du-

155 2349 284 2394 xisset,
306 2350 601 2384 subodorabantur
623 2351 702 2397 quid
726 2359 877 2398 pararet.
915 2353 1099 2398 cogitatum
1122 2354 1278 2398 profecto
1301 2354 1468 2388 nefarium
1491 2358 1527 2388 et
1549 2359 1629 2388 ortu

145 2396 266 2443 primo
302 2396 577 2443 extinguendum.
623 2409 713 2432 nunc
745 2399 827 2433 illud
858 2399 934 2434 sinu
969 2399 1143 2443 gignentis
1177 2401 1285 2434 fotum
1309 2406 1346 2434 et
1371 2400 1460 2434 lacte
1482 2400 1627 2445 quodam

153 2445 251 2477 ferae
274 2442 469 2488 cupiditatis
491 2443 648 2478 eductum
671 2456 780 2491 usque
803 2446 847 2479 ad
870 2446 1048 2480 audaciam
1072 2447 1171 2480 deum
1194 2446 1304 2492 ipsum
1333 2447 1522 2490 foedifrage
1546 2457 1626 2491 per-

152 2489 242 2569 }prio
271 2488 435 2532 violandi,
475 2489 590 2535 erupit
622 2490 768 2537 denique
798 2503 955 2537 magnam
984 2491 1021 2526 in
1049 2492 1341 2538 perturbationem
1374 2492 1626 2539 perniciemque

186 2545 391 2570 omanorum.

245 2581 316 2615 Sed
339 2581 425 2615 haec
446 2585 585 2627 postea:
619 2582 684 2616 hoc
707 2594 791 2617 vero
813 2587 969 2629 tempore
992 2587 1114 2629 coepto
1135 2584 1322 2630 imperator
1341 2584 1503 2619 insistens
1527 2583 1622 2629 operi

153 2638 208 2661 res
240 2627 335 2661 urbis
356 2628 391 2661 in
414 2632 539 2662 statum
564 2639 664 2673 quam
689 2630 833 2663 maxime
865 2641 1021 2664 securum
1045 2631 1284 2676 componendi,
1318 2632 1520 2665 Genuenses
1543 2629 1623 2675 qui-

151 2673 246 2715 dem,
283 2673 408 2719 quique
441 2674 508 2708 iam
539 2675 683 2709 aderant
712 2675 840 2721 quique
861 2673 937 2710 mox
962 2676 1098 2710 venturi
1123 2678 1412 2722 expectabantur,
1444 2678 1560 2721 plures
1583 2680 1621 2710 et

151 2719 420 2754 contumaciores
443 2732 584 2755 cernens
608 2732 708 2766 quam
729 2726 770 2755 ut
791 2733 871 2766 spes
894 2729 986 2757 esset
999 2722 1122 2757 subiici
1138 2725 1227 2758 bona
1242 2723 1311 2757 fide
1325 2723 1488 2758 Romanis
1505 2733 1620 2768 posse,

150 2765 401 2811 providensque
430 2767 506 2800 fore
537 2771 576 2801 ut
608 2768 741 2802 levibus
774 2767 966 2814 quibusque
996 2769 1142 2804 subinde
1165 2770 1277 2804 causis
1300 2774 1360 2804 aut
1383 2768 1619 2814 praetextibus

150 2810 194 2844 ad
218 2822 311 2846 arma
333 2818 370 2846 et
392 2813 607 2847 rebellionem
632 2814 908 2858 concitarentur,
940 2821 1061 2861 utpote
1093 2816 1246 2850 homines
1279 2819 1485 2859 arrogantes
1507 2818 1543 2848 et
1565 2814 1619 2848 fe-

148 2866 276 2901 roces‚·
297 2869 356 2893 eos
387 2858 481 2895 intra
509 2860 616 2906 ipsam
639 2860 798 2895 habitare
820 2860 992 2897 civitatem
1013 2862 1106 2898 haud
1128 2862 1264 2908 putavit
1285 2867 1417 2905 tutum
1450 2871 1618 2907 seponen-
