1884 3262
559 197 666 244 Lm.
685 197 760 243 ΠΙ.
812 185 1312 248 οΗΒοΝοιοσιουε.’
1567 204 1671 250 695

205 307 364 360 -peritos
381 309 588 359 convenit,
616 309 867 349 reducuntur
886 309 938 350 ad
957 324 1082 350 annos
1101 325 1215 351 aerae
1232 311 1378 352 Christi
1395 311 1568 364 vulgaris
1584 313 1684 352 sub-

205 365 408 407 tractione
434 379 631 405 annorum
654 367 786 410 5508:
814 374 878 406 tot
898 369 1001 407 enim
1027 369 1280 420 praecessisse
1297 369 1440 408 mundi
1460 382 1584 409 annos
1602 383 1679 409 ex-

210 422 339 474 pletos
377 423 518 460 Graeci
549 428 694 474 putant
733 430 824 462 ante
862 425 1050 463 kalendas
1077 426 1278 464 Ianuarias
1311 427 1494 478 proxime
1520 433 1676 466 secutas

209 477 360 516 Christi
379 478 528 517 domini
557 480 728 518 natalem
755 480 871 519 diem.
928 495 980 519 ex
998 481 1075 519 hac
1106 482 1298 522 methodo
1320 483 1532 521 conficitur
1547 497 1678 536 expu-

211 541 374 586 gnatam
393 549 416 572 a
434 536 581 573 Latinis
602 538 983 589 Constantinopolim
1004 552 1109 577 anno
1132 538 1276 577 Christi
1295 542 1417 589 1203,
1441 539 1676 578 duodecima

210 591 368 643 Aprilis.
425 591 525 631 duos
542 592 636 631 inde
651 594 733 632 fere
751 607 875 632 annos
897 591 1064 648 οἶναρχία
1085 601 1125 634 et
1139 609 1275 634 rerum
1295 596 1473 634 confusio
1496 597 1676 635 miserri-

206 661 277 686 ma
318 648 423 686 inter
451 650 622 687 Graecos
658 651 749 693 fuit.
816 651 958 701 quibus
991 652 1140 690 exactis
1173 652 1414 691 acclamatur
1457 653 1673 704 imperator

211 704 445 743 Theodorus
462 706 638 744 Lascaris
653 720 772 758 gener
792 707 930 749 Isaacii
953 708 1112 760 Angeli,
1142 715 1183 748 et
1208 723 1232 746 a
1244 709 1433 747 Michaele
1449 709 1672 748 Autoriano

207 761 446 829 patriarcha
458 762 536 801 rite
567 770 796 803 coronatur.
853 765 1043 816 Georgius
1067 765 1294 818 Acropolita
1322 780 1354 805 c.
1383 770 1426 809 6:
1467 762 1542 807 δύο
1569 769 1672 819 γοῦν

206 815 553 872 παραδραμόντων
585 820 804 870 ἐνιαυτῶν,
841 821 910 862 καὶ
934 837 988 870 ως
1010 819 1205 863 δεσπότου
1225 820 1337 876 παρά
1366 818 1529 863 πάντων
1550 838 1673 874 φημι-

208 873 375 927 ζομένου
394 891 466 916 του
485 874 743 945 Λασκαριος,
773 877 859 918 ἔπει
887 876 1092 944 συνδρομὴ
1112 879 1247 932 γέγονε
1272 894 1373 919 κατα
1390 880 1567 919 Νίκαιαν
1588 895 1669 919 απο

201 935 442 984 περιφανῶν
469 929 634 985 ανδραῖν
650 933 719 974 καὶ
749 937 832 973 τῶν
860 931 1044 987 λογαδων
1064 938 1135 986 τῆς
1156 935 1384 987 ἐκκλησίας,
1416 935 1559 986 σκέψις
1574 951 1674 977 του-

206 1003 288 1028 των
316 987 488 1042 ἐγένετο,
533 986 644 1037 ὅπως
675 987 862 1047 βασιλεῦς
902 992 1128 1058 φημισθείη
1167 990 1190 1032 ὅ
1216 988 1407 1042 δεσπότης
1447 989 1670 1045 Θεόδωρος.
1695 1005 1722 1039 P
1745 1004 1816 1039 490

204 1045 325 1096 paulo
347 1051 458 1096 post:
486 1047 704 1096 ψηφίζεται
717 1047 794 1086 οὐν
806 1044 1050 1100 πατριάρχης
1069 1045 1235 1100 Μιχαὴλ
1253 1047 1278 1088 o‘
1296 1044 1552 1101 Αυτωριανός
1553 1077 1670 1090 ......

206 1097 252 1147 ὃς
278 1116 346 1140 και
362 1099 436 1142 τόν
459 1098 654 1154 δεσπότην
673 1098 886 1155 Θεόδωρον
905 1107 961 1158 τῷ
981 1105 1175 1158 βασιλικῷ
1191 1102 1444 1156 διαδήματι’
1427 1105 1670 1145 εταινίωσεν.

203 1156 303 1195 haec
325 1157 393 1196 ibi.
450 1158 655 1209 contigisse
687 1165 846 1211 oportet
881 1159 1112 1198 electionem
1138 1166 1180 1200 et
1209 1161 1454 1199 evectionem
1471 1160 1672 1199 Theodori

205 1227 311 1252 anno
331 1213 477 1252 Christi
506 1215 625 1263 1205,
655 1216 756 1253 circa
775 1228 945 1254 mensem
966 1217 1153 1268 Aprilem.
1210 1217 1303 1254 inde
1321 1217 1463 1256 ineunt
1485 1218 1567 1255 eius
1590 1218 1669 1256 im-

203 1270 301 1323 perii
324 1271 438 1319 anni,
468 1284 588 1342 quose
595 1271 701 1309 idem
729 1272 959 1323 Acropolita
986 1273 1205 1311 octodecim
1237 1280 1422 1312 numerat
1449 1287 1488 1326 p.
1518 1277 1582 1322 17,
1614 1275 1668 1313 sic

203 1327 399 1365 scribens·
426 1343 478 1379 ην
496 1325 539 1368 δὲ
564 1343 586 1367 o
612 1326 799 1381 βασιλεῦς
822 1326 1030 1396 Θεόδωρος
1050 1328 1076 1370 ἆ
1095 1326 1324 1383 Λάσκαρις,
1356 1326 1473 1371 ὁπότε
1490 1345 1534 1371 το
1554 1329 1665 1379 τέλος

206 1382 291 1436 ἔσχε
307 1386 379 1424 τοῦ
403 1385 508 1436 βίου,
535 1387 618 1424 τῶν
640 1382 716 1436 μὲν
730 1397 1021 1453 τεσσαρακοντα
1040 1385 1157 1426 πέντε
1172 1385 1318 1427 ἒτων’“
1290 1385 1536 1440 υπερὲκεινα,
1555 1383 1667 1427 ἐλάτ-

201 1455 283 1480 των
307 1438 351 1480 δὲ
371 1443 452 1481 τῶν
473 1438 738 1493 πεντήκοντα,
770 1438 1007 1494 βασιλεύσας
1037 1442 1082 1483 ἐκ
1108 1438 1263 1484 τούτων
1281 1442 1347 1494 ἔτη
1369 1459 1432 1495 ιη.
1488 1442 1567 1481 hoc
1586 1448 1666 1481 est:

201 1504 291 1534 erat
309 1504 445 1535 autem
464 1499 591 1548 impet·
591 1505 681 1536 ator
708 1497 934 1537 mendonis
948 1501 1162 1545 Lusa-aris,
1183 1498 1350 1551 quando
1365 1499 1575 1538 tivendlt
1535 1501 1666 1551 finem

188 1554 317 1604 fecit,
346 1556 494 1591 aetatis
513 1553 676 1605 quidem
696 1569 896 1593 annorum
914 1570 1040 1607 supra
1059 1555 1339 1608 quadraginta
1359 1558 1555 1608 quinque,
1586 1558 1667 1594 mi-

200 1624 277 1648 nor
297 1618 430 1649 tamen
450 1612 814 1664 quinquagenario.
874 1627 919 1649 ex
947 1613 1015 1649 his
1032 1627 1161 1651 annos
1192 1611 1406 1650 octodecim
1430 1612 1665 1664 imperando

200 1674 393 1719 exegerat.
451 1668 509 1705 ita
528 1667 595 1706 ibi.
651 1669 730 1706 iam
750 1669 785 1706 si
804 1669 910 1706 mille
930 1669 1110 1707 ducentis
1134 1669 1307 1720 quinque
1339 1682 1450 1708 aerae
1472 1669 1666 1707 Christia—

199 1737 276 1762 nae
303 1724 414 1762 annis
440 1724 536 1762 alios
559 1725 779 1763 octodecim
808 1725 1077 1777 adiungimus,
1113 1726 1323 1764 efficiemus
1350 1740 1497 1765 annum
1518 1725 1665 1764 Christi

201 1782 326 1829 1223,
353 1793 433 1831 quo
460 1787 645 1820 currente
677 1782 886 1833 contigerit
914 1796 1021 1821 mors
1057 1782 1256 1821 Theodori
1282 1783 1456 1822 Lascaris
1474 1788 1514 1821 et
1531 1782 1664 1834 generi

201 1837 286 1875 eius
310 1837 467 1876 loannis
486 1838 620 1876 Ducae
644 1838 832 1877 Batatzae
852 1840 1043 1879 successio
1070 1841 1115 1878 in
1131 1839 1214 1878 eius
1231 1839 1386 1890 locum,
1414 1840 1469 1878 ita
1487 1845 1535 1878 ut
1555 1839 1664 1885 idem

201 1907 332 1933 annus
348 1895 508 1944 utrique
528 1896 746 1934 communis
762 1895 897 1936 suerit.

303 1951 370 1990 111.
426 1951 483 1989 De
503 1952 658 1991 loannis
689 1966 812 2005 porro
834 1954 969 1992 Ducae
987 1952 1234 2006 principatus
1257 1959 1298 1991 et
1325 1952 1431 1992 vitae
1450 1952 1577 2004 spatio
1603 1951 1661 1990 sic

198 2008 323 2047 refert
339 2008 444 2046 idem
475 2009 789 2060 diligentissimus
817 2009 986 2062 scriptur
1003 2008 1231 2062 Acropolita
1253 2009 1355 2047 Hist.
1375 2023 1420 2077 p.
1433 2010 1508 2051 56:
1537 2023 1659 2048 κατα-

199 2064 396 2130 λαμβάνει
416 2080 460 2106 το
489 2063 730 2118 Νύμφαιον,
758 2065 827 2106 καὶ
853 2065 898 2106 ἐν
924 2063 997 2118 μὲν
1019 2070 1103 2113 τοῖς
1131 2067 1351 2118 βασιλικοῖς
1370 2060 1446 2105 min
1463 2060 1659 2130 ἐπῆλθεν

202 2117 439 2171 οἰκήμασιν,
469 2120 513 2162 ἐν
534 2121 577 2162 δὲ
597 2127 682 2170 τοῖς
706 2118 823 2190 ἐγγύς
850 2137 931 2162 που
947 2124 1019 2173 τῆς
1037 2119 1169 2174 χώρας
1185 2122 1401 2173 βασιλείοις
1420 2136 1567 2171 κηποις
1587 2136 1659 2168 τας

201 2173 467 2227 ἄνακτορικας
487 2176 637 2229 σκηνας
655 2175 902 2230 ἐνιδρύσατο.
960 2177 1067 2218 ἔνθα·
1081 2177 1149 2218 καὶ
1174 2193 1218 2217 το
1244 2192 1370 2230 χρεων
1371 2173 1657 2247 ἐλειτούργησε

200 2234 310 2289 τρίτη
330 2229 555 2274 Καλᾶνδων
581 2236 834 2300 Νοεμβρίου,
860 2231 1052 2286 ἑξήκοντα
1069 2250 1136 2274 και
1157 2230 1243 2282 δύο,
1273 2233 1325 2281 ὥς
1343 2233 1385 2274 οἷ
1401 2249 1450 2273 τα
1468 2248 1557 2301 περι
1582 2229 1655 2274 αὖ·

201 2293 274 2329 τοῦ
305 2285 584 2342 ἀκριβέστερον
609 2286 758 2338 εἰδότες
787 2290 984 2342 ἔφασκον,
1014 2289 1080 2342 ε’τη
1105 2285 1277 2342 βιωσας,
1306 2290 1346 2338 ἐξ
1369 2305 1428 2329 ων
1443 2286 1655 2343 τριάκοντα

200 2345 270 2386 καὶ
296 2347 386 2399 τρία
415 2347 684 2398 βεβασίλευκε.
738 2345 817 2385 hoc
846 2353 921 2385 est:
942 2348 1125 2398 pervenit
1157 2346 1459 2411 NJmplzaeum,
1497 2359 1567 2384 nec
1594 2344 1654 2384 ibi

202 2409 337 2440 tamen
361 2404 405 2439 in
433 2401 550 2440 aedes
575 2405 860 2454 imperatorias
885 2402 1069 2454 divertit,
1101 2401 1174 2441 sed
1197 2404 1241 2440 in
1262 2402 1508 2440 suburbanis
1529 2403 1654 2454 regiis·

199 2458 332 2496 hortis
354 2458 588 2513 Augustulo
599 2460 710 2511 fixit.
769 2460 840 2498 ubi
867 2467 904 2496 et
933 2467 1106 2498 naturae
1138 2458 1315 2497 debit-um
1340 2460 1504 2509 exolvit,
1535 2460 1651 2496 tertio

195 2513 395 2553 kalendas
428 2516 686 2565 Novembris,
727 2530 820 2553 cum
844 2518 1010 2554 vixisset
1032 2530 1181 2564 annos,
1219 2524 1264 2554 ut
1284 2518 1494 2568 peritiores
1518 2528 1651 2553 rerum

200 2573 289 2610 eius
308 2570 502 2622 tradant,
530 2574 744 2624 sexaginta
762 2571 885 2623 duos,
915 2587 961 2611 ex
981 2573 1128 2625 quibus
1156 2580 1235 2610 tres
1257 2581 1293 2610 et
1313 2574 1487 2624 triginta
1507 2573 1551 2609 in
1572 2571 1653 2607 im-

192 2631 308 2680 ·petio
327 2631 538 2680 transegit.
575 2630 631 2667 sic
653 2628 721 2668 ibi.
778 2629 977 2668 addantur
1010 2643 1102 2681 ergo
1127 2642 1230 2668 anno
1267 2628 1412 2668 Christi
1442 2630 1564 2674 1223,
1582 2626 1649 2663 illo

201 2685 288 2736 ipso
320 2690 580 2724 annumerato
609 2688 662 2727 33
693 2685 847 2736 imperii
873 2685 1050 2725 Ioannis:
1093 2685 1300 2725 conficitur
1339 2697 1466 2722 annus
1504 2682 1651 2720 Chi-isti

194 2741 328 2791 1255,
350 2742 461 2780 cuius
487 2742 560 2780 sub
585 2742 704 2780 finem
734 2742 918 2782 Octobris
938 2741 1049 2782 idem
1074 2743 1238 2782 Ioannes
1263 2742 1365 2780 diem
1391 2739 1544 2778 obierit.
1601 2738 1652 2776 de

202 2800 443 2836 successione
456 2812 580 2851 porro
601 2798 803 2838 Theodori
814 2806 993 2839 materno
1014 2800 1173 2838 nomine
1199 2799 1296 2837 dicti
1321 2796 1491 2835 Lascaris
1513 2795 1558 2834 in
1577 2808 1652 2846 pa-

203 2853 277 2891 tris
301 2853 458 2895 Ioannis
480 2857 612 2895 Ducae
627 2856 839 2896 Batatzae
827 2857 1055 2909 mperium,
1077 2869 1127 2895 ex
1147 2855 1321 2906 Gregdra
1340 2854 1512 2904 itemque
1530 2850 1654 2890 Acro-

1268 2914 1294 2946 Ι,
1388 2923 1397 2932 ι
