1884 3262
697 232 802 278 Lm.
830 225 885 279 Π.
912 199 1143 279 ‘Noun
1145 248 1148 251 ·
1554 236 1652 281 677

190 358 275 385 των
292 340 402 391 τινος
420 337 630 395 πορισμοῦ.
672 339 733 383 διὰ
755 342 823 384 καὶ
839 340 940 383 uate?
957 334 1123 413 χρόνους
1143 358 1311 391 τακτους
1328 342 1372 384 οἴ
1385 329 1531 412 ταύτης
1549 342 1649 395 ἔφο-

193 401 305 469 ρείαν
323 397 593 466 διαδεχόμενοι
611 396 814 454 γράμμασι
840 401 1060 452 βασιλικοῖς
1087 396 1352 447 ανανεοῧντες
1370 396 1432 440 οἶεὶ
1453 400 1650 442 διετέλουν

191 453 266 508 τήν
286 453 400 496 δόσιν
415 459 489 496 τοῦ
506 452 659 509 κλήρου
675 461 748 494 etc.
798 469 968 505 quorum
987 469 1138 494 summa
1156 463 1226 507 est,
1257 457 1455 506 emnem,
1486 457 1555 508 qui
1574 457 1648 496 sub

190 512 448 551 Andronico
436 513 590 550 iuniore
610 512 791 564 princeps
809 511 1007 551 Phocaeae
1026 518 1133 562 erat,
1165 526 1253 551 eum
1280 513 1544 564 principatum
1573 514 1649 551 ob-

190 569 350 618 tinuisse
384 568 626 607 hereditario
656 569 742 607 iure
773 569 1042 607 transmissum
1069 583 1092 606 a
1122 570 1201 606 suis
1227 569 1464 616 maioribus,
1505 570 1648 620 quibus

188 615 302 664 illum
333 626 550 678 imperator
575 639 747 676 proavus
773 625 988 663 Andronici
1016 625 1180 665 iunioiis
1209 625 1307 678 (suit
1334 625 1366 662 is
1385 625 1550 664 Michael
1569 627 1648 664 Pa-

187 682 385 733 laeologus
403 680 539 734 prior)
570 682 686 720 certis
705 681 879 732 legibus
870 696 910 719 in
930 681 1118 730 feudum,
1146 686 1193 719 ut
1212 681 1452 732 loquuntur,
1483 696 1646 721 conces-

188 739 313 782 sisset.
370 751 493 790 quare
517 738 670 789 quoties
693 739 736 776 in
766 752 811 776 eo
836 738 1061 790 principatu
1083 738 1154 776 filii
1179 738 1359 789 patribus
1377 739 1645 789 succederent,

188 795 362 847 diploma
393 795 637 847 imperatoris
661 795 872 847 impetrare
899 795 987 833 illos
1012 794 1239 847 oportebat,
1270 808 1348 845 quo
1371 795 1413 832 in
1434 795 1545 833 istius
1566 794 1645 847 dy-

187 852 336 890 nastiae
372 851 582 902 legitimam
621 852 900 902 possessionem
935 852 1201 889 mitterentur.
1259 852 1315 889 ita
1349 851 1404 889 ibi
1435 852 1640 903 Gregoras.

186 908 313 946 Ducas
330 914 459 947 autem
477 922 509 947 c.
527 911 582 949 20
604 907 705 947 Hist.
726 922 763 960 p.
784 910 836 949 89
861 907 921 946 ed.
942 909 1033 959 Reg.
1058 909 1113 946 sic
1132 907 1268 946 habet:
1285 907 1342 948 ἔν
1349 912 1450 955 ταῖς
1476 907 1644 974 ἡμέραις

186 963 231 1005 δὲ
255 968 328 1005 τοῦ
356 963 546 1017 βασιλέως
575 963 741 1031 Μιχαηλ
769 967 842 1005 τοῦ
862 962 1155 1030 Παλαιολόγου,
1184 966 1259 1005 τοῦ
1274 979 1438 1015 πρωτως
1452 961 1641 1016 βασιλεύ-

186 1034 328 1069 σαντος
356 1021 399 1062 ἐν
433 1017 745 1072 Παλαιολόγοις,
783 1015 915 1071 ἠλθόν
943 1036 1047 1068 τινες
1073 1017 1207 1060 Ἰταλοὶ
1244 1020 1446 1067 αἰτοῦντες
1473 1036 1517 1060 το
1547 1018 1642 1090 όρος

185 1076 280 1130 (agit
299 1078 347 1115 de
369 1083 500 1115 monte
519 1076 717 1128 Phocidis)
748 1078 925 1128 δοθῆναι
953 1073 1108 1125 αυτοῖς,
1139 1075 1206 1116 καὶ
1238 1072 1457 1128 λαμβανειν
1487 1073 1577 1116 κατ’
1597 1075 1642 1116 ἕ-

181 1149 249 1181 τος
267 1149 310 1174 το
328 1132 619 1185 συμφωνηθέν.
658 1135 877 1183 imperante
893 1133 1092 1170 ,Mlclzaiile
1109 1133 1371 1183 PalaeologO,
1402 1147 1443 1169 eo
1463 1134 1536 1184 qui
1545 1134 1642 1183 pri-

181 1204 272 1227 mus
294 1195 335 1227 l'n
358 1189 521 1228 domum
542 1190 834 1240 Palaeologam
853 1191 1062 1243 imperium
1078 1190 1232 1239 intulit,
1260 1196 1452 1227 venerunt
1469 1189 1640 1240 quidam

180 1245 282 1285 Itali
294 1254 470 1297 petente-s·
493 1254 661 1283 montem
681 1247 891 1283 Phocaeae
911 1245 995 1282 sibi
1013 1245 1109 1283 dari
1127 1245 1202 1282 sub
1216 1246 1487 1296 pensitatione
1506 1247 1640 1283 annui

180 1304 339 1341 tributi.
395 1303 494 1340 haec
516 1303 666 1351 Ducas,
695 1302 764 1352 qui
790 1315 1024 1352 quamquam
1054 1301 1120 1340 hic
1144 1315 1225 1339 non
1243 1302 1421 1338 nominat
1438 1301 1532 1339 istos
1554 1302 1640 1339 Ita-

179 1360 259 1407 los,
290 1360 407 1429 paulo
433 1359 594 1397 inferius
613 1332 743 1396 tainen
763 1358 914 1397 indicat
930 1371 996 1396 eos
1013 1371 1034 1395 e
1050 1364 1164 1409 gente
1183 1359 1353 1395 catanea
1373 1359 1511 1406 fuisse,
1542 1357 1639 1396 dum

180 1416 318 1453 scribit.
337 1418 443 1467 ἦσαν
466 1415 507 1455 δὲ
526 1416 568 1455 οἱ
584 1414 776 1467 ῥηθέντες
793 1418 866 1465 τῆς
882 1411 1035 1462 πόλεως
1065 1411 1183 1482 (venne
1207 1413 1421 1465 Φωκαίας)
1452 1410 1639 1466 κτήτορες

179 1471 222 1512 ἐκ
249 1487 330 1512 των
360 1472 576 1512 Κατανὲων
603 1475 829 1517 sev-ovim,
858 1467 932 1511 ’νΑ
925 1471 1050 1523 δρέας
1075 1486 1143 1510 και
1172 1466 1360 1522 Ἰάκωβος
1387 1476 1460 1508 ete.
1522 1477 1638 1507 erant

177 1536 313 1569 autem
344 1530 555 1569 memorati
578 1528 692 1566 urhe-5
717 1540 844 1565 novae
869 1528 1078 1565 Phocaeae
1106 1525 1263 1564 domini
1286 1542 1304 1563 e
1334 1526 1522 1564 Cataneia
1552 1528 1636 1564 Ge-

178 1599 343 1623 nuenees
367 1583 557 1626 Andreas·-
585 1591 620 1621 et
647 1584 842 1634 lacobus,
873 1583 1019 1636 posteri
1047 1583 1230 1622 videlicet
1258 1583 1415 1620 illorum
1440 1589 1510 1621 aut
1530 1582 1636 1621 illius

178 1642 246 1692 qui
275 1653 365 1679 cum
388 1640 575 1679 michaele
602 1640 829 1690 Palaeologo
857 1640 979 1692 priori
999 1639 1048 1677 de
1069 1641 1214 1679 montis
1239 1639 1437 1677 Phocaeae
1460 1639 1635 1677 dominio

176 1704 431 1748 transegerat.
487 1696 595 1736 unde
620 1696 852 1747 intelligitur
874 1696 982 1734 hunc
1005 1695 1118 1734 cuius
1144 1696 1323 1734 meminit
1342 1695 1419 1734 hoc
1445 1696 1534 1743 loco
1552 1696 1635 1747 Paf

177 1753 401 1805 chymeres‚
431 1754 498 1804 qui
519 1753 669 1804 primus
690 1759 862 1790 montem
883 1752 1064 1791 Phocidis
1082 1753 1270 1790 beneficio
1291 1752 1540 1803 imperatoris
1558 1751 1632 1790 ob-

174 1811 319 1860 tinuit,
346 1810 567 1849 Manuelem
585 1810 794 1848 Cataneam
812 1810 927 1848 fuisse
944 1814 1129 1847 vocatum
1141 1838 1152 1857 ,
1181 1809 1307 1846 filium
1326 1808 1536 1847 Zachariae
1554 1809 1631 1845 Ca-

174 1873 313 1906 taneae
347 1868 430 1907 sive
458 1867 630 1905 Catanes.
685 1866 902 1917 reperimus
932 1872 972 1903 et
998 1865 1211 1904 catelusios
1237 1871 1417 1914 vocatos:
1444 1878 1535 1903 nam
1562 1865 1631 1915 qui

173 1924 289 1962 multi
311 1924 355 1962 in
379 1923 554 1962 historiis
579 1922 768 1961 citerioris
798 1922 934 1960 aetatis
955 1922 1237 1960 catelusiorum
1268 1922 1526 1974 appellatione
1544 1934 1631 1958 me·-

173 1987 405 2028 morantur,
434 1993 483 2018 ex
512 1980 646 2018 eadem
670 1993 759 2017 cum
777 1980 957 2018 Cataneis
974 1992 1055 2016 esse
1074 1979 1219 2016 familia
1241 1985 1347 2024 certo
1366 1978 1561 2029 colligitur
1579 1989 1631 2016 ex

173 2037 379 2078 collatione
404 2036 607 2075 variorum
634 2037 812 2075 locorum
836 2036 1014 2083 Villanii‚
1043 2035 1200 2073 Laonici
1220 2040 1257 2071 et
1274 2035 1438 2074 aliorum
1465 2034 1629 2071 histori-

174 2106 310 2131 corum
331 2093 398 2143 qui
413 2106 474 2130 res
493 2094 794 2144 quingentorum
813 2098 921 2130 retro
939 2104 1132 2129 annorum
1148 2093 1294 2142 scripto
1312 2089 1505 2140 complexi
1523 2094 1628 2127 sunt.

172 2163 246 2187 nec
261 2162 364 2186 nova
381 2162 443 2186 res
463 2154 518 2187 est
534 2150 679 2187 mutari
700 2148 848 2199 aliquid
867 2148 907 2186 in
927 2147 1151 2186 nominibus
1173 2159 1402 2196 magnarum
1423 2146 1626 2194 domuum,

173 2219 262 2244 eum
285 2206 375 2243 olim
395 2205 559 2243 sciamus
581 2206 764 2243 Cloantos
784 2205 826 2243 in
847 2204 1067 2252 Cluentius,
1095 2204 1233 2241 Lamos
1247 2204 1287 2240 in
1305 2202 1476 2250 Lamias,
1507 2201 1625 2239 Clau-

171 2276 234 2300 sos
253 2263 294 2299 in
317 2261 499 2299 Claudios
519 2267 557 2298 et
578 2261 756 2311 Clodios,
783 2261 1015 2299 Hortensius
1036 2259 1148 2297 etiam
1166 2260 1207 2296 in
1224 2258 1408 2297 Hortalus
1424 2259 1621 2305 transisse,

171 2317 281 2356 nullo
309 2317 351 2356 id
377 2318 418 2355 in
451 2323 722 2368 argumentum
749 2317 930 2356 trahente
950 2316 1117 2355 familiae
1139 2316 1334 2365 diversae3
1363 2321 1410 2353 ut
1438 2314 1622 2352 omittam

170 2374 309 2412 similia
334 2373 502 2426 plurima
522 2374 662 2426 passim
679 2374 883 2412 observata
903 2374 944 2411 in
962 2373 1147 2411 memoria
1166 2372 1426 2411 recentiorum
1443 2371 1619 2421 adeoque

171 2430 289 2468 hodie
304 2430 516 2481 vigentium
539 2431 732 2481 stirpium.
775 2444 859 2468 non-
876 2430 978 2467 enim
994 2429 1057 2466 his
1075 2430 1275 2468 immorari
1290 2429 1399 2467 locus
1416 2434 1618 2479 autprae-

171 2487 339 2538 scriptae
361 2486 566 2540 brevitatis
599 2486 691 2523 sinit
721 2487 884 2535 modus,
916 2499 1032 2536 quem
1052 2485 1208 2536 quidem
1230 2487 1308 2523 iam
1328 2485 1536 2523 excessisse
1555 2496 1624 2533 me
1663 2521 1666 2523 Α

168 2543 373 2595 paululum
400 2543 546 2592 sentio,
574 2543 718 2580 scilicet
741 2543 867 2581 officio
888 2543 1033 2580 elatum
1052 2544 1152 2593 grati
1172 2543 1288 2580 ani-mi
1314 2555 1401 2593 erga
1431 2540 1616 2580 familiam

169 2599 468 2646 nobilissimam,
498 2600 607 2637 cuius
631 2603 767 2637 vetera
782 2599 1116 2649 illustrissimaque
1133 2605 1271 2637 extant
1289 2612 1379 2650 erga
1396 2611 1521 2636 meam
1544 2609 1618 2647 pa-

169 2657 286 2694 triam
323 2656 485 2694 Galliam
521 2655 614 2693 fidei
647 2655 1020 2706 benevolentiaeque*
1043 2656 1321 2707 nonwulgaris
1350 2657 1616 2693 monumenta.

169 2712 296 2750 Rufus
316 2713 480 2764 quippe,
518 2711 603 2749 aliis
631 2712 833 2762 Russinus,
871 2714 1084 2763 Gataneus,
1122 2718 1376 2766 cognomento
1409 2711 1456 2747 de
1483 2708 1614 2756 volta,
1635 2713 1666 2748 P
1688 2711 1754 2747 475

168 2768 337 2821 Philippi
354 2769 519 2819 Augusti
535 2768 681 2807 Galliae
700 2769 800 2820 regis
820 2768 1119 2809 archithalassus
1142 2767 1242 2819 fuit,
1270 2775 1309 2806 et
1328 2781 1415 2805 eum
1433 2771 1524 2818 post
1541 2778 1613 2802 ex-

169 2830 381 2875 pugnatam
402 2825 597 2865 Anconem
627 2825 876 2880 deportavit
867 2839 909 2865 m
929 2825 1133 2880 Apuliam,
1161 2832 1208 2864 ut
1224 2824 1419 2876 Rigordus
1439 2821 1582 2860 docet·
1570 2835 1614 2858 m

169 2880 270 2918 libro
289 2880 338 2918 de
356 2883 484 2921 Gestis
501 2882 673 2935 Philippi
690 2882 856 2935 Augusti
877 2890 914 2936 'p-
929 2882 1020 2927 1'42.
1078 2883 1170 2922 Salv
1172 2889 1263 2920 at01
1278 2881 1395 2919 etiam
1414 2877 1582 2918 vitalis
1571 2891 1614 2916 m
