1884 3262
267 176 368 224 686
656 172 978 219 ›OBSERVAR
1016 172 1325 220 PACHYMER.

262 292 316 326 nt
337 282 474 323 Graeci
492 282 729 333 particulam
737 282 915 334 filioque
924 281 1106 333 symbolo
1128 281 1335 323 addai-ena
1391 296 1474 322 non
1492 282 1596 322 enim
1608 294 1727 335 repe·-

268 343 393 382 rimus
411 339 454 377 id
471 339 519 377 ab
540 352 585 378 eo
601 345 783 378 exactum
804 345 875 377 aut
892 339 1021 390 ipsum
1042 338 1253 390 recepisse5
1283 341 1635 390 annotavimusque
1654 352 1727 378 su«-

268 398 400 452 perius
420 395 472 433 ad
491 409 523 436 c.
551 397 602 438 15
628 396 749 435 huius
774 396 886 444 libri,
915 395 1116 434 ecclesiam
1139 395 1320 433 Latinam
1344 396 1437 433 satis
1460 395 1664 444 habuisse,
1694 395 1730 433 si

269 453 410 492 Graeci
442 452 582 503 dogma
613 452 742 504 ipsum
773 451 1030 504 processionis
1059 452 1230 504 Spiritus
1257 452 1392 490 Sancti
1421 452 1537 490 etiam
1570 465 1621 490 ex
1646 452 1730 489 filio

268 510 554 563 profiterentur
571 538 581 558 ,
610 517 651 547 ct
666 510 825 547 Latinos
843 515 1099 559 agnoscerent
1120 509 1225 546 iusta
1246 521 1296 546 ex
1319 521 1436 546 causa
1456 507 1731 547 declarationis

272 565 529 619 expressioris
550 565 718 604 verbum
741 565 840 604 illud
866 566 1043 617 symbolo
1068 565 1237 603 Nicaeno
1260 565 1476 614 addidisse,
1512 578 1594 602 non
1613 577 1733 617 prae-

272 622 455 675 cipiendo
474 627 522 660 ut
544 622 617 674 ipsi
645 623 795 675 pariter
823 622 924 660 illud
949 622 1155 662 adderent.
1211 623 1320 660 suere
1341 627 1473 659 autem
1501 621 1575 658 alia
1591 621 1732 671 quibus

269 680 415 719 merito
433 685 634 730 suspectus
654 686 724 717 aut
743 679 860 717 etiam
877 678 1082 717 convictus
1098 678 1265 716 fictionis
1281 677 1410 716 videri
1424 677 1555 729 pot'uit
1573 677 1734 714 Palaeo-

273 737 405 788 logus,
434 742 530 787 puta
550 737 778 775 vexationes
801 735 918 774 Vecci
948 734 1165 773 orthodoxi
1191 732 1462 786 patriarchae,
1494 746 1594 784 quae
1622 733 1733 777 illum

275 794 327 831 ad
351 793 456 832 ultro
475 792 734 839 abdicandam
754 793 983 844 dignitatem
1001 796 1223 843 coegerunt,
1254 797 1435 829 narratae
1453 804 1475 827 a
1496 789 1735 840 Paehymere

274 849 353 889 hoc
370 850 469 888 libro
491 863 512 886 a
535 863 569 889 c.
595 853 643 891 10
665 849 715 887 ad
737 849 800 891 14.
830 856 870 887 et
889 848 996 900 quod
1016 855 1084 886 aut
1105 849 1268 886 nescivit
1293 854 1362 886 aut
1383 846 1640 885 dissimulavit
1657 859 1735 883 no—

278 913 379 956 ster,
413 905 634 944 coniuratio
661 906 910 956 imperatoris
938 904 1138 943 Michaelis
1161 918 1251 942 cum
1277 904 1415 942 Siculis
1439 909 1477 941 et
1499 903 1616 941 Petro
1647 913 1736 952 rege

277 963 503 1014 Aragonum
534 969 675 1001 contra
694 963 878 1000 carolum
913 963 1072 1013 Apuliae
1098 968 1136 999 et
1160 962 1311 999 Siciliae
1337 973 1465 1012 regem
1486 973 1506 997 a
1527 959 1618 996 sede
1637 972 1738 1009 apo-

278 1020 415 1058 stolica
438 1019 672 1070 probatum,
710 1019 822 1057 cuius
850 1019 1041 1069 Gregoras
1063 1018 1240 1056 meminit
1257 1023 1294 1055 et
1321 1018 1387 1055 alii
1401 1023 1627 1067 temporum
1646 1015 1739 1052 illo-

277 1090 369 1125 rum
396 1076 604 1127 scriptores
631 1075 747 1114 relati
771 1075 814 1113 in
844 1075 1061 1113 Annalibus
1088 1073 1360 1113 Ecclesiasticis
1388 1073 1437 1110 ab
1462 1071 1676 1124 Spondano
1700 1075 1739 1107 et

278 1132 488 1184 Raynaldo
509 1132 559 1170 ad
579 1145 727 1170 annum
748 1134 854 1172 1280
873 1137 912 1169 et
930 1136 1166 1181 sequentem.
1216 1144 1294 1180 quo
1312 1130 1484 1182 pertinet
1501 1128 1610 1179 quod
1623 1128 1741 1165 istam

277 1189 321 1227 in
353 1187 583 1226 Michaelem
619 1187 1035 1225 excommunicationis
1075 1188 1309 1224 sententiam
1345 1186 1537 1237 perlatam
1568 1184 1740 1222 instante

280 1244 421 1283 Carolo
451 1257 540 1295 rege
557 1243 735 1281 historici
751 1256 885 1282 rerum
904 1243 1060 1281 illarum
1078 1248 1318 1290 memorant,
1347 1249 1395 1279 ut
1411 1242 1467 1279 ibi
1484 1242 1576 1280 licet
1592 1240 1740 1280 videre.

281 1301 468 1352 cogitasse
492 1306 622 1338 autem
644 1300 915 1350 Palaeologum
935 1298 1014 1337 hoc
1028 1312 1120 1337 suae
1141 1299 1399 1336 damnationis
1415 1297 1556 1336 nuntio
1580 1297 1742 1348 percul-

281 1371 368 1396 sum
392 1363 533 1395 cuncta
553 1369 653 1407 quae
673 1370 746 1408 pro
777 1356 988 1395 concordia
1013 1356 1264 1394 ecclesiarum
1290 1355 1481 1393 hactenus
1513 1359 1643 1404 egerat
1673 1365 1742 1391 re-

280 1414 481 1462 scindere,
521 1413 629 1464 quod
655 1412 722 1451 hic
746 1419 881 1451 noster
908 1413 1079 1451 affirmat
1087 1442 1097 1462 ,
1127 1426 1209 1450 non
1231 1418 1289 1450 est
1303 1425 1467 1463 prorsus
1491 1408 1744 1449 inverisimile

279 1469 323 1510 in
353 1469 511 1508 homine
539 1482 657 1520 quem
689 1475 854 1521 apparet
879 1470 1047 1521 politicis
1067 1469 1237 1507 maxime
1258 1468 1479 1507 rationibus
1492 1473 1532 1505 et
1553 1473 1664 1504 metu
1679 1467 1744 1503 in-

279 1528 413 1566 sensae
431 1526 503 1564 sibi
520 1526 716 1578 potentiae
737 1526 867 1564 Caroli
885 1526 986 1577 regis
1005 1526 1059 1564 ad
1075 1526 1190 1564 istam
1208 1525 1482 1565 tractationem
1512 1523 1743 1561 adductum.

280 1590 414 1622 tamen
442 1583 485 1621 id
519 1596 609 1622 eum
642 1596 724 1621 non
752 1583 887 1621 secisse
926 1588 1097 1621 testatur
1126 1582 1194 1620 hic
1225 1588 1370 1621 noster.
1435 1587 1475 1619 et
1501 1579 1577 1632 ipsi
1605 1579 1744 1617 Graeci

281 1638 519 1678 schismatici
535 1653 767 1691 persuasum
786 1638 1014 1678 habuerunt
1029 1639 1158 1692 ipsum
1177 1651 1300 1690 usque
1329 1638 1382 1676 ad
1400 1643 1568 1677 mortem
1599 1635 1642 1674 in
1665 1635 1745 1673 fide

282 1696 516 1735 concordiae
537 1697 771 1748 perstitisse,
799 1709 900 1748 quae
926 1709 1044 1735 causa
1073 1697 1165 1749 ipsis
1182 1696 1258 1735 suit
1284 1708 1373 1734 eum
1395 1695 1548 1734 honore
1564 1693 1745 1746 sepultu-

279 1766 349 1792 rae
368 1753 592 1793 fraudandi.

397 1851 436 1888 p.
461 1837 540 1878 521
571 1849 611 1876 v-
637 1839 700 1878 16.
756 1835 998 1887 Acropolita
1023 1850 1200 1888 magnus·
1219 1835 1422 1886 logotheta
1456 1833 1556 1872 dum
1582 1835 1742 1873 viveret.

286 1890 388 1946 haec
403 1893 580 1930 indicant
612 1891 807 1943 scripsisse
834 1892 909 1929 ista
927 1891 1206 1943 Pachymerem
1224 1892 1296 1929 sub
1322 1891 1570 1939 Andronico,
1601 1895 1639 1927 et
1655 1885 1748 1940 qui-

291 1949 383 1988 dem
405 1948 539 1987 multis
561 1949 672 1986 annis
692 1954 782 1999 post
799 1954 968 1986 mortem
988 1947 1186 1986 Michaelis
1214 1947 1392 1999 Augusti.
1448 1961 1538 1985 nam
1557 1946 1748 1997 Georgius

292 2004 520 2057 Acropolita
545 2006 726 2043 mortuus
750 2011 809 2043 est
837 2005 879 2042 in
906 2017 1083 2056 carcere,
1111 2004 1155 2042 in
1182 2017 1297 2055 quem
1321 2003 1519 2042 coniectus
1542 2004 1670 2042 suerat
1697 2002 1746 2040 ab

293 2061 522 2101 Andronico
555 2061 627 2099 sub
651 2061 807 2099 initium
833 2060 916 2099 eius
940 2061 1112 2112 imperii,
1151 2061 1259 2111 quod
1285 2059 1538 2098 schismaticis
1569 2058 1748 2097 assentiri

293 2119 442 2171 nollet,
481 2118 524 2156 in
553 2131 676 2168 eoque
702 2123 883 2155 constans
919 2118 1186 2169 perseveravit
1211 2130 1281 2170 per
1300 2117 1433 2168 plures
1452 2129 1597 2165 annos,
1624 2121 1749 2167 repa*-

296 2175 402 2213 diata
422 2174 604 2213 libertate
622 2180 660 2211 et
682 2174 933 2212 restitutione
952 2175 994 2212 in
1012 2174 1208 2225 integrum
1231 2173 1362 2212 oblata
1383 2173 1419 2211 ei
1449 2173 1497 2210 ab
1512 2172 1748 2224 imperatore

153 2239 184 2274 Ρ
207 2237 276 2274 482
299 2232 330 2270 si
350 2231 515 2269 deficere
544 2245 566 2268 a
595 2231 868 2269 communione
895 2231 1071 2269 Romana
1097 2230 1240 2279 vellet,
1285 2229 1328 2268 in
1349 2243 1427 2281 qua
1454 2229 1621 2279 denique
1646 2228 1749 2266 diem

296 2289 394 2326 obiit
413 2288 614 2326 confectus
636 2288 832 2326 aerumnis
859 2287 922 2326 dei
949 2301 1064 2326 causa
1089 2286 1281 2329 toleratis.
1337 2286 1430 2326 vide
1456 2298 1554 2338 quae
1573 2281 1750 2338 superius

295 2344 519 2384 notavimus
536 2343 587 2382 ad
610 2357 642 2386 c.
662 2346 716 2387 28
739 2343 766 2383 l.
784 2344 823 2387 4.

407 2442 449 2480 p.
474 2428 554 2471 531
578 2441 617 2468 v-
639 2428 705 2472 15.
761 2427 836 2479 τήν
865 2424 1004 2480 ψυχήν
1033 2423 1214 2480 ἆφίησιν.
1270 2432 1361 2479 post
1386 2425 1485 2465 haec
1510 2424 1638 2465 Vatic.
1659 2421 1748 2465 cod.

294 2483 394 2524 haec
417 2485 636 2536 subiungit:
667 2484 691 2526 ὅ
711 2483 835 2538 μηδὲν
851 2483 894 2526 τὸ
911 2481 1099 2538 παράπαν
1114 2482 1272 2524 πώποτε
1291 2480 1560 2536 τεθνήξεσθαι
1575 2481 1749 2534 προσδο-

298 2537 450 2593 κήσας,
479 2538 542 2581 διὸ
566 2541 634 2582 καὶ
652 2538 798 2594 ὅρκους
815 2539 910 2589 τούς
931 2539 1060 2593 ὄνομα
1081 2544 1184 2580 θεοῦ
1203 2539 1397 2593 φέροντας
1414 2540 1470 2588 εἰς
1488 2533 1606 2579 ου’ὁὲν
1622 2536 1751 2588 ἐλογί-

302 2599 408 2648 ζετο,
448 2596 517 2637 καὶ
550 2592 710 2638 ἀδικίαν
736 2598 804 2639 καὶ
832 2595 986 2649 φόνους
1012 2597 1080 2637 καὶ
1106 2597 1294 2649 τιμωρίας
1319 2595 1374 2644 οἷς
1391 2593 1585 2640 κώνωπος
1603 2594 1750 2640 πρᾶξιν

299 2652 461 2708 ἡγεῖτο·
493 2650 602 2706 ὅμως
630 2653 749 2696 ἔκειτο
778 2650 937 2708 νεκρός,
976 2652 1044 2694 καὶ
1074 2650 1243 2706 δάκρυσι
1269 2654 1351 2692 τῶν
1379 2652 1537 2693 οἰκείων
1565 2647 1751 2701 ἐβρέχετο.

305 2712 380 2762 qui
398 2723 608 2762 nunquam
635 2723 676 2747 se
703 2713 945 2748 moriturum
972 2709 1216 2757 crediderat,
1253 2708 1419 2761 ideoque
1443 2710 1672 2745 iuramenta
1689 2703 1754 2741 dei

304 2781 447 2805 nomen
452 2768 635 2817 ferentia
653 2766 776 2804 nihili
792 2766 980 2817 (luxerat,
1008 2768 1188 2804 iniurias
1203 2779 1293 2804 vero
1303 2793 1315 2814 ,
1345 2762 1481 2802 caedes·
1497 2769 1533 2800 et
1551 2762 1756 2813 supplicia

305 2836 451 2875 «saeva,
481 2824 604 2876 quasi
622 2836 701 2862 non
721 2824 775 2861 iis
789 2822 968 2861 homines
983 2822 1055 2861 sed
1071 2823 1217 2861 culices
1233 2820 1494 2870 laederentur,
1523 2823 1756 2856 exercuerat.
