1846 3262
221 215 319 261 218
627 182 880 256 'GEORGII
925 208 1278 253 PACHYMERIS

221 331 397 374 στιανῶν
434 323 666 380 νομοθέτου
698 326 914 381 Χριστοῦ,
963 322 1012 368 οὗ
1045 320 1236 373 Σόλωνος
1268 323 1316 366 οὗ
1346 323 1392 367 δὲ
1419 317 1687 379 Λυκούργου,

170 407 202 442 c
225 396 322 442 ἀλλ’
345 394 474 437 αὐτοῦ
494 397 569 436 τοῦ
591 390 778 436 πλάστου
799 394 866 435 καὶ
886 397 1057 448 ποιητοῦ
1080 393 1146 434 καὶ
1168 395 1296 444 θεοῦ,
1334 393 1379 435 ἐκ
1400 396 1483 435 τῶν
1509 389 1691 449 προσόν-

219 482 302 509 των
335 459 493 506 διδόναι
522 463 590 504 καὶ
622 458 937 516 ἀντιλαμβάνειν
963 460 1016 503 τὰ
1040 462 1176 515 μείζω.
1248 459 1269 503 ὃ
1291 459 1342 516 δὴ
1364 461 1430 503 καὶ
1453 459 1689 503 πιστευτέον

219 530 462 586 ἐπάναγκες,
501 531 535 572 εἲ
566 528 748 573 πιστεύοι
775 547 838 580 τις
865 534 924 589 τῷ
939 533 1113 587 Χριστῷ
1133 528 1191 583 μὴ
1216 526 1345 582 μόνον
1366 526 1516 572 καθότι
1537 529 1688 582 βαπτί-

219 604 326 654 ζοιτο
338 632 351 653 ,
390 598 496 641 ἀλλὰ
517 596 668 642 καθότι
693 601 760 642 καὶ
779 598 980 655 ἀληθινὸν
1003 600 1154 640 ἐκεῖνον
1177 597 1259 652 ε’χοι
1280 596 1350 654 ἐφ’
1375 595 1437 647 οἷς
1452 597 1686 652 ἐπαγγέλλε-
1698 601 1726 636 5.

217 686 299 713 ται.
370 667 656 723 βαπτισθέντα
691 669 736 711 δὲ
764 669 832 711 καὶ
861 664 1137 710 πιστεύσαντα
1155 665 1212 721 μὴ
1231 672 1318 716 τοῖς
1336 662 1471 722 λόγοις
1491 663 1691 708 πιστεύειν
1730 669 1733 671 ”

218 737 397 791 ἐκείνου,
431 737 537 792 μηδὲ
558 736 605 780 τὸ
626 734 798 794 πρώτως
817 734 1017 779 πιστεύειν
1045 735 1147 790 ἔχειν
1160 768 1174 788 ,
1211 732 1288 777 κᾶν
1316 732 1338 777 ὅ
1367 751 1407 776 τι
1433 733 1552 790 λε’γοι.
1623 735 1692 776 καὶ

220 805 241 850 ὃ
264 807 338 862 μὲν
358 808 547 862 Χριστοῦ
569 803 694 861 νόμος
713 800 834 856 οὗτος
853 804 1178 859 ἀνταμείβεσθαι
1195 802 1301 846 κατὰ
1318 802 1364 846 τὸ
1384 800 1692 846 ἑκατονταπλα-

165 879 198 916 Ι)
223 892 312 919 σιον
343 873 649 931 ἐπαγγέλλεται·
682 875 808 931 χωρὶς
839 874 884 916 δὲ
913 875 980 916 καὶ
1011 877 1086 916 τοῦ
1117 874 1356 930 προσδοκᾶν
1373 875 1508 914 ταῦτα
1529 867 1696 927 ἀπόχρη

222 946 289 988 καὶ
307 941 413 998 μόνη
433 941 460 998 ἦ
478 942 772 999 παραμένουσα
797 940 922 995 δόξα,
957 941 1018 984 ‘lv’
1040 942 1144 984 εἶ’ποι
1161 958 1224 991 τις
1242 941 1309 983 καὶ
1328 940 1422 983 κατ’
1447 938 1688 998 ἄνθρωπον,
1705 945 1759 982 m·

222 1014 380 1056 πείθειν
403 1011 475 1055 τὸν
494 1011 661 1056 συνετὸν
683 1012 760 1067 οὐχ
779 1010 890 1061 ὅπως
907 1014 1196 1059 πλεονεκτικῶς
1209 1010 1552 1066 χρηματίζεσθαι,
1585 1007 1693 1050 ἀλλὰ

222 1083 290 1124 καὶ
311 1081 364 1124 τὰ
388 1079 596 1137 προσόντα
615 1087 702 1130 τοῖς
722 1084 891 1135 τυχοῦσι
909 1081 1142 1135 προΐεσθαι.
1213 1078 1361 1134 ἐξαίρω
1389 1077 1438 1120 δέ
1464 1094 1507 1132 γε
1525 1080 1600 1119 τοῦ
1620 1073 1693 1119 λό-

222 1167 296 1207 γου
323 1148 423 1199 τοὺς
453 1148 524 1192 ἐπ’
560 1149 800 1205 ἀναγκαίαις
827 1145 1047 1198 δοκούσαις
1069 1147 1224 1204 χρείαις
1243 1146 1335 1190 τινὰ
1355 1150 1438 1189 τῶν
1460 1145 1588 1189 ὄντων
1609 1162 1693 1187 πα-

224 1218 547 1276 ρακατὲχοντας,
582 1219 616 1260 εἲ
645 1215 704 1272 μή
733 1234 776 1273 γε
812 1218 879 1260 καὶ
907 1212 1033 1266 αὖθις
1062 1216 1188 1270 ἔχοιεν
1217 1216 1516 1272 ἐκπορίζεσθαι.
1586 1212 1694 1256 ἀλλὰ

221 1291 355 1331 ταῦτα
383 1287 458 1341 μὲν
479 1284 500 1329 ὅ
520 1283 720 1341 δεσπότης
745 1282 937 1340 Ἰωάννης
959 1286 1026 1327 καὶ
1049 1285 1140 1327 λίαν
1168 1283 1268 1340 {¹va
1279 1317 1293 1337 ,
1330 1284 1398 1326 καὶ
1422 1283 1544 1339 γνοὺς
1569 1279 1621 1325 τά
1654 1281 1750 1325 οἶ1ἅ

172 1363 205 1399 Ε
230 1356 473 1399 συνοίσοντα
505 1353 718 1411 ἔπραττεν.
787 1353 868 1397 ἔπεὶ
891 1354 935 1396 δὲ
954 1353 992 1396 οἳ
1014 1352 1120 1410 ἀμφὶ
1147 1352 1219 1395 τὸν
1239 1351 1420 1407 μοναχὸν
1438 1354 1609 1404 Νεῖλον,
1648 1349 1694 1400 ὃς

226 1425 271 1467 ἐκ
300 1424 486 1473 Σικελίας
514 1424 590 1478 μὲν
624 1421 815 1478 ὥρμητο,
852 1422 917 1464 ἐπὶ
950 1426 1061 1480 κακῷ
1080 1422 1126 1464 δὲ
1145 1425 1219 1476 τῆς
1239 1425 1322 1464 τῶν
1341 1419 1553 1474 Ῥωμαίων
1575 1423 1695 1461 πολι-

220 1493 330 1543 τείας
360 1491 508 1548 ἒπέστη
521 1524 535 1545 ,
573 1489 779 1535 διδάσκων
800 1488 1115 1548 γλισχρεύεσθαι
1136 1491 1204 1533 καὶ
1222 1493 1454 1548 προμηθεῖς
1474 1486 1574 1532 εἶναι
1596 1486 1696 1538 τοὺς

219 1671 326 1706 studii
347 1670 516 1706 rationem
540 1668 742 1713 disserebat,
765 1671 876 1715 legem
900 1680 975 1705 esse
998 1681 1065 1705 non
1088 1668 1223 1704 Solonis
1246 1671 1307 1704 aut
1332 1666 1483 1713 Lycurgi
1505 1665 1566 1702 sed
1589 1665 1694 1710 legis-

218 1717 338 1751 latoris
374 1717 644 1750 Christianorum
678 1715 829 1758 Christi,
864 1717 1031 1751 creatoris
1065 1716 1215 1750 eiusdem
1237 1714 1558 1758 conservatorisque
1579 1723 1694 1746 rerum

221 1763 367 1797 omnium
405 1762 478 1803 dei,
507 1773 597 1807 quae
631 1773 691 1795 nos
726 1762 845 1796 iubeat
867 1763 957 1807 quod
981 1773 1159 1807 possumus
1183 1773 1225 1796 ex
1247 1761 1419 1807 praesenti
1441 1759 1538 1803 copia
1560 1758 1693 1802 largiri,

221 1820 283 1854 spe
310 1813 407 1842 certa
437 1807 622 1853 recipiendi
651 1807 789 1842 maiora.
836 1809 916 1842 huic
949 1808 1163 1854 promissioni
1192 1806 1385 1841 necessario
1413 1804 1616 1840 credendum
1647 1804 1692 1837 ab

223 1866 265 1889 eo
289 1854 407 1899 utique
432 1857 486 1888 est
508 1853 567 1898 qui
591 1852 693 1887 fidem
715 1853 750 1887 in
776 1853 950 1887 Christum
974 1854 1174 1899 profitetur,
1210 1865 1275 1887 non
1298 1854 1406 1886 solum
1438 1855 1606 1896 qnatenus
1627 1850 1694 1883 ba-

224 1900 384 1946 ptismum
408 1899 558 1944 suscepit
572 1924 584 1941 ‚
617 1898 677 1932 sed
704 1903 872 1944 quatenus
896 1900 999 1933 etiam
1019 1899 1133 1944 palam
1156 1899 1340 1944 acquiescit
1362 1896 1550 1931 assentiens
1572 1905 1694 1929 sacrae

225 1946 402 1980 doctrinae
425 1946 552 1991 passim
576 1945 612 1978 in
637 1944 782 1978 ecclesia
805 1945 1013 1990 propositae.
1060 1956 1162 1990 porro
1185 1944 1395 1989 baptizatum
1419 1941 1608 1989 quempiam
1621 1965 1632 1984 ,
1657 1943 1695 1974 et

224 1992 385 2026 assentiri
409 2002 446 2026 se
468 1990 740 2025 irrevocabiliter
764 1990 973 2024 Christianis
996 1991 1210 2036 dogmatibus
1233 1991 1442 2035 professum,
1479 1987 1608 2021 Christi
1630 1986 1695 2020 de-

225 2037 305 2072 inde
327 2038 444 2072 verbis
468 2038 616 2070 fructum
638 2036 777 2070 uberem
812 2037 1044 2081 eleemosynae
1075 2036 1313 2082 pollicentibus
1335 2046 1402 2069 non
1423 2034 1565 2068 credere
1587 2043 1694 2077 argu-

225 2088 341 2118 mento
365 2087 419 2117 est
439 2082 549 2128 ipsum
573 2093 683 2127 neque
707 2085 807 2116 antea
829 2093 912 2116 vere
936 2083 1138 2124 credidisse,
1163 2085 1468 2127 quantumcumque
1489 2091 1527 2114 se
1551 2078 1695 2112 credere

223 2129 435 2164 simulaverit
457 2133 493 2162 et
518 2128 752 2163 affirmaverit.
798 2139 862 2162 nec
883 2129 1034 2173 vulgaris
1056 2127 1282 2162 remuneratio
1313 2131 1366 2161 est
1387 2137 1488 2172 quam
1509 2125 1566 2159 lex
1590 2123 1696 2158 chri-

224 2175 271 2209 sti
294 2173 451 2220 largitori
474 2173 684 2208 misericordi
706 2173 888 2219 promittit,
925 2175 986 2210 sed
1009 2186 1097 2220 quae
1120 2177 1253 2208 centum
1277 2185 1339 2219 pro
1362 2184 1428 2206 uno
1451 2172 1592 2205 referat.
1638 2181 1694 2204 me

224 2232 327 2262 vero,
360 2223 397 2254 et
418 2220 594 2266 quemvis,
617 2224 656 2254 ut
679 2219 846 2262 arbitror,
869 2221 1068 2266 prudentem
1093 2220 1278 2261 hominem,
1301 2219 1405 2253 etiam
1428 2218 1572 2252 humano
1595 2215 1694 2250 dum-

225 2270 326 2300 taxat
346 2277 411 2300 usu
433 2277 602 2311 sensuque
625 2266 668 2299 de
690 2266 792 2300 rebus
827 2265 1055 2309 iudicantem,
1088 2266 1143 2301 vel
1166 2266 1195 2300 si
1218 2265 1301 2300 nihil
1323 2265 1393 2298 tale
1414 2264 1606 2298 iuberemur
1630 2272 1695 2295 ex-

225 2315 384 2358 pectare,
408 2317 560 2346 moveret
582 2311 716 2346 abunde
738 2311 781 2346 ad
803 2311 1079 2347 benefaciendum
1110 2312 1290 2356 egentibus
1312 2311 1386 2357 ipse
1408 2309 1569 2355 splendor
1591 2307 1694 2342 efflo-

227 2358 396 2392 rescentia
418 2357 498 2391 inde
520 2357 673 2402 gloriae,
702 2357 738 2392 in
761 2369 882 2392 aevum
906 2371 1002 2393 omne
1025 2369 1290 2404 permansurae3
1323 2357 1417 2391 cuius
1440 2367 1502 2401 spe
1523 2354 1695 2389 invitante

227 2414 294 2438 non
324 2403 422 2438 modo
458 2408 595 2438 avertor
619 2404 662 2437 ab
686 2415 790 2438 avare
814 2405 1035 2450 congerendis
1067 2404 1249 2450 superfluis
1272 2403 1414 2449 opibus,
1446 2412 1562 2436 verum
1586 2400 1691 2434 etiam

225 2449 327 2484 facile
358 2449 500 2483 inducor
532 2449 576 2483 ad
609 2450 873 2484 subtrahendum
906 2451 1025 2486 usibus
1061 2451 1164 2485 etiam
1187 2450 1272 2496 ipsis
1295 2449 1379 2484 meis
1401 2459 1491 2493 quae
1511 2447 1547 2480 in
1571 2445 1692 2480 obvios

225 2506 395 2541 pauperes
419 2494 589 2529 effundam
603 2520 613 2538 ‚
650 2506 714 2529 non
738 2500 851 2530 tamen
873 2501 933 2532 ant
955 2497 991 2531 in
1013 2496 1088 2530 aliis
1115 2497 1277 2531 damnans
1302 2499 1363 2529 aut
1383 2493 1467 2528 mihi
1488 2496 1609 2526 vetans
1631 2501 1692 2524 re-

225 2552 367 2575 servare
399 2551 488 2586 quae
518 2544 708 2585 opportuna
741 2542 946 2578 videbuntur
977 2543 1033 2578 vel
1060 2543 1128 2577 iam
1158 2542 1358 2587 urgentibus
1381 2539 1437 2574 vel
1458 2539 1493 2573 in
1515 2541 1690 2583 posterum

225 2586 496 2632 impendentibus
527 2586 791 2621 necessitatibus
824 2590 936 2632 vitae,
970 2589 1171 2635 praesertim
1194 2589 1253 2623 ubi
1279 2586 1410 2623 occasio
1434 2593 1597 2630 praesens
1618 2581 1692 2617 lar-

225 2631 343 2677 giendi
373 2644 441 2667 non
474 2632 635 2666 occurrit.
681 2632 770 2667 tales
799 2633 943 2679 despota
973 2635 1117 2670 Ioannes
1150 2638 1186 2669 et
1217 2635 1287 2669 alte
1317 2634 1500 2678 impressos
1522 2629 1691 2675 pleneque

227 2689 409 2723 persuasos
431 2678 593 2712 versabat
616 2677 724 2712 animo
747 2689 887 2722 sensus,
920 2684 956 2715 et
976 2681 1019 2715 iis
1042 2684 1265 2715 consentanee
1296 2687 1442 2724 operans
1464 2675 1507 2710 ad
1531 2673 1691 2720 proposi·-
1745 2680 1750 2684 ’

227 2728 300 2758 tum
336 2724 404 2770 ipsi
435 2724 536 2758 finem
564 2722 693 2768 gloriae
723 2724 897 2760 tendebat.
941 2726 1035 2761 istud
1065 2731 1178 2762 tamen
1210 2726 1282 2760 eius
1308 2726 1480 2760 incensum
1508 2721 1605 2765 large
1627 2719 1692 2753 do-

228 2768 331 2803 nandi
354 2770 502 2804 studium
522 2769 692 2814 paululum
714 2770 964 2815 refrigerarunt
985 2776 1172 2807 sectatores
1190 2772 1264 2807 Nili
1285 2766 1568 2816 pseudomonachi
1590 2777 1610 2800 e
1629 2763 1692 2798 Si-

231 2815 310 2849 cilia
332 2816 398 2850 huc
421 2827 541 2861 magno
564 2815 650 2850 malo
673 2816 845 2851 Romanae
867 2817 1071 2861 reipublicae
1093 2817 1258 2866 profecti,
1282 2817 1441 2851 docentes
1463 2810 1693 2860 parsimoniae

229 2861 424 2906 attendere,
458 2860 705 2913 suadentesque
736 2862 925 2898 hominibus
950 2875 1072 2910 magna
1105 2862 1405 2911 circumspectione
1426 2859 1463 2895 in
1486 2858 1597 2895 dando
1625 2855 1705 2899 uti,-
