1884 3262
696 188 800 236 LIB.
830 187 888 233 11.
935 187 1137 234 NOTAE.
1533 189 1631 236 653

113 304 117 308 “
188 299 241 339 da
270 297 527 351 pauperibus,
565 311 665 351 quae
692 299 762 351 qui
790 297 978 337 offerrent
1002 294 1176 350 appendi
1206 294 1329 335 tholis
1361 296 1482 336 sacris
1502 297 1633 338 autin

186 355 377 394 'thesauro
395 356 658 395 ecclesiastico
677 355 829 394 servari
846 354 1083 403 voluissent,
1111 349 1279 392 moleste
1290 352 1414 393 laturi
1440 354 1473 393 si
1489 367 1536 393 ea
1555 353 1633 393 teri

188 411 369 450 manibus
393 418 432 450 et
454 412 633 451 consumi
648 425 724 450 usu
740 410 935 462 egentium
953 409 1144 448 viderent.

301 482 341 519 p.
359 470 437 510 311
466 482 505 508 v.
534 472 601 511 17.
659 467 965 521 Μαρυμνδηνοῦ
994 465 1263 519 θρηνητῆρος.
1318 463 1502 503 alludunt
1531 463 1630 503 haec

188 523 368 574 adagium
389 530 527 573 vetus,
557 524 670 562 cuius
701 522 847 562 mentio
870 522 916 560 fit
931 534 1047 560 versu
1065 523 1146 563 686
1163 520 1372 558 stromatei
1399 521 1630 571 proverbio-

185 587 276 618 rum
295 580 545 630 antiquorum
563 580 671 632 apud
688 580 885 619 Andream
904 577 1111 616 Schottum
1130 582 1311 614 nostrum
1330 576 1374 615 in
1388 576 1629 616 Collectione

188 635 430 674 Graecorum
448 636 808 674 Paroemiastarum.
863 646 1002 674 versus
1021 633 1088 671 ille
1107 632 1164 671 sic
1185 638 1320 670 sonat:

403 693 716 745 Μαρυανδηνῶν
742 691 916 743 μέμνησο
942 689 1237 742 θρηνητηρίων.

186 745 299 797 origo
319 747 423 785 forte
442 748 570 798 adagii
596 748 672 787 fuit
702 747 810 798 quod
837 746 944 799 apud
971 746 1079 784 illam
1099 743 1452 796 Maryandenorum
1474 747 1628 791 gentem

185 803 326 840 funera
353 804 593 842 ambitiosius
621 804 936 852 celebrarentur,
975 800 1232 840 moestissimo
1266 805 1414 847 cantu,
1450 798 1556 836 tibiis
1587 804 1631 850 et·

183 857 228 896 id
246 871 367 909 genus
385 860 538 910 organis
554 859 750 898 adhibitis.
808 859 911 897 unde
924 858 966 896 in
983 856 1238 910 proverbium
1247 854 1415 894 abierint
1430 857 1626 909 Μαρυαν-

184 912 303 966 ’δηνὸς
320 911 527 969 θρηνητήρ
548 921 587 953 et
605 912 887 968 Μαρυανδηνοέ
903 908 1167 967 θρηνητήρια.

295 985 336 1023 p.
358 974 439 1014 313
461 985 502 1011 v.
520 974 587 1014 23.
629 972 859 1010 Athanasio
879 969 1037 1008 audita.
1093 970 1251 1007 dixerat
1267 965 1389 1019 paulo
1411 972 1500 1004 ante
1516 964 1626 1004 hunc

184 1026 303 1065 fuisse
323 1027 636 1066 Alexandrinum
658 1026 931 1079 patriarcham.
985 1023 1052 1064 hic
1070 1024 1234 1063 videtur
1251 1022 1484 1061 successisse
1499 1022 1626 1060 Nico-

180 1081 267 1132 lao,
299 1083 412 1121 cuius
432 1083 578 1121 mentio
597 1089 654 1122 est
674 1083 768 1121 libri
786 1082 903 1120 huius
920 1095 954 1120 c.
972 1084 1010 1123 9.
1039 1094 1090 1119 ex
1109 1079 1226 1118 huius
1246 1078 1387 1131 capitis
1402 1077 1533 1117 verbis
1549 1076 1627 1115 ha-

181 1136 317 1176 bemus
334 1138 564 1190 Pacliymeri
589 1135 807 1192 σύγχρονον
837 1144 876 1176 et
895 1137 1129 1176 familiarem
1146 1136 1268 1174 fuisse
1284 1134 1478 1186 quendam
1497 1132 1626 1172 Atha-

181 1194 334 1232 nasium
353 1194 613 1246 patriarcham
632 1195 968 1243 Alexandrinum,
998 1193 1065 1244 qui
1085 1192 1169 1231 sine
1192 1190 1312 1230 dubio
1335 1193 1371 1229 is
1399 1190 1519 1228 fuerit
1543 1202 1626 1227 cu-

182 1249 245 1288 ius
265 1249 427 1289 hortatu
450 1264 491 1288 se
507 1251 766 1302 Pachymeres
790 1251 876 1302 ipse
893 1249 1124 1301 profitetur,
1153 1248 1197 1286 in
1227 1247 1346 1285 titulo
1366 1244 1621 1298 paraphrasis

179 1317 275 1344 suae
299 1306 351 1344 ad
379 1306 561 1359 epistolas
590 1306 768 1359 Dionysii
795 1305 1072 1357 Areopagitae,
1111 1317 1212 1356 opus
1248 1303 1352 1341 illud
1388 1314 1621 1352 aggressum.
1644 1306 1675 1342 Ρ
1694 1307 1764 1342 453

179 1360 259 1400 hoc
276 1362 365 1400 ideo
388 1363 549 1412 monui,
582 1363 674 1415 quia
691 1362 807 1402 video
825 1368 1007 1400 nostrum
1029 1360 1243 1399 Antonium
1267 1358 1524 1398 Possevinum
1542 1371 1623 1409 pu-

179 1423 283 1456 tasse
308 1418 363 1456 ibi
401 1419 597 1457 nominari
631 1432 815 1471 magnum
846 1417 1100 1457 Athanasium
1112 1431 1123 1466 3
1170 1416 1218 1454 de
1252 1428 1331 1465 quo
1362 1414 1396 1452 si
1431 1420 1623 1464 ageretur,

159 1481 161 1488 '
178 1479 287 1513 recte
308 1474 460 1514 iuberet
474 1475 708 1515 Possevinus
729 1474 850 1514 deleri
876 1475 985 1512 illam
1009 1472 1305 1524 inscriptionem
1324 1477 1368 1509 ut
1384 1470 1625 1510 mendacem.

290 1544 330 1583 p.
348 1531 431 1574 314
451 1544 492 1570 v.
509 1535 549 1574 2.
607 1532 648 1570 Si
667 1531 744 1570 hoc
765 1531 895 1583 capite
916 1536 956 1568 et
973 1529 1068 1567 alibi
1095 1528 1174 1567 hoc
1191 1527 1293 1565 libro
1313 1532 1448 1565 noster
1465 1525 1626 1564 histori-

179 1597 251 1624 cus
269 1599 408 1638 parum
435 1594 659 1626 reverenter
694 1588 873 1639 loquitur
898 1587 946 1624 de
971 1584 1174 1624 monachis
1207 1583 1390 1632 Graecis,
1427 1582 1624 1621 offendere

180 1639 419 1681 catholicum
436 1642 623 1682 lectorem
641 1658 722 1682 non
741 1644 855 1682 debet
869 1673 879 1691 ‚
913 1656 1003 1680 cum
1022 1642 1050 1679 ii
1076 1641 1251 1694 plerique
1271 1638 1512 1677 schismatici
1531 1638 1623 1677 sue-

177 1698 263 1736 rint
290 1705 329 1737 et
354 1700 549 1737 Romanae
573 1700 758 1738 ecclesiae
785 1699 1000 1749 Latinoque
1036 1697 1188 1736 nomini
1214 1695 1488 1746 intensissimi,
1524 1708 1623 1746 quos

177 1754 311 1806 potius
330 1768 352 1792 a
370 1755 520 1794 Graeco
542 1762 581 1794 et
598 1755 847 1794 schismatico
866 1755 1062 1806 scriptore
1082 1759 1127 1791 ut
1153 1751 1402 1791 turbulentos
1424 1757 1463 1788 et
1484 1757 1622 1789 contu-

176 1823 306 1849 maces
327 1811 507 1863 traduci,
534 1825 609 1864 pro
635 1812 860 1851 testimonio
897 1823 1035 1849 causae
1063 1808 1307 1848 orthodoxae
1332 1809 1492 1847 favente
1519 1807 1621 1845 acci..

173 1865 363 1918 piendum
375 1873 446 1909 est.

287 1926 420 1974 p.316
430 1936 469 1963 v.
477 1921 516 1965 4.
548 1923 720 1975 Georgio
729 1922 999 1974 Acropolitae.
1027 1920 1212 1959 habemus
1229 1918 1348 1958 huius
1364 1916 1617 1956 eruditissimi

174 1978 254 2017 'viri
265 1978 466 2018 historiam
483 1985 522 2018 et
535 1979 770 2028 chronicon3
788 1979 930 2018 scimus
942 1992 991 2016 ex
1003 1977 1090 2015 aliis
1106 1976 1229 2015 multa
1244 1976 1292 2014 de
1311 1975 1392 2013 eius
1405 1974 1487 2011 vita
1500 1979 1539 2011 et
1553 1986 1615 2011 re-

173 2034 247 2073 bus
259 2035 389 2086 gestis,
403 2049 477 2074 nec
490 2042 620 2074 tamen
631 2036 783 2088 uspiam
803 2034 1026 2072 invenimus
1043 2033 1231 2071 idoneum
1249 2030 1547 2069 fundamentum
1564 2028 1613 2066 il-

173 2090 260 2128 lum
276 2090 528 2130 insimulandi
546 2091 707 2130 laxioris
726 2090 1001 2129 conscientiae.
1050 2101 1170 2140 quare
1191 2087 1371 2139 suspicor
1389 2098 1439 2122 ex
1457 2084 1546 2121 odio
1565 2083 1610 2121 in

174 2159 264 2185 eum
276 2144 613 2188 schismaticorum
629 2147 732 2186 hanc
749 2146 981 2185 calumniam
999 2151 1146 2184 natam.
1177 2156 1265 2180 cum
1285 2141 1388 2180 enim
1404 2140 1472 2178 ille
1490 2139 1610 2178 homo

172 2202 423 2254 pereruditus
442 2208 483 2240 et
505 2203 604 2241 recti
621 2216 667 2240 ac
684 2203 796 2242 liberi
816 2202 953 2240 iudicii
981 2214 1029 2239 ex
1047 2200 1215 2238 lectione
1235 2204 1393 2251 patrum
1419 2202 1612 2245 veterum,

174 2258 236 2296 uti
261 2263 301 2296 et
325 2258 474 2297 Veccus
489 2286 501 2305 ,
536 2259 758 2308 agnovisset
783 2272 939 2297 causam
971 2256 1197 2294 Latinorum
1213 2284 1224 2303 ‚
1264 2267 1361 2305 quos
1382 2251 1476 2290 -sine
1494 2265 1610 2290 causa

175 2313 239 2352 sui
255 2313 396 2353 Graeci
416 2321 699 2363 aversarentur,
728 2314 929 2353 iustiorem
948 2325 1042 2361 esse,
1067 2311 1128 2350 uti
1149 2317 1188 2349 et
1208 2309 1323 2348 fidem
1343 2308 1449 2347 circa
1469 2308 1609 2358 dogma

175 2369 225 2408 de
254 2370 294 2408 S.
318 2369 489 2422 Spiritus
516 2382 566 2408 ex
589 2376 702 2422 patre
726 2369 887 2422 filioque
915 2367 1162 2421 processione
1181 2365 1470 2413 orthodoxum,
1501 2369 1609 2402 totus

175 2438 228 2464 ex
257 2425 387 2464 animo
415 2425 598 2464 incubuit
624 2426 668 2464 in
692 2427 891 2477 negotium
917 2423 1182 2463 conficiendae
1207 2422 1315 2475 pacis
1342 2420 1608 2471 ecclesiarum,

173 2481 331 2520 fidelem
348 2481 393 2520 in
413 2495 461 2521 eo
483 2495 530 2535 ac
556 2495 637 2520 non
666 2495 806 2534 parum
836 2481 973 2520 utilem
1002 2493 1162 2532 operam
1190 2476 1417 2531 imperatori
1441 2490 1608 2516 navans.

174 2537 241 2589 qui
258 2543 298 2576 et
313 2537 357 2575 in
372 2538 538 2577 solemni
552 2538 746 2589 legatione
763 2539 811 2576 ad
832 2537 1062 2587 Gregorium
1082 2537 1123 2575 X
1141 2549 1282 2588 papam
1298 2547 1387 2573 eum
1405 2534 1509 2571 inter
1525 2545 1609 2570 sae-

173 2594 327 2632 culares
350 2593 570 2646 principem
601 2594 729 2643 misit,
766 2600 812 2632 ut
829 2592 1084 2645 Pachymeres
1112 2592 1228 2630 docet
1247 2605 1287 2644 p.
1311 2589 1394 2632 384
1410 2602 1448 2628 v·
1474 2587 1538 2636 15,
1568 2593 1609 2625 et

174 2649 342 2689 eundem
363 2663 453 2688 cum
468 2649 741 2702 expatriarcha
761 2649 955 2688 Germano
975 2661 1199 2701 comparere
1212 2648 1298 2686 vice
1317 2646 1380 2684 sui
1392 2645 1435 2683 in
1449 2643 1609 2693 Lugdu-

173 2705 287 2744 nensi
312 2707 481 2744 concilio
511 2706 660 2756 voluit,
697 2712 743 2744 ut
770 2719 822 2744 ex
851 2706 958 2744 Actis
989 2705 1071 2744 eius
1096 2703 1255 2744 concilii
1281 2714 1374 2741 sess.
1396 2700 1424 2741 4
1442 2704 1607 2737 constat.

173 2758 269 2799 hino
298 2761 482 2801 videlicet
505 2775 645 2801 exosus
667 2761 735 2800 hic
762 2761 1020 2801 schismaticis
1039 2775 1122 2801 non
1145 2761 1264 2799 modo
1284 2755 1536 2797 contumelias
1556 2754 1606 2791 ab

174 2815 243 2867 iis,
268 2817 338 2858 sed
355 2818 584 2860 vexationes
602 2818 718 2858 etiam
729 2818 985 2871 *gravissimas
1007 2824 1068 2859 est
1089 2830 1251 2872 passus,
1289 2819 1382 2868 post
1399 2810 1604 2853 Michaelis
