1884 3262
272 223 370 271 714
628 253 631 256 <
664 224 979 270 OBSERVAT.
1013 225 1356 274 PACHYMER.'

380 337 449 375 XI.
506 337 713 375 Caeterum
738 341 787 374 ut
803 333 909 374 'nihil
924 335 1065 374 merito
1084 335 1330 376 desideretur
1350 337 1402 377 ad
1420 341 1629 391 perfectam
1647 353 1717 380 eo-

268 409 358 434 rum
387 405 486 443 quae
511 393 561 430 ad
588 392 692 430 hanc
717 393 888 443 eclipsim
913 392 1114 444 pertinent
1137 393 1455 445 intelligentiam,
1490 403 1615 436 restat
1641 398 1715 435 de-

267 449 568 489 monstrandum
586 450 740 487 nullum
759 448 880 487 alium
897 448 987 486 solis
1008 449 1201 488 desectum
1218 449 1322 487 circa
1347 450 1495 490 obitum
1518 452 1716 492 Theodori

268 507 497 557 contigisse,
536 506 599 543 cui
623 505 872 556 Pachymeris
901 504 1111 558 descriptio
1131 506 1346 547 convenire
1372 508 1506 559 possit.
1562 515 1604 548 et
1635 509 1715 549 hoo

265 563 422 614 quidem
441 562 496 600 sic
517 561 823 604 demonstratur.

375 643 535 681 Certum
563 646 622 679 est
647 653 699 682 ex
722 640 871 691 legibus
898 640 1166 679 astronomicis
1185 654 1287 680 anno
1313 641 1460 681 Christi
1477 641 1604 691 1259,
1633 656 1711 694 quo

264 698 494 737 Theodorus
523 698 626 737 diem
657 697 816 746 clausit,
845 703 1067 735 extremum
1093 711 1225 736 mense
1255 698 1432 749 Augusto
1464 699 1711 738 novilunium

260 762 344 794 tam
372 755 544 793 medium
571 767 688 807 quam
716 766 856 794 verum
881 753 1083 804 contigisse
1105 761 1222 793 nocte
1241 755 1371 793 media
1391 755 1496 793 inter
1516 754 1711 795 decimum

255 825 409 851 :nonum
441 818 481 849 et
506 810 735 860 vigesimum
765 810 869 848 diem
899 811 1070 853 eiusdem
1089 811 1253 861 mensis;
1281 818 1321 850 et
1338 811 1517 863 quamvis
1534 811 1711 851 interdiu

258 869 472 915 extitisset,
502 867 722 918 eclipticum
744 872 876 905 tamen
898 879 979 904 non
999 867 1154 916 suisset,
1182 868 1273 918 quia
1292 868 1445 906 medius
1464 873 1595 906 motus
1613 868 1710 906 lati-

256 925 409 963 tudinis
438 925 554 962 lunae
584 924 677 975 sign.
699 926 725 966 3
744 923 790 962 G.
809 926 872 965 17.
893 926 959 966 36.
978 924 1044 966 51.
1063 923 1281 975 longissime
1300 925 1489 964 terminos
1510 923 1708 976 eclipticus

255 987 455 1033 praetergl
458 981 599 1019 editur.

371 1058 531 1097 Constat
557 1071 712 1110 quoque
740 1058 853 1096 iuxta
871 1057 1024 1096 easdem
1042 1058 1142 1110 leges
1163 1058 1269 1099 aliud
1288 1058 1537 1098 novilunium
1554 1059 1705 1115 ecliptss
1718 1103 1727 1108 Α,

256 1129 348 1154 cum
376 1116 513 1153 eodem
539 1128 641 1153 anno
674 1120 765 1153 ante
800 1127 970 1152 mensem
998 1113 1215 1165 Augustum
1246 1121 1286 1153 et
1314 1115 1509 1154 Theodori
1536 1122 1710 1159 mortem

253 1172 410 1211 nullum
435 1171 610 1209 extitisse
628 1177 903 1222 praeterquam
920 1171 961 1208 in
979 1183 1110 1209 mense
1126 1170 1251 1223 Aprili
1270 1171 1333 1213 die
1345 1175 1419 1221 23,
1448 1171 1576 1210 medio
1590 1178 1705 1212 motu

253 1228 476 1266 latitudinis
502 1227 618 1265 lunae
656 1229 695 1268 S.
723 1230 761 1268 Ο.
801 1227 847 1265 G.
878 1227 945 1268 15.
971 1226 1010 1267 4.
1038 1230 1105 1271 22.
1142 1227 1248 1264 intra
1277 1227 1465 1270 terminos
1490 1226 1703 1280 possibiles.

254 1285 362 1334 quod
394 1284 511 1321 etiam
542 1283 632 1334 quia
658 1283 820 1320 Nicaeae
848 1282 964 1333 paulo
986 1288 1077 1320 ante
1094 1282 1264 1320 mediam
1285 1289 1442 1329 noctem
1463 1285 1703 1323 celebratum

252 1347 330 1389 est,
370 1340 461 1382 solis
494 1339 690 1377 desectum
713 1339 903 1378 visibilem
930 1351 1012 1376 non
1036 1338 1227 1377 exhibuit.
1287 1339 1540 1390 quamobrem
1569 1341 1703 1379 nullus

251 1410 296 1435 eo
317 1410 419 1437 anno
439 1396 529 1434 solis
552 1395 726 1434 desectus
747 1401 863 1446 aptus
880 1395 957 1433 suit
975 1395 1026 1433 ad
1045 1394 1335 1446 significandam
1353 1402 1424 1439 aut
1442 1396 1702 1435 nuntiandam

248 1452 449 1493 Theodori
467 1459 655 1491 mortem:
683 1452 810 1490 multo
832 1452 979 1499 minus,
1009 1451 1042 1490 si
1062 1452 1147 1501 quis
1167 1452 1372 1504 contigerit
1392 1453 1504 1490 annis
1519 1453 1699 1506 superio-

245 1510 375 1557 ribus,
405 1509 479 1547 nisi
501 1508 534 1546 is
559 1509 768 1547 dumtaxat
785 1508 854 1558 qui
871 1508 913 1546 in
934 1507 1046 1546 aditu
1061 1509 1142 1547 eius
1157 1508 1310 1560 imperii
1329 1522 1352 1546 a
1371 1508 1608 1560 Pachymere
1634 1523 1698 1550 as-

246 1572 426 1617 sumptus
449 1571 489 1603 et
509 1570 591 1603 tam
618 1564 840 1603 horrendus
866 1563 1090 1615 designatus
1105 1571 1185 1614 est,
1215 1565 1282 1616 qui
1308 1570 1348 1603 et
1366 1578 1389 1602 a
1407 1565 1518 1604 nobis
1534 1565 1599 1603 hic
1617 1566 1699 1604 suis

243 1623 360 1660 certis
399 1621 692 1666 characteribus
729 1621 935 1673 insignitus
964 1626 1005 1660 et
1036 1620 1088 1661 ad
1112 1620 1233 1661 finem
1263 1621 1354 1660 anni
1379 1627 1471 1674 post
1496 1621 1696 1662 Christum

242 1679 351 1723 1255
368 1679 534 1731 positus.

353 1746 417 1785 Ad
445 1747 555 1788 cuius
582 1745 853 1796 chronologiae
881 1744 1216 1784 confirmationem
1251 1751 1343 1785 tuto
1366 1746 1505 1784 referri
1529 1751 1694 1798 possunt

243 1803 339 1841 aliae
366 1803 466 1841 duae
497 1803 603 1854 apud
625 1802 890 1853 Nicephorum
907 1803 1117 1853 Gregoram
1135 1802 1160 1840 l.
1178 1804 1204 1843 9
1222 1801 1325 1844 Hist.
1344 1815 1376 1840 c.
1394 1803 1535 1840 ultimo
1555 1802 1706 1841 obser-

238 1857 355 1896 >vatae
383 1860 540 1911 eclipses
570 1859 672 1896 circa
696 1864 863 1896 mortem
890 1858 1105 1897 Andronici
1134 1858 1324 1907 Senioris,
1354 1859 1478 1897 altera
1505 1858 1621 1896 lunae
1643 1871 1691 1897 eo

241 1915 326 1965 ipso
349 1914 412 1952 die
436 1929 514 1965 quo
540 1927 630 1952 eum
656 1915 759 1957 mori
780 1914 963 1965 contigit,
994 1917 1046 1955 12
1063 1913 1268 1952 Februarii
1288 1928 1392 1954 anno
1411 1914 1556 1953 Christi
1570 1917 1690 1966 1332,

243 1971 362 2008 altera
389 1971 502 2020 solis,
531 1983 630 2021 quae
646 1975 708 2012 tot
727 1970 863 2008 diebus
881 1975 1049 2008 mortem
1068 1970 1312 2022 imperatoris
1334 1971 1563 2021 praecessit,
1591 1976 1691 2035 quot

240 2028 323 2099 ipse
347 2028 458 2065 annis
486 2027 528 2065 in
549 2027 650 2066 vivis
667 2027 807 2065 fumat.
862 2024 1128 2093 ἐπισκότησις,
1157 2026 1302 2078 inquit,
1330 2024 1477 2095 ηλιακῆ
1495 2022 1688 2074 τοσαύτας

239 2083 390 2150 ’ἡμέρας
406 2086 670 2149 προειληφυῖα
688 2099 763 2135 την
782 2077 907 2123 αὐτου
924 2077 1128 2134 τελευτήν,
1160 2079 1236 2123 ὅσοι
1255 2080 1323 2122 καὶ
1342 2098 1460 2131 αυτος
1478 2084 1532 2135 ἠν
1549 2081 1617 2134 ἔτη
1636 2098 1685 2122 τα

237 2136 370 2184 πάντα
398 2136 615 2192 βεβιωκώς.
673 2139 753 2178 dies
785 2138 1016 2190 agnoscendi
1043 2143 1135 2176 sunt
1164 2139 1240 2181 74:
1269 2138 1435 2177 totidem
1465 2138 1567 2177 enim
1598 2138 1686 2176 An-

238 2196 424 2234 dronicus
454 2209 576 2234 annos
600 2195 718 2245 vixit,
748 2196 816 2246 qui
844 2197 898 2237 60
925 2196 1006 2234 fere
1033 2194 1227 2246 reg-navit.
1281 2194 1528 2247 septuaginta
1552 2200 1686 2235 autem

236 2257 276 2288 et
306 2258 477 2303 quatuor
503 2252 584 2290 dies
610 2252 714 2290 inter
739 2252 822 2290 illas
845 2252 1004 2303 eclipses
1022 2253 1345 2290 intercesserunt:
1373 2265 1466 2290 nam
1483 2250 1574 2290 solis
1591 2251 1683 2302 qui-

234 2308 324 2345 dem
356 2310 458 2347 sacta
487 2314 544 2346 est
575 2311 629 2350 30
657 2308 720 2346 die
742 2309 973 2347 Novembris
992 2321 1094 2346 anno
1113 2307 1258 2346 Christi
1278 2310 1382 2350 1331
1403 2308 1445 2346 in
1462 2307 1682 2356 novilunio,

234 2364 343 2415 quod
367 2371 464 2403 tunc
487 2364 639 2413 extitit,
670 2365 787 2403 lunae
810 2378 907 2404 vero
933 2365 976 2402 in
1002 2364 1239 2416 plenilunio,
1265 2364 1373 2414 quod
1394 2363 1555 2414 contigit
1575 2377 1680 2402 anno

232 2427 418 2470 sequente
449 2425 502 2463 12
528 2421 741 2459 Februarii.
799 2427 839 2460 et
862 2421 919 2459 ita
945 2433 1009 2458 eas
1023 2420 1180 2459 tabulae
1193 2425 1350 2460 nostrae
1367 2425 1675 2472 repraesentant.

229 2482 269 2514 et
286 2477 474 2516 Calvisius
491 2478 533 2515 in
553 2477 812 2528 Chronologia
828 2491 930 2516 anno
952 2476 1098 2516 Christi
1111 2480 1214 2520 1331
1234 2482 1274 2515 et
1289 2479 1396 2519 1332
1413 2476 1585 2529 priorem
1602 2476 1694 2514 obv-⁷

227 2538 362 2572 'servat
388 2536 442 2575 30
468 2533 698 2572 Novembris
726 2534 790 2572 die
813 2535 909 2572 sesto
940 2536 979 2574 S.
997 2533 1196 2583 Andreae,
1225 2539 1264 2571 et
1277 2539 1369 2584 post
1385 2532 1466 2571 dies
1485 2532 1541 2576 74
1559 2545 1676 2571 secu-

229 2595 313 2626 tam
343 2589 398 2627 ait
418 2587 634 2628 Andronici
650 2597 818 2629 mortem
838 2590 900 2629 die
918 2594 971 2633 12
984 2590 1209 2639 Februarii,
1236 2589 1346 2628 nulla
1361 2589 1558 2628 mentione
1577 2588 1672 2626 ecli-

229 2645 309 2696 psis
333 2646 450 2684 lunae
474 2645 629 2694 habita,
662 2659 751 2684 cum
770 2653 903 2685 tamen
921 2646 1184 2699 Nicephorum
1203 2652 1403 2685 auctorem
1420 2645 1575 2693 laudet,
1603 2643 1671 2694 qui

230 2702 437 2752 utriusque
469 2701 611 2740 diserte
637 2703 814 2742 meminit
834 2709 874 2742 et
890 2709 1098 2754 utramque
1124 2702 1239 2755 ponit
1255 2702 1359 2741 inter
1374 2701 1482 2754 signa
1499 2705 1670 2739 mortem

230 2757 477 2809 imperatoris
500 2757 690 2798 divinitus
718 2760 1055 2809 praenuntiantia,
1084 2773 1174 2798 cum
1197 2759 1253 2797 ait
1275 2761 1508 2812 προσημεῖαι
1527 2755 1670 2797 πολλαὶ

229 2811 547 2867 προεμήνυσαν,
567 2827 648 2865 quo
676 2813 852 2854 similiter
883 2817 1003 2854 modo
1033 2815 1289 2867 Pachymeres
1315 2813 1442 2854 voluit
1471 2812 1668 2851 defectum

230 2869 319 2908 solis
343 2883 365 2908 a
394 2883 434 2909 se
458 2870 714 2925 descriptum,
744 2875 785 2910 et
809 2884 832 2910 a
858 2870 971 2911 nobis
995 2872 1187 2914 affixum
1174 2885 1219 2915 m
1238 2870 1372 2910 aditu
1360 2869 1514 2922 unperii
1534 2869 1666 2909 Theo*
