1846 3262
439 209 516 251 DE
554 208 833 252 MICHAELE
871 208 1251 253 PALAEOLOGO
1285 210 1333 253 L.
1371 209 1427 252 H.
1569 209 1666 255 129

186 326 329 380 σφῶν,
364 324 434 366 καὶ
465 327 627 378 μᾶλλον
656 327 732 377 τῆς
760 322 965 379 Εὖλογιάς
994 324 1176 380 (θατέρα
1205 323 1285 379 γὰρ
1307 324 1398 379 περὶ
1423 322 1476 366 τὰ
1494 327 1666 367 πλεῖστα

185 389 479 449 μαλακώτερον
500 390 620 448 εἶχεν)
635 425 647 442 ,
684 390 904 436 ἰδιωτεύειν
922 391 994 434 τὸν
1011 390 1203 448 Ἰωάννην
1226 393 1400 449 αἱροΐτο.

326 459 405 506 24.
479 465 718 517 Τηνικαῦτα
735 463 802 504 καὶ
821 465 904 504 τῶν
926 458 1143 517 Τοχιὶρων,
1182 459 1297 516 οῧςῆ
1321 461 1434 516 κοινὴ
1447 458 1661 516 Ἀταρίους
1684 469 1716 504 Ε

187 531 287 586 λέγει
309 528 538 585 συνήθεια,
577 532 693 585 δίκην
718 527 1033 587 συρρευσάντων
1062 527 1289 586 χειμάρρου
1321 529 1427 573 κατὰ
1459 531 1667 587 Περσίδος

153 597 209 643 56
229 600 305 653 μὲν
327 602 538 657 Χαλυφᾶς
552 606 723 655 χρυσοῖς
743 598 850 655 παρ’
870 600 1029 642 ἐκείνων
1050 596 1337 653 ’ψωμιζόμενος
1364 596 1551 642 ἐτελεύτα
1561 630 1575 651 ,
1614 599 1664 642 οὐ

185 672 345 722 μᾶλλον
365 669 471 711 κατὰ
489 673 630 723 χρείαν
655 667 857 724 σφαγῆςῆ
881 667 988 710 κατὰ
1002 665 1180 722 χλεύην,
1217 666 1274 717 ὠς
1293 667 1384 718 ἐξὸν
1415 667 1488 710 τὸν
1508 668 1663 725 χρυσὸν

186 738 332 791 ἐκχέειν
352 740 420 780 καὶ
440 742 555 780 νικᾶν
576 737 648 780 τὸν
668 735 823 791 ἐχθρόν
834 770 848 790 ,
886 735 907 780 ὅ
929 736 976 779 δ’
997 734 1137 792 ἠγάπα
1156 737 1281 780 πλέον
1298 737 1422 779 ἐκεῖνο
1444 734 1470 791 ἢ
1498 734 1659 790 ἔαυτόν,

187 804 243 856 ὥς
269 807 335 848 καὶ
355 803 705 862 χρυσοτραγήσων
728 805 934 860 ἄντικρυς.
1006 807 1074 848 καὶ
1108 804 1129 849 ὃ
1158 806 1234 860 μὲν
1257 803 1367 848 οὕτω
1388 804 1483 848 κατ’
1513 807 1662 849 οῗκείαν
1684 817 1713 851 Ρ
1737 818 1783 853 84

187 876 319 929 κρίσιν
342 877 473 928 δῆθεν
497 876 675 930 ἐπνίγετο
684 907 698 927 ,
735 875 790 918 τοὶ
823 876 868 918 δὲ
897 879 971 930 τῆς
996 876 1206 931 Περσίδος
1237 874 1318 930 ἤδη
1342 873 1470 917 ἐνόσει
1490 877 1559 917 καὶ
1585 893 1662 918 κα-

133 952 177 987 10
191 948 272 993 κῶς
290 941 413 998 εἶχεν,
453 942 509 993 ὥς
533 945 639 999 μηδὲ
668 945 762 999 δίχα
787 942 925 1001 φόβου
958 945 1024 986 καὶ
1043 943 1172 987 αὐτὸν
1192 943 1264 986 τὸν
1284 943 1465 986 σουλτάν
1478 942 1666 999 Ἀζατίην

187 1013 354 1056 ἐᾶσθαι.
425 1011 727 1068 κατωρρώδουν
748 1013 827 1069 γὰρ
846 1013 893 1055 τὸ
913 1012 1037 1063 ἔθνος
1057 1013 1098 1056 οἳ
1120 1012 1286 1069 Πέρσαι
1304 1014 1372 1055 καὶ
1391 1013 1662 1068 κατημέλουν,

189 1082 402 1135 ζητοῦντες
423 1081 530 1124 καθ’
553 1080 680 1125 αὑτὸν
702 1080 758 1133 ὥς
778 1081 880 1137 εἶχεν
901 1082 1072 1132 ἕκαστος
1091 1086 1165 1125 τοῦ
1185 1079 1407 1134 σώζεσθαι.
1470 1083 1538 1124 καὶ
1557 1083 1664 1126 κατὰ

186 1150 262 1205 τὴν
277 1149 408 1206 ἀρχὴν
428 1151 473 1193 δὲ
488 1150 541 1193 τὰ
555 1156 630 1205 τῆς
638 1153 848 1206 Περσίδος
863 1152 1148 1204 ε’κλυδωνίζετο
1167 1155 1251 1194 τῶν
1272 1155 1500 1207 σατραπῶν
1521 1151 1664 1194 ἐπανι-

187 1220 424 1273 σταμένων,
457 1218 561 1263 ὥστε
592 1222 660 1262 καὶ
684 1218 758 1264 δύο
783 1225 867 1263 τῶν
893 1218 1148 1276 μεγῖστᾶνων
1177 1219 1335 1263 ἐκεῖθεν
1367 1225 1662 1278 προσχωρῆσαι

133 1295 176 1331 15
190 1292 247 1346 τῷ
267 1292 451 1342 βασιλεῖ’,
487 1292 563 1332 τοῦ
592 1287 771 1332 σουλτάν
783 1322 796 1342 ,
836 1287 891 1339 ὥς
919 1293 1127 1343 βλακικῶς
1155 1291 1265 1345 διῆγε
1284 1291 1352 1331 καὶ
1375 1288 1471 1332 κατ’
1495 1288 1664 1345 ἰδιώτην

187 1355 444 1410 ἀκόλαστον,
491 1358 535 1400 ἐκ
572 1362 648 1400 τοῦ
681 1360 899 1413 προχείρου
927 1350 1212 1413 ὕπεριδόντας.
1291 1358 1330 1400 οἱ
1369 1360 1585 1401 Βασιλικοὶ
1611 1359 1655 1400 δ’
1682 1365 1712 1400 Β

188 1420 302 1468 οὗτοι
332 1422 438 1481 ἦσαν
450 1459 463 1478 ,
500 1425 646 1482 ἄνδρες
669 1428 712 1469 ἐκ
730 1425 874 1469 Ῥόδου
892 1427 966 1480 μὲν
990 1426 1191 1469 ἀνέκαθεν
1216 1425 1345 1478 ὄντες,
1375 1427 1419 1468 ἐκ
1438 1430 1665 1482 θυμελικῆς

188 1494 232 1536 δ’
268 1492 563 1547 ἐπιτηδεύσεως
591 1499 651 1553 τῷ
681 1495 861 1538 σουλτιὶν
886 1495 1261 1553 προσῳκειωμένοι,
1298 1494 1347 1538 οὔ
1378 1494 1532 1550 μὴνδὲ
1555 1495 1661 1539 ἀλλὰ

189 1564 257 1605 καὶ
290 1561 346 1613 ὥς
379 1558 422 1605 εὖ
453 1562 612 1618 ἔχοντες
640 1568 716 1606 τοῦ
757 1570 923 1619 φρονεῖν
959 1563 1012 1606 τὰ
1036 1568 1187 1625 πρῶτα
1214 1565 1410 1621 φέροντες
1434 1564 1476 1606 ἐν
1507 1565 1658 1623 ἐκείνῳ,

132 1633 178 1667 20
186 1629 383 1688 βρύοντες
401 1632 446 1674 δὲ
465 1633 532 1674 καὶ
546 1636 689 1690 χρυσῷ
708 1636 861 1691 πολλῷ,
899 1630 998 1681 ὅσος
1015 1627 1065 1687 ἦν
1087 1634 1129 1675 ἐν
1150 1630 1363 1687 ἐκπώμασι
1383 1633 1451 1674 καὶ
1469 1630 1566 1682 ὅσος
1584 1651 1662 1676 κα·
1725 1654 1729 1659 ·

187 1700 473 1759 τειργασμένος
492 1702 548 1750 εἷς
570 1701 816 1758 Χαλυφικόν
841 1698 1038 1755 νόμισμα.
1097 1699 1145 1743 τὸ
1170 1701 1215 1744 δὲ
1235 1705 1319 1744 τῶν
1335 1698 1499 1757 βήλων,
1532 1701 1590 1745 ἔτι
1615 1703 1661 1745 δὲ

187 1833 300 1870 stione
321 1832 483 1868 inductus
498 1857 510 1875 ,
532 1832 676 1867 maxime
697 1836 810 1868 autem
833 1832 1000 1878 Eulogiae
1023 1832 1078 1879 (iu
1100 1833 1188 1868 hanc
1211 1833 1299 1869 enim
1324 1832 1487 1868 teneriori
1508 1835 1582 1868 fere
1605 1834 1659 1869 vi-

187 1881 335 1915 debatur
372 1879 584 1925 propendere
614 1879 783 1925 affectu),
819 1880 978 1925 redigere
1006 1879 1040 1914 in
1074 1880 1228 1915 ordinem
1251 1883 1287 1916 et
1308 1879 1498 1927 insignibus
1521 1881 1657 1927 imperii

187 1937 315 1963 exuere
336 1925 495 1960 Ioannem
517 1925 692 1960 statuisse.

279 1973 335 2008 24.
383 1972 484 2006 Tunc
505 1971 674 2006 Tocharis
688 1997 698 2011 ,
722 1982 807 2018 quos
831 1971 970 2006 Atarios
993 1973 1116 2018 vulgus
1139 1971 1227 2007 solet
1249 1982 1374 2006 vocare
1387 1998 1399 2015 ,
1421 1971 1458 2006 in
1480 1971 1657 2008 Persidem

185 2018 351 2053 torrentis
374 2018 442 2052 ritu
470 2017 719 2052 confluentibus
743 2018 940 2064 Chalypbas
969 2029 1053 2052 auro
1075 2018 1262 2064 liquefacto
1288 2017 1324 2052 in
1348 2029 1386 2053 os
1409 2018 1521 2054 infuso
1546 2018 1655 2053 iuter·

186 2070 320 2110 emptus
343 2065 387 2098 ab
411 2063 479 2098 illis
502 2068 578 2106 est,
612 2076 678 2098 non
701 2069 771 2098 tam
795 2064 885 2110 quod
909 2076 975 2098 non
998 2064 1101 2099 alium
1124 2064 1368 2109 expeditiorem
1391 2065 1560 2100 habereut
1581 2065 1657 2099 eius

184 2111 325 2146 tollendi
355 2111 488 2144 modum
505 2135 516 2151 ‚
551 2122 651 2156 quam
682 2110 716 2144 in
747 2110 1041 2156 exprobrationem
1080 2122 1206 2145 caecae
1238 2110 1347 2156 ipsius
1381 2110 1572 2154 avaritiae,
1596 2111 1656 2156 qui

186 2168 263 2191 cum
297 2155 398 2190 facile
427 2155 595 2201 potuisset
626 2167 743 2190 aurum
775 2156 978 2191 effundendo
1009 2157 1124 2191 hostes
1158 2156 1322 2199 vincere,
1371 2157 1539 2192 maluerat
1570 2168 1655 2191 auro

185 2213 331 2248 parcere
353 2213 454 2247 quam
475 2202 570 2236 vitae
593 2214 635 2237 ac
657 2202 759 2237 saluti
783 2203 944 2249 propriae
966 2203 1184 2248 prospicere,
1209 2202 1282 2237 iure
1305 2203 1349 2237 ab
1370 2203 1428 2237 illo
1452 2202 1543 2248 quod
1567 2202 1666 2237 adeo.

187 2249 323 2292 perdite
354 2249 573 2282 deamaverat
603 2248 740 2283 metallo
771 2251 938 2293 tragicum
970 2248 1096 2283 exitum
1135 2254 1267 2283 nactus.
1314 2252 1350 2283 et
1380 2247 1435 2282 hic
1458 2247 1594 2294 quidem
1616 2248 1654 2283 in
1708 2257 1710 2259 ’

187 2294 277 2328 hunc
303 2293 436 2328 modum
459 2297 590 2328 statuta
614 2294 680 2338 ipsi
704 2295 842 2340 proprie
876 2307 897 2329 a
928 2294 1040 2329 divino
1069 2294 1194 2329 iudicio
1226 2306 1336 2340 poena
1367 2293 1558 2329 suffocatus
1587 2301 1654 2337 est,

186 2351 244 2374 res
267 2351 349 2374 vero
371 2339 522 2373 Persidis
549 2341 702 2384 graviter
722 2342 927 2376 laborabant
944 2341 1041 2375 malis
1058 2347 1094 2376 et
1109 2340 1268 2386 periculis
1290 2340 1420 2385 magnis
1439 2340 1652 2385 urgentibus,

187 2397 277 2432 quae
307 2397 371 2419 nec
405 2385 513 2430 ipsum
548 2387 722 2421 Sultanem
758 2388 934 2422 Azatinem
965 2391 1055 2422 metu
1082 2398 1223 2421 vacuum
1246 2386 1417 2422 sinebant.
1465 2387 1651 2422 horrebant

187 2432 275 2466 enim
297 2432 428 2466 Persae
450 2431 666 2466 vehementer
689 2436 823 2477 gentem
843 2433 953 2476 illam,
985 2437 1023 2467 et
1043 2433 1140 2479 quasi
1163 2432 1348 2479 desperato
1369 2432 1550 2468 resistendi
1573 2444 1652 2468 suc-

187 2489 286 2512 cessu
317 2478 528 2522 negligentes
563 2477 598 2511 in
635 2490 806 2513 commune
838 2480 1014 2513 consulere
1046 2479 1213 2525 privatam
1250 2478 1340 2523 sibi,
1369 2482 1476 2533 prout
1506 2478 1653 2526 quisque

186 2527 326 2569 poterat
341 2549 351 2565 ‚
382 2523 562 2558 nundinari
585 2524 729 2558 salutem
751 2524 836 2559 satis
859 2525 1055 2567 habebant,
1086 2525 1188 2559 etiam
1212 2524 1347 2559 aliunde
1368 2525 1512 2571 lmperio
1534 2525 1652 2561 Persi-

186 2570 239 2604 dis
261 2573 404 2604 nutante
419 2596 428 2611 ,
466 2569 718 2614 insurgentibus
748 2570 875 2617 passim
903 2576 939 2605 et
960 2582 1016 2606 res
1046 2571 1124 2605 aliis
1161 2570 1229 2605 alio
1253 2571 1467 2606 trahentibus
1488 2571 1651 2617 satrapis,

187 2616 274 2650 adeo
302 2618 342 2651 ut
370 2627 413 2650 ex
444 2615 666 2662 optimatibus
697 2617 764 2651 duo
794 2616 961 2651 inincmd
999 2616 1238 2662 imperatorem
1272 2617 1499 2660 accederent,
1531 2621 1649 2664 spreto

187 2662 330 2696 Sultaue
353 2664 391 2696 ut
414 2662 547 2696 bomine
561 2663 662 2697 inerti
680 2662 831 2697 desidiae
853 2662 967 2698 dedito
992 2668 1028 2697 et
1043 2663 1176 2698 omissis
1198 2662 1411 2710 principatus
1434 2664 1536 2706 curis,
1560 2667 1649 2698 tam-

188 2719 289 2752 quam
311 2707 340 2742 si
362 2707 520 2753 privatus
542 2708 708 2754 quispiam
731 2719 837 2754 nepos
860 2714 974 2753 esset,
996 2709 1169 2744 luxuriose
1191 2720 1233 2744 ac
1255 2709 1399 2744 molliter
1420 2709 1572 2744 vivente.
1607 2708 1648 2748 hi

186 2752 327 2788 Basilici
351 2755 591 2797 vocabantur,
622 2755 754 2789 oriundi
784 2766 827 2789 ex
859 2755 1001 2797 Rhodo,
1033 2752 1156 2801 lyrices
1187 2755 1264 2790 olim
1293 2767 1335 2789 ac
1357 2755 1474 2790 fidium
1497 2754 1648 2791 artificio

186 2797 228 2833 in.
242 2799 395 2834 Sultanis
417 2800 562 2845 gratiam
585 2800 744 2835 insinuati
758 2826 769 2843 ,
800 2800 921 2836 deinde
953 2801 1043 2848 quod
1065 2801 1207 2837 consilio
1229 2801 1479 2848 prudentiaque
1501 2801 1649 2836 excelle-

187 2849 285 2886 rent,
306 2846 351 2880 ab
375 2858 416 2880 eo
437 2847 471 2880 in
494 2845 613 2892 primis
633 2846 849 2882 familiarium
870 2847 952 2884 culti
966 2872 978 2891 ,
999 2847 1099 2883 iidem
1120 2847 1328 2894 praedivites
1357 2859 1443 2883 auro
1464 2847 1569 2883 multo
1593 2846 1648 2882 vel

243 2897 420 2944 Georgius
447 2899 675 2944 Pachymeres
704 2900 734 2936 I.
1342 2898 1370 2937 9
1638 2928 1660 2943 ,ι
