1884 3262
416 201 491 243 DE
525 199 798 243 MICHAELE
830 197 1200 243 PALAEOLOGO
1232 199 1279 242 L.
1309 199 1365 243 V.
1517 197 1615 243 397

169 334 230 359 νοι
256 314 333 371 γὰρ
359 310 741 370 μικροψυχῆσαντες
772 312 840 355 διὰ
868 312 938 357 τὸν
968 313 1171 365 κίνδυνον,
1209 313 1276 355 καὶ
1302 315 1354 368 τῇ
1379 313 1482 371 ξηρᾷ
1500 309 1616 366 ἐγγύς

169 383 273 442 οὔσῃ
302 383 525 434 ἐλπίζοντες
550 379 822 436 σωθήσεσθαι
857 383 892 424 εἲ
919 382 1046 434 λιμένι
1073 378 1272 435 ἐντύχοιεν
1281 412 1294 432 ,
1338 379 1413 434 τὴν
1439 383 1513 434 γῆν
1541 379 1615 433 μὲν

170 448 450 508 ἓφυλάσσοντο
474 450 544 492 τὸν
565 449 644 492 ἀπὸ
663 447 814 503 ταύτης
836 446 1009 498 δεδιότες
1028 450 1226 500 κίνδυνον,
1254 447 1357 503 πλὴν
1374 447 1410 490 δ’
1433 446 1520 489 ἀλλ’
1544 446 1615 489 οὖ·-

171 521 216 562 δὲ
231 516 350 567 πάλιν
369 523 425 576 τῷ
443 516 600 574 πελάγει
619 519 836 560 ἐπίστευον.
903 515 1002 571 ὅθεν
1020 516 1210 561 καὶκατὰ
1226 517 1369 572 μικρὸν
1393 520 1466 570 τῆς
1482 519 1614 571 φορᾶς
1635 520 1667 554 D

137 591 253 632 5τῶν
291 585 481 640 κυμάτων
512 584 745 641 ἡττωμένου
775 587 850 627 τοῦ
885 582 1132 639 κυβερνήτου
1165 584 1334 640 ἀφανῶς
1360 591 1450 632 ταῖς
1477 583 1618 633 ἀκταῖς

168 656 442 712 προσπαιόυσι
454 684 467 706 ,
499 655 563 696 καὶ
587 652 716 703 οὕτως
736 649 914 710 αὖτόνεῳ
934 650 1229 703 καταδύονται,
1261 654 1375 707 δῶρα
1392 652 1518 693 ε’κεΐνα
1537 657 1618 703 βα-

170 723 302 767 σιλικὰ
322 725 388 766 καὶ
409 721 482 777 τὴν
501 726 574 777 τῆς
591 721 802 776 ἐκκλησίας
829 717 1051 774 πολύτιμον
1081 719 1250 774 ἔνδυτὴν
1280 719 1419 768 αὐτοῖς
1447 717 1619 773 ἀνδράσι

169 788 570 848 συγκαταδύσαντες,
602 787 690 839 ἑνὸς
720 790 787 832 καὶ
816 786 945 842 μόνου
977 788 1274 840 διασωθέντος,
1313 787 1358 837 ὃς
1379 787 1428 843 δὴ
1450 789 1516 829 καὶ
1545 786 1620 842 ἄγ-

170 864 285 916 γελος
303 856 467 915 ἐγεγόνει
483 862 557 912 τῆς
574 861 804 914 συμφορᾶς.
873 858 939 899 καὶ
962 855 1070 899 οὕτω
1082 857 1156 910 μὲν
1175 857 1214 899 οἱ
1233 856 1338 912 ἀμφὶ
1355 856 1453 904 τούς
1471 854 1620 910 ἄρχον·-

118 938 162 972 10
173 945 246 978 τας
272 923 568 978 ἐξαπολωλότες
595 925 854 981 ἠγγέλλοντο·
886 925 924 967 οἳ
945 926 990 967 δὲ
1010 927 1098 980 περὶ
1116 924 1211 974 τούς
1225 928 1298 978 τῆς
1317 924 1529 978 ἐκκλησίας
1549 925 1614 965 καὶ
1639 929 1670 963 E:

170 996 242 1039 τὸν
258 995 385 1051 μέγαν
403 994 624 1051 λογοθέτην
642 993 716 1047 τὴν
735 991 861 1036 νύκτα
880 997 1018 1034 πᾶσαν
1040 989 1142 1047 πρός
1158 1009 1201 1035 τε
1220 996 1329 1045 κῦμα
1353 991 1454 1047 πρός
1474 1008 1517 1034 τε
1535 989 1622 1033 θά-

170 1069 330 1107 λασσαν
347 1064 736 1116 διαναυμαχοῦντες,
767 1063 834 1103 καὶ
855 1058 1047 1110 πολλάκις
1065 1060 1178 1115 ἐγγύς
1193 1057 1383 1110 ἐλθόντες
1401 1063 1475 1102 τοῦ
1493 1077 1623 1102 κατα-

172 1134 290 1174 δῦναι
303 1163 316 1183 ,
350 1128 467 1184 μόλις
488 1131 554 1171 καὶ
576 1129 650 1172 σὺν
670 1133 800 1185 πολλῇ
819 1131 892 1188 βίᾳ
909 1126 1222 1184 ὖπαυγαζούσης
1238 1127 1392 1183 ἡμέρας
1409 1127 1509 1180 πρὸς
1526 1122 1622 1170 Me·
1661 1143 1663 1146 ⁴

171 1197 317 1254 θώνην,
333 1200 535 1255 γίνονται,
570 1195 685 1253 μόγις
717 1195 968 1253 ἀποδράντες
991 1196 1093 1252 παρ’
1119 1198 1263 1240 ἐλπίδα
1281 1201 1416 1238 πᾶσαν
1439 1196 1509 1238 τὸν
1528 1197 1622 1252 ε’φε-

118 1277 161 1313 15
173 1271 310 1310 στῶτα
330 1268 526 1309 κίνδυνον.
595 1267 717 1308 ἐκεῖσε
740 1268 765 1308 δ
772 1265 784 1281 ²
808 1265 1023 1315 ἀνέσαντες
1041 1263 1194 1320 ἡμέρας
1214 1266 1374 1314 πλείους
1396 1264 1466 1320 ἐφ’
1489 1258 1523 1323 ᾧ
1538 1282 1623 1318 μα-

171 1340 263 1378 θεῖν
285 1334 337 1377 τὰ
358 1339 431 1389 τῆς
453 1333 579 1390 ἄλλης
603 1332 795 1390 τριήρεως
820 1333 860 1376 εἶ’
877 1351 955 1376 που
974 1338 1048 1376 τοῦ
1069 1331 1275 1383 κλύδωνος
1295 1332 1542 1388 διαγένοιτο,
1579 1334 1622 1375 ἐν
1645 1339 1674 1373 Ρ
1698 1341 1764 1374 270

173 1401 322 1459 εῗδήσει
352 1404 530 1458 γίνονται
558 1406 631 1456 τῆς
659 1407 805 1457 πικρᾶς
837 1400 1020 1457 ἀγγελίας
1046 1401 1138 1455 μετ’
1163 1401 1211 1444 οὗ
1237 1398 1355 1448 πολύ.
1425 1401 1471 1443 οἳ
1489 1401 1540 1454 δὴ
1560 1403 1627 1443 καὶ

172 1469 291 1525 μόνοι
310 1470 564 1527 λειφθέντες,
603 1471 685 1513 ἐπεὶ
702 1470 776 1513 οὐκ
795 1465 1130 1526 ἦν.ὖποστρέφειν
1141 1502 1154 1522 ,
1192 1476 1277 1519 τοῖς
1296 1466 1437 1526 πρόσω
1458 1470 1627 1523 ἐπιβαλ-

175 1537 335 1593 λόμενοι
355 1538 456 1594 πρὸς
477 1538 551 1593 τὴν
566 1536 725 1594 Ῥώμην
749 1538 961 1581 ἀπέπλεον.
1029 1539 1096 1579 καὶ
1117 1537 1174 1579 δι’
1203 1537 1345 1593 ὀλίγων
1368 1535 1528 1592 ἡμερῶν
1553 1555 1629 1580 κα-

118 1620 165 1654 20
178 1604 423 1661 ταλαβόντες
457 1607 529 1648 τὸν
561 1603 702 1649 πάπαν
739 1606 792 1648 τὰ
825 1611 898 1662 τῆς
932 1606 1147 1661 πρεσβείας
1178 1604 1402 1662 ἐπλήρουν,
1446 1605 1630 1660 ἀσμένως

174 1673 476 1729 ὑποδεξαμένου
503 1679 576 1717 τοῦ
604 1673 720 1718 πάντα
749 1674 847 1724 τούς
875 1675 1083 1732 πρέσβεις,
1118 1672 1221 1717 ὥστε
1243 1676 1309 1717 καὶ
1333 1678 1500 1729 τιμῆσαι
1519 1678 1630 1732 σφᾶς

266 1806 323 1841 19.
346 1803 385 1842 δ’
407 1803 530 1851 ὀλίγον
549 1806 589 1840 Ρ.

173 1918 259 1954 sellit
289 1918 394 1953 stulta
427 1919 701 1965 pusillanimitate
725 1919 864 1965 pelagus
887 1920 1054 1963 vitantes,
1087 1923 1202 1955 terrae
1233 1919 1391 1954 viciniam
1415 1919 1627 1964 affectantes,

174 1964 272 2010 quasi
292 1976 370 2009 spes
393 1965 472 1999 inde
494 1966 614 2000 salutis
636 1966 891 2010 ostenderetur,
934 1972 1058 2012 portu,
1096 1966 1126 2001 si
1154 1968 1268 2010 legere
1306 1977 1398 2000 oram
1433 1974 1627 2011 pergerent,

173 2011 274 2045 facile
304 2011 521 2053 inveniendo,
559 2023 625 2056 quo
658 2017 752 2046 tutus
782 2017 940 2058 receptus
973 2013 1073 2047 foret.
1121 2016 1158 2046 at
1190 2023 1389 2057 quamquam
1420 2012 1554 2046 interim
1576 2013 1627 2046 illi

174 2055 309 2101 quidem
341 2057 445 2098 satis,
478 2063 517 2090 ut
542 2057 607 2092 sibi
636 2057 860 2100 videbantur,
892 2060 936 2093 ab
964 2058 1177 2103 impingendo
1200 2058 1233 2092 in
1256 2058 1489 2102 procurrentia
1510 2058 1627 2091 littora

176 2103 362 2143 cavebant,
387 2114 472 2136 nave
488 2103 701 2146 sustinenda,
725 2115 768 2139 ne
790 2104 930 2148 propius
953 2116 1059 2149 aequo
1083 2108 1197 2138 terrae
1220 2104 1474 2144 admoveretur,
1498 2104 1542 2137 ad
1565 2114 1626 2137 ex-

175 2150 318 2181 tremum
348 2153 459 2182 tamen
494 2153 569 2183 arte
599 2148 746 2194 ipsorum
780 2150 869 2183 omni
893 2155 1080 2195 conatuque
1104 2149 1219 2186 victis.
1258 2148 1463 2182 validissimo
1484 2148 1626 2193 impulsu

175 2192 343 2226 ruentium
375 2193 410 2228 in
443 2193 536 2228 littus
566 2194 727 2229 fluctuum
757 2195 892 2240 impacti
927 2195 1023 2240 ripae
1046 2206 1164 2228 navem
1187 2196 1381 2237 fregerunt,
1415 2194 1628 2239 demersique

177 2248 250 2272 cum
283 2237 341 2271 illa
371 2238 544 2283 perierunt
574 2251 687 2274 omnes
714 2252 778 2275 uno
802 2245 966 2285 excepto,
1002 2241 1059 2286 qui
1082 2240 1217 2274 nuntius
1242 2239 1443 2274 calamitatis
1466 2240 1626 2282 enatavit,

177 2295 197 2317 e
228 2294 294 2328 quo
327 2295 425 2317 casus
456 2284 513 2318 ille
546 2285 656 2319 tristis
686 2291 723 2320 ut
757 2288 908 2320 evenerit
931 2291 984 2321 est
1006 2292 1127 2332 postea
1159 2285 1339 2329 cognitum.
1387 2297 1428 2319 eo
1449 2286 1627 2330 naufragio

175 2333 314 2382 praeter
336 2328 483 2363 homines
506 2341 599 2364 mare
621 2331 792 2376 absorpsit
816 2333 912 2375 regia
934 2333 1010 2373 illa,
1043 2333 1087 2365 de
1110 2331 1232 2376 quibus
1255 2330 1418 2373 diximus,
1450 2331 1558 2373 dona,
1590 2336 1627 2365 et

175 2385 211 2408 m
240 2374 291 2407 his
308 2373 484 2418 ,insignem
507 2375 597 2410 illam
620 2388 660 2410 ac
683 2377 957 2422 pretiosissimam
989 2378 1136 2420 endyten
1167 2376 1240 2410 sive
1267 2376 1402 2421 pallium
1425 2376 1546 2411 altaris
1568 2389 1627 2410 ec-

176 2419 302 2453 clesiae
315 2419 462 2454 maioris.
510 2426 547 2455 at
569 2422 718 2466 episcopi
741 2435 814 2456 cum
838 2434 958 2467 magno
982 2423 1155 2467 logotheta
1177 2426 1307 2456 noctem
1330 2428 1438 2456 totam
1461 2434 1535 2456 cum
1559 2422 1626 2456 flu-

175 2469 234 2498 ctu
256 2465 409 2510 marique
433 2466 521 2500 omni
544 2471 719 2502 nautarum
742 2468 906 2502 industria
927 2468 1070 2510 luctati,
1102 2479 1143 2502 ac
1175 2479 1280 2514 saepe
1301 2467 1335 2501 in
1358 2471 1543 2502 extremum
1566 2469 1628 2502 de-

176 2510 350 2544 mersionis
381 2510 506 2546 admoti
533 2512 731 2554 discrimen,
763 2524 867 2557 aegre
889 2525 1016 2548 summa
1039 2514 1072 2546 vi
1093 2514 1156 2548 sub
1180 2525 1335 2548 auroram
1357 2514 1549 2548 Methonem
1572 2519 1629 2548 te-

175 2559 340 2597 nuerunt,
364 2556 471 2601 elapsi
493 2562 630 2602 praeter
652 2569 779 2592 omnem
802 2571 894 2604 spem
918 2559 1066 2603 periculo
1089 2559 1372 2604 praesentissimo.
1418 2560 1464 2594 ibi
1487 2560 1629 2605 quieve-

175 2605 256 2635 runt
278 2602 396 2636 diebus
419 2603 565 2648 aliquot,
596 2609 832 2649 exspectantes
861 2604 1018 2639 indicium
1040 2605 1083 2639 de
1106 2617 1147 2638 eo
1170 2605 1259 2650 quod
1291 2605 1469 2639 comitibus
1493 2605 1629 2639 evenis-

177 2650 248 2688 set,
284 2647 314 2681 si
345 2660 410 2693 quo
441 2649 530 2689 forte
561 2654 742 2694 tempestas
765 2650 919 2684 similiter
939 2651 1065 2685 salvam
1092 2650 1278 2695 appulisset
1307 2651 1431 2685 sociam
1453 2650 1631 2686 triremirn.

175 2700 294 2726 verum
325 2705 391 2728 non
423 2694 525 2728 multo
558 2701 636 2740 post
669 2694 779 2729 tristis
803 2707 862 2730 eos
884 2696 954 2730 eius
976 2696 1146 2741 naufragii
1177 2696 1314 2730 nuntius
1337 2695 1494 2741 perculit.
1540 2696 1632 2730 unde

176 2736 346 2773 intellecto
379 2738 442 2774 sibi
475 2739 540 2774 iam
573 2740 652 2775 solis
674 2741 764 2775 haud
787 2741 927 2786 amplius
957 2742 1102 2786 collegas
1124 2742 1369 2788 expectandos,
1409 2753 1471 2776 nec
1495 2752 1630 2775 causam

177 2793 253 2816 esse
284 2795 344 2818 cur
377 2796 417 2819 re
445 2785 571 2820 infecta
603 2790 880 2829 reverterentur,
916 2799 1036 2822 versus
1058 2789 1196 2822 Romam
1219 2788 1416 2829 solverunt,
1454 2790 1490 2820 et
1511 2787 1629 2831 paucis

177 2826 295 2863 diebus
323 2830 560 2875 pervenientes
594 2831 638 2866 ad
671 2843 793 2879 papam
826 2833 996 2878 legatione
1017 2833 1126 2868 functi
1153 2844 1217 2868 sna
1242 2836 1340 2876 sunt,
1376 2832 1627 2878 perhumaniter
