1846 3262
238 173 260 217 1
270 171 333 217 62
660 169 896 219 GEORGII
929 170 962 212 P
967 169 1283 215 ACHYMERIS

183 295 212 329 C
236 283 450 340 ὀλιγωρίαν
489 279 642 338 ἐτύφου
675 284 742 325 καὶ
775 282 910 334 ἄλλως
943 284 985 334 ἐξ
1017 280 1200 339 ὑπογύου
1237 283 1289 327 τὰ
1328 283 1436 327 δεινὰ
1474 281 1702 336 παθόντας.

233 353 339 407 πλὴν
371 352 630 406 τελεσθείσης
656 355 730 406 τῆς
757 349 913 407 ἡμέρας
941 353 1091 406 ἐκείνης
1122 353 1186 394 ἐπὶ
1217 350 1377 408 κρότοις
1410 355 1616 403 ἐπινικίοις
1641 356 1706 396 καὶ

232 422 361 469 θείοις
400 418 580 478 ᾆσμασι,
619 419 692 475 τὴν
724 421 798 474 μέν
828 418 955 464 νύκτα
979 427 1182 478 φρουραῖς
1204 421 1403 479 ἀσφαλέσι
1430 423 1636 477 διείληπτο
1660 422 1706 465 τὸ

233 486 445 531 παλάτιον.

181 571 211 605 D
372 557 451 602 32.
522 558 696 611 Πρωΐας
718 556 762 599 δὲ
780 554 873 607 ὅλος
893 551 944 611 ἦν
965 556 1067 611 πρὸς
1084 561 1280 610 βουλαῖς,
1321 555 1430 607 ὅπως
1456 574 1499 600 τε
1527 557 1578 600 τὰ
1597 558 1736 602 >canifi

234 626 308 682 τὴν
329 623 447 668 πόλιν
469 622 733 680 καταστήσας
753 623 952 682 ὂχυρώσει
971 632 1168 683 φρουροῖς
1186 625 1233 669 τὸ
1251 625 1354 668 ἄστυ
1367 658 1386 679 ,,
1413 627 1479 668 καὶ
1515 624 1625 676 ὅπως
1655 626 1706 669 ὒν

231 702 317 745 τοῖς
349 696 514 737 δοκοῦσι
543 698 624 738 τῶν
654 694 859 748 Ἰταλικῶν
878 699 1002 750 γενῶν
1038 688 1179 752 (οὗτοι
1209 693 1252 736 δ’
1282 684 1387 749 ἦσοθῦ
1406 698 1448 737 Γ
1445 697 1648 738 εννουΐταί
1663 713 1705 738 τε

232 766 299 807 καὶ
327 764 530 805 Βενετικοὶ
561 764 628 806 καὶ
655 765 784 820 τρίτοι
810 762 1038 822 Πισσαῖοι)
1076 767 1217 819 σοφῶς
1246 761 1612 819 προσενεγκάμενος
1636 766 1704 806 καὶ

231 831 309 890 ὑφ’
343 830 455 891 αὖτῷ
484 829 668 887 ποιήσοι·
705 830 812 875 οὕτω
843 832 921 888 γὰρ
947 830 998 874 ἂν
1036 831 1174 874 αὐτῶν
1201 829 1566 887 ὖποποιηθέντων,
1607 833 1704 875 οἵων
1774 884 1781 887 v

231 901 276 945 τ’
302 900 430 944 ὄντων
450 899 501 943 τὰ
522 901 691 957 μέγιστα
711 907 945 958 συγκροτεῖν
965 902 1003 950 ἐς
1028 898 1049 943 ὅ
1070 918 1108 943 τι
1128 902 1194 943 καὶ
1215 901 1400 957 ῥέψοιεν,
1437 900 1535 951 τοὺς
1554 899 1703 951 ἄλλους
1717 913 1759 958 10

180 982 212 1016 Ε
236 972 302 1014 καὶ
321 970 380 1024 μὴ
402 969 604 1019 θέλοντας
621 969 796 1026 ἠρεμεῖν.
844 968 943 1012 ὅθεν
964 971 1030 1011 καὶ
1052 968 1412 1025 προσκαλούμενος
1433 967 1586 1024 ἡμέρας
1607 967 1704 1024 ὅλης

231 1036 469 1096 ἐχρημάτιζε
489 1037 541 1081 τὰ
563 1038 698 1081 εἰκότα
711 1071 724 1091 ,
757 1040 822 1081 καὶ
842 1045 933 1087 ταῖς
953 1042 1034 1080 τῶν
1054 1038 1227 1080 ἐλπίδων
1246 1037 1453 1092 ἀμείνοσιν
1477 1036 1638 1080 ὖπέσπα
1659 1055 1703 1080 τε

228 1113 303 1164 τῆς
320 1108 421 1164 πρὸς
440 1107 536 1157 τοὺς
556 1105 757 1163 ὁμογενεῖς
778 1104 1022 1159 οἰκειότητος
1042 1107 1108 1148 καὶ
1129 1105 1226 1148 κατ’
1250 1106 1383 1162 ὀλίγον
1405 1113 1701 1161 προσεποιεῖτο,

231 1179 302 1219 καί
337 1193 379 1231 γε
413 1175 487 1224 τὰς
521 1173 652 1231 ὁρμὰς
687 1176 982 1231 σφίσι-σοφῶς
1017 1181 1107 1223 ταῖς
1137 1172 1300 1235 χάρισιν
1331 1173 1588 1227 ὑπετέμνετο.
1658 1175 1702 1216 αἱ

230 1245 277 1288 δ’
312 1240 419 1299 ἦσαν
449 1245 490 1285 ἓν
519 1247 631 1302 καλῷ
663 1261 705 1286 τε
736 1248 810 1298 τῆς
842 1241 996 1292 πόλεως
1032 1250 1231 1286 κατοικεῖν
1263 1243 1436 1299 ἀνέδην,
1471 1240 1594 1286 τόσον
1623 1247 1699 1285 τοῦ
1713 1252 1755 1298 1-5

229 1311 360 1356 τόπου
382 1309 604 1365 λαβόντας,
639 1314 705 1354 καὶ
725 1312 800 1366 τὴν
824 1313 962 1367 σφίσιν
985 1309 1151 1366 συνήθη
1172 1310 1286 1362 τάξιν
1306 1310 1382 1354 ὑπ’
1410 1311 1576 1366 ἄρχοντι
1597 1329 1702 1365 πεμ-

86 1395 114 1430 Ρ
140 1393 204 1430 105
230 1381 393 1439 πομένῳ
426 1379 538 1436 παρὰ
570 1383 643 1422 τοῦ
674 1383 810 1422 κοινοῦ
842 1379 1054 1433 συνεδρίου
1083 1384 1157 1421 τοῦ
1186 1380 1326 1434 γε’νους
1357 1379 1519 1432 αὐτῶν,
1555 1378 1602 1422 ὃν
1635 1381 1701 1421 καὶ

230 1446 481 1498 ποτεστάτος
520 1448 788 1503 ἐξουσιαστὴν
825 1447 927 1490 εἷ’ποι
962 1446 1011 1490 ἂν
1043 1444 1297 1502 ἧἙλλήνων
1328 1451 1518 1503 γλῶσσα,
1562 1444 1703 1500 νόμοις

230 1521 348 1570 ἰδίοις
376 1516 653 1575 προσέχοντας
686 1514 999 1570 πολιτεύεσθαι,
1036 1515 1217 1559 ἀτέλειαν
1248 1516 1290 1559 δ’
1317 1516 1418 1572 ἔχειν
1443 1516 1510 1558 καὶ
1534 1515 1701 1558 ἐλευθε-

323 1675 377 1710 18.
401 1670 657 1710 ποτεστοὶτονί)
679 1682 723 1708 an
746 1673 847 1720 paulo
871 1674 953 1708 ante
976 1667 1048 1714 33?

233 1813 294 1847 tim
315 1798 480 1846 memores
503 1809 731 1845 calamitatum
753 1790 903 1844 recentis
925 1787 1052 1851 cladis,⁷
1067 1786 1244 1854 et'peior'a
1268 1819 1311 1842 ex
1334 1807 1475 1853 proclivi
1499 1809 1699 1851 metuentes,

231 1858 358 1904 alioqui
382 1858 547 1903 superbos
571 1857 709 1891 animos.
734 1858 906 1891 caeterum
928 1858 1127 1900 consumpta
1149 1859 1224 1888 tota
1247 1866 1288 1888 ea
1312 1854 1368 1887 die
1391 1855 1564 1899 plausibus
1580 1855 1700 1891 trium-

233 1905 389 1951 phalibus
423 1906 458 1938 et
487 1902 590 1937 sestis
613 1901 774 1944 canticis,
807 1912 870 1946 per
893 1906 1028 1937 noctem
1052 1906 1250 1947 sequentem
1273 1900 1384 1934 valido
1411 1900 1581 1946 praesidio
1605 1900 1701 1947 pala-

231 1951 315 1985 tium
339 1953 472 1995 septum
495 1954 559 1983 est.

325 1997 381 2031 32.
429 1995 533 2030 Mane
565 1997 746 2029 consecuto
776 1995 887 2027 totum
923 2004 961 2028 se
992 1993 1179 2038 imperator
1200 1991 1363 2037 impendit
1386 1991 1535 2026 consiliis
1557 1994 1593 2025 et
1618 1990 1702 2027 deli-

234 2042 469 2076 berationibus
503 2041 548 2075 ‹le
573 2041 702 2086 optima
726 2038 857 2073 ratione
881 2039 1138 2073 constituendae
1164 2049 1205 2072 ac
1236 2037 1415 2083 praesidiis
1438 2037 1624 2072 firmandae
1648 2037 1700 2071 ci-

236 2088 378 2130 vitatis,
417 2087 528 2133 deque
558 2086 617 2122 via
650 2098 692 2120 ac
723 2085 820 2119 modo
856 2085 1054 2119 conciliandi
1083 2090 1189 2130 atque
1211 2083 1244 2117 in
1268 2088 1406 2128 partes,
1446 2084 1558 2130 quoad
1582 2086 1701 2129 posset

235 2134 332 2176 fieri,
367 2133 525 2168 trahendi
556 2132 759 2179 praecipuos
790 2143 942 2177 quosque
973 2131 1088 2165 Italici
1121 2130 1254 2175 generis
1290 2129 1353 2174 (hi
1377 2134 1476 2164 erant
1499 2131 1701 2169 Genuenses

239 2179 362 2214 Veneti
386 2183 421 2214 et
443 2178 539 2213 tertii
562 2178 729 2222 Pisani):
762 2188 839 2212 nam
861 2176 890 2212 si
913 2178 975 2211 hos
998 2177 1063 2211 sibi
1085 2176 1316 2219 devinxisset,
1348 2186 1427 2221 spes
1461 2180 1537 2210 erat
1559 2175 1614 2217 vel
1635 2187 1700 2220 pa-

235 2226 323 2260 riter
354 2235 553 2260 assensuros
585 2228 622 2258 et
653 2223 750 2269 quasi
783 2223 818 2258 vi
849 2223 1014 2270 quadam,
1047 2223 1172 2257 vellent
1195 2222 1342 2265 nollent,
1376 2222 1595 2255 attrahendos
1619 2221 1700 2255 reli-

234 2282 339 2317 quos,
362 2271 415 2305 vel
439 2270 468 2305 si
493 2270 703 2305 contumacia
723 2269 854 2304 invicta
876 2270 910 2303 in
934 2269 1010 2304 odio
1033 2273 1247 2314 perstarent,
1275 2272 1467 2301 exarmatos
1489 2278 1603 2302 eorum
1627 2267 1700 2301 dis-

235 2318 386 2352 cessione
419 2317 525 2352 minus
556 2316 717 2362 deinceps
737 2315 792 2350 *ad
824 2316 1007 2350 nocendum
1039 2315 1204 2349 valituros
1236 2317 1272 2347 et
1307 2313 1483 2359 quieturos
1506 2307 1699 2347 necessario

236 2369 402 2398 caeteros.
447 2374 553 2408 quare
574 2363 615 2396 iis
640 2363 683 2396 ad
706 2373 744 2396 se
770 2361 900 2396 vocatis
925 2360 1132 2407 alloquendis
1157 2359 1299 2394 solidum
1322 2359 1465 2404 sumpsit
1487 2358 1576 2394 diem
1590 2384 1599 2400 ‚
1622 2358 1700 2393 ido-

214 2421 299 2443 rnea
330 2419 591 2443 commemorans
622 2407 818 2442 deliniendis
848 2407 951 2453 ipsis,
984 2411 1019 2441 et
1041 2418 1102 2452 spe
1126 2406 1371 2441 commodorum
1395 2405 1515 2451 cuique
1536 2403 1698 2450 privatim

234 2456 424 2490 oblatorum
446 2453 651 2488 abducendis
674 2465 694 2488 a
717 2454 880 2488 communi
903 2453 1061 2488 universo
1085 2452 1283 2487 Latinorum
1307 2451 1425 2496 generi
1449 2449 1698 2495 conspiratione

232 2500 269 2535 in
300 2501 413 2535 odium
443 2501 662 2534 Graecorum.
709 2511 772 2534 nec
800 2499 882 2534 nibil
912 2498 1113 2544 proficiebat
1145 2499 1212 2532 ista
1235 2509 1358 2543 opera:
1389 2495 1511 2531 sensim
1536 2495 1624 2530 enim
1648 2494 1698 2530 ci-

235 2548 380 2581 curabat
411 2546 523 2587 feros,
559 2549 595 2579 et
624 2556 744 2580 saevos
775 2545 936 2580 iratorum
960 2545 1105 2591 impetus
1139 2543 1312 2589 beneficiis
1335 2542 1534 2577 emolliendo
1557 2543 1699 2586 frange-

234 2593 308 2627 bat.
354 2591 438 2637 ipsis
467 2591 594 2637 quippe
619 2591 819 2636 indulgebat
840 2596 880 2625 ut
902 2591 938 2624 in
962 2591 1049 2625 bono
1079 2589 1175 2624 urbis
1198 2592 1272 2624 loco
1295 2589 1450 2623 babitare
1473 2598 1594 2623 secure
1616 2598 1698 2634 pos-

237 2641 335 2682 sent,
368 2641 501 2672 tantum
523 2637 588 2671 loci
610 2642 816 2681 occupantes
839 2641 1000 2683 quantum
1022 2636 1090 2671 sibi
1113 2636 1273 2670 sufficere
1295 2636 1476 2681 putarent,
1511 2644 1574 2669 sua
1601 2632 1696 2678 ipso-

235 2696 309 2718 rum
342 2683 480 2730 propria
504 2686 639 2717 utentes
662 2681 859 2727 disciplina,
893 2683 956 2717 sub
979 2694 1062 2717 cura
1085 2681 1252 2729 praefecti
1277 2693 1297 2715 a
1319 2679 1462 2715 concilio
1495 2678 1608 2724 gentis
1632 2689 1697 2724 pu-

234 2730 324 2765 blico
348 2729 465 2772 missi,
497 2740 596 2775 quem
620 2728 832 2762 Potestatem
853 2728 917 2774 ipsi
939 2731 1081 2770 vocant,
1113 2728 1244 2762 nomine
1267 2726 1481 2772 significante
1503 2727 1696 2771 praetorem

234 2779 296 2811 aut
333 2775 565 2820 magistratum
603 2785 716 2808 rerum
752 2774 1004 2809 iudicandarum
1046 2778 1083 2808 et
1119 2772 1454 2808 administrandarum
1490 2769 1696 2808 auctoritate

233 2821 449 2868 praeditum,
479 2819 626 2867 propriis
647 2819 731 2855 item
753 2821 1026 2866 obtemperantes
1049 2819 1203 2865 legibus3
1233 2822 1414 2866 praeterea
1435 2819 1475 2852 ut
1495 2820 1612 2852 essent
1631 2815 1695 2864 im-
