1884 3262
248 187 346 233 368
663 180 896 225 GEORGII
929 180 1275 224 PACHYMERIS

246 314 322 351 χην
353 293 508 334 πείθων
537 290 604 332 καὶ
633 286 820 333 σύνοδον.
889 289 927 332 οἱ
954 288 996 331 δ’
1019 288 1317 345 ἅφωσιωμένως
1335 287 1443 332 οὕτω
1465 291 1531 332 καὶ
1553 289 1693 331 ἐπιπο-

249 362 372 410 λαίως
394 356 607 406 ἀκούοντες
626 361 785 415 πτερῷ,
822 357 870 399 τὸ
892 361 966 399 τοῦ
986 354 1130 412 λόγου,
1167 356 1219 398 τὰ
1242 351 1326 398 ὦτα
1343 357 1558 410 κνωμένοις
1576 355 1696 414 ἐῴκε-

251 446 342 471 σαν.
414 427 461 470 οὖ
482 426 559 482 γὰρ
579 421 628 479 ἦν
649 425 787 475 αὐτοῖς
809 425 1043 478 ἀντιστῆναι
1064 424 1111 466 τὸ
1130 428 1290 480 πρῶτον
1316 426 1382 465 καὶ
1403 424 1607 479 ἀπολέγειν
1630 424 1695 465 τέ-

250 501 339 538 λεον
351 528 364 548 ,
403 495 507 537 ἀλλὰ
523 494 655 548 μένειν
676 495 740 535 καὶ
764 489 888 542 αὖθις
910 494 951 535 ἐν
973 497 1021 548 τῇ
1044 494 1160 551 κυρίᾳ
1181 491 1254 545 τὴν
1282 491 1492 545 ἐκκλησίαν
1519 490 1694 547 ἡγούμε-

113 582 142 615 1²
167 577 234 615 250
256 582 341 616 νοι,
379 563 522 611 καθὼς
545 564 610 603 καὶ
630 561 812 616 ἀρχῆθεν
832 559 922 616 εἶχε,
959 562 1024 603 καὶ
1041 560 1099 613 μὴ
1121 559 1232 614 παρὰ
1253 557 1443 614 καπήλων
1461 558 1727 605 κινδυνεύεινὸ

250 633 460 689 κρίνεσθαι
482 631 548 672 καὶ
565 628 811 682 βαναύσων,
846 633 1008 682 πρῶτον
1037 628 1110 681 μὲν
1143 627 1217 669 οὐκ
1249 625 1352 681 εἶχον
1376 629 1430 676 εἷς
1447 631 1544 670 νοῦν
1564 626 1695 675 οὕτως

249 702 291 742 ἐν
318 699 462 753 ἀκαρεῖ
483 701 724 751 τελεσθῆναι
751 697 797 739 τὸ
826 697 938 751 παρὰ
972 700 1043 738 τοῦ
1075 695 1274 747 βασιλέως
1309 693 1563 748 κινούμενον,
1600 693 1694 737 ἀλλ’

252 766 307 816 ὡς
340 769 406 809 καὶ
438 763 631 814 πολλάκις
662 763 910 819 κινησάντων
938 764 1139 818 βασιλέων
1178 762 1310 805 ἄλλων
1343 763 1396 805 τὰ
1425 765 1513 818 περὶ
1543 760 1698 805 τούτων

251 835 571 878 ἀνακυπτουσῶν
606 835 745 875 αἲτιῶν
775 830 992 884 ἐκωλύετο,
1039 831 1145 874 οὕτω
1172 831 1359 887 γενέσθαι
1376 833 1441 872 καὶ
1458 828 1570 882 τότε,
1606 827 1698 872 δεύ-

250 920 366 958 τερον
386 903 430 945 δὲ
459 899 515 950 ὥς
546 902 674 947 εἶκαὶ
707 900 762 955 μὴ
791 901 967 956 γένοιτο,
1006 900 1063 954 μὴ
1095 898 1145 942 ἂν
1173 899 1303 948 οὕτως
1327 898 1507 954 ἀρθῆναι
1533 899 1635 954 μέγα
1652 897 1754 943 τό10

252 970 358 1013 καθ’
390 968 500 1024 ἡμᾶς
527 966 770 1011 σκάνδαλον.
840 969 882 1011 ἓν
912 966 1071 1017 τούτοις
1095 968 1169 1021 μὲν
1201 962 1273 1009 οὖν
1311 967 1364 1008 τὰ
1396 958 1563 1010 ἐκείνων.
1633 967 1701 1008 καὶ

254 1040 433 1094 φρερίοις
456 1038 530 1089 μὲν
549 1039 615 1076 καὶ
637 1041 791 1081 λοιποῖς
805 1035 974 1083 Ἰταλοῖς
993 1036 1247 1087 ἁγαπητικῶς
1273 1036 1596 1090 προσεφέροντο,
1634 1035 1701 1076 καὶ

203 1118 231 1152 Β
256 1103 352 1148 ὅσον
378 1099 428 1159 ἦν
455 1102 502 1146 τὸ
533 1102 637 1144 κατὰ
673 1101 949 1158 Χριστιανοὺς
977 1100 1023 1143 οὗ
1053 1103 1279 1152 διίσταντο,
1326 1101 1390 1141 ἐπὶ
1419 1102 1463 1142 δὲ
1490 1106 1547 1158 τῷ
1567 1102 1701 1142 πλέονι

251 1247 379 1283 cunctis
401 1244 624 1292 impendentis
638 1270 648 1287 ‚
686 1243 780 1278 cuius
812 1243 895 1277 haec
925 1253 990 1276 una
1013 1241 1250 1286 praevertendi
1278 1241 1460 1275 offerretur
1481 1239 1555 1281 via,
1577 1240 1701 1276 multus

251 1295 330 1328 item
356 1298 430 1326 erat
452 1293 486 1325 in
509 1292 678 1324 suadendo
712 1290 777 1323 ista
806 1294 875 1322 tum
908 1287 1123 1332 patriarchae
1148 1293 1218 1320 tum
1243 1288 1379 1330 synodo.
1426 1285 1475 1319 illi
1501 1294 1612 1320 autem
1636 1286 1701 1320 etsi

251 1338 361 1372 obiter
384 1337 467 1369 haec
489 1335 601 1379 potius
633 1344 673 1366 ac
705 1333 933 1378 perfunctorie
965 1342 1063 1375 quam
1086 1333 1230 1365 libenter
1253 1332 1454 1374 audiebant,
1485 1343 1565 1376 prae
1587 1342 1626 1365 se
1645 1336 1701 1366 ta-

250 1394 326 1418 men
350 1387 430 1415 tunc
460 1382 609 1414 tulerunt
639 1385 770 1421 gratam
805 1388 879 1410 eam
902 1375 966 1409 sibi
995 1376 1238 1419 iucundamque
1260 1377 1374 1408 inferri
1398 1377 1616 1415 mentionem,
1640 1389 1702 1408 ve-

251 1429 302 1462 lut
325 1439 365 1461 ea
387 1427 534 1471 ipsorum
558 1425 824 1458 demulcerentur
847 1432 966 1460 aures;
989 1422 1078 1465 quod
1101 1421 1184 1454 salso
1208 1421 1436 1462 simulabatur,
1458 1420 1557 1464 longe
1580 1420 1622 1453 ab
1640 1431 1703 1462 ar-

252 1474 344 1508 canis
368 1472 563 1517 discrepans
585 1471 746 1504 sensibus.
792 1478 907 1502 verum
931 1466 995 1500 illis
1028 1473 1066 1500 ut
1089 1477 1154 1500 non
1175 1467 1332 1510 placebat
1353 1466 1540 1510 negotium,
1570 1464 1702 1503 itafiec

250 1519 454 1565 suppetebat
483 1527 642 1562 praesens
676 1514 803 1549 animus
834 1514 877 1547 ad
908 1513 1107 1546 obstandum
1139 1523 1251 1545 coram
1282 1511 1315 1544 in
1345 1522 1382 1545 os
1411 1510 1555 1556 principi
1586 1515 1704 1545 contra

251 1564 390 1607 nitenti,
416 1563 508 1597 cuius
531 1562 641 1607 gratia
665 1572 706 1594 ac
727 1558 928 1593 verecundia
950 1558 1093 1591 obnoxie
1116 1557 1287 1591 constricti
1317 1557 1602 1602 acquiescentium
1623 1568 1703 1602 spe-

252 1611 336 1645 ciem
361 1610 578 1654 praebebant.
625 1611 795 1650 utcunque
817 1605 884 1638 illis
909 1608 1037 1637 certum
1059 1607 1133 1637 erat
1156 1608 1311 1648 perstare
1334 1603 1492 1647 deinceps
1515 1614 1648 1649 quoque
1670 1603 1703 1637 in

253 1655 356 1691 semel
379 1655 472 1688 adita
494 1653 704 1699 possessione
728 1650 938 1685 auctoritatis
961 1649 1225 1694 independentis,
1252 1659 1319 1694 qua
1335 1649 1518 1691 ecclesiam,
1543 1655 1580 1683 ut
1597 1648 1702 1693 prins,

254 1702 297 1736 ab
316 1700 402 1735 omni
427 1700 613 1734 absolutam
639 1697 738 1731 alieni
761 1697 923 1741 primatus
945 1695 1154 1728 subiectione
1177 1705 1215 1727 se
1235 1694 1337 1728 fixum
1360 1695 1528 1729 habebant
1545 1694 1703 1736 tuituros,

255 1758 299 1781 ne
322 1756 508 1790 cauponum
531 1750 566 1778 et
582 1743 752 1777 illiberalis
775 1741 878 1775 sortis
901 1740 1149 1774 homuncionum
1172 1739 1290 1773 subiici
1313 1751 1456 1785 unquam
1479 1741 1568 1785 ipsos
1593 1741 1704 1785 (quod

256 1791 553 1834 abominabantur)
575 1788 698 1822 iudicio
723 1788 941 1831 contingeret.
989 1787 1197 1819 dissimulare
1220 1791 1332 1819 autem
1354 1785 1389 1819 in
1411 1786 1488 1819 istis
1503 1785 1607 1820 initiis
1628 1791 1703 1819 tuto

255 1849 294 1872 se
318 1842 480 1882 putarunt
503 1846 624 1880 posse,
657 1834 797 1878 primum
829 1833 908 1877 quia
931 1842 1098 1875 nunquam
1121 1830 1200 1875 ipsis
1226 1830 1261 1864 in
1285 1836 1428 1865 mentem
1454 1831 1546 1865 venit
1566 1843 1630 1865 uno
1653 1831 1704 1867 sic

255 1887 420 1916 momento
444 1883 730 1914 consummandam
753 1889 844 1920 rem,
869 1889 968 1922 quam
991 1887 1124 1910 movere
1146 1874 1329 1920 incipiebat
1350 1876 1555 1921 imperator,
1588 1887 1703 1910 verum

254 1933 450 1963 eventurum
474 1924 560 1960 nunc
581 1936 714 1969 quoque
746 1923 959 1957 confidebant
991 1922 1079 1966 quod
1102 1932 1205 1965 saepe
1236 1921 1311 1954 aliis
1342 1922 1426 1956 alias
1445 1921 1705 1966 imperatoribus

254 1973 345 2007 idem
377 1971 546 2016 aggressis
579 1981 643 2004 usu
673 1973 834 2010 venerat,
863 1979 982 2011 nempe
1006 1973 1043 2000 ut
1064 1966 1313 2000 disturbaretur
1336 1978 1397 2011 per
1420 1978 1496 2001 sese
1520 1967 1703 2011 negotium,

255 2025 376 2063 sponte
399 2018 507 2059 natis,
538 2021 577 2050 ut
607 2016 668 2057 fit,
705 2015 741 2047 in
772 2014 845 2058 ipso
876 2012 1088 2050 tractationis
1119 2013 1262 2045 decursu
1285 2011 1523 2046 offensionibus
1545 2012 1706 2047 colliden-

255 2065 339 2097 tium
371 2074 447 2097 sese
478 2067 630 2096 votorum
670 2059 918 2101 studiorumque
952 2059 1040 2091 inter
1082 2064 1197 2101 partes
1233 2058 1331 2101 louge
1366 2058 1510 2092 diversis
1549 2058 1705 2104 utrinque

254 2113 522 2155 praeoccupatas
554 2105 734 2140 affectibus
765 2109 801 2138 et
829 2104 1002 2145 sensibus;
1036 2103 1125 2136 unde
1151 2102 1186 2136 in
1220 2104 1353 2146 plenum
1375 2104 1534 2138 effectum
1555 2104 1706 2138 sincerae

251 2155 453 2189 concordiae
483 2152 623 2198 perduci
655 2151 813 2185 tractatio
847 2160 1015 2194 nunquam
1045 2152 1171 2193 posset.
1216 2149 1338 2182 deinde
1372 2151 1452 2195 quia
1479 2150 1533 2182 vel
1563 2150 1594 2184 si
1615 2150 1704 2184 forte

252 2201 428 2235 conventio
452 2199 597 2245 partium
621 2208 758 2232 assensu
782 2197 987 2229 coalesceret
1018 2195 1052 2228 in
1086 2196 1186 2238 pacta
1215 2195 1373 2239 utrinque
1404 2191 1587 2241 stipulata,
1611 2194 1702 2229 haud

254 2252 443 2279 secuturam
478 2249 590 2278 tamen
620 2253 766 2288 unquam
798 2241 1018 2287 opinabantur
1049 2250 1092 2272 ex
1122 2242 1221 2284 parte
1243 2241 1450 2275 Graecorum
1475 2240 1704 2275 executionem

254 2297 395 2336 propter
419 2291 486 2324 alte
509 2290 705 2334 impressam
728 2287 845 2322 animis
868 2287 1012 2320 nationis
1042 2285 1130 2318 illius
1153 2284 1331 2319 universae
1354 2286 1605 2322 aversionem‘a
1626 2284 1704 2320 riti-

254 2337 317 2369 bus
342 2336 578 2380 moribusque,
609 2345 650 2368 ac
674 2333 872 2378 praesertim
897 2331 1033 2376 imperio
1066 2330 1234 2376 spirituali
1255 2333 1522 2378 auctoritateque
1543 2331 1578 2366 in
1601 2332 1703 2366 rebus

255 2381 494 2415 ecclesiasticis
528 2380 692 2425 superiori
723 2378 934 2423 agnoscenda
968 2376 1188 2417 Latinorum;
1221 2388 1262 2410 ex
1295 2388 1363 2422 qua
1396 2377 1465 2411 iras
1495 2376 1639 2431 odiaque
1669 2376 1703 2411 in

256 2431 386 2460 tantum
420 2425 588 2459 exarsisse
619 2425 831 2458 dissidiorum
866 2429 1078 2457 aeternorum
1109 2421 1297 2456 incendium
1329 2423 1511 2464 videbant,
1541 2433 1594 2458 cul
1617 2423 1705 2457 bona

258 2471 328 2506 fide
350 2471 585 2514 restinguendo
609 2471 731 2504 nullam
752 2469 969 2504 suffecturam
993 2472 1175 2512 appareret
1194 2468 1434 2514 qualiscunque
1462 2467 1704 2503 conciliationis

259 2517 348 2550 inter
371 2527 409 2549 ca
435 2516 482 2549 ita
504 2515 670 2560 partium,
693 2515 873 2560 quantavis
906 2514 1057 2548 sancitae
1079 2512 1252 2556 religione,
1279 2514 1514 2549 reverentiam.
1560 2512 1592 2546 ei
1614 2513 1704 2547 fidu-

259 2562 332 2596 ciae
355 2572 414 2595 ecc
429 2561 518 2594 esiae
539 2566 619 2594 tunc
642 2567 776 2594 nostrae
799 2560 966 2605 principes
998 2558 1255 2601 indormientes,
1286 2563 1539 2605 praeterquam,
1562 2562 1600 2592 ut
1621 2558 1702 2601 dixi,

261 2606 396 2653 placide
418 2605 624 2644 admiserunt
657 2606 794 2650 primam
817 2606 945 2639 illatam
969 2606 1011 2639 ab
1037 2605 1240 2649 imperatore
1271 2605 1467 2639 mentionem
1489 2603 1704 2638 subiectionis

260 2664 372 2698 papae
396 2651 626 2697 profitendae,
649 2653 735 2684 ultro
759 2651 882 2692 etiam,
905 2651 1002 2696 quasi
1024 2650 1236 2695 auspicantes
1260 2649 1490 2690 concordiam,
1513 2648 1647 2683 Frerios
1669 2655 1706 2684 et

261 2698 410 2743 reliquos
443 2697 569 2737 Italos,
602 2697 658 2740 qui
691 2700 770 2730 tunc
804 2695 1094 2742 Constantinopoli
1124 2696 1363 2735 versabantur.
1387 2694 1616 2729 benevolentia
1638 2706 1704 2730 non

260 2743 392 2787 vulgari
415 2741 571 2787 amplecti
599 2741 754 2785 deinceps
786 2741 991 2775 affectarunt
1005 2767 1014 2778 .
1047 2740 1304 2775 communionem
1333 2742 1405 2774 sine
1430 2739 1621 2774 discrimine
1642 2740 1704 2775 ad-

264 2788 439 2823 mittentes
461 2797 573 2822 eorum
595 2786 629 2821 ia
651 2787 802 2821 omnibus
824 2797 912 2832 quae
932 2786 1157 2822 Christianam
1177 2785 1371 2831 religionem
1391 2786 1596 2829 attinebant3
1617 2790 1653 2820 et
1673 2784 1705 2820 si
