1884 3262
253 212 283 255 3
289 212 352 256 70
675 207 910 251 GEORGII
944 209 1292 255 PACHYMERIS

253 322 364 380 ἄλλῳ
386 319 575 376 γενέσθαι
596 316 758 363 κάλλιον
781 318 804 375 ἢ
828 319 955 363 αὐτοῦ
974 338 1016 377 γε
1034 321 1105 376 τὴν
1123 322 1299 377 παπικὴν
1318 322 1433 374 ἀξίαν
1453 323 1708 377 κατέχοντος.

253 395 384 432 ταῦτα
414 392 486 430 τοῦ
513 389 742 444 Γρηγορίου
770 389 837 431 διὰ
868 391 1044 446 φρερίων
1085 391 1460 444 διαμηνυσαμένου,
1508 395 1631 446 δῆλον
1659 388 1709 447 ἦν

204 467 233 500 C
257 456 312 507 ὦς
332 455 353 499 ὃ
373 457 447 509 μὲν
475 460 636 512 κρατῶν
660 456 764 499 κατὰ
784 459 933 500 δειλίαν
958 458 1032 511 τὴν
1055 457 1156 513 πρὸς
1175 458 1246 507 τὸν
1271 457 1486 514 Κάρουλον
1506 461 1578 516 τὴν
1599 458 1708 516 εῗρή-

249 543 323 580 νην
345 522 496 579 ἐζήτει,
530 522 586 573 ὥς
620 524 749 580 αὐτῆς
778 542 819 582 γε
850 525 906 581 μὴ
927 525 1051 580 οὔσης
1078 525 1183 580 μηδ’
1207 527 1262 575 εἷς
1285 531 1381 570 νοῦν
1403 528 1534 583 φέρειν
1559 529 1708 582 ἐκείνην

249 591 426 645 πώποτε,
464 593 502 635 οἱ
522 593 566 635 δὲ
591 595 679 649 περὶ
698 593 769 636 τὸν
791 592 1016 650 Γρηγόριον
1037 594 1095 635 δι’
1120 593 1221 636 αὐτὸ
1243 598 1364 636 τοῦτο
1386 595 1432 638 τὸ
1456 600 1529 650 τῆς
1548 595 1706 653 εἲρήνης
1720 611 1740 643 5

252 661 375 704 καλὸν
408 663 476 703 καὶ
511 660 585 715 τὴν
612 666 693 704 τῶν
728 663 948 716 ἐκκλησιῶν
979 662 1133 704 ἕνωσιν.
1199 663 1305 716 μηδὲ
1332 662 1409 718 γὰρ
1433 665 1584 706 δίκαιον
1601 665 1704 719 μηδ’

251 729 356 780 ὅλως
377 729 541 785 εὔλογον
563 729 665 785 ἔθνη
686 734 857 772 τοιαῦτα
881 732 942 772 ἐπὶ
970 736 1130 789 μικροῖς
1159 731 1562 790 τισὶίδιαφὲρεσθαι,
1606 731 1705 774 ἀλλ’

249 797 273 853 ἢ
296 796 577 852 ἀποδούμενον
596 798 669 847 τὰς
689 800 821 848 αἰτίας
841 799 911 841 τὸν
932 796 1171 851 αἰτιώμενον
1190 796 1402 853 εἰρηνεύειν
1419 800 1604 855 παρέχειν
1625 807 1710 849 τοῖς

251 867 456 924 ἀδελφοῖς,
493 865 518 921 ἢ
537 866 619 921 μὴν
641 868 681 909 ἐν
702 874 785 916 τοῖς
806 868 921 916 ἶδιόις
946 867 1150 923 ὀφφικίοις
1169 866 1244 908 εἴτ’
1267 862 1339 909 οὖν
1363 869 1596 923 προνομιόις
1617 867 1705 910 ὄνθ’

113 945 140 977 P
164 944 230 979 252
253 933 444 990 ἑκάτερον
459 934 518 990 μὴ
539 934 647 978 οὕτω
681 933 889 991 διαφόρως
920 935 1019 990 ἔχειν
1049 937 1114 977 καὶ
1137 933 1372 990 ἀκηρύκτως
1396 934 1586 990 ἀλλήλοις
1606 935 1706 978 ἀπε·
1722 949 1764 981 10

246 1001 507 1059 χθάνεσθαι·
545 1003 681 1060 ἀρκεῖν
710 1003 787 1059 γὰρ
819 1004 1067 1059 ἀμφοτέροις
1095 1003 1191 1052 τούς
1221 1003 1398 1059 ἐχθροὺς
1416 1008 1487 1046 τοῦ
1511 1008 1706 1060 σταυροῦ,

251 1067 308 1115 ὧν
329 1072 374 1115 τὸ
397 1073 511 1120 τέλος
529 1070 723 1124 ἀπώλεια,
754 1073 819 1114 καὶ
840 1072 1049 1127 ἀγαπητὸν
1069 1069 1342 1127 ἀποχρώντως
1363 1072 1559 1128 φέροντας
1579 1071 1708 1126 ὄνομα

251 1145 326 1184 τοῦ
346 1144 533 1197 Χριστοῦ
555 1140 656 1195 πρὸς
678 1141 851 1189 ἐκείνους
868 1138 1100 1194 μάχεσθαι,
1139 1138 1240 1182 ὅπου
1265 1142 1331 1182 καὶ
1349 1140 1394 1182 τὸ
1412 1144 1525 1182 νικᾶν
1552 1141 1707 1182 ε’παινε-

252 1210 323 1252 τὸν
345 1211 411 1251 καὶ
432 1208 478 1251 τὸ
499 1206 788 1263 ἀποτυγχάνειν
807 1205 1019 1263 σωτήριον,
1057 1207 1159 1266 ἔργῳ
1174 1208 1248 1262 τὴν
1266 1209 1502 1264 προθυμίαν
1519 1210 1706 1258 δείξασιν.

252 1277 361 1320 οὕτω
379 1278 454 1331 μὲν
475 1272 548 1319 οὖν
573 1276 675 1332 πρὸς
697 1274 898 1330 ἀλλήλους
916 1276 1070 1330 ἔχοντες
1089 1276 1279 1329 βασιλεὺς
1299 1277 1365 1318 καὶ
1398 1273 1646 1333 Γρηγόριος,
1684 1275 1761 1320 ὃ15

251 1346 325 1400 μὲν
356 1345 439 1401 ἤϊεν
469 1347 524 1394 εἷς
556 1344 602 1387 τὸ
635 1342 775 1401 πρόσω
805 1344 878 1399 τὴν
901 1345 1153 1401 χειροτονίαν
1185 1341 1416 1398 δεξόμενος,
1451 1344 1642 1398 βασιλεὺς
1663 1346 1708 1387 δὲ

252 1414 379 1463 πολὺς
412 1409 463 1469 ἦν
493 1414 683 1455 ἐντεῦθεν
714 1417 764 1469 τῇ
801 1410 961 1470 συνόδῳ
991 1412 1142 1466 ἐπέχων
1163 1414 1227 1454 καὶ
1249 1412 1320 1455 τὸν
1342 1410 1595 1469 πατριάρχην
1615 1417 1704 1456 θω-

200 1491 228 1524 Β
252 1486 448 1532 πευτικῶς
473 1478 745 1539 ὑπερχόμενος
773 1478 996 1524 ὖποκλίνειν
1027 1483 1093 1523 καὶ
1127 1478 1260 1523 ἀνύειν
1289 1480 1335 1523 τὸ
1359 1479 1705 1536 σπουδαζόμενον·

253 1648 337 1694 gotii
372 1645 543 1682 tractandi
571 1657 672 1692 quam
705 1657 743 1681 se
778 1645 931 1692 papalem
955 1645 1129 1681 obtinente
1159 1644 1367 1690 dignitatem.
1410 1645 1494 1680 talia
1516 1657 1589 1680 cum
1613 1647 1705 1680 Gre-

253 1694 372 1739 gorius
394 1693 590 1738 imperatori
613 1704 675 1738 per
697 1693 835 1727 Frerios
858 1692 1107 1734 denuntiasset,
1139 1691 1355 1725 manifestum
1383 1691 1449 1726 fuit
1470 1691 1706 1737 imperatorem

253 1740 389 1785 quidem
414 1750 475 1784 per
506 1738 815 1784 pusillanimitatem
851 1738 975 1780 solum,
1006 1744 1097 1772 metu
1119 1741 1367 1772 consternatum
1390 1743 1612 1783 apparatuum
1636 1737 1706 1772 Ca-

254 1785 341 1826 roli,
365 1784 408 1818 ad
431 1784 521 1818 istud
545 1784 777 1828 procurandae
800 1783 895 1829 pacis
918 1784 1131 1818 ecclesiarum
1163 1782 1334 1817 consilium
1357 1783 1525 1828 appulisse
1548 1783 1704 1824 animum,

255 1831 377 1865 nullam
409 1841 555 1874 unquam
590 1830 717 1882 absque
746 1830 810 1863 hoc
839 1831 950 1871 foret,
990 1829 1039 1863 rei
1069 1829 1147 1863 talis
1187 1827 1421 1872 cogitationem
1456 1834 1704 1873 suscepturum:

257 1875 461 1920 Gregorium
486 1886 566 1908 vero
592 1874 627 1908 in
660 1875 751 1908 idem
783 1875 929 1908 studium
951 1873 1143 1908 incumbere
1172 1874 1244 1907 sola
1276 1878 1410 1918 captum
1433 1874 1504 1907 eius
1527 1874 1578 1907 rei
1601 1874 1706 1908 hone-

255 1926 367 1964 state,
397 1920 487 1966 quod
521 1920 654 1954 videret
685 1924 842 1965 quantum
868 1920 948 1953 boni
983 1932 1025 1954 ex
1059 1931 1099 1953 ea
1132 1918 1362 1954 conciliatione
1386 1919 1647 1953 redundaturum
1669 1918 1706 1953 in

258 1967 422 2013 publicam
448 1965 644 2000 felicitatem
669 1966 781 2007 foret,
812 1968 1052 2010 reputaretque
1075 1977 1138 1999 nec
1158 1965 1282 1998 iustum
1313 1976 1376 1998 nec
1404 1964 1605 1999 conveniens
1628 1975 1705 1999 esse

257 2013 344 2047 tales
375 2024 416 2047 ac
448 2014 560 2046 tantas
594 2015 713 2056 gentes
744 2010 874 2055 exiguis
906 2011 1016 2044 causis
1056 2011 1091 2044 in
1120 2014 1276 2044 aeternas
1307 2009 1469 2054 implicari
1501 2009 1704 2052 simultates,

257 2062 451 2104 quantoque
474 2056 713 2091 conducibilius
736 2057 884 2090 futurum
907 2060 1018 2099 esset,
1042 2067 1273 2102 quaecumque
1295 2055 1442 2100 ipsarum
1465 2055 1499 2089 in
1522 2055 1621 2101 culpa
1644 2056 1705 2090 de-

257 2104 543 2150 prehenderetur,
578 2114 650 2137 eam
673 2103 760 2136 bona
783 2102 851 2136 fide
874 2105 1050 2136 emendare
1081 2113 1122 2136 ac
1146 2112 1290 2146 purgare
1312 2101 1434 2135 crimen
1457 2112 1568 2143 suum,
1592 2101 1704 2135 subla-

256 2157 360 2195 taque
382 2149 566 2183 offensione
587 2149 751 2194 praebere
773 2148 946 2189 fratribus,
965 2159 1101 2193 pacem,
1129 2147 1343 2191 vicissimque
1375 2152 1546 2191 acceptam
1572 2146 1705 2181 sincera

257 2199 367 2229 mente
391 2195 523 2237 colere3
548 2199 607 2228 aut
637 2198 730 2228 certe
760 2194 790 2227 si
820 2196 897 2238 post
926 2193 1188 2238 disquisitionem
1217 2197 1389 2226 constaret
1412 2192 1491 2226 nihil
1518 2191 1552 2225 in
1574 2192 1705 2227 utravis

258 2253 333 2275 esse
355 2241 445 2286 quod
468 2240 542 2273 iure
565 2241 770 2284 culparetur,
792 2250 1012 2283 perseverare
1034 2238 1214 2284 tranquille
1235 2238 1349 2272 ambas
1372 2237 1406 2271 in
1428 2237 1572 2282 propriis
1587 2249 1706 2272 unam-

257 2298 424 2331 quamque
447 2285 568 2320 officiis
591 2297 632 2319 ac
653 2285 774 2319 ritibus
797 2296 860 2319 usu
882 2285 1028 2328 legitimo
1051 2284 1198 2326 statutis,
1222 2283 1303 2317 nihil
1321 2283 1420 2316 alteri
1442 2287 1704 2326 succensentem,

259 2344 321 2365 nec
343 2331 576 2372 internecinis,
600 2335 639 2364 ut
660 2331 839 2374 hactenus,
868 2330 1010 2364 invicem
1043 2330 1128 2363 odiis
1160 2329 1494 2374 contentionibusque
1515 2328 1706 2363 commissas

258 2377 515 2422 implacabilium
549 2381 585 2410 et
615 2375 830 2410 exitiosarum
857 2375 992 2421 utrique
1021 2375 1261 2409 discordiarum
1284 2375 1395 2408 sunem
1426 2374 1560 2408 ducere.
1605 2373 1704 2408 suffi-

261 2434 339 2456 cere
361 2421 487 2468 quippe
509 2421 661 2467 utrisque
685 2422 799 2456 hostes
830 2422 955 2463 crucis,
984 2432 1122 2466 quorum
1156 2421 1232 2455 finis
1252 2420 1419 2454 interitus.
1466 2419 1618 2462 abunde,
1649 2418 1703 2453 in-

261 2479 380 2515 quam,
415 2478 456 2500 ac
487 2469 605 2501 multo.
623 2468 700 2512 plus
730 2479 829 2512 quam
849 2466 895 2502 sit
928 2467 1011 2501 satis
1040 2470 1221 2511 suppetere
1252 2467 1401 2511 gentium
1422 2465 1644 2506 insensatum,
1666 2465 1703 2499 in

262 2514 383 2560 quibus
406 2512 638 2558 oppugnandis
659 2511 715 2558 qui
741 2513 868 2547 Christi
891 2512 1021 2546 nomine
1045 2517 1221 2546 censentur
1247 2513 1407 2545 virtutem
1432 2521 1526 2545 suam
1547 2509 1701 2545 bellicam

263 2559 512 2605 experirentur,
548 2558 669 2603 quibus
702 2558 797 2592 bellis
831 2562 866 2592 et
899 2559 1035 2592 vincere
1066 2558 1242 2603 gloriosum
1281 2562 1317 2591 et
1347 2557 1436 2592 vinci
1466 2555 1616 2590 salutare
1647 2560 1704 2590 est

263 2609 402 2651 propter
431 2603 600 2648 ingentem
634 2604 819 2638 mercedem
851 2604 918 2638 illis
949 2603 1009 2649 qui
1044 2615 1139 2638 suum
1168 2603 1337 2644 studium,
1370 2612 1472 2647 opera
1501 2600 1600 2634 etiam
1623 2612 1703 2635 suc-

264 2661 362 2685 cessu
384 2660 499 2692 cassa,
533 2648 743 2683 ostenderint
765 2661 786 2683 a
814 2650 877 2683 deo
899 2649 1089 2683 fidelissime
1118 2647 1443 2694 repraesentandam.
1488 2646 1538 2680 sic
1558 2645 1703 2681 invicem

265 2695 382 2730 affecti
402 2694 517 2728 animis
537 2693 718 2739 imperator
741 2698 776 2728 et
798 2696 1004 2738 Gregorius,
1036 2695 1090 2729 hic
1120 2695 1251 2740 quidem
1282 2698 1403 2737 coepta
1426 2690 1482 2726 via
1506 2691 1702 2736 progredie-

263 2743 385 2782 batur,
407 2739 646 2774 ordinationem
667 2744 888 2784 percepturus
909 2752 1024 2784 suam;
1047 2740 1104 2774 ille
1126 2745 1237 2774 autem
1257 2738 1379 2774 multus
1401 2741 1474 2771 erat
1495 2736 1529 2770 in
1552 2737 1703 2771 ambien-

264 2787 309 2821 da
341 2785 468 2830 synodo
498 2785 779 2830 eblandiendoque
807 2786 1020 2829 patriarchae
1057 2796 1220 2820 consensu
1258 2785 1293 2819 in
1327 2795 1368 2817 ea
1400 2793 1488 2828 quae
1516 2782 1701 2826 cogitabat,

264 2831 386 2878 passim
409 2841 664 2867 commemorans
690 2834 726 2865 et
747 2829 876 2865 cunctis
906 2831 1047 2866 subinde
1078 2830 1259 2867 inculcans.
1305 2839 1378 2864 esse
1402 2827 1603 2873 Gregorium
1622 2838 1703 2874 per-
