1884 3262
272 213 372 261 640
668 205 982 256 OBSERVAT.
1014 203 1326 258 PACHYMER.

271 320 468 378 κομισθὲν
497 314 629 374 ωνησέ
643 318 685 363 τε
703 318 752 362 τοὶ
778 319 961 376 μέγιστα,
987 315 1058 362 καὶ
1075 314 1174 373 ’ἧσεν
1191 314 1274 374 ’ἅμα
1291 322 1426 378 διπλῇ.
1479 325 1538 379 τῷ
1557 338 1598 365 τε
1622 319 1726 377 πρὸς

269 379 457 453 ἀρίστου,
485 377 555 419 καὶ
581 379 730 431 κομιδῆ
749 380 829 419 τῶν
847 377 1066 420 ἐπαινετῶν
1083 377 1260 446 ἑταίρου,
1286 377 1355 419 καὶ
1381 381 1442 434 τῷ
1464 377 1559 431 μετα
1577 382 1726 432 συχνῆς

268 435 328 479 οτι
351 438 704 504 δημιουργηθῆναι
732 437 807 487 τῆς
833 430 1005 488 χάριτος.
1064 450 1112 475 ου
1135 431 1217 487 μήν
1235 429 1276 475 δ’
1299 419 1420 475 α’λλα
1418 434 1486 476 καὶ
1508 433 1609 488 πρὸς
1628 433 1724 477 ἄλλο

267 509 306 534 τι
310 495 458 560 μεῖζον
479 489 645 545 ηρέθισέ
665 506 746 532 που
765 490 834 531 καὶ
833 485 1165 560 τολμηρότερον,
1198 488 1223 531 ὃ
1248 486 1341 557 τάχ’
1361 488 1433 540 ἅν,
1463 490 1501 532 εἰ
1515 489 1570 544 μὴ
1589 488 1726 541 πόθος

267 545 483 602 δήπουθεν
510 545 753 618 παρελθών,
779 542 845 588 ἅτ’
874 562 918 588 ευ
947 547 1046 600 ἔχων
1066 563 1134 588 και
1153 543 1202 587 τὰ
1228 543 1368 600 πόρρω
1389 548 1578 589 διεστῶτα
1600 545 1725 589 συνά-

269 620 401 654 πτειν,
433 603 502 645 καὶ
532 602 581 645 τοὶ
607 601 706 667 πρὸς
736 602 883 656 ἄλληλα
910 603 1143 652 ἐναντίως’
1130 602 1266 656 ε’χοντα
1286 601 1476 652 πολλάκις
1495 603 1723 658 συμφέρειν,

269 676 485 730 συγνωμην
511 664 566 716 τῷ
594 675 796 714 πραγματι
822 673 1128 713 παραιτησοιτο,
1159 657 1255 713 ‘aad
1279 676 1361 701 των
1391 663 1634 712 νεμεσᾶσθαι
1661 662 1725 703 δι-

268 719 397 759 καίων
417 734 469 758 ου
487 703 622 769 πολλῷ
641 715 773 768 δεήσει
789 720 862 757 τοῦ
876 715 984 784 ἡμᾶς
1000 719 1152 784 στῆσαι.
1211 714 1313 767 προς
1327 720 1470 767 ποῖονς
1499 717 1596 765 ἴσως
1612 717 1726 771 ἐρεῖς,

267 773 314 816 τό
330 791 431 827 προς
448 776 681 824 τηλικοῦτον
696 771 843 826 ἄνδρα,
872 769 1061 842 μούσαις,
1094 788 1168 813 ουκ
1189 769 1270 813 οἷδ’
1294 772 1333 813 εἷ’
1348 789 1431 823 τις,
1457 773 1728 842 τετελεσμένον

269 828 388 885 (ὃν
370 847 423 871 αν
453 828 551 871 ι’δών
572 829 862 882 Δημοσθένης,
893 825 990 883 μεθ’
1010 829 1151 882 ημῶν,
1181 827 1310 875 εἶπεν.
1336 827 1483 881 Ἑρμοῦ
1499 831 1635 899 λογίου
1653 827 1727 871 τυὲ

268 904 350 929 πον
377 887 433 935 εἷς
463 882 711 952 ἀνθρώπους
727 883 870 955 ἥκειν)
896 889 1071 938 γλῶτταν
1089 902 1142 934 ως
1165 884 1266 942 ορᾷς
1283 882 1515 927 α’ντιδοῦναι
1530 902 1606 939 την
1624 901 1728 940 ‘type-

269 943 409 998 τὲραν,
437 959 514 996 την
537 939 660 983 παλαι
680 959 753 995 μεν
776 938 870 983 οὐδ’
890 958 999 997 ακρῳ
1017 946 1165 1012 λιχανῷ
1179 946 1252 983 τοῦ
1262 934 1492 1008 κρείττονος
1513 946 1729 996 usvaozoffz-

271 1014 370 1050 σαν,
401 1002 478 1041 νῦν
509 999 553 1040 δὲ
586 999 654 1039 καὶ
685 1001 775 1039 λίαν
801 995 1135 1066 η’γροικισμένην,
1166 996 1194 1051 η’
1221 995 1336 1052 μόγις
1365 1014 1416 1039 αν
1445 996 1530 1040 οἶδε
1557 999 1625 1040 καὶ
1651 997 1727 1067 τήν

271 1053 438 1109 σκάφην
459 1053 621 1107 σκάφην
640 1054 779 1109 λέγειν.
835 1057 1049 1106 κοινοῦμαι
1069 1051 1146 1122 γάρ
1170 1068 1233 1095 σοι
1252 1055 1319 1095 καὶ
1339 1052 1476 1103 παθος
1503 1052 1728 1109 ἕχεμυθού-

273 1128 394 1166 μενος
426 1113 539 1160 ἰδίως
569 1111 678 1164 ἐμοί,
707 1110 774 1152 καὶ
805 1126 884 1152 νυν
915 1113 1064 1180 μᾶλλον
1091 1108 1195 1151 οὕτω
1226 1113 1464 1152 κινδυνεῦον
1480 1110 1641 1181 κύριον,
1671 1111 1727 1161 ως

275 1170 435 1238 ειμαρτο
455 1197 468 1217 ,
545 1168 740 1222 ίγνεσθαι.
809 1166 928 1208 τοῦτο’
965 1180 1042 1238 σοιῗ
1066 1183 1134 1207 και
1171 1169 1389 1216 ταλανίζειν
1422 1167 1531 1220 ἡμᾶς
1566 1184 1724 1219 αυτους,

274 1221 363 1266 αλλ’
385 1219 460 1265 ουίι
486 1224 775 1295 ευδαιμονίζειν
799 1227 967 1267 πεῖθον,
999 1219 1060 1270 οἷς
1080 1220 1174 1263 ουδὲ
1197 1225 1385 1276 συμμίξαι
1401 1227 1458 1280 τῷ
1476 1224 1613 1291 γέγονε
1634 1226 1727 1277 βελ-

271 1278 444 1332 τίστης’
434 1278 516 1320 όντι
545 1281 685 1348 μοίρας
710 1278 833 1334 ὁποίῳ
855 1292 918 1320 σοι
948 1277 1040 1329 (ι’να
1061 1295 1178 1346 ημων
1201 1295 1239 1319 τι
1261 1295 1331 1320 του
1354 1267 1561 1333 βαρβάρου
1567 1280 1727 1348 μέρους

271 1336 464 1380 ἐντεῦθεν
491 1351 611 1388 τυχον
643 1321 978 1387 ἆποσμιλευθείη,
1008 1334 1077 1376 καὶ
1103 1332 1208 1376 ου’τω
1236 1352 1307 1377 του
1334 1340 1490 1404 μακροῦ
1505 1333 1654 1390 γράσον
1677 1354 1727 1378 τα

272 1393 393 1446 ημῶν
415 1392 573 1458 ἐκσταίη
607 1389 707 1433 navo?
737 1389 889 1444 βραχυ)
919 1394 998 1432 νῦν
1016 1389 1078 1432 ότι
1094 1408 1148 1444 μη
1167 1390 1267 1432 nocto}
1282 1389 1423 1445 καιρόν
1441 1405 1503 1434 σοι
1519 1409 1565 1434 το
1586 1390 1727 1446 ζητού-ὲ

272 1466 394 1503 μενον
430 1464 634 1514 ανεφανη,
678 1451 828 1500 μᾶλλον
858 1450 932 1488 τοῦ
946 1446 1156 1516 προτέρου
1186 1450 1403 1497 ταλανίζειν
1431 1449 1648 1526 παρέχεται.
1704 1446 1727 1492 'd

270 1523 347 1562 γαρ
366 1505 518 1555 ἔλαιον,
550 1501 599 1545 σύ
617 1520 658 1545 τε
674 1501 818 1553 αξιοῖς,
847 1501 957 1558 καγώ
979 1501 1192 1557 βούλομαι,
1222 1501 1251 1557 ἢ
1269 1501 1383 1546 τοῦτ’
1404 1506 1547 1556 εἰπεῖν,
1578 1502 1634 1547 δι’
1655 1521 1727 1548 ευ-

270 1579 347 1616 χης
375 1559 502 1614 εἶχον,
532 1577 634 1615 προς
666 1557 845 1601 τοιοῦτὸν
870 1576 960 1602 τινα
979 1563 1190 1628 διαβῆναι,
1224 1578 1323 1602 κατα
1342 1558 1478 1631 χώραν
1499 1559 1726 1615 μεμενηκόςί

269 1635 326 1668 ως
356 1635 383 1672 η
416 1621 496 1659 τῶν
524 1633 768 1672 πραγματων
797 1616 919 1659 ἔδωκε
945 1613 1093 1670 φύσις,
1126 1617 1192 1661 ἐπὶ
1209 1616 1258 1659 τοὶ
1273 1615 1374 1672 πρός
1393 1619 1528 1673 χρείαν
1546 1619 1727 1672 κατέστη

270 1761 458 1798 delectavit
480 1761 643 1803 maxime,
677 1760 876 1807 placuitque
901 1761 1026 1808 duplici
1049 1761 1145 1797 simul
1173 1762 1326 1798 nomine:
1361 1763 1450 1810 quod
1475 1766 1511 1798 et
1532 1764 1576 1798 ab
1599 1763 1728 1808 optimu

267 1809 454 1853 eodemque
485 1807 713 1842 laudatissimo
750 1807 868 1842 sodale
905 1812 941 1841 et
978 1807 1068 1852 quod
1101 1820 1174 1843 cum
1207 1809 1350 1853 plurima
1383 1809 1551 1843 conditum
1590 1813 1730 1849 extaret

268 1854 392 1898 gratia.
437 1852 517 1898 quin
541 1858 579 1887 et
601 1864 709 1897 paene
732 1851 931 1907 provocavit
961 1853 1003 1886 ad
1037 1853 1126 1887 aliud
1157 1855 1238 1899 quid
1269 1855 1374 1889 maius
1398 1855 1625 1899 audaciusque
1647 1858 1726 1888 ten-

271 1899 428 1940 tandum,
468 1899 561 1942 quod
584 1899 722 1942 utique,
754 1898 818 1931 nisi
841 1909 935 1931 amor
959 1901 1076 1938 vetus,
1110 1903 1226 1943 utpote
1251 1900 1315 1934 vim
1340 1900 1466 1934 habens
1487 1900 1588 1943 longe
1606 1899 1730 1936 dissita·

273 1943 496 1987 coniungendi
534 1943 775 1988 adversaque
765 1943 908 1977 invicem
942 1942 1137 1996 plerumque
1159 1944 1373 1988 conciliandi,
1395 1946 1526 1979 veniam
1547 1947 1641 1980 sacto
1661 1945 1727 1979 de-

273 1994 493 2044 precaretur,
521 2000 640 2033 parum
672 1988 783 2023 abfuit
813 1988 893 2034 quin
924 1999 986 2022 nos
1006 1988 1040 2022 in
1063 2000 1177 2024 eorum
1200 1990 1348 2025 ordinem
1376 1991 1568 2035 redigeret,
1600 1991 1729 2037 quibua

274 2036 350 2069 iure
371 2034 561 2088 meritoque
583 2038 834 2068 succenseatur.
882 2033 925 2068 ad
948 2033 1133 2088 quidnam?
1165 2036 1312 2070 sortasse
1334 2047 1501 2081 quaeres:
1526 2047 1646 2080 nempe
1667 2037 1726 2079 ad,

276 2092 351 2114 (um
382 2083 477 2114 tanto
509 2079 604 2121 viro,
635 2080 722 2114 haud
753 2079 823 2113 scio
846 2091 889 2114 an
911 2091 978 2113 non
998 2079 1140 2114 interius
1166 2093 1265 2126 quam
1289 2082 1397 2127 quivis
1419 2082 1506 2116 alter
1528 2081 1670 2117 Musis
1658 2081 1726 2116 lni-

275 2127 361 2160 tiato
397 2126 521 2171 (quem
543 2124 573 2159 si
598 2124 714 2160 videat
735 2125 976 2159 Demosthenes
997 2124 1087 2159 inter
1109 2138 1189 2170 nos,
1222 2127 1315 2161 dicat
1337 2127 1498 2161 Mercurii
1520 2127 1655 2162 facundi
1677 2127 1728 2162 si-

275 2172 460 2206 mulacrum
483 2170 527 2204 ad
549 2182 609 2204 nos
633 2172 789 2215 venisse)
823 2170 1101 2226 comparationem
1124 2177 1169 2205 et
1181 2173 1469 2207 commutationem
1491 2173 1729 2208 attentandam

276 2223 413 2251 nostrae
444 2216 541 2250 huius
571 2228 671 2261 quam
706 2216 802 2251 vides
835 2216 989 2261 linguae,
1021 2228 1084 2250 nec
1106 2217 1185 2251 olim
1207 2218 1436 2263 exquisitioris
1457 2218 1648 2262 elegantiae
1669 2218 1726 2253 vel

276 2273 340 2307 per
362 2261 478 2295 summi
502 2261 764 2310 explorationem
788 2262 885 2317 digiti
908 2267 1007 2316 gustu
1039 2262 1187 2297 imbutae
1218 2271 1254 2297 et
1277 2275 1364 2298 nunc
1386 2264 1486 2308 longa
1504 2264 1726 2298 rusticatione

276 2308 330 2361 sic
358 2305 502 2350 agrestis
527 2305 705 2350 redditae,
743 2310 782 2342 ut
814 2308 870 2342 vix
901 2308 988 2341 sciat
1016 2302 1173 2353 scapham
1205 2311 1362 2355 scapham
1389 2309 1514 2344 dicere.
1562 2310 1726 2345 confiteor

277 2352 364 2386 enim
387 2352 467 2386 Tibi
498 2352 617 2387 vitium
648 2354 790 2388 tacitum
813 2358 849 2388 et
871 2353 988 2387 clam
979 2364 1011 2387 m
1033 2354 1108 2388 sinu
1136 2355 1309 2398 habitum,
1333 2367 1420 2389 nunc
1441 2355 1491 2390 ita
1511 2355 1725 2390 invalescens

275 2400 349 2432 fato
380 2398 524 2442 quodam
554 2410 649 2442 meo,
676 2404 716 2433 ut
745 2399 928 2453 periculum
952 2398 998 2433 sit
1019 2411 1062 2433 ne
1083 2400 1117 2433 in
1140 2401 1281 2435 solidum
1304 2401 1370 2435 mei
1391 2400 1553 2446 deinceps
1574 2401 1726 2443 domine-

275 2447 345 2478 tur.
391 2443 495 2476 habes
526 2444 614 2478 unde
641 2444 893 2500 persuadearis
909 2443 1062 2480 miserari
1093 2457 1153 2479 nos
1184 2445 1298 2492 potius
1328 2457 1428 2492 quam
1451 2446 1568 2480 felices
1590 2445 1724 2492 praedi-

277 2499 377 2529 care,
411 2488 531 2533 quibus
564 2501 606 2523 ne
637 2491 819 2534 contigerit
851 2489 985 2536 quidem
1017 2502 1090 2524 oum
1122 2503 1286 2537 quoquam
1316 2502 1367 2526 ex
1380 2491 1506 2545 optimo
1529 2491 1586 2526 illo
1609 2495 1727 2526 vestro

277 2544 401 2578 genere
432 2544 472 2566 ac
504 2535 621 2568 ordine
653 2536 922 2581 politissimorum
955 2536 1135 2579 congredi,
1177 2538 1269 2572 cuius
1301 2548 1365 2571 usu
1393 2537 1581 2592 attrituque
1609 2547 1670 2571 nos
1701 2548 1722 2570 e

275 2582 373 2613 faece
403 2579 619 2613 barbaromm
660 2583 826 2617 abradere
857 2581 1099 2626 aliquantulum
1132 2594 1303 2627 possemus
1333 2583 1377 2616 de
1407 2583 1536 2637 pingui
1548 2583 1610 2617 hoe
1641 2592 1722 2616 suc-

277 2625 353 2658 cido
387 2623 558 2669 ριιεῐοιίῑίἱ
588 2625 755 2670 horroris,
788 2638 854 2672 quo
885 2632 1055 2669 vestrum,
1089 2628 1236 2662 delicate
1257 2628 1472 2671 mundorum,
1503 2627 1645 2662 nitorem
1667 2628 1722 2660 of·-

275 2669 450 2704 sendimus.
496 2670 557 2703 sed
589 2671 745 2712 maiorem
779 2673 845 2707 ista
876 2671 980 2717 priori
1015 2673 1192 2708 miserandi
1214 2685 1257 2709 ac
1279 2673 1410 2708 dolendi
1424 2683 1562 2717 causam
1585 2672 1721 2715 offeret,

275 2715 365 2759 quod
395 2714 493 2749 modo·
521 2714 664 2750 accidit·
700 2718 893 2761 petitionem
923 2718 1085 2752 videlicet
1103 2723 1194 2753 tuam
1217 2719 1261 2754 ad
1282 2723 1414 2764 tempus
1436 2729 1500 2752 non
1523 2717 1721 2752 occurrisse.

277 2772 352 2794 uam
377 2761 484 2793 oleum
531 2761 598 2794 uod
618 2766 654 2794 tu
671 2762 787 2815 petis,
820 2767 856 2796 et
888 2775 950 2808 ego
981 2764 1098 2806 velim,
1135 2768 1215 2805 aut,
1245 2769 1284 2799 ut
1307 2775 1388 2799 vere
1416 2763 1544 2805 dicam,
1575 2762 1610 2796 in
1632 2762 1722 2798 votis

276 2805 394 2846 habui,
427 2806 485 2839 ad
499 2771 641 2851 iiiiquem
670 2806 759 2841 istuc
791 2807 891 2841 talem
927 2809 1036 2862 qualis
1059 2813 1095 2843 tu
1119 2821 1156 2843 es
1184 2809 1352 2852 transire,
1384 2807 1586 2842 detentum·
1576 2819 1610 2842 ιιι
1632 2809 1721 2850 loco,

276 2856 378 2896 prout
408 2861 519 2887 rerum
548 2855 671 2889 natura
692 2852 792 2896 tulit,
822 2853 1010 2889 collatum·
1001 2865 1036 2890 ιιι
1058 2866 1153 2890 usum
1176 2858 1240 2890 est.
1285 2854 1438 2900 adeoque
1458 2865 1522 2888 nec
1543 2853 1631 2890 oliva
1652 2853 1729 2889 iam
