1884 3262
259 182 358 234 674
654 179 968 227 OBSERVAT.
1003 180 1316 225 PACHYMER.

260 307 401 334 corum
417 290 585 329 schisma
606 289 759 329 haeresi
778 287 1068 328 cumulantium
1087 288 1351 341 pervicaciam
1375 289 1499 329 evasit
1519 289 1715 342 intempe-

258 351 373 389 stiva.
404 348 549 387 etenim
567 347 629 386 illi
646 347 843 385 abstinere
859 360 880 384 a
898 347 1018 384 cantu
1035 345 1205 397 symboli
1222 359 1314 384 cum
1331 345 1530 385 additione
1537 347 1714 397 filioque

256 419 333 458 pro
352 404 463 453 signo
485 403 753 455 profitentium
775 416 885 442 suam
906 403 955 441 de
972 402 1222 453 processione
1236 401 1406 454 Spiritus
1423 403 1558 442 Sancti
1575 416 1624 441 ex
1643 417 1715 454 pa-

256 468 320 499 tre
338 460 424 498 solo
440 459 631 499 haeresim
651 459 858 498 habebant.
889 459 946 497 sic
963 458 1128 497 Pliotius
1147 460 1316 497 Leonem
1333 459 1509 497 Tertium
1526 465 1714 510 tanquam

257 517 334 555 sibi
356 516 670 555 consentientem
696 517 737 554 in
758 516 833 554 ista
856 513 1095 567 blasphemia
1122 514 1282 565 laudat,
1313 514 1418 567 quod
1438 514 1625 553 nimirum
1645 515 1714 554 ille

254 573 452 612 noluisset
491 572 643 612 cantari
675 572 900 624 symbolum
933 585 1023 610 cum
1053 572 1320 610 additamento
1342 571 1528 622 filioque.
1587 571 1714 610 coacti

256 643 350 680 ‚ergo
384 642 476 667 vere
504 635 619 677 sunt,
656 636 704 667 ut
730 629 908 679 loquitur
932 628 1111 667 Andreas
1136 627 1314 666 Rhodius
1343 627 1525 679 superius
1554 627 1712 677 relatus,

255 685 427 725 Romani
457 685 664 737 pontifices
697 685 850 723 cantari
879 685 1011 723 iubere
1047 684 1273 736 symbolum
1302 684 1371 722 tali
1403 683 1605 721 additione
1636 696 1714 721 au-

256 748 387 791 ctum,
416 741 521 780 iusto
552 747 661 780 metu
692 741 822 792 gravis
856 740 1051 788 scandali,
1079 747 1166 778 tum
1195 740 1300 793 apud
1331 739 1514 787 Latinos,
1546 752 1716 790 quorum

255 797 445 838 ecclesiae
463 799 672 851 pleraeque
687 799 764 836 iam
784 798 891 835 ultro
912 804 1071 835 cantum
1090 797 1204 835 illuni
1226 802 1474 849 usurparant,
1503 802 1591 834 tum
1609 795 1716 847 apud
1777 839 1780 843 ⁴

257 855 455 904 Graecos,
486 855 556 906 qui
577 855 659 893 eius
679 854 736 893 rei
758 853 1007 893 omissionem
1030 853 1072 891 in
1095 853 1239 892 erroris
1260 854 1320 891 sui
1344 852 1610 905 patrocinium
1630 858 1716 890 tra-

253 911 416 951 hebant.
474 917 513 949 et
532 917 664 948 tamen
687 911 751 949 vel
773 910 832 948 sic
856 911 984 948 coacti
1004 916 1274 961 temperarunt
1294 910 1467 948 Graecos
1490 909 1598 961 ipsos
1619 908 1716 946 adi-

254 981 347 1018 gere
375 967 425 1005 ad
452 966 495 1006 id
522 967 744 1018 symbolum
767 981 855 1004 cum
878 966 964 1018 pari
983 967 1186 1004 additione
1207 967 1249 1004 iu
1272 966 1437 1004 ecclesia
1460 964 1714 1003 cantandum.

253 1024 353 1062 licet
383 1036 465 1061 non
496 1023 676 1061 deessent
699 1023 956 1071 fervidiores,
988 1023 1055 1073 qui
1075 1023 1117 1060 id
1144 1023 1302 1061 Graecis
1321 1022 1473 1072 iniungi
1488 1021 1713 1060 suaderent.

254 1085 394 1123 contra
418 1093 517 1130 quos
538 1079 694 1119 videtur
717 1080 883 1117 Ioannes
906 1080 1114 1117 Parastron
1128 1108 1141 1128 ,
1171 1080 1310 1118 missus
1331 1077 1715 1129 Constantinopolim

254 1151 278 1178 a
300 1135 489 1186 Gregorio
506 1137 565 1184 X,
594 1135 661 1173 ille
684 1137 801 1174 verba
823 1149 843 1172 a
865 1135 1105 1186 Pacbymere
1132 1133 1210 1173 hoc
1232 1135 1362 1186 capite
1380 1134 1544 1173 recitata
1566 1139 1715 1186 protu—

253 1192 372 1240 lisse3
402 1205 473 1243 per
504 1204 604 1242 quae
633 1192 794 1229 suadere
826 1191 958 1230 studet
977 1192 1086 1229 Italis
1110 1198 1155 1228 at
1177 1190 1344 1229 dimisso
1359 1198 1572 1242 amotoque
1587 1188 1714 1227 addi-

254 1250 382 1286 tionis
406 1246 465 1285 ad
489 1247 715 1297 symbolam
752 1246 798 1297 (a
831 1247 991 1285 Graecis
1017 1247 1201 1285 videlicet
1229 1247 1467 1297 exigendae)
1501 1245 1713 1295 scandalo,

253 1303 586 1355 cumfratribus,
616 1317 716 1355 quos
736 1302 911 1343 viderent
924 1304 1071 1354 palam
1096 1304 1262 1341 Graecis·
1282 1303 1513 1352 conciliari,
1542 1316 1634 1340 vera
1653 1303 1716 1340 ita

254 1360 417 1399 demum
451 1361 659 1398 coalitura
685 1374 811 1412 pace,
850 1360 1003 1398 vellent.
1060 1360 1121 1398 uti
1148 1366 1185 1398 et
1211 1359 1388 1398 vicissim
1418 1360 1588 1398 Graecos
1619 1368 1715 1397 mox

253 1417 363 1469 ipsos
393 1416 580 1454 hortatur
608 1416 657 1453 ad
691 1416 953 1454 admittendas
984 1421 1022 1454 et
1050 1416 1145 1454 satis
1171 1415 1420 1468 accipiendas
1439 1414 1714 1462 excusationes

253 1487 352 1524 quas
377 1473 503 1511 Latini
522 1473 737 1523 allegarent
755 1486 828 1525 pro
847 1472 1116 1519 additamento
1137 1472 1187 1511 ad
1207 1472 1442 1524 symbolum,
1470 1470 1546 1510 hoc
1565 1478 1624 1510 est
1639 1484 1714 1524 pro

254 1544 302 1568 eo
332 1529 440 1581 quod
467 1528 691 1580 symbolum
718 1543 817 1568 voce
828 1530 1005 1581 filioque
1027 1535 1187 1568 auctum
1208 1529 1250 1567 in
1271 1528 1351 1567 suis
1372 1528 1550 1567 ecclesiis
1575 1534 1714 1566 canta—

251 1592 367 1634 rent,
397 1592 518 1637 prout
543 1586 655 1624 iustis
685 1591 725 1623 et
751 1587 975 1625 necessariis
994 1585 1043 1624 de
1064 1586 1190 1624 causis
1211 1586 1376 1624 maiores
1395 1585 1571 1637 ipsorum
1588 1584 1631 1622 id
1647 1584 1714 1623 in-

251 1643 485 1681 stituissent.
542 1642 780 1693 praestitisse
809 1642 906 1681 mihi
937 1642 1075 1682 videor
1106 1641 1214 1693 quod
1245 1642 1521 1694 promiseram,
1550 1645 1591 1679 et
1619 1641 1713 1680 satis

251 1699 414 1738 evicisse
446 1699 596 1736 nullam
623 1698 664 1736 in
686 1699 791 1737 sacto
818 1699 1032 1753 additionis
1048 1699 1158 1737 vocis
1168 1700 1344 1751 filioque
1362 1698 1413 1737 ad
1433 1697 1714 1736 Constantino-

251 1755 476 1807 politanum
510 1754 733 1807 symbolum
770 1756 1028 1794 temeritatem
1054 1755 1286 1794 Latinorum
1313 1767 1425 1807 posse
1453 1754 1605 1804 notari,
1643 1753 1714 1792 sed

253 1824 445 1849 summam
464 1812 598 1862 potius
619 1817 659 1848 et
678 1812 842 1849 Romani
859 1811 1053 1863 pontificis
1071 1818 1111 1850 et
1131 1811 1379 1850 ecclesiarum
1399 1811 1621 1862 Occidentis
1638 1823 1713 1862 ap-

250 1880 391 1920 parere
422 1881 511 1905 cum
542 1867 816 1905 fundatissima
834 1868 986 1905 ratione
1004 1868 1311 1906 moderationem
1331 1881 1375 1905 ac
1394 1866 1641 1919 sapientiam,
1670 1867 1713 1904 in

251 1923 484 1961 necessitate
516 1922 730 1961 obsistendi
756 1923 946 1972 grassanti
977 1921 1129 1962 haeresi
1154 1924 1459 1975 temperantium
1479 1929 1611 1961 tamen
1627 1922 1671 1961 id
1689 1936 1712 1960 a

249 1980 411 2018 Graecis
437 1979 611 2029 exigere,
641 1992 720 2029 quo
744 1980 831 2017 illos
855 1979 1142 2031 exasperandos
1159 1985 1198 2017 et
1217 1980 1387 2030 quadam
1408 1979 1713 2031 exprobratione

249 2036 457 2089 praeteriti
485 2035 630 2073 erroris
660 2035 958 2075 confundendos
985 2036 1272 2087 intelligebant,
1301 2042 1342 2074 et
1360 2036 1437 2074 ista
1459 2036 1624 2087 benigna
1643 2049 1712 2074 ac-

251 2092 565 2131 commodatione
591 2090 836 2131 studentium
866 2105 931 2131 eos
960 2092 1013 2132 ad
1037 2093 1262 2132 unanimam
1287 2093 1537 2131 ecclesiarum
1557 2092 1711 2131 allicere

250 2149 515 2188 concordiam.

363 2245 402 2284 p.
414 2234 495 2274 390
508 2245 546 2270 v,
561 2232 626 2273 17.
656 2229 700 2271 τό
714 2228 815 2285 πρός
832 2228 902 2274 τὸν
918 2227 1093 2286 Ἀβραᾶμ
1109 2235 1185 2274 τοῦ
1202 2235 1317 2274 θεοῦ.
1347 2231 1495 2285 aliquid
1513 2231 1709 2283 quodam·

253 2288 374 2327 modo
393 2289 517 2327 simile
537 2287 686 2326 dictum
705 2287 900 2328 Abraamo
920 2302 944 2327 a
963 2289 1037 2329 deo
1054 2290 1251 2342 reperitur
1275 2290 1413 2329 Genea.
1440 2293 1492 2331 12
1514 2292 1559 2332 2:
1588 2289 1709 2328 bene-

254 2344 391 2382 dicam
418 2343 733 2383 benedicentibus
762 2346 837 2383 tibi
861 2351 935 2386 etc..
991 2352 1190 2385 caeterum
1218 2347 1362 2396 verba,
1390 2351 1438 2385 ut
1468 2345 1536 2384 hic
1566 2345 1710 2394 iacent,

251 2401 387 2453 potius
415 2407 572 2453 sumpta
602 2400 790 2441 videntur
821 2415 874 2440 ex
903 2403 1044 2441 Genes.
1073 2406 1128 2446 27
1159 2405 1232 2445 29:
1262 2405 1335 2455 qui
1360 2401 1599 2441 benedixerit
1623 2401 1710 2451 tibi,

252 2459 310 2495 sit
337 2458 420 2508 ipse
446 2456 699 2509 benedictus,
738 2459 811 2510 qui
847 2458 1098 2498 maledixerit
1127 2460 1226 2507 tibi,
1264 2457 1615 2498 maledictionibus
1647 2471 1709 2496 re-

251 2515 427 2565 pleatur.
483 2514 552 2550 sed
583 2512 681 2551 haec
706 2528 787 2553 non
815 2514 1001 2555 dicuntur
1031 2530 1053 2553 a
1081 2515 1155 2555 deo
1176 2516 1396 2566 Abraamo,
1425 2515 1493 2554 sed
1510 2515 1560 2554 ab
1577 2514 1708 2553 Isaeco

254 2570 419 2620 Iacobo,
450 2575 497 2608 ut
515 2569 620 2607 forte
638 2569 716 2608 hoc
735 2572 787 2609 sit
806 2570 1052 2625 μνημονικόν
1073 2569 1234 2625 σφάλμα
1254 2572 1513 2623 Pachymeris.

370 2665 404 2691 c.
434 2655 501 2695 ΞΟ.
559 2651 729 2699 Quando
760 2656 967 2707 contigerit
989 2655 1068 2694 hoc
1096 2657 1222 2708 capite
1252 2663 1413 2696 narrata
1449 2653 1706 2694 incomitiatio

255 2709 428 2747 rhetoris
475 2708 655 2746 ecclesiae
693 2709 878 2750 Holoboli
916 2713 1163 2752 ostendemus
1198 2713 1302 2752 infra
1338 2714 1380 2752 in
1418 2710 1708 2761 chronologicis

255 2766 281 2802 l.
304 2768 328 2806 3
349 2765 491 2803 harum
509 2765 837 2805 Observationum
855 2782 889 2809 c.
908 2770 934 2810 5
955 2784 994 2811 n.
1015 2773 1055 2811 6.
1105 2783 1214 2808 nunc
1231 2769 1470 2808 occasionem
1486 2781 1569 2806 non
1587 2766 1707 2806 omit-

256 2827 340 2859 tam
379 2820 674 2862 demonstrandi
705 2822 940 2865 Vaticanum
975 2825 1270 2879 paraphrasim
1302 2837 1547 2878 nequaquam
1578 2823 1707 2877 ipsum
