1884 3262
250 213 346 260 658
642 208 950 260 osssssnmr.
981 207 1290 271 meamea.

245 319 455 369 habitualis
473 317 738 371 κληρονομίας
754 316 984 357 hereditatis
1000 315 1192 356 vocabulo
1209 315 1406 367 signatum
1432 316 1538 358 dona
1556 321 1689 356 autem

248 377 425 417 nondum
453 374 587 413 habita
617 374 834 414 necessaria
859 373 1120 426 perducendis
1147 372 1260 411 nobis
1286 372 1336 410 ad
1359 372 1476 413 finem
1501 373 1689 411 ultimum

252 437 540 479 consummatae
557 430 809 470 beatitudinis
820 459 831 480 ‚
860 426 1147 482 περιποιήσεως
1167 429 1450 481 acquisitionis
1464 429 1690 469 indicantur

248 488 383 528 verbo.
443 487 517 525 ista
549 487 651 525 dona
680 487 794 525 velut
819 487 862 524 in
891 487 1014 524 aliena
1045 498 1165 523 manu
1186 486 1313 536 posita
1332 484 1556 523 redimenda
1575 484 1690 526 nobis

248 550 354 592 sunt,
383 543 460 581 hoc
479 549 538 581 est
554 543 759 581 emerenda
777 548 816 581 et
835 542 1079 593 impetranda
1099 541 1211 580 bonis
1233 541 1415 592 operibus
1438 546 1478 578 et
1492 541 1688 592 precibus.

247 613 299 638 ne
318 606 448 637 autem
469 599 717 651 desperemus
738 613 780 637 ea
801 598 1010 649 impetrare
1031 611 1078 635 ac
1098 597 1312 649 promereri
1328 610 1399 634 nos
1420 609 1545 647 posse,
1575 596 1692 634 datur

106 659 133 692 P
157 656 226 694 484
249 656 364 694 nobis
398 669 533 693 eorum
565 669 746 707 praesens
780 655 920 706 pignus
939 656 1104 692 Sanctus
1133 653 1328 705 Spiritus,
1358 652 1540 703 idemque
1559 651 1694 705 effica-

249 712 429 750 cissimus
446 711 604 749 adiutor
627 711 677 749 ad
702 710 944 764 operandum
963 709 1069 761 quod
1089 723 1110 746 a
1129 709 1241 748 nobis
1259 708 1448 759 exigitur,
1475 714 1522 746 ut
1537 707 1695 759 plenam

250 769 416 806 salutem
436 781 698 817 assequamur,
755 767 864 805 iuxta
879 766 987 804 hunc
1005 779 1160 804 sensum
1184 778 1300 816 quam
1326 771 1435 803 recte
1448 763 1698 807 >cohaereant:

249 824 371 863 verba
391 823 559 874 apostoli
589 823 697 861 videt
715 824 894 873 profecto
923 822 1096 873 prudens
1122 822 1272 867 lector;
1302 821 1496 871 simulque
1513 819 1698 869 intelligit

249 894 367 931 quam
386 879 535 917 nullam
552 879 797 917 commodam
817 878 1050 917 sententiam
1069 877 1215 915 efficiat
1234 877 1472 915 Genevensis
1490 875 1698 928 expositio.

250 949 352 987 quae
375 941 432 973 est
450 934 554 973 enim
573 934 786 986 redemptio
803 935 1036 972 assertionis
1058 941 1132 971 aut
1153 931 1474 973 vindicationis?
1504 938 1546 970 at
1560 932 1699 983 acqui-

248 992 436 1039 sitionis,
466 990 544 1028 hoc
562 997 641 1039 est,
669 991 728 1030 rei
752 991 926 1028 nondum
951 1003 1149 1042 possessae
1170 989 1438 1039 adiungendae
1456 988 1507 1027 ad
1529 988 1572 1027 id
1593 987 1700 1039 quod

250 1047 328 1086 iam
359 1046 569 1096 habemus,
609 1047 725 1085 facile
751 1046 877 1097 quivis
901 1046 1092 1098 perspicit
1121 1045 1208 1083 fieri
1235 1045 1538 1097 redemptionem
1571 1056 1699 1096 posse,

247 1102 331 1141 hoc
349 1110 428 1151 est,
459 1102 589 1153 parari
609 1115 694 1140 eam
718 1108 758 1140 et
776 1102 885 1152 quasi
904 1102 979 1140 emi
1003 1102 1204 1153 persoluto
1222 1102 1348 1152 pretio
1374 1100 1533 1143 idoneo,
1594 1105 1700 1138 certe

250 1158 400 1197 Latinis
420 1158 680 1209 scriptoribus
698 1158 848 1208 primae
869 1157 1005 1195 classis
1024 1156 1262 1209 acquirendi
1278 1156 1439 1196 verbum
1453 1156 1556 1196 hanc
1571 1155 1698 1207 ipsam

253 1227 374 1264 quam
406 1213 659 1264 exposuimus
685 1212 885 1250 notionem
917 1212 1034 1250 habet
1062 1213 1258 1262 augmenti
1290 1220 1330 1252 et
1349 1212 1562 1252 additionis
1582 1224 1700 1262 super

252 1269 364 1321 prius
383 1282 560 1320 possessa
583 1269 816 1307 cumulatae.
847 1268 926 1306 Cic.
944 1268 1095 1319 epist.7
1116 1269 1143 1307 l.
1166 1271 1212 1310 3:
1234 1277 1376 1319 postea
1395 1282 1483 1306 vero
1502 1282 1626 1319 quam
1639 1269 1701 1308 ita

244 1326 389 1376 ‚accepi
399 1354 410 1373 ,
440 1325 501 1361 ita
512 1325 623 1374 gessi
647 1326 817 1375 imperia
831 1325 1031 1366 maxima,
1060 1331 1107 1361 ut
1120 1323 1222 1360 mila·
1237 1324 1346 1362 nillil
1359 1338 1484 1376 neque
1501 1322 1562 1362 ad
1579 1323 1702 1361 Ιιυηο-

253 1394 335 1423 rem
358 1395 480 1431 neque
499 1378 558 1416 ad
574 1381 752 1430 gloriam
779 1379 1070 1431 acquirendum
1092 1387 1296 1431 putarem.
1353 1380 1458 1418 idem
1484 1379 1526 1417 in
1547 1379 1703 1418 Cutilia.

255 1450 350 1486 nam
367 1437 470 1473 milit
486 1435 643 1487 quidem
658 1437 739 1487 ipsi
759 1435 862 1488 quid
879 1443 935 1474 est
953 1435 1065 1487 quod
1080 1438 1164 1473 iam
1184 1435 1243 1474 ad
1257 1437 1559 1488 vitaesractum
1570 1436 1704 1487 possit
1747 1427 1754 1433 ’

257 1493 429 1544 acquiri.
485 1498 530 1529 ut
545 1491 685 1529 similia
706 1493 883 1536 omittam
905 1493 1030 1530 multa
1047 1492 1193 1544 passim
1209 1492 1338 1534 obvia.
1383 1492 1480 1530 haec
1499 1493 1595 1530 satis
1610 1495 1705 1529 sunt

255 1548 308 1596 ad
337 1547 596 1588 evincendum
630 1554 768 1587 contra
801 1548 1071 1587 cavillationes
1097 1554 1353 1599 novatorum,
1391 1555 1562 1587 veterem
1582 1549 1705 1588 inter-

255 1610 409 1656 pretem
424 1604 631 1655 vulgatum
652 1617 733 1643 non
750 1604 926 1656 potuisse
942 1604 1082 1642 melius
1101 1606 1321 1657 exprimere
1339 1605 1422 1643 vim
1441 1605 1612 1643 Graecae
1632 1616 1704 1643 vn.-

260 1660 315 1710 cis
335 1660 585 1712 περιποίησις
608 1673 724 1711 quam
749 1660 803 1710 ei,
822 1667 879 1698 ,ut
905 1660 1022 1710 fecit,
1051 1661 1287 1712 opponendo
1305 1660 1544 1700 vocabulum
1564 1660 1704 1711 acqui-

257 1717 351 1757 sitio
359 1731 373 1763 ,·
404 1729 477 1754 nec
505 1729 576 1753 nos
602 1716 710 1767 quod
742 1723 876 1754 noster
904 1715 980 1754 hoc
1007 1717 1095 1754 loco
1126 1716 1339 1755 historicus
1367 1717 1423 1765 εἷς
1451 1717 1704 1768 περιποίησιν

257 1771 489 1816 attributum
513 1771 631 1822 dicit,
662 1772 763 1810 male
782 1772 998 1811 declarasse
1016 1772 1145 1812 verbis
1164 1773 1246 1811 illis
1265 1775 1310 1811 in
1332 1780 1592 1825 augmentum
1598 1773 1705 1822 fun-

258 1826 440 1869 (lationis
459 1833 532 1866 etc.

117 1885 146 1919 P
170 1883 235 1919 461
369 1897 410 1934 p.
442 1881 523 1924 348
553 1895 593 1922 v.
610 1882 677 1924 24.
733 1897 780 1921 ne
807 1884 991 1923 umbram
1019 1884 1184 1936 ⁵quidem
1213 1885 1344 1923 allius
1368 1883 1704 1923 munitiunculae.

259 1938 304 1991 in
329 1938 478 1976 Graeco
495 1935 594 1990 μηδὲ
615 1940 813 1992 φρουρίου
832 1938 958 1980 σκιάν.
1015 1940 1111 1979 haec
1130 1941 1313 1979 alludunt
1333 1942 1382 1979 ad
1403 1954 1539 1979 vocem
1561 1951 1704 1991 μεσεμ-

260 1994 392 2047 βρείας
410 2007 504 2032 mox
534 1994 714 2045 positam.
770 2008 869 2045 quae
893 2009 1035 2035 nomen
1064 1997 1223 2048 quidem
1241 2003 1324 2034 erat
1352 2003 1469 2034 notae
1490 1996 1621 2045 urbis,
1638 1996 1704 2034 Vde

262 2064 337 2101 qua
355 2050 421 2088 hic
440 2049 581 2100 agitur.
637 2049 708 2088 sed
725 2051 832 2100 quod
853 2058 933 2090 tam
950 2066 1074 2104 prope
1103 2053 1306 2091 accederet
1331 2053 1382 2090 ad
1401 2066 1539 2090 vocem
1559 2063 1704 2104 μεσημ-

263 2107 355 2158 βρία
372 2112 418 2143 ut
443 2106 546 2143 idem
575 2118 656 2143 esse
682 2105 896 2147 videretur.
954 2115 1067 2147 sonat
1098 2115 1225 2146 autem
1244 2109 1466 2161 μεσημβρία
1486 2108 1703 2147 meridiem.

261 2163 316 2200 ibi
334 2162 431 2199 latet
449 2161 652 2199 antithesis
669 2161 719 2200 ad
734 2159 852 2203 σκιά-ν
869 2164 1065 2207 umbram..
1122 2165 1165 2202 id
1187 2166 1259 2203 etsi
1290 2165 1396 2202 dictu
1416 2177 1602 2215 parvum,
1632 2164 1705 2202 adv-

263 2218 460 2263 monuisse
487 2217 685 2269 oportuit,
722 2231 772 2256 ne
803 2220 988 2257 lectorem
1016 2219 1082 2258 hic
1114 2220 1330 2259 offenderet
1357 2220 1637 2272 intempestiva
1665 2225 1706 2258 et

263 2269 573 2326 ἄπροσδιὸνυσος
587 2272 672 2311 visa
691 2275 850 2314 umbrae
867 2275 1026 2316 mentio.

375 2343 416 2380 p.
438 2330 518 2370 349
536 2342 576 2368 v.
598 2332 635 2370 3.
693 2328 718 2370 ό
734 2328 778 2370 δὲ
795 2327 972 2383 Μύτζης.
1028 2338 1075 2370 ut
1104 2345 1203 2384 quae
1222 2331 1301 2370 hoc
1322 2331 1450 2383 capite
1475 2332 1712 2370 reseruntur-

261 2383 552 2433 intelligantur,
579 2386 836 2436 repetendum
854 2400 904 2425 ex
931 2388 1109 2439 superius
1130 2387 1296 2440 sparsim
1318 2387 1485 2426 narratis
1507 2402 1528 2425 a
1551 2387 1704 2439 Pachy-

264 2452 369 2477 mere
389 2445 428 2476 et
446 2453 495 2476 ex
515 2440 685 2490 Gregora
704 2448 783 2491 est,
811 2442 1001 2481 loannem
1024 2444 1298 2496 imperatorem
1310 2473 1322 2493 ,
1351 2457 1466 2495 quem
1485 2442 1704 2495 Pachyme-

265 2508 328 2545 res
352 2494 420 2532 hic
438 2495 588 2534 Ducam
606 2503 743 2546 vocat,
772 2498 1063 2537 Cantacuzenus
1092 2500 1132 2537 in
1154 2499 1398 2551 praefatione
1424 2498 1612 2538 historiae
1629 2499 1703 2537 Ba-

267 2556 432 2599 tatzam,
450 2551 527 2590 ,cui
547 2551 776 2592 Theodorus
797 2554 972 2602 Lascaris
1001 2556 1112 2607 prior
1134 2555 1266 2594 dotale
1284 2555 1492 2608 imperium
1509 2553 1703 2594 transmi-

265 2612 392 2655 serat,
419 2605 508 2643 data
527 2606 560 2644 ei
581 2608 622 2643 in
643 2621 806 2647 uxorem
826 2610 937 2648 Irene
955 2610 1031 2649 filia
1043 2641 1053 2660 ‚
1090 2611 1217 2650 filium
1237 2617 1276 2649 et
1291 2624 1552 2650 successorem
1574 2610 1704 2660 impe-

266 2662 318 2699 rii
349 2660 531 2700 habuisse
560 2661 829 2715 Theodorum,
878 2667 1071 2705 Lascarim
1099 2681 1121 2704 a
1156 2673 1279 2705 matre
1312 2667 1461 2706 dictum
1474 2695 1486 2716 ,
1520 2671 1703 2716 nepotem

268 2716 466 2766 Theodori
487 2718 657 2755 Lascaris
682 2720 811 2769 primi.
867 2721 962 2760 huic
991 2723 1224 2775 desponsam
1244 2722 1430 2760 Helenam
1447 2721 1585 2760 Asanis
1606 2720 1705 2758 Bul—

267 2786 448 2821 garorum
476 2773 576 2823 regis
616 2772 737 2812 filiam
770 2783 904 2814 narrat
940 2778 1130 2828 Gregoras
1161 2779 1189 2818 l.
1222 2783 1249 2820 2
1276 2793 1317 2830 p.
1344 2780 1405 2819 13.
1442 2778 1553 2815 cuius
1588 2789 1715 2814 soror-

268 2827 421 2879 Mytzae
439 2830 586 2869 coniux
605 2830 701 2882 fuit,
728 2837 773 2870 ut
791 2844 862 2869 nos
884 2832 999 2873 docet
1020 2833 1275 2884 Pachynieres
1297 2833 1373 2872 hoc
1392 2833 1503 2884 loco,
1532 2832 1702 2883 Mytzam
