1884 3262
241 200 340 246 222
468 234 471 237 .
636 159 639 160 ⁷
662 194 899 241 GEORGII
930 195 1282 262 PAcnYMEffls

241 316 409 368 συχναΐς
438 309 697 366 ἀναγραφαῖς
722 308 798 360 τὰς
827 305 964 366 χώρας
994 309 1244 366 ἔκαλαμᾶτο.
1313 312 1534 358 ἐνεπίστευε
1564 314 1609 358 δὲ
1631 314 1708 365 τὰς

240 377 435 428 τοιαύτας
455 378 688 432 οἲκονομίας
707 380 774 420 καὶ
796 376 998 429 ἔξισιόσεις
1017 377 1214 437 ἀνδράσιν
1234 379 1394 434 οὐδέσι,
1428 380 1616 439 μεγάλων
1643 383 1708 426 ἐπὶ

139 439 141 441 K
190 459 220 493 B
244 446 406 497 τούτοις
426 446 679 502 τεταγμένων
701 446 748 490 τὸ
770 444 968 504 πρότερον
984 462 994 472 ·
1030 451 1197 505 Καΐσαρ
1219 448 1297 505 γὰρ
1312 447 1519 506 Ῥωμανός
1544 453 1610 494 καὶ
1631 450 1707 506 μὲ-

241 533 317 574 γας
350 516 590 570 δομέστικος
617 513 637 558 ὃ
668 520 744 558 τοῦ
771 516 973 571 βασιλέως
1001 517 1139 573 πατὴρ
1169 518 1357 568 ἐξισωταὶ
1384 519 1489 562 κατὰ
1511 517 1708 575 Σκάμαν-

242 587 342 642 δρον
371 580 493 640 ἦσαν.
561 584 665 639 πλὴν
699 582 995 643 ἒχρυσολόγουν
1015 587 1206 629 ἐντεῦθεν
1229 588 1297 629 καὶ
1319 590 1376 645 τῷ
1401 592 1521 646 κοινῷ
1539 588 1742 648 ταμιείῳ5

243 657 449 710 προσῆγον
476 652 529 696 vc>
560 651 768 710 χρήματα.
837 658 960 697 τοῦτο
986 655 1151 710 συμβὰν
1173 657 1345 706 καὶτοῖς
1362 654 1615 713 Παφλαγόσι
1641 658 1711 700 καὶ

241 729 328 773 τοΐς
358 721 628 780 προσωτέρω,
678 722 1029 780 ἠργυρολογοῦντο
1066 728 1124 783 τῷ
1150 722 1288 783 χρόνῳ
1321 722 1555 780 κάμνοντες.
1625 728 1711 770 τῶν

242 792 316 846 μέν
338 793 544 847 χρειωδῶν
572 791 644 834 καί
662 808 703 848 γε
723 792 815 834 λιάν
834 790 940 847 εἶχον
961 789 1145 847 εὐπόρως
1174 790 1370 848 διδούσης
1398 797 1473 848 τῆς
1502 797 1601 851 γῆς,
1635 811 1710 838 νο·-

196 873 226 907 c
248 858 465 916 μισμάτων
492 860 536 903 δὲ
564 864 758 916 πενιχρῶς
775 859 881 916 εἶχον
891 893 904 914 ,
945 859 1000 911 ὥς
1019 859 1184 904 πάντων
1205 859 1490 918 γεωργούντων
1510 862 1563 906 τὰ
1583 861 1712 920 ἀναγ-

242 936 355 973 aava.
423 929 782 987 κεφαλαιουμένων
807 934 906 985 γοῦν
931 934 1015 972 τῶν
1039 934 1167 974 τελῶν
1198 932 1261 973 ἐπὶ
1292 931 1514 986 νομίσμασι
1534 932 1708 989 χρυσίου
1721 934 1767 970 10

231 1000 311 1042 ’καὶ
332 997 550 1055 ἀργυρίου,
589 996 770 1048 διδόντες
790 998 837 1041 τὸ
858 999 977 1041 τεθὲν
999 1000 1042 1049 ἐξ
1062 997 1240 1055 ἀνάγκης
1258 1000 1547 1056 ἐξηποροῦντο.
1602 995 1711 1057 ἦσαν

244 1067 289 1110 δ’
320 1066 456 1117 ἄλλως
487 1068 554 1110 καὶ
583 1068 800 1124 στρατείας
831 1066 950 1110 οὐδὲν
978 1065 1142 1117 εῗδότες.
1211 1066 1324 1123 ὅμως
1349 1067 1500 1120 ἴθνους
1518 1072 1712 1126 φιλοκερ-

244 1138 344 1186 δοῦς
374 1136 572 1192 πονηρίαν
599 1135 732 1178 πολλὰ
764 1134 814 1178 ἂν
843 1133 967 1190 κάμοι
995 1153 1057 1186 τις
1084 1138 1284 1193 διορθοῦν
1315 1135 1476 1191 θέλων,
1513 1139 1631 1181 εἶκαὶ
1650 1137 1708 1194 μὴ

242 1202 418 1260 πάσχοι·
455 1206 490 1248 εἶ
510 1205 554 1247 δὲ
576 1202 744 1259 πάσχει,
777 1203 852 1247 οὐκ
882 1203 990 1247 ἔστιν
1012 1203 1121 1254 ὅπως
1141 1204 1198 1260 μὴ
1223 1204 1444 1262 ἀπρακτεῖν
1461 1210 1601 1249 πᾶσαν
1622 1206 1711 1249 ἐπί-

243 1292 385 1328 νοιανε,
443 1274 583 1316 ἐκεῖνοι
607 1274 765 1325 τοίνυν,
804 1273 871 1314 καὶ
890 1276 1050 1327 μᾶλλον
1074 1273 1113 1316 οἳ
1135 1279 1225 1323 ταῖς
1247 1272 1390 1330 ἄκραις
1412 1272 1709 1332 προσκαθήμε-
1722 1275 1767 1312 15

241 1361 327 1396 νοι,
365 1345 424 1400 τῷ
454 1359 496 1384 τε
528 1339 697 1396 πάσχειν
726 1340 892 1384 ἐνθένδε
919 1342 986 1384 καὶ
1013 1345 1073 1401 τῷ
1103 1342 1271 1394 ἐλπίζειν
1305 1344 1460 1386 ε’κεῖθεν
1482 1343 1534 1387 τοὶ
1557 1341 1709 1398 λώονα,

189 1420 222 1454 D
246 1413 280 1454 εἲ
299 1407 427 1467 μόνον
443 1416 723 1466 προσχωροΐεν
741 1406 899 1460 ἑκόντες
908 1443 922 1462 ,
952 1416 1206 1467 προσχωρεῖν
1226 1410 1407 1466 ἔγνωσαν
1427 1412 1494 1454 καὶ
1513 1410 1712 1468 ὁσημέραι

242 1480 535 1538 προσετίθεντο
568 1478 768 1536 Πέρσαις.
840 1482 963 1523 τοῦτο
989 1483 1088 1536 γοῦν
1115 1478 1182 1523 ἐπ’
1216 1478 1291 1524 οὐκ
1319 1478 1456 1537 ὄλίγον
1481 1477 1709 1538 γενόμενον,

238 1612 355 1648 ercitis
377 1611 555 1658 spicilegia
587 1611 762 1657 regionum
797 1611 998 1655 factitabat,
1030 1614 1131 1647 utens
1155 1613 1198 1648 ad
1220 1613 1257 1648 id
1280 1624 1386 1660 opera
1408 1613 1578 1649 hominum
1600 1612 1711 1655 nihili,

241 1671 316 1694 cum
340 1664 442 1694 antea
465 1659 692 1693 huiuscemodi
714 1658 830 1692 lustris
862 1658 1045 1693 condendis
1075 1660 1381 1705 collationibusque
1404 1660 1579 1705 exigendis
1599 1671 1712 1705 popu-

239 1706 348 1740 lorum
370 1704 567 1739 nobilissimi
590 1705 718 1750 quique
740 1704 884 1750 praefici
917 1705 1010 1739 soliti
1034 1709 1169 1741 essent}
1199 1718 1278 1741 nam
1313 1706 1443 1741 Caesar
1471 1707 1646 1740 Romanus
1675 1707 1713 1740 et

242 1762 385 1796 magnus
409 1750 613 1784 domesticus
635 1750 852 1796 imperatoris
874 1755 976 1795 pater
998 1762 1160 1786 censuras
1182 1752 1280 1786 istius
1307 1752 1446 1797 generis
1468 1762 1531 1796 per
1553 1751 1711 1796 regiones

241 1798 333 1832 circa
356 1797 600 1831 Scamandrum
623 1796 709 1830 sitas
731 1802 922 1840 gesserant.
966 1797 1003 1831 hi
1026 1809 1129 1842 porro
1153 1798 1308 1833 vilissimi
1335 1797 1482 1833 ministri
1508 1808 1625 1831 aurum
1646 1796 1713 1830 im-

241 1842 506 1877 misericorditer
537 1846 707 1877 extortum
743 1842 892 1887 undique
914 1842 951 1875 in
972 1844 1139 1878 aerarium
1170 1844 1410 1889 congerebant.
1456 1842 1515 1888 qui
1537 1854 1612 1876 cum
1634 1842 1713 1877 obi-

241 1894 322 1925 rent
345 1888 607 1934 Paphlagoniam
631 1892 667 1922 et
689 1888 867 1922 ulteriores
890 1887 1046 1932 regiones
1069 1890 1221 1934 pecuniis
1244 1890 1368 1924 acerbe
1391 1888 1632 1930 corradendis,
1667 1899 1709 1923 eo

242 1935 352 1980 magis
374 1935 594 1969 offendebant
613 1934 689 1968 illos
718 1935 879 1980 populos,
912 1934 1003 1979 quod
1033 1935 1245 1970 vexationem
1268 1947 1331 1982 per
1353 1946 1392 1970 se
1413 1935 1564 1969 odiosam
1585 1933 1710 1968 intem-

229 1981 420 2028 pestivitas
448 1985 529 2014 tunc
559 1980 725 2026 quaedam
757 1981 981 2025 aggravabat.
1029 1981 1257 2026 agriculturae
1279 1985 1399 2026 gentes
1429 1980 1510 2015 illae
1531 1980 1710 2026 plusquam

244 2026 466 2063 mercimoniis
497 2027 655 2071 deditae,
693 2027 795 2060 rebus
819 2027 862 2060 ad
885 2026 1012 2061 victum
1035 2039 1120 2072 quas
1143 2032 1238 2062 terra
1260 2027 1370 2072 gignit
1393 2026 1629 2070 abundabant,
1661 2026 1712 2061 si·-

243 2078 371 2119 gnatae
395 2072 558 2119 pecuniae
579 2084 699 2118 parum
722 2072 904 2107 habebant.
950 2084 1057 2118 quare
1078 2072 1163 2119 ipsis
1186 2077 1262 2107 erat
1284 2073 1487 2118 perdifficile
1508 2082 1630 2107 aureos
1653 2082 1713 2106 ar-

244 2123 455 2164 genteosque
480 2130 650 2162 nummos,
675 2119 735 2164 qui
758 2118 891 2163 singula
911 2117 947 2152 in
971 2118 1084 2164 capita
1105 2118 1358 2161 indicebantur,
1383 2129 1581 2159 numerare;
1614 2120 1651 2153 et
1672 2128 1713 2153 se

244 2166 291 2200 ad
314 2166 351 2200 id
376 2164 466 2211 quod
490 2177 557 2199 non
580 2168 719 2210 possent
746 2164 878 2199 damnis
911 2176 953 2199 ac
986 2165 1263 2210 prehensionibus
1297 2165 1372 2210 cogi
1394 2163 1622 2209 indignissime
1643 2163 1713 2198 sci-

244 2212 326 2246 licet
358 2211 533 2252 ferebant,
567 2210 771 2258 praesertim
804 2210 959 2256 quoniam
992 2210 1071 2245 inde
1099 2212 1306 2257 sequebatur
1335 2214 1409 2246 toto
1430 2211 1526 2257 ipsos
1548 2209 1712 2264 deinceps

242 2269 331 2292 anno
355 2257 555 2291 necessariis
581 2269 706 2302 egere,
739 2262 916 2303 postquam
939 2268 1065 2292 messes
1087 2261 1124 2292 et
1145 2258 1354 2300 vindemias,
1389 2260 1430 2291 ut
1451 2266 1597 2291 summas
1618 2255 1713 2291 indl-

241 2307 320 2337 ctas
354 2303 586 2349 quoquomodo
618 2304 844 2345 conficerent,
884 2302 993 2337 alieno
1016 2307 1170 2349 tempore
1192 2303 1252 2339 vili
1273 2303 1384 2349 pretio
1407 2302 1596 2337 distrahere
1618 2305 1715 2336 totas

244 2351 440 2383 exactorum
462 2349 676 2384 inclementia
699 2349 859 2395 compulsi
888 2350 1036 2385 fuerant.
1081 2349 1208 2383 nullum
1239 2349 1376 2394 quidem
1398 2350 1472 2383 fere
1494 2348 1648 2395 plerique
1667 2347 1712 2381 il-

244 2394 352 2429 lorum
381 2392 436 2428 'rei
468 2395 610 2430 bellicae
642 2406 738 2430 usum
771 2396 961 2440 habebant,
996 2399 1036 2429 ut
1057 2396 1198 2430 rebellio
1221 2396 1329 2430 minus
1353 2394 1501 2430 timenda
1522 2393 1710 2429 videretur.

243 2444 359 2475 tamen
381 2441 492 2485 gentis
514 2442 600 2475 lucri
623 2442 775 2485 cupidae,
800 2441 932 2476 etiamsi
955 2442 1045 2477 nulla
1069 2441 1262 2476 extorsione
1283 2441 1458 2483 initiatae,
1507 2451 1545 2474 er
1566 2450 1605 2474 se
1627 2449 1718 2485 pro-¹

246 2498 325 2521 nam
353 2487 397 2520 ad
420 2492 662 2532 quaestuosum
684 2487 869 2532 periurium
889 2487 1032 2522 indolem
1060 2500 1136 2522 cum
1159 2499 1294 2534 semper
1315 2497 1455 2533 magnus
1489 2486 1573 2520 abor
1595 2484 1642 2519 sit
1663 2484 1708 2519 ab

246 2532 322 2567 utili
343 2532 417 2568 visa
440 2533 629 2567 defectione
653 2534 830 2576 cohibere,
863 2538 934 2569 tum
957 2538 1051 2568 certe
1080 2534 1215 2580 quando
1238 2535 1444 2569 exacerbata
1465 2530 1594 2566 damnis
1617 2530 1710 2565 acri-

247 2580 380 2624 busque
402 2578 532 2612 iniuriis
556 2579 601 2613 ad
624 2578 894 2625 desperationem
926 2580 1072 2615 efferata
1104 2580 1230 2623 fuerit,
1260 2581 1391 2614 frustra
1413 2575 1592 2624 quantavis
1612 2575 1710 2611 adhi-

245 2625 384 2660 bebitur
426 2625 596 2659 industria
627 2625 672 2659 ad
703 2625 795 2659 illam
826 2626 863 2660 in
894 2626 962 2661 fide
996 2626 1178 2672 officioque
1219 2624 1467 2660 continendam.
1511 2621 1619 2668 igitur
1647 2620 1710 2664 illi,

247 2671 432 2717 praecipue
452 2682 536 2706 vero
559 2682 702 2716 quorum
724 2670 858 2706 arcibus
880 2672 1022 2707 Persico
1056 2671 1225 2718 praesidio
1243 2670 1387 2706 insessis
1408 2668 1588 2704 viciniores
1610 2666 1719 2702 sedes<

250 2721 367 2759 erant,
401 2717 493 2764 quod
516 2729 536 2752 a
559 2717 684 2751 nostris
729 2716 841 2750 uidem
864 2718 994 2753 atrocia
1016 2721 1236 2763 paterentur,
1267 2718 1311 2752 ab
1337 2715 1489 2751 hostibus
1512 2725 1595 2748 vero
1617 2724 1712 2748 com-

249 2763 401 2798 modiora
435 2767 635 2809 sperarent,
671 2774 713 2807 po
728 2762 905 2797 licentibus
932 2764 1091 2798 videlicet
1121 2763 1189 2798 illis
1212 2767 1269 2806 et,
1307 2762 1339 2797 si
1360 2761 1451 2797 ultro
1475 2771 1514 2796 se
1535 2758 1710 2801 dederent,

248 2810 330 2843 mite
352 2809 531 2855 imperium
557 2808 818 2854 spondentibus,
852 2809 1001 2844 deficere
1023 2810 1067 2844 ad
1089 2810 1215 2845 Persas
1237 2809 1481 2849 decreverunt,
1513 2805 1721 2852 fiebantque*

249 2854 391 2890 aliorum
421 2859 503 2901 post
532 2855 617 2891 alios
649 2854 865 2905 quotidianae
893 2854 1114 2891 transitiones
1136 2856 1180 2892 ad
1201 2854 1436 2901 benigniores,
1470 2854 1510 2888 ut
1531 2851 1723 2899 putabant„
