1884 3262
239 191 347 245 ‚530
496 223 513 229 ‚-
540 229 543 232 .
621 222 625 230 ς
667 183 901 248 GEORGII
927 182 1276 242 PACHYMEms

250 320 338 359 μως
359 302 421 345 ἐπὶ
440 296 639 354 βοήθειαν
667 293 949 351 ἀπαντήσασι,
988 295 1258 351 δυσχεραίνειν
1277 293 1320 336 δ’
1343 294 1408 336 ἐπὶ
1430 296 1481 351 τῇ
1506 287 1615 349 νόσῳ
1635 288 1698 335 ὅτι

233 362 237 369 '¹
249 372 304 425 μὴ
337 361 533 422 καθαρῶς
561 368 608 425 ἐᾷ
639 366 713 420 τὴν
740 365 840 421 πρὸς
870 364 1019 413 αὐτοὺς
1046 363 1230 417 ἐντυχίαν
1254 362 1462 417 γίνεσθαι,
1498 363 1540 403 ἐν
1569 360 1700 402 ἐλπίσι

201 441 233 475 D
258 438 300 481 δ’
322 437 423 491 ἔχειν
441 433 578 492 ῥαΐσαι
600 437 672 487 τῆς
694 430 816 475 νόσου
841 423 906 475 καὶ
928 431 978 474 τὰ
995 431 1096 487 πρὸς
1117 434 1257 484 θυμοῦ
1278 427 1499 480 ἐκτελέσαι,
1536 424 1579 471 εὖ
1598 429 1698 470 ἐκεί-

252 522 349 554 νους
377 507 571 546 ποιοῦντα
594 499 649 551 ὥς
666 500 790 551 ἄξιον.
860 500 982 542 ταῦτ’
1003 497 1184 548 εἶπόντος
1202 499 1348 540 ἐκείνου
1371 495 1467 545 τούς
1485 493 1700 551 Τοχοῖρους

254 577 392 627 σχῆμα
419 572 492 626 μὲν
521 567 755 625 ἀλγούντων
792 570 1072 619 ἐνδείξασθαι,
1120 571 1257 620 σχῆμα
1287 566 1331 608 δὲ
1363 566 1428 606 καὶ
1462 562 1732 615 ἐλπιζόντωνό

255 637 380 688 αὖθις
401 639 606 696 ἐμφαίνειν
627 635 681 686 ὥς
699 635 832 694 ῥαΐσοι
850 653 892 678 τε
913 636 958 678 τὸ
978 634 1116 684 πάθος
1139 633 1229 688 μετ’
1259 633 1307 675 οὗ
1329 632 1431 674 πολὺ
1451 632 1521 674 καί
1541 648 1582 687 γε
1605 632 1702 687 σφί-

255 724 319 752 σιν
350 708 462 750 {orat
490 705 542 749 τὰ
572 705 652 747 ἀπὸ
678 709 751 748 τοῦ
777 705 974 757 βασιλέως
1005 703 1109 746 καλὰ
1134 700 1395 757 ὑγιαίνοντος.
1466 701 1533 742 καὶ
1565 699 1603 742 οἷ
1628 699 1703 754 μὲν

199 761 202 768 ⁷
255 780 410 824 ταῦτα,
448 773 474 829 ἦ
493 772 613 822 νόσος
634 773 677 814 δὲ
698 773 877 815 ἐπιδίδου
900 774 966 814 καὶ
989 771 1040 813 τὰ
1060 769 1207 825 ἑαυτῆς
1224 772 1404 825 πληροῦν
1425 767 1596 822 ἔμελλεν.
1649 764 1706 815 ὥς

249 842 354 901 ’γοῦν
382 842 405 898 ἦ
435 843 553 898 κυρία
578 841 716 896 ἐνέστη
747 842 813 883 καὶ
845 839 922 894 ἤδη
948 839 1000 881 τὰ
1021 843 1094 881 τοῦ
1115 835 1325 888 θανάτου,
1362 838 1601 891 καὶμᾶλλον
1620 840 1705 882 τοῖς

203 917 237 952 Ε
261 915 428 969 ῗατροῖς,
456 907 710 966 προσδόκιμοι
726 904 790 963 ἧν,
813 911 871 965 τῷ
892 908 965 962 μέν
982 908 1211 964 ἁκτουαρίῳ
1232 903 1451 958 Καβάσιλα
1471 903 1545 946 οὐκ
1568 902 1705 959 ἆσφα-
1717 911 1762 946 10

257 981 323 1030 λές
345 980 391 1022 τὸ
410 975 723 1032 ὑπομιμνήσκειν
741 976 793 1019 τὰ
813 980 885 1018 τοῦ
905 973 1089 1018 κινδύνου
1118 972 1244 1016 ἐδόκει
1279 974 1506 1031 (νομίζεται
1522 971 1600 1027 γὰρ
1619 976 1706 1019 τοῖς

259 1051 425 1093 νοσοῦσι
456 1047 521 1089 καὶ
550 1049 672 1088 τοῦτο
699 1051 824 1099 μοῖρα
850 1041 1063 1092 θανάτου,
1101 1041 1236 1096 ὥσπερ
1267 1040 1318 1083 ἂν
1352 1042 1385 1082 εῗ
1414 1039 1543 1082 αἴτιον
1566 1035 1616 1094 ἦν
1640 1039 1705 1080 ἐπὶ

252 1109 418 1164 ’τούτοις
435 1114 482 1157 τὸ
504 1113 624 1168 λέγειν
646 1117 719 1154 τοῦ
740 1113 977 1168 γίνεσθαι),
1013 1110 1172 1167 ἀφεῖναι
1195 1110 1238 1151 δὲ
1258 1106 1375 1150 πάλιν
1403 1107 1593 1149 ἀπελθεῖν
1612 1105 1705 1148 ἀνέ-

260 1201 401 1239 τοιμον
428 1182 476 1225 οὗ
496 1185 577 1224 τῶν
604 1184 738 1223 καλῶν
759 1179 981 1233 ἐδοκίμαζε.
1049 1182 1107 1235 τῷ
1126 1194 1188 1220 τοι
1205 1175 1445 1232 προσελθὼν
1463 1178 1521 1232 τῷ
1541 1175 1583 1225 ἐξ
1606 1174 1706 1216 ἐκεί-

261 1269 334 1295 νου
362 1254 522 1304 βασιλεῖ
543 1248 782 1304 Ἀνδρονίκῳ
810 1245 977 1302 ἐθάρρει
998 1245 1069 1288 τὸν
1091 1243 1210 1300 λόγον
1228 1249 1299 1299 τῆς
1317 1240 1563 1299 ἀποφάσεως
1583 1240 1638 1291 ὥς
1657 1240 1706 1284 οὗ
1719 1246 1762 1282 15

261 1317 484 1374 βιώσοντος
511 1317 569 1359 ἔτι
600 1320 673 1358 τοῦ
698 1314 909 1369 βασιλέως.
980 1315 1046 1356 καὶ
1069 1311 1114 1362 ὃς
1136 1311 1229 1355 οὐδ’
1253 1311 1377 1361 αὐτὸς
1393 1307 1708 1365 ὑπομιμνήσκειν

261 1387 308 1430 τὸ
331 1386 570 1428 ἀπευκταῖον
587 1382 774 1440 ἐθάρρει,
810 1381 922 1437 ὅμως
940 1382 984 1424 δὲ
1003 1381 1076 1436 τὴν
1098 1378 1333 1434 ἕτοιμασίαν
1352 1380 1569 1436 σοφίζεται.
1640 1376 1709 1421 εὖ-

262 1455 345 1504 θύς
373 1455 449 1510 γὰρ
479 1452 533 1495 τὰ
559 1456 631 1495 τοῦ
659 1454 897 1496 δεσποτικοῦ
928 1447 1115 1493 θανάτου
1145 1447 1333 1503 σύμβολα
1354 1447 1642 1504 εὖτρεπίζεται,
1679 1443 1708 1488 ἃ

125 1533 151 1567 P
174 1531 241 1566 360
263 1523 402 1578 λαβὼν
421 1520 442 1565 ὃ
461 1521 587 1577 ἱερεὺς
606 1525 687 1563 τῶν
706 1524 779 1562 τοῦ
801 1516 950 1576 κλήρου
971 1519 1037 1560 καὶ
1053 1517 1237 1572 εὐλαβῶν
1246 1549 1260 1570 ,
1288 1517 1520 1566 στολισθεὶς
1539 1513 1594 1564 ὥς
1613 1513 1706 1567 ἔδει,

355 1642 409 1677 11.
433 1638 495 1684 τὸ]
522 1639 591 1675 τοῦ
609 1639 667 1675 P.-

263 1753 332 1788 que
353 1741 427 1775 veri
450 1739 571 1775 amoris
595 1739 751 1785 excipere
782 1750 964 1785 generosos
988 1739 1100 1774 socios
1121 1749 1183 1774 sua
1205 1749 1306 1773 causa
1329 1741 1398 1773 tam
1419 1737 1519 1783 longe
1540 1736 1710 1782 profectos

263 1787 397 1821 interim
418 1786 662 1830 prohiberetur.
709 1790 879 1820 caeterum
902 1797 1042 1832 sperare
1064 1785 1161 1820 brevi
1181 1785 1430 1826 remittendum3
1463 1781 1596 1829 sibique
1618 1782 1712 1816 vale·-

264 1832 382 1867 tudine
403 1834 604 1876 recuperata
629 1833 780 1876 optatam
802 1842 878 1865 mox
899 1831 1093 1865 facultatem
1116 1831 1224 1864 affore
1244 1834 1375 1874 gratam
1398 1841 1492 1864 suam
1513 1840 1596 1872 erga
1617 1827 1711 1872 ipsos

264 1878 471 1911 voluntatem
493 1876 724 1911 consentaneis
749 1881 785 1910 et
807 1876 925 1910 merito
946 1876 1092 1921 ipsorum
1117 1879 1152 1910 et
1174 1887 1234 1909 suo
1257 1875 1369 1909 studio
1391 1873 1563 1910 beneflciis
1585 1883 1712 1917 expro-

266 1922 389 1957 mendi.
435 1922 520 1956 haec
540 1933 580 1956 eo
603 1921 720 1966 paucis
744 1927 778 1955 et
800 1932 903 1966 aegre
924 1923 1057 1964 locuto,
1086 1921 1237 1955 Tochari
1260 1932 1342 1965 prae
1363 1932 1402 1954 se
1422 1919 1574 1954 tulerunt
1595 1919 1712 1952 dolere

267 1978 307 2004 se
327 1967 535 2001 incommodo
555 1966 714 2011 principis
737 1966 853 2009 amici,
878 1977 1069 2011 cupereque
1092 1977 1133 2000 ac
1155 1977 1294 2010 sperare
1315 1965 1408 2000 brevi
1431 1976 1506 1999 eum
1528 1964 1712 1999 restituen-

268 2013 347 2047 dum
369 2012 404 2045 in
426 2011 655 2046 salubritatem
678 2011 873 2057 pristinam3
904 2016 1051 2057 tuncque
1082 2022 1120 2046 se
1150 2010 1323 2046 sinceriori
1345 2014 1566 2056 percepturos
1587 2008 1712 2054 gaudio

268 2057 435 2103 promissa
455 2058 499 2091 ab
521 2058 595 2103 ipso
617 2058 716 2094 bona.
759 2057 808 2091 ita
828 2058 894 2091 illi:
934 2060 1102 2091 caeterum
1123 2058 1258 2091 morbus
1281 2056 1359 2090 inde
1381 2066 1565 2100 augescens
1587 2055 1622 2089 vi
1644 2065 1714 2099 qua.

268 2104 489 2148 grassabatur
514 2113 632 2146 saeva,
660 2103 749 2137 hand
772 2104 912 2137 obscure
935 2106 1118 2147 Augustum
1141 2102 1175 2137 in
1197 2101 1370 2136 interitum
1388 2102 1553 2145 urgebat,
1585 2099 1714 2134 adfuit-

268 2161 338 2193 que
366 2159 432 2182 non
461 2148 563 2182 multo
597 2153 675 2192 post
702 2148 835 2183 minime
866 2148 974 2182 dubiis
1002 2149 1215 2193 agnoscenda
1235 2147 1369 2181 indiciis
1390 2158 1547 2192 suprema
1569 2150 1713 2190 aegroto

270 2195 360 2237 dies,
386 2194 518 2239 quando
540 2194 678 2228 medicis
700 2194 783 2228 nihil
804 2193 916 2227 mitius
939 2205 1037 2239 quam
1057 2198 1223 2228 maturum
1243 2193 1473 2227 decumbentis
1499 2191 1627 2227 obitum
1649 2202 1712 2235 pa-

272 2239 339 2273 lam
371 2239 608 2281 ominanfflms,
642 2239 792 2275 actuario
817 2239 995 2273 Cabasilae
1016 2239 1104 2273 haud
1126 2240 1253 2274 animus
1274 2243 1386 2273 tamen
1407 2236 1537 2279 adfuit,
1567 2247 1714 2282 praeva-

275 2284 367 2318 lente
400 2290 489 2319 metu
518 2284 726 2327 offensionis,
755 2284 927 2318 indicandi
955 2286 1107 2329 Augusto
1139 2285 1322 2330 periculum
1341 2295 1448 2318 suum.
1493 2294 1570 2318 nam
1593 2285 1628 2316 et
1650 2282 1714 2316 hoc

274 2329 392 2363 fatalis
415 2331 497 2363 hora
517 2330 674 2374 ingruens
695 2330 821 2365 afferre
842 2330 928 2364 solet
949 2330 985 2363 in
1009 2331 1120 2374 primis
1141 2330 1273 2364 noxium
1295 2329 1502 2371 mortalibus,
1521 2334 1560 2363 ut
1582 2327 1715 2362 indices

275 2374 491 2419 quantumvis
521 2376 699 2410 benevolos
731 2375 933 2410 imminentis
962 2376 1091 2417 obitus,
1128 2379 1287 2421 tanquam
1315 2375 1344 2410 si
1372 2375 1444 2409 eius
1465 2385 1567 2408 causa
1588 2377 1716 2415 esseut,

278 2429 396 2453 exosos
427 2420 500 2454 fere
531 2421 687 2454 habeant.
732 2421 819 2455 idem
850 2432 951 2466 porro
976 2421 1152 2455 Cabasilas
1187 2421 1337 2466 religioni
1356 2420 1475 2455 merito
1498 2420 1643 2454 ducebat
1664 2417 1715 2452 sic

276 2465 478 2510 imparatum
512 2476 554 2498 ex
585 2466 657 2499 vita
688 2467 853 2501 excedere
882 2469 1066 2510 Augustum
1099 2466 1220 2501 sinere.
1265 2478 1371 2512 quare
1395 2466 1628 2500 defuncturum
1647 2463 1716 2497 isto

281 2521 319 2544 se
342 2520 424 2554 erga
444 2509 535 2543 illum
558 2511 671 2544 officio
693 2512 843 2555 putavit,
875 2513 905 2545 si
927 2512 996 2546 filio
1019 2513 1270 2556 successorique
1292 2512 1364 2545 eius
1383 2511 1572 2546 Andronico
1595 2508 1717 2542 discri-

281 2566 357 2589 men
391 2555 604 2588 denuntiaret
631 2557 740 2599 patris
769 2561 967 2600 extremum,
1001 2557 1090 2602 quod
1114 2563 1149 2591 et
1169 2557 1281 2591 statim
1303 2557 1396 2592 fecit.
1441 2567 1556 2590 verum
1581 2567 1624 2588 ne
1643 2555 1716 2587 An-

282 2599 437 2634 dronicus
466 2600 600 2645 quidem
632 2612 733 2635 ausus
763 2606 815 2636 cst
847 2607 914 2637 tam
943 2603 1075 2637 tristem
1103 2603 1236 2647 parenti
1257 2604 1382 2637 afferre
1401 2601 1560 2636 nuntium.
1604 2602 1718 2633 tamen

280 2646 403 2691 aliquid
427 2645 636 2689 excogitavit
657 2657 722 2690 quo
746 2659 842 2681 suum
861 2655 1041 2693 utcumque
1062 2648 1228 2682 silentium
1251 2649 1434 2693 suppleret.
1479 2646 1572 2680 iussu
1589 2644 1718 2679 scillcet

282 2692 354 2724 eius
375 2691 484 2725 subito
505 2694 702 2735 promuntur
721 2692 904 2727 dominicae
926 2694 1040 2728 mortis
1061 2694 1232 2738 symbola,
1263 2706 1351 2739 quae
1371 2691 1528 2727 sacerdos
1550 2690 1631 2736 cleri
1652 2701 1718 2735 pa-

280 2736 376 2772 latini
397 2736 673 2780 venerabundus,
693 2747 760 2783 quo
782 2749 845 2784 par
865 2745 940 2774 erat
962 2742 1083 2775 ornatu
1105 2740 1286 2787 accipiens,
1309 2737 1487 2786 improviso
1509 2746 1649 2783 prorsus
1669 2734 1716 2771 ad
