1884 3262
413 181 490 223 DE
523 180 801 225 MIGHAELE
834 183 1209 228 PALAEOLOGO
1244 185 1290 227 L.
1319 185 1395 228 IV.
1534 185 1629 230 321

178 292 232 349 ἣν
251 293 400 344 ἐκεῖνος
418 292 519 349 ἔχων
537 294 642 351 πρὸς
661 293 818 347 πάντας
836 297 904 339 καὶ
922 294 1025 354 ὑπὲρ
1041 294 1223 356 βασιλεῖς
1241 297 1443 350 ἔκλε’ΐζετο.
1505 298 1627 341 ταῦτ’

178 360 262 416 ἄρα
291 364 358 405 καὶ
385 360 714 418 ὖποπτευόμενος
744 364 877 407 πολλὰ
906 372 1125 422 παρῃτεῖτο
1142 369 1225 408 τῶν
1246 364 1388 409 ὄντων.
1457 366 1532 422 τὴν
1550 367 1629 424 γὰρ

178 429 308 486 ἀρχὴν
336 431 565 488 ἓνεχωρεΐτο
595 430 729 491 τούτῳ
755 433 814 488 μὴ
845 430 906 475 ὅτι
933 431 1245 490 βαρδαρειῶτας
1263 436 1331 476 καὶ
1351 437 1632 491 κορτιναριόυς

175 496 304 550 μόνον
323 501 389 541 καὶ
409 499 506 550 τοὺς
526 501 588 542 ἐπὶ
609 504 684 543 τοῦ
705 504 897 551 κοιτῶνος
915 498 1016 555 ἔχειν
1027 533 1042 553 ,
1077 502 1204 557 aalys
1222 501 1320 552 τούς
1340 503 1403 544 ἐπὶ
1422 507 1494 558 τῆς
1513 504 1624 546 εἷσα-
1648 513 1678 547 C

143 571 329 622 ὄγωγῆς,
378 567 449 617 οὓς
475 568 527 623 δὴ
555 570 622 611 καὶ
646 566 946 624 ἕταιρειᾶρχους
972 568 1176 624 λέγουσιν,
1222 567 1329 621 ἀλλά
1357 587 1395 613 τι
1421 573 1489 614 καὶ
1509 572 1630 615 πλέον

174 638 259 678 τῶν
299 639 374 690 τῆς
406 640 621 692 βασιλικῆς
654 638 877 694 θεραπείας
918 637 1272 693 συνεπιφίρεσθαι.
1354 637 1452 680 ἀλλ’
1489 640 1544 689 εἰς
1579 639 1627 683 τὸ

174 700 358 759 πρόσθεν
379 704 452 747 ιἰὒν
478 704 706 760 ἓξησθένει,
741 705 885 759 τὰμὲν
911 703 1012 748 ἑκὼν
1029 705 1082 747 τὰ
1110 704 1156 748 δ’
1181 704 1292 749 ἄκων
1316 705 1627 764 προσαφαιρού-

173 785 316 826 μενος·
353 773 512 829 καὶγὰρ
530 774 596 815 καὶ
618 772 665 816 τὸ
686 773 790 816 πολὺ
810 777 884 828 τῆς
905 774 1137 827 οῗκονομίας
1155 771 1361 831 ἀφῄρητο.
1407 778 1523 831 νῆσοι
1547 775 1627 831 γὰρ

173 843 303 882 πᾶσαι
326 840 373 883 τὸ
392 838 615 898 πρότερον,
652 839 874 897 Μιτυλήνη
905 841 1006 898 λε’γω
1035 843 1102 884 καὶ
1126 839 1265 892 Ῥόδος
1278 875 1291 894 ,
1329 843 1398 885 καὶ
1429 843 1535 886 κατὰ
1553 848 1629 899 γῆν

119 919 164 952 10
174 906 341 950 πλεῖστά
360 925 403 951 τε
432 910 499 951 καὶ
525 907 695 964 μέγιστά
723 909 763 952 οἱ
782 911 838 960 εἰς
867 909 1051 967 αὐτάρκη
1071 908 1266 965 πρόνοιαν
1284 905 1404 964 ἦσαν.
1474 909 1567 954 τότε
1585 913 1630 954 δὲ

172 977 239 1019 καὶ
254 975 329 1031 τὴν
348 977 536 1019 δουλείαν
555 978 762 1033 ἐμφαίνων
779 978 882 1035 πρὸς
899 978 971 1021 τὸν
992 980 1135 1021 νεωστὶ
1158 975 1455 1031 βασιλεύοντα,
1489 978 1531 1021 εἶ’
1543 977 1623 1022 πού
1645 981 1678 1014 D

171 1061 211 1087 τι
241 1046 310 1086 καὶ
340 1046 396 1094 εἷς
420 1046 652 1101 φιλοτιμίας
677 1043 796 1101 λόγον
823 1044 1018 1100 χλαμύδα
1048 1045 1160 1102 παρὰ
1183 1046 1386 1100 βασιλέως
1408 1044 1627 1102 ἐλάμβανε,

169 1112 295 1168 μέγας
313 1111 370 1154 ὢν
390 1120 550 1169 μικροῖς
574 1113 748 1167 ἱματίοις
770 1116 838 1157 καὶ
868 1116 924 1165 εἷς
950 1113 1047 1170 γόνυ
1067 1113 1186 1168 μόλις
1203 1114 1524 1171 περιεστέλλετο,
1561 1118 1629 1158 καὶ

169 1178 192 1222 ὅ
215 1179 326 1236 ἥρως
349 1182 495 1231 ἐκεῖνος
514 1183 578 1224 ε’πὶ
598 1186 680 1224 τῶν
697 1180 934 1238 ἀνακτόρων
950 1182 1055 1226 πολὺ
1074 1182 1194 1226 πλέον
1212 1189 1303 1233 ταῖς
1324 1185 1528 1233 παιδικαῖς
1548 1183 1630 1237 ἅμ-

115 1259 157 1294 15
170 1247 356 1303 πεχόναις
372 1250 621 1305 ἐνηγλαῖζετο
642 1249 669 1305 ἢ
692 1257 779 1301 τοῖς
797 1252 913 1301 ἰδίοις
933 1253 1001 1294 καὶ
1029 1251 1136 1294 κατὰ
1162 1248 1315 1306 τρόπον
1341 1255 1416 1294 τοῦ
1437 1249 1630 1306 σώματος

169 1316 345 1372 ἔχουσιν.
413 1316 544 1368 οὕτως
574 1320 720 1368 ἐκεῖνος
748 1319 792 1361 ἐκ
822 1323 906 1362 τῶν
937 1319 1017 1370 ἔξω
1047 1321 1115 1362 καὶ
1144 1316 1206 1369 οἷς
1231 1320 1375 1372 gaola,
1410 1318 1484 1373 τὴν
1511 1319 1628 1363 ἔνδον

167 1383 356 1428 διάθεσιν
387 1387 454 1428 καὶ
478 1385 505 1428 ἃ
539 1388 738 1442 ἐλογίζετο
755 1388 1064 1444 παρενέφαινεν,
1103 1385 1208 1430 ὅπου
1241 1389 1309 1430 καὶ
1331 1386 1459 1442 αὐτὴν
1479 1387 1530 1443 δὴ
1547 1387 1620 1443 τὴν
1642 1394 1676 1428 Ε

167 1527 258 1572 apud
282 1537 412 1568 omnes,
436 1527 510 1572 plus
533 1526 636 1561 etiam
658 1538 759 1572 quam
778 1528 1000 1574 imperatores
1018 1527 1095 1574 ipsi,
1118 1528 1393 1574 praedicabatur.
1438 1527 1516 1561 hinc
1531 1527 1628 1562 vide·

167 1573 249 1606 licet
271 1572 306 1606 in
330 1572 537 1617 suspiciones
560 1573 756 1607 incurrebat
788 1574 1017 1618 regnantium3
1052 1574 1175 1620 quibus
1206 1574 1255 1608 illi
1286 1572 1410 1610 soliciti
1440 1573 1508 1607 acri
1545 1585 1628 1608 cura

165 1618 403 1652 incumbebant
425 1619 469 1652 ad
491 1618 733 1653 detrahendum
763 1619 807 1653 de
840 1620 962 1665 opibus
984 1620 1055 1654 eius
1078 1625 1282 1666 caeteraque
1304 1618 1433 1663 gloria,
1465 1622 1626 1664 quantum

167 1664 255 1697 citra
277 1663 441 1698 declarati
473 1663 540 1697 odii
576 1664 743 1708 publicam
775 1665 1016 1710 professionem
1048 1670 1199 1710 possent.
1246 1676 1320 1698 cum
1350 1675 1434 1708 ergo
1458 1664 1624 1710 principio

167 1720 360 1743 concessum
384 1709 416 1743 ei
440 1709 558 1743 fuisset
581 1721 645 1743 non
677 1710 906 1744 Bardareotas
929 1716 964 1744 et
995 1710 1194 1744 cortinarios
1216 1711 1322 1744 solum
1356 1720 1397 1744 ac
1430 1711 1626 1755 praefectos

167 1755 310 1802 cubiculi
333 1755 458 1789 habere
481 1754 516 1789 in
539 1755 724 1790 ministerio
748 1756 943 1801 domestico,
967 1756 1027 1789 sed
1051 1762 1088 1790 et
1111 1756 1375 1798 admissionales‚
1399 1766 1484 1800 quos
1508 1755 1625 1790 hetae-

166 1801 319 1835 riarchos
352 1801 487 1843 dicunt,
521 1805 556 1834 et
586 1801 617 1835 si
647 1801 728 1846 quid
761 1801 813 1835 his
835 1801 978 1846 amplius
1001 1801 1036 1835 in
1059 1802 1152 1846 regio
1176 1803 1249 1835 fere
1270 1800 1433 1835 satellitio
1456 1806 1625 1842 censetur,

166 1857 364 1892 quocunque
386 1846 454 1881 iret
478 1846 727 1881 circumducere
748 1847 855 1881 libere
879 1847 1089 1891 permissum,
1113 1847 1270 1892 deinceps
1287 1847 1355 1881 ista
1373 1846 1526 1880 contrabi
1548 1859 1624 1880 sen·

166 1893 229 1926 sim
253 1903 294 1926 ac
316 1892 476 1936 restringi
493 1897 615 1937 coepta
639 1897 734 1934 sunt,
758 1893 856 1927 modo
881 1894 942 1927 boc
966 1893 1062 1927 modo
1086 1893 1150 1927 alio
1174 1905 1218 1927 ex
1240 1892 1309 1927 illis
1331 1891 1500 1937 privatum
1524 1903 1628 1926 exce-

166 1937 278 1972 dentis
301 1937 431 1971 modum
455 1938 589 1972 honoris
621 1938 807 1983 insignibus
839 1938 982 1980 ablatis,
1019 1950 1106 1973 nunc
1133 1941 1227 1984 ipso,
1261 1938 1352 1984 quod
1381 1937 1431 1972 ita
1465 1938 1625 1983 expedire

165 1983 309 2018 sentiret
329 1983 477 2018 invidiae
500 1984 707 2028 placandae,
730 1988 852 2030 sponte
874 1985 1075 2027 abdicante,
1099 1995 1187 2018 nunc
1207 1983 1351 2018 dominis
1373 1983 1426 2017 vel
1450 1984 1492 2017 ab
1516 1983 1623 2018 invito

165 2030 408 2063 auferentibus.
453 2029 637 2075 quinetiam
664 2029 875 2075 splendorem
908 2029 981 2063 eius
1004 2031 1188 2065 obscurare
1210 2028 1428 2075 domesticum
1450 2040 1516 2063 non
1541 2040 1624 2062 con-

164 2074 273 2117 tenti,
296 2075 474 2120 plerasque
496 2075 683 2109 attributae
706 2076 784 2110 olim
807 2076 986 2122 potestatis
1016 2080 1135 2121 partes
1163 2075 1326 2121 paulatim
1362 2074 1529 2119 carpendo
1565 2085 1623 2108 re-

165 2121 361 2163 sumebant,
386 2120 484 2154 simul
506 2121 724 2165 dignitatem,
744 2122 842 2156 simul
866 2121 938 2155 eius
954 2122 1172 2158 sustinendae
1194 2121 1411 2155 fundamenta
1426 2143 1438 2162 ‚
1471 2130 1622 2165 proven-
1681 2125 1685 2131 ¹

166 2171 221 2199 tus
242 2166 404 2210 pecuniae
428 2177 556 2200 annuos
572 2192 583 2208 ,
615 2166 836 2211 malignitatis
863 2167 930 2201 iam
954 2169 1042 2201 male
1064 2167 1292 2201 dissimulatae
1315 2164 1450 2199 minime
1477 2165 1623 2199 obscura

165 2211 379 2256 grassatione
401 2211 599 2246 minuentes.
646 2213 748 2247 datae
770 2213 818 2246 illi
841 2213 936 2258 prius
959 2213 1089 2247 insulae
1112 2214 1248 2246 fuerant
1262 2211 1446 2256 pleraeque
1469 2221 1533 2244 nec
1555 2221 1619 2255 pa-

164 2268 238 2290 rum
261 2257 403 2298 uberes,
434 2257 617 2301 Mitylene,
647 2258 802 2303 inquam,
832 2263 867 2292 et
903 2258 1039 2292 Rhodus
1072 2258 1247 2302 aliaeque,
1281 2261 1354 2290 tum
1376 2255 1410 2289 iu
1433 2255 1619 2291 continenti

163 2302 307 2348 plurima
332 2301 541 2346 maximaque
562 2303 756 2345 territoria,
779 2304 868 2338 unde
894 2304 943 2337 illi
971 2303 1143 2337 mercedes
1166 2302 1210 2336 ad
1244 2301 1366 2335 victum
1388 2306 1620 2347 sumptumque

164 2352 335 2382 caeterum
359 2348 582 2393 amplissimae
604 2349 766 2386 redirent.
813 2349 943 2383 cunctis
975 2349 1067 2382 hisce
1089 2347 1253 2393 dempti5‚
1285 2358 1351 2380 non
1382 2347 1479 2381 modo
1501 2346 1537 2380 in
1560 2357 1619 2380 or-

163 2393 275 2428 dinem
297 2392 357 2426 sed
381 2399 416 2426 et
437 2393 471 2427 in
495 2400 563 2427 tam
586 2394 743 2428 miserum
773 2394 950 2428 servitutis
985 2394 1143 2427 redactus
1176 2397 1230 2427 est
1252 2392 1414 2437 gradum,
1446 2395 1486 2427 ut
1506 2391 1617 2437 palam

162 2440 227 2474 iam
251 2443 448 2472 cerneretur
469 2439 594 2473 ambire
614 2440 726 2474 aulica
749 2440 930 2474 sedulitate
953 2441 1139 2483 Augustum
1160 2438 1337 2480 iuniorem,
1364 2449 1405 2472 ac
1429 2438 1459 2472 si
1482 2437 1616 2482 quando

161 2485 191 2518 is
214 2484 299 2530 ipsi,
324 2484 418 2518 velut
439 2483 475 2517 in
498 2485 679 2528 praemium
705 2485 878 2530 obsequii,
912 2485 1058 2530 aliquam
1082 2496 1102 2518 e
1135 2485 1205 2519 suis
1235 2483 1442 2528 chlamydem
1463 2482 1619 2524 donaret,

161 2534 359 2564 reverenter
393 2529 564 2575 acciperet
594 2530 839 2576 imbueretque,
872 2532 936 2564 etsi
969 2542 1027 2570 ea,
1061 2529 1187 2576 quippe
1220 2531 1265 2564 ad
1298 2531 1438 2564 formam
1471 2528 1618 2562 nondum

161 2577 261 2620 plene
284 2575 389 2609 adulti
414 2575 604 2619 adaequata
627 2576 779 2620 corporis
796 2600 806 2619 ,
830 2575 903 2609 viro
917 2601 926 2616 ‚
950 2575 1057 2621 qualis
1080 2582 1155 2609 erat
1178 2575 1270 2621 ipse,
1294 2575 1468 2620 perfectae
1491 2573 1615 2607 aetatis

162 2625 382 2666 staturaeque
407 2620 537 2655 altioris
560 2631 678 2664 parum
712 2620 918 2660 conveniret.
966 2632 1047 2665 ergo
1079 2621 1216 2655 videres
1248 2621 1351 2654 heroa
1373 2619 1463 2653 illum
1486 2623 1617 2652 tantum

162 2677 225 2711 per
246 2667 373 2710 regiam
396 2666 513 2700 fratris
535 2666 645 2699 aulam
669 2666 773 2700 curtis
805 2670 842 2700 et
871 2666 1006 2711 paulum
1033 2667 1131 2700 modo
1162 2666 1403 2700 excedentibus
1436 2663 1615 2709 puerilium

163 2722 350 2746 mensuram
381 2712 567 2746 tunicarum
600 2722 770 2758 aegreque
803 2711 848 2746 ad
879 2723 990 2756 genua
1012 2712 1187 2758 promissis
1209 2723 1285 2746 sese
1318 2710 1421 2745 multo
1443 2708 1550 2752 magis
1573 2720 1615 2742 ac

161 2756 323 2791 libentius
346 2761 520 2792 ostentare
554 2757 705 2792 vestibus
737 2768 835 2811 quam
865 2757 1014 2804 propriis
1038 2770 1058 2792 e
1079 2769 1141 2792 suo
1162 2756 1347 2792 domestico
1370 2754 1530 2789 vestiario
1553 2754 1617 2787 de-

162 2803 350 2847 promptis,
371 2813 500 2848 nuoque
522 2803 680 2838 videlicet
700 2802 808 2849 ipsius
829 2802 1000 2849 adaptatis
1030 2803 1130 2839 modo
1157 2802 1321 2849 corporis.
1368 2800 1419 2834 sic
1447 2800 1524 2844 ille,
1548 2811 1616 2845 qua

218 2854 394 2900 Georgius
424 2855 646 2899 pachymeres
676 2856 707 2889 Ι.
1284 2852 1338 2891 21
