1884 3262
264 209 362 255 470
523 210 526 214 ’
678 204 911 249 GEORGII
946 204 1296 248 PACHYMERIS

263 322 335 364 τὸν
362 314 647 371 ἀναστήσοντα
676 316 781 359 κατὰ
808 313 965 368 πάντα,
1003 313 1107 359 ὥστ’
1132 315 1258 359 αὐτὸν
1289 317 1518 374 λογίζεσθαι
1545 316 1717 370 βασιλέα

264 388 370 431 καθ’
395 386 439 428 ὃν
466 381 509 428 εὖ
535 383 698 440 πράξειν
728 386 1063 440 ε’χρησμολογεΐτο
1095 384 1170 438 τὴν
1190 382 1329 427 πόλιν.
1398 387 1462 427 καὶ
1489 385 1557 426 διὰ
1583 388 1715 426 ταῦτα

265 454 392 503 πολὺς
420 449 470 508 ἦν
497 451 750 508 Ἀνδρόνικος
780 453 970 507 βασιλεὺς
1000 450 1249 494 ἐπισπεύδων
1268 452 1342 506 τὴν
1361 457 1433 506 τῆς
1452 451 1604 501 πόλεως
1624 453 1718 502 ε’ξα-

265 521 484 564 νάστασιν·
520 521 785 576 εἱμαρμένους
814 523 879 563 καὶ
909 521 987 576 γὰρ
1013 518 1187 574 χρόνους
1213 521 1349 562 ἐδίδου
1369 524 1426 576 τῷ
1449 518 1718 574 ἄναστήσοντι

216 602 247 635 Ε
272 588 291 632 ὅ
309 587 507 646 χρησμός.
558 591 624 631 καὶ
646 587 939 643 ἀνοικοδόμουν
957 590 1083 643 μηδὲν
1100 588 1327 642 μέλλοντες.
1360 585 1483 641 χλεύη
1509 588 1551 628 δ’
1575 588 1646 642 ἄρ’
1668 584 1716 641 ἦ·
1729 578 1754 630 5'

265 674 343 700 σαν
375 660 442 700 καὶ
474 656 624 711 ὄνειρος
647 657 697 699 τὰ
718 656 980 713 γραφόμενα·
1017 658 1183 712 εἵμαρτο
1214 655 1292 711 γὰρ
1312 655 1534 697 κάντεῦθεν
1557 658 1623 697 καὶ
1639 673 1720 708 μυ-

268 724 463 782 ριοστῦας
483 724 581 775 ὅλας
602 725 772 768 ὀλέσθαι
792 725 874 767 τῶν
897 726 978 767 ἐκεῖ
992 721 1339 778 κατοικησάντων,
1379 721 1434 772 ὥς
1453 721 1473 765 ὃ
1493 721 1611 778 λόγος
1637 722 1718 778 ἤδη

269 792 454 849 δηλώσει.
527 792 582 843 ὥς
611 793 688 849 γὰρ
722 793 938 836 ἀνίσταντο
964 794 1038 847 μὲν
1059 792 1110 834 τὰ
1139 794 1247 846 τείχη
1270 793 1335 833 καὶ
1357 789 1472 840 πόλις
1500 796 1582 833 τῶν
1609 793 1721 846 μεγί-

269 879 377 905 στων
395 862 441 904 τὸ
461 863 632 918 ἓρείπιον
655 858 705 917 ἦν
725 861 837 917 παρὰ
855 860 1010 917 γαληνὰ
1033 860 1176 917 ῥέοντα
1196 861 1442 914 Μαίανδρον
1455 892 1467 911 ,
1497 859 1574 901 ἔδει
1593 861 1636 901 δὲ
1655 860 1720 901 καὶ

268 930 365 980 τοὺς
396 928 712 984 κατοικήσοντας
739 928 999 984 πανταχόθεν
1029 929 1322 983 συλλέγεσθαι,
1361 925 1416 977 ὥς
1439 926 1489 969 ἂν
1516 927 1574 982 μὴ
1595 924 1721 980 μόνον
1733 936 1776 969 1ο

268 1000 435 1052 τείχεσιν
456 994 560 1040 ἀλλὰ
586 1000 650 1040 καὶ
670 996 867 1052 ἀνδράσιν
889 999 929 1039 ἐν
951 997 1183 1053 περιφανὲσι
1205 1000 1285 1038 τῶν
1307 993 1461 1038 πόλεων
1489 994 1720 1052 ἀριθμῷτο,

271 1065 326 1116 ὥς
345 1065 446 1122 ὖπὲρ
465 1064 681 1121 τριάκοντα
702 1066 774 1117 μὲν
793 1068 858 1108 καὶ
878 1063 923 1115 (ἐξ
938 1063 1126 1119 χιλιάδας
1146 1063 1217 1106 τὸν
1236 1068 1316 1106 τῶν
1336 1065 1503 1105 ἐποίκων
1533 1063 1724 1116 ἀριθμεῖ-

270 1139 375 1176 σθαι
417 1132 516 1177 λαόν
536 1166 549 1187 ,
597 1132 754 1190 μεγάλα
794 1133 841 1175 δ’
887 1134 1052 1184 ἐλπίζειν
1093 1136 1202 1187 σφᾶς
1237 1130 1398 1185 σχήσειν
1437 1135 1495 1188 τῷ
1537 1133 1722 1188 οῗκισμῷ.

133 1211 159 1244 Ρ
180 1210 247 1246 322
274 1201 442 1258 ἠγνόουν
470 1202 515 1244 δὲ
546 1201 627 1256 ἄρα
658 1202 716 1256 μὴ
747 1201 902 1254 ἔχοντες
932 1200 977 1243 τὸ
1011 1198 1340 1254 ἀναγκαιότατον.
1413 1197 1504 1241 οὔτε
1524 1199 1602 1253 γιὶρ
1619 1195 1723 1240 ὑδά-

269 1287 351 1313 των
381 1269 486 1324 εἶχον
512 1267 744 1322 ὗποδοχοῖς,
778 1267 832 1318 ὥς
854 1269 957 1310 κατὰ
979 1268 1118 1323 καιρὸν
1135 1265 1423 1321 ὑδρευσόμενοι
1442 1266 1720 1321 καταφερομέ-
1735 1273 1778 1307 15

270 1356 351 1380 νων
380 1337 569 1394 ὄμβρων,
607 1337 683 1379 εἴτε
705 1339 770 1379 καὶ
792 1340 865 1379 τοῦ
885 1340 1072 1389 ποταμοῦ
1092 1335 1369 1388 ἄνιμωμένου·
1404 1331 1452 1376 τό
1479 1351 1522 1375 τε
1549 1331 1725 1388 κατορύ-

271 1409 420 1456 ξαντας
448 1403 576 1460 εὗρεΐν
601 1403 714 1462 ὕδωρ
745 1403 940 1461 ὑπόγαιον
970 1408 1052 1447 τῶν
1083 1401 1298 1446 ἀδυνάτων
1326 1404 1523 1459 ἐφαίνετο.
1594 1402 1725 1445 αἴτιον

364 1516 418 1549 11.
443 1512 502 1559 ἐν]
529 1513 568 1551 ἐν
591 1516 698 1557 ταῖς.)
839 1515 891 1550 16.
915 1511 1173 1559 ἄνιμωμένους
1195 1512 1235 1549 Ρ.

270 1605 462 1639 melioribus
491 1605 649 1651 auspiciis
677 1604 900 1651 reponendam
929 1605 964 1639 in
994 1604 1220 1639 florentiorem
1244 1614 1341 1648 quam
1364 1613 1510 1647 unquam
1532 1604 1632 1636 antea
1654 1603 1724 1636 for-

270 1655 385 1685 tunam
418 1652 637 1697 propheticae
668 1652 756 1686 istae
786 1651 908 1686 literae
939 1650 1159 1696 spondebant.
1208 1650 1285 1683 hinc
1316 1648 1445 1682 scilicet
1468 1647 1631 1682 animatus
1653 1651 1726 1682 An-

269 1697 426 1730 dronicus
449 1699 572 1731 multus
596 1700 671 1731 erat
693 1697 726 1730 in
750 1709 853 1742 opere
876 1696 1049 1740 urgendo,
1072 1696 1203 1729 illectus
1226 1694 1369 1728 maxime
1394 1705 1454 1738 spe
1472 1693 1658 1738 longissimi
1675 1693 1727 1727 vi-

272 1748 329 1775 tae
353 1754 395 1775 ac
418 1743 511 1786 regni
537 1743 662 1797 spatii,
684 1743 773 1788 quod
797 1742 960 1777 Trallium
983 1741 1201 1775 instauratori
1223 1744 1302 1785 post
1324 1751 1381 1774 eas
1405 1739 1580 1773 restitutas
1603 1739 1728 1772 divini-

272 1791 328 1821 tus
350 1787 399 1821 ibi
424 1788 572 1831 promitti
594 1788 784 1822 videbatur.
832 1799 958 1822 summa
981 1798 1061 1831 ergo
1085 1786 1300 1820 festinatione
1332 1790 1523 1818 accuratum
1553 1795 1637 1829 opus
1661 1790 1726 1826 est,

276 1837 313 1866 et
346 1836 462 1866 tantae
493 1833 587 1867 urbis
619 1834 810 1868 aedificatio
846 1833 943 1867 brevi
971 1834 1135 1878 perfecta.
1184 1837 1221 1865 at
1244 1831 1421 1864 ludibrium
1444 1835 1480 1864 et
1501 1829 1661 1864 somnium
1685 1842 1728 1864 ea

274 1878 341 1912 fuit
363 1877 562 1923 inscriptio:
601 1879 635 1912 id
659 1878 743 1912 enim
768 1891 848 1912 vere
870 1878 1002 1911 demum
1024 1877 1059 1911 in
1083 1877 1165 1911 fatis
1189 1881 1284 1918 erat,
1319 1880 1421 1921 prout
1442 1881 1564 1909 eventa
1587 1874 1726 1909 demon—

276 1926 452 1966 strarunt,
491 1924 595 1957 multa
625 1923 813 1958 mortalium
844 1924 966 1964 millia,
1005 1923 1064 1967 qui
1097 1934 1216 1956 recens
1248 1922 1348 1955 isthic
1376 1921 1541 1954 domicilia
1563 1920 1727 1961 fixissent,

277 1970 365 2002 male
389 1968 561 2014 peritura,
592 1974 695 2015 prout
717 1970 897 2014 contigisse
920 1980 995 2002 mox
1018 1968 1221 2001 docebimus.
1268 1971 1307 1999 ut
1329 1966 1416 1999 enim
1441 1970 1555 1999 erecta
1578 1977 1639 2011 per
1662 1967 1730 1999 cir-

277 2014 401 2048 cuitum
426 2015 554 2048 moenia
576 2017 735 2057 fuerunt,
774 2027 794 2048 e
819 2014 993 2059 parietinis
1015 2013 1167 2047 rediviva
1190 2013 1270 2046 urbs
1297 2012 1410 2045 extitit
1431 2011 1594 2052 maxima,
1631 2011 1731 2056 ripae

275 2059 436 2094 insistens
473 2060 745 2104 praeterfluentis
778 2060 908 2104 placide
931 2059 1118 2094 Maeandri.
1163 2070 1235 2091 eam
1259 2069 1359 2101 porro
1383 2068 1426 2090 ne
1447 2056 1626 2091 structuris
1648 2068 1730 2091 con-

275 2105 396 2149 spicua
428 2105 509 2140 solis
539 2106 573 2139 in
604 2106 791 2140 claritatem
824 2117 912 2139 novo
953 2104 1117 2138 conditori
1156 2103 1359 2137 destinatam
1390 2113 1455 2136 non
1485 2101 1729 2145 effloresceret,

274 2151 485 2195 frequentari
514 2151 667 2185 nimirum
699 2152 849 2197 oportuit
879 2150 1071 2184 convocatis
1100 2161 1219 2194 magno
1249 2159 1387 2182 numero
1420 2147 1557 2181 colonis.
1602 2158 1729 2182 summo

275 2195 310 2228 id
342 2197 452 2230 studio
487 2200 660 2238 curatum,
695 2209 735 2231 eo
763 2208 918 2230 successu
941 2202 980 2230 ut
1003 2195 1099 2229 brevi
1122 2205 1240 2229 recens
1271 2194 1482 2227 inductorum
1503 2193 1582 2226 illuc
1603 2193 1729 2227 civium

277 2252 337 2274 sex
371 2247 407 2275 et
439 2241 580 2286 triginta
612 2243 755 2277 millibus
777 2243 923 2287 capitum
946 2242 1125 2275 multitudo
1150 2243 1355 2274 censeretur.
1403 2238 1436 2273 hi
1459 2249 1574 2273 omnes
1596 2238 1730 2284 optimis

277 2285 408 2320 alacres
430 2289 575 2332 spebus,
609 2289 734 2334 quippe
757 2287 917 2333 auspiciis
939 2286 1145 2320 faustissima
1168 2285 1435 2330 spondentibus,
1465 2295 1572 2317 novae
1595 2284 1729 2318 habita-

278 2330 381 2365 tionis
405 2334 563 2367 encaenia
587 2334 826 2377 celebrabant,
863 2333 970 2377 ignari
989 2343 1026 2365 se
1048 2344 1085 2365 re
1109 2333 1251 2365 maxime
1276 2329 1467 2364 necessaria
1489 2340 1618 2363 carere.
1662 2340 1729 2363 non

279 2377 366 2409 enim
390 2377 554 2412 cisternas
586 2383 810 2424 paraverant,
849 2383 908 2413 aut
930 2389 1027 2411 manu
1051 2377 1176 2411 effossa
1199 2377 1390 2420 circumque
1412 2379 1541 2409 structo
1564 2378 1600 2409 et
1621 2374 1730 2408 solide

277 2421 415 2456 inducto
438 2424 580 2458 tectorio
603 2425 731 2459 munita
761 2424 998 2469 conceptacula
1025 2434 1183 2468 aquarum
1209 2423 1264 2455 vel
1288 2421 1555 2466 excipiendarum
1578 2432 1598 2454 e
1622 2420 1727 2460 coelo,

279 2478 353 2500 cum
385 2468 535 2512 plueret,
572 2471 627 2503 vel
649 2483 668 2504 e
693 2470 796 2504 fluvio
820 2469 1132 2514 comportandarum
1154 2469 1190 2501 in
1213 2478 1293 2501 usus
1317 2465 1516 2500 domesticos
1538 2469 1575 2499 et
1595 2470 1728 2509 tempo-

278 2524 352 2547 rum
377 2524 537 2548 annonam
562 2515 747 2550 dubiorum.
794 2516 891 2553 huius
912 2514 960 2548 rei
984 2514 1251 2559 praevertendae
1281 2524 1383 2546 causa
1416 2517 1511 2553 erat,
1551 2511 1581 2544 si
1606 2511 1729 2544 adver-

280 2557 422 2602 tissent,
461 2561 671 2603 necessaria,
709 2567 833 2594 natura
864 2560 925 2595 soli
955 2559 1042 2593 illius
1075 2570 1234 2593 venarum
1266 2569 1388 2602 expers
1419 2558 1536 2590 subtus
1564 2555 1728 2590 manantis

282 2615 411 2648 aquae,
448 2603 499 2638 ita
520 2610 559 2639 ut
583 2611 704 2650 puteus
727 2606 902 2640 Trallibus
925 2605 1005 2638 viva
1028 2605 1234 2643 scaturigine
1257 2603 1411 2648 perennis
1434 2614 1474 2635 ex
1497 2602 1539 2635 iis
1561 2604 1650 2634 esset
1673 2612 1730 2634 re-

280 2649 344 2683 bus
378 2661 466 2694 quae
496 2651 628 2696 sperari
651 2663 715 2684 non
738 2657 896 2696 possent,
932 2662 1084 2696 quasque
1114 2651 1171 2695 qui
1197 2654 1377 2683 conaretur
1401 2658 1535 2692 operam
1558 2646 1729 2690 perderet.

283 2705 404 2737 causa,
429 2695 566 2740 opinor,
589 2701 641 2730 est
663 2696 762 2741 paulo
785 2696 982 2741 profundius
1004 2695 1209 2730 subsidentis
1228 2695 1293 2728 soli
1316 2694 1454 2728 ariditas
1476 2702 1640 2732 exsucca,
1666 2702 1730 2725 nec

283 2751 347 2784 par
370 2740 528 2784 soliditas,
545 2741 665 2786 liquori
689 2741 887 2775 continendo
911 2753 994 2786 prae
1017 2741 1221 2775 solubilitate
1244 2740 1399 2774 cinereae
1421 2737 1537 2778 simili,
1572 2749 1648 2771 cum
1675 2742 1732 2770 taa—

283 2796 360 2818 men
382 2787 591 2831 superficiem
614 2798 733 2821 versus
757 2787 805 2820 ad·
823 2786 967 2831 aliquam
999 2787 1206 2820 altitudinem
1230 2786 1355 2819 exudet
1376 2783 1496 2827 passim
1522 2784 1638 2816 humus
1660 2793 1733 2825 ma-

285 2830 368 2864 dore
398 2831 518 2867 lutoso.
563 2833 599 2867 id
630 2832 739 2868 oritur
773 2842 815 2866 ex
846 2843 952 2877 prope
981 2833 1171 2876 stagnantis
1195 2832 1330 2865 humore
1353 2828 1517 2871 fluminis,
1556 2839 1656 2874 quem
1679 2826 1733 2862 vis
