1884 3262
214 245 314 294 762
627 234 939 284 OBSERVAT.
967 207 1281 278 PACHYMER.

234 351 314 415 aa!
353 348 513 412 :Ruffiiss-i’t'.
538 342 704 406 fflsstassiss
810 342 991 382 Nicolaus
1001 346 1111 394 pont.
1121 341 1268 393 legatos
1286 339 1508 393 episcopum
1517 341 1682 381 Grosse-

353 417 450 446 Nicol.
460 414 512 445 111.
554 411 692 442 Palaeol.
754 406 895 440 tanum
914 413 1004 438 cum
1021 399 1151 437 tribus
1169 397 1356 449 religiosis
1383 397 1531 436 ordinis
1549 398 1680 438 Mino-

221 458 327 500 1278
422 457 451 498 2
595 451 647 492 19
754 471 846 497 rum
861 456 913 495 ad
926 455 1155 494 Michaelem
1171 461 1211 493 et
1226 454 1496 493 Andronicum
1519 454 1571 492 ad
1585 469 1684 494 con-

756 513 1034 553 summandum
1064 512 1262 563 negotium
1291 511 1397 563 pacis
1435 511 1683 551 ecclesiarum

755 571 889 611 mittit.
902 571 1054 622 Regest.
1063 567 1248 607 Nicol.111
1264 567 1385 609 n.143
1395 580 1519 619 usque
1528 568 1579 606 ad
1590 569 1684 610 153.

79 695 107 731 Ρ
128 697 196 733 540
220 694 326 735 1279
426 684 453 724 3
600 686 657 727 20
810 682 946 734 Legati
967 694 992 720 a
1017 680 1206 720 Michaele
1227 681 1463 733 imperatore
1479 679 1530 718 ad
1546 678 1684 732 ponti-

754 738 870 777 ficem
894 743 1164 791 pervenerunt
1185 738 1425 789 gratulantes
1455 737 1492 775 ei
1517 735 1685 788 pontifi'-

756 801 888 834 catum
906 801 946 833 et
963 795 1226 834 obedientiam
1244 794 1486 846 profitentes.
1541 791 1686 830 attule-

754 858 853 891 runt
869 852 990 890 iidem
1011 852 1145 891 literas
1166 865 1189 889 a
1206 851 1351 889 Ioanne
1369 851 1494 890 Vecco
1513 849 1687 901 patriar-

757 908 853 958 cha,
883 909 1027 960 quibus
1044 908 1249 947 Nicolaum
1268 920 1309 945 se
1326 919 1533 959 agnoscere
1553 905 1686 944 decla-

755 965 870 1004 rabat
912 973 1130 1017 pastorum
1167 971 1376 1016 pastorem
1429 964 1687 1014 omniumque

749 1022 980 1073 praesulem
1017 1023 1366 1073 supereminentem
1393 1020 1688 1072 praelatorum.

757 1078 959 1117 addebant
984 1078 1101 1129 legati
1129 1078 1408 1129 imperatorem
1434 1075 1594 1127 quidem
1611 1088 1686 1126 pro

757 1135 910 1174 viribus
927 1140 1113 1173 conatum
1134 1146 1268 1172 omnes
1292 1134 1460 1172 Graecos
1480 1132 1531 1169 ad
1550 1144 1687 1182 pacem

758 1191 1009 1229 ecclesiarum
1028 1189 1340 1242 amplectendam
1355 1188 1522 1239 adigere,
1546 1200 1688 1226 verum

757 1247 903 1286 multos
921 1259 943 1284 e
974 1247 1054 1285 suis
1081 1246 1313 1298 propinquis
1332 1245 1492 1295 aliisque
1509 1243 1688 1294 potenti-

756 1303 831 1342 bus
861 1304 1005 1342 acriter
1031 1302 1209 1352 obstare,
1243 1302 1414 1340 adeout
1440 1301 1483 1338 in
1511 1305 1688 1351 apertam

756 1360 1010 1399 rebellionem
1037 1359 1206 1397 schisma
1223 1359 1433 1409 erupisset3
1467 1362 1506 1394 et
1525 1368 1690 1407 congre-

757 1422 845 1468 gata
868 1415 1174 1469 pseudosynodo
1213 1421 1373 1453 centum
1404 1412 1690 1451 monachorum

759 1487 850 1512 cum
877 1473 1028 1524 aliquot
1065 1472 1268 1511 abbatibus
1301 1476 1341 1509 et
1378 1476 1468 1508 octo
1502 1468 1690 1521 episcopis

714 1561 717 1563 >
760 1530 968 1568 anathema
995 1530 1193 1568 intortum
1219 1529 1262 1566 in
1285 1526 1550 1579 patriarcham
1575 1531 1616 1563 et
1636 1537 1689 1563 se.

759 1601 833 1627 nec
858 1587 932 1626 sibi
958 1587 1063 1627 vires
1083 1586 1134 1624 ad
1153 1598 1314 1623 manum
1343 1597 1424 1622 esse
1446 1582 1588 1634 quibus
1607 1587 1691 1620 tam

759 1650 963 1696 potentem
1002 1643 1214 1682 factionem
1253 1641 1501 1693 opprimeret.
1568 1650 1690 1690 quare

759 1701 856 1740 boni
884 1700 1107 1740 consuleret
1128 1698 1330 1752 pontifex,
1360 1703 1446 1735 arte
1468 1709 1508 1734 se
1536 1709 1582 1734 ac
1600 1708 1690 1733 mo-

762 1758 965 1797 deratione
990 1758 1033 1795 in
1060 1756 1140 1795 hoc
1168 1755 1324 1806 negotio
1344 1754 1405 1792 uti
1420 1753 1550 1805 potius
1571 1764 1691 1802 quam

760 1815 802 1855 vi
817 1821 972 1866 aperta:
987 1814 1042 1852 sic
1060 1814 1164 1852 enim
1173 1811 1300 1852 videri
1312 1822 1466 1849 necesse
1479 1814 1587 1848 metu
1601 1821 1691 1845 ma-

759 1871 853 1910 ioris
872 1871 975 1910 mali.
1031 1871 1184 1921 Regest.
1213 1868 1296 1906 Nic.
1319 1867 1382 1906 ΠΙ.
1414 1880 1452 1905 n.
1473 1866 1553 1908 156
1575 1869 1615 1902 et
1632 1876 1690 1915 sq.

815 1927 887 1965 His
905 1927 962 1964 ita
975 1924 1232 1978 praemunitis
1250 1923 1356 1974 apud
1373 1922 1598 1974 pontificem
1613 1921 1692 1958 im-

759 1989 920 2035 perator
941 1983 1126 2021 Ioannem
1146 1981 1316 2031 Veccum
1333 1977 1610 2031 patriarcham,
1627 1975 1691 2014 cui

761 2040 905 2078 sciebat
923 2039 1198 2078 infensissimos
1225 2048 1306 2074 esse
1325 2034 1590 2073 schismaticos
1605 2063 1616 2081 ,
1644 2036 1691 2070 ut

762 2109 827 2134 eos
856 2096 911 2134 sic
931 2096 1129 2144 deliniret,
1157 2105 1303 2134 vexare
1328 2091 1554 2143 aggreditur
1571 2101 1691 2126 accu-

762 2153 979 2191 sationibus
998 2153 1040 2191 in
1061 2164 1150 2190 eum
1165 2147 1428 2188 admittendis,
1459 2146 1569 2185 hunc
1588 2144 1691 2182 enim

763 2224 910 2249 annum
944 2210 1148 2260 designant
1178 2207 1245 2245 illa
1286 2205 1535 2256 Pachymeris
1570 2201 1692 2241 verba

764 2271 789 2309 6
822 2270 894 2308 10:
922 2268 1007 2304 iam
1026 2273 1159 2303 autem
1181 2264 1352 2301 evolutis
1379 2262 1499 2299 annis
1517 2265 1693 2311 quatuor

764 2338 808 2362 ex
826 2338 905 2376 qao
918 2320 1404 2373 Ioannes-patriarchatus
1420 2317 1566 2355 honore
1576 2328 1694 2367 prae-

766 2380 949 2429 sellebat,
987 2393 1117 2417 mense
1146 2377 1371 2419 Februario
1409 2374 1598 2425 septimae
1626 2372 1693 2408 in-
1738 2383 1743 2387 ·

766 2436 982 2486 dictionis,
1003 2448 1151 2489 graves
1181 2436 1225 2472 in
1252 2446 1338 2471 eum
1369 2430 1647 2469 accusationes
1665 2440 1693 2464 a

767 2493 1013 2546 quibasdam
1040 2507 1059 2530 e
1086 2492 1187 2529 clero
1213 2489 1456 2542 conflantur,
1486 2482 1693 2524 mendaces

766 2551 865 2588 illae
886 2549 1046 2602 quidem
1069 2556 1106 2586 et
1118 2548 1244 2600 plane
1268 2549 1425 2595 inanes,
1462 2556 1542 2581 non
1561 2548 1694 2578 tamen

769 2606 968 2646 eiusmodi
995 2620 1098 2658 quas
1126 2618 1243 2656 aegre
1268 2604 1484 2654 imperator
1503 2597 1694 2636 admitte-

769 2672 837 2703 ret.
895 2663 1118 2702 numeravit
1155 2660 1222 2698 hic
1269 2672 1395 2697 annus
1439 2655 1693 2694 indictionem

770 2721 998 2772 septimam3
1026 2725 1067 2758 et
1093 2731 1183 2758 cum
1206 2716 1383 2768 superius
1402 2727 1436 2754 c.
1454 2716 1479 2754 6
1501 2725 1539 2750 n.
1564 2710 1590 2752 4
1620 2708 1693 2746 ἆθ-

770 2784 1033 2816 monstratum
1052 2776 1104 2814 sit
1120 2775 1307 2813 loannem
1332 2772 1502 2811 Veccum
1521 2765 1694 2820 patriar-

771 2834 907 2872 chatus
938 2833 1218 2885 possessionem
1254 2829 1393 2867 adiisse
1430 2825 1493 2863 die
1530 2827 1558 2864 2
1592 2819 1695 2860 Iunii

771 2904 873 2931 anno
893 2891 1014 2941 1275,
1034 2889 1172 2940 utique
1196 2888 1230 2925 is
1255 2886 1334 2925 hoc
1360 2896 1463 2923 anno
1483 2881 1590 2922 1279
1613 2878 1696 2917 eius
