1846 3262
417 191 493 234 DE
527 188 806 233 MICHAELE
838 185 1215 253 RALAEOLOGO
1248 186 1295 229 L.
1325 184 1401 229 ΠΙ.
1537 184 1634 230 201

164 302 399 363 ἀδύνατον)
437 302 493 355 ὥς
518 304 764 354 κινδυνῶδες
791 303 861 346 καὶ
888 300 1024 352 ἄλλως
1050 300 1099 346 ὂν
1125 300 1302 359 ἀπρεπὲς
1328 297 1546 356 ἄπὲλεγον,
1588 297 1638 343 τό

165 376 210 420 δ’
233 371 361 425 αὖθις
380 373 739 431 καταπροεμένους
757 371 828 415 τὸν
848 371 962 423 ξένον
981 371 1234 415 σπένδεσθαι
1253 370 1464 425 ἐπίμωμον
1482 369 1641 427 ἔκρινον

165 447 236 490 καὶ
266 443 409 488 ἄδικον
439 441 576 501 πάντῃ
600 442 706 500 πρὸς
733 441 805 485 τὸν
835 438 1011 496 ἥκοντα,
1050 442 1085 483 εἲ
1102 437 1324 490 πιστεύσας
1346 440 1511 489 ἐκείνοις
1528 435 1642 496 σφά-

168 517 290 568 ζοιτο.
361 517 422 573 τῷ
453 530 517 556 τοι
545 513 614 554 καὶ
639 511 717 566 τὴν
744 510 874 566 με’σην
897 513 1129 567 χωροῦντες
1156 508 1374 564 αὗτόνμέν
1393 507 1566 552 ἀπεῖπον
1583 507 1644 563 μὴ

132 579 423 640 5προδιδόναι,
463 581 614 631 αὐτοὺς
633 581 679 624 δὲ
698 571 951 623 σπένδεσθαι
971 576 1118 632 οὕτως,
1156 580 1192 621 εἲ
1212 577 1396 620 θέλοιεν·
1432 579 1467 620 εἲ
1487 576 1529 620 δ’
1551 571 1642 630 οῦν,

166 652 274 697 ἀλλὰ
304 652 374 696 διὰ
407 651 551 701 τέλους
579 647 791 706 μάχεσθαι
824 648 1101 693 συνετίθεντο.
1172 648 1214 690 ἐν
1243 644 1432 705 τοσούτῳ
1464 641 1539 689 οὖν
1569 649 1644 690 τοῦ

166 726 313 779 καιροῦ
342 719 590 779 τριβομένου
623 721 691 762 καὶ
719 723 804 762 τῶν
827 718 902 773 μὲν
916 717 1047 773 μηδὲν
1066 713 1243 772 ἐχόντων
1263 722 1393 759 ποιεῖν
1414 719 1497 758 τῶν
1521 717 1566 760 δὲ
1585 712 1644 771 μή
1667 722 1697 757 P
1722 719 1789 758 134

166 809 208 836 τι
234 791 548 849 ἀποκρινεῖσθαι
558 822 572 843 ,
609 786 631 832 ὅ
648 788 724 844 μὲν
744 787 855 840 ξένος
874 787 1009 830 ἀνεῖτο
1041 783 1200 844 φεύγειν
1222 785 1326 842 πρὸς
1346 784 1517 842 Πέρσας
1525 817 1540 838 ,
1583 782 1647 835 οἷς

168 860 214 904 δ’
251 855 360 916 ἦσαν
390 858 630 914 ὑποσχέσεις
656 857 772 916 παρὰ
801 861 885 901 τῶν
910 858 1009 914 τῇδε
1031 857 1099 900 καὶ
1121 855 1361 908 συνθεσίαι,
1399 853 1644 898 ἐσπένδοντο

112 929 222 975 10τὰ
247 928 375 973 πιστὰ
408 926 607 983 λαβόντες
633 931 710 970 τοῦ
739 926 798 982 μὴ
827 930 993 971 παθεῖν.
1065 925 1104 969 οἳ
1132 925 1178 968 δὲ
1206 931 1299 974 ταῖς
1321 925 1519 974 σπονδαῖς
1541 923 1646 980 πρὸς

168 999 345 1050 ἐκείνους
382 995 668 1055 ᾗμερωθὲντες
694 1002 782 1047 τοῖς
808 995 948 1046 ἄλλοις
977 998 1115 1045 κακῶς
1147 995 1216 1037 καὶ
1244 993 1414 1050 ἀπηνῶς
1440 992 1646 1050 προσεφέ-

169 1085 313 1126 ροντο,
360 1068 429 1110 καὶ
466 1067 743 1125 προσετίμουν
789 1065 950 1121 ζημίαις
990 1063 1039 1107 οὗ
1079 1069 1282 1122 φορηταΐς
1311 1063 1380 1105 καὶ
1409 1063 1587 1116 μείζοσιν
1616 1060 1643 1118 ἢ

169 1135 274 1181 ὥστ’
308 1137 475 1193 ἐνεγκεῖν
517 1136 705 1185 ἐκείνους.
776 1134 824 1178 τὸ
865 1133 909 1177 δ’
956 1130 1137 1177 ἐλαύνειν
1176 1134 1334 1176 ἐκεῖθεν
1373 1132 1643 1188 ἔξορίζοντας,

168 1205 339 1262 ἄσμενοι
368 1204 419 1249 ἂν
447 1207 506 1255 εἷς
535 1205 736 1261 τιμωρίαν
764 1203 958 1261 μεγίστην
987 1200 1235 1260 πράξοντες,
1272 1200 1386 1257 ὅμως
1413 1198 1638 1245 ἐκωλύοντο
1665 1205 1694 1240 Β

114 1284 158 1322 15
171 1273 389 1332 πράττειν,
437 1275 495 1330 μὴ
529 1276 597 1318 καὶ
631 1273 708 1323 τὰς
735 1271 867 1331 ἄκρας
894 1274 1076 1330 ἐρημοῦν
1108 1272 1272 1328 ἀνδρῶν
1297 1270 1374 1321 τὰς
1403 1268 1536 1328 ὁρμὰς
1563 1274 1649 1314 τῶν

168 1348 348 1402 Περσῶν
369 1344 524 1399 ἀνέχειν
544 1341 796 1398 δυναμένων.
864 1346 1000 1385 ταῦτα
1021 1343 1113 1398 περὶ
1135 1340 1233 1391 τοὺς
1255 1337 1562 1398 Τρικοκκιώτας
1581 1340 1650 1382 καὶ

168 1414 270 1465 τοὺς
290 1417 366 1457 τοῦ
387 1415 507 1470 ζυγοῦ
531 1409 853 1470 διαπραξάμενοι
871 1405 1103 1466 ἀνεχώρουν
1125 1410 1192 1452 ἐπ’
1219 1409 1353 1453 οἴκων.

313 1481 389 1529 14:
462 1481 526 1525 Τὸ
554 1481 694 1537 μέντοι
722 1482 814 1539 περὶ
841 1480 914 1523 τὸν
943 1481 1074 1522 παῖδα
1098 1476 1291 1534 Ἰωάννην
1313 1474 1501 1533 συμβάν,
1535 1475 1648 1532 με’γι-
1672 1489 1705 1525 c

172 1567 272 1596 στον
302 1551 351 1595 ὂν
381 1549 408 1607 ’ἢ
442 1549 548 1595 ὥστε
582 1554 808 1609 κρυβῆναι,
844 1548 1047 1593 ἔκπυστον
1077 1547 1211 1606 γε’γονε
1240 1549 1310 1591 καὶ
1326 1551 1385 1609 τῷ
1404 1543 1653 1605 πατριάρχῃ.

266 1684 324 1721 15.
343 1682 516 1731 ἐρημοῒεν
526 1683 547 1718 7

172 1811 264 1836 mum
295 1800 332 1835 in
358 1798 554 1834 defensione
577 1797 689 1844 pueri.
731 1797 818 1841 nisi,
854 1796 947 1843 quod
972 1799 1106 1843 sperari
1128 1807 1197 1831 non
1219 1796 1372 1842 poterat,
1404 1807 1474 1831 una
1495 1795 1566 1843 ipsi
1586 1807 1651 1831 nec

173 1858 297 1892 magna
328 1857 413 1892 gens
438 1846 632 1880 universum
664 1844 700 1879 in
732 1856 772 1880 se
804 1845 1012 1879 coniuratum
1043 1843 1221 1889 imperium
1254 1843 1455 1885 vincerent,
1492 1854 1534 1878 ac
1556 1855 1600 1879 ne
1621 1843 1653 1878 si

174 1894 311 1940 quidem
346 1896 464 1938 posset
498 1891 704 1934 succedere,
733 1895 851 1926 tamen
879 1891 1010 1925 tentari
1040 1889 1250 1925 conveniret.
1295 1888 1352 1924 hic
1384 1900 1469 1924 vero
1501 1900 1578 1925 cum
1607 1889 1653 1924 ad

176 1940 311 1975 unicam
337 1939 484 1973 oblatam
512 1938 765 1983 componendae
787 1937 883 1984 pacis
905 1938 1071 1972 rationem
1099 1937 1298 1971 referebant
1321 1935 1486 1978 animum,
1520 1936 1565 1970 ad
1589 1936 1653 1971 de-

175 1986 340 2022 ditionem
363 1997 484 2030 nempe
506 1986 606 2031 pueri
625 1984 792 2030 hospitis,
826 1983 1056 2018 abhorrebant
1084 1987 1189 2028 atque
1211 1982 1480 2024 aversabantur,
1515 1982 1652 2028 potius-

175 2044 244 2079 que
266 2032 526 2079 propendebant
547 2031 584 2065 in
607 2041 732 2076 anceps
754 2030 1018 2076 damnosumque
1041 2029 1217 2064 consilium
1239 2028 1389 2063 bellandi
1403 2028 1447 2062 ad
1463 2034 1653 2063 extremum

175 2079 328 2125 periculo
351 2089 565 2124 quocunque.
611 2077 703 2112 inter
724 2077 787 2111 hos
807 2077 989 2111 multorum
1012 2082 1128 2111 aestus
1143 2101 1154 2119 ,
1186 2086 1261 2110 cum
1283 2076 1387 2119 longa
1411 2074 1651 2120 perplexarum

176 2125 458 2160 deliberationum
481 2134 578 2159 mora
601 2123 688 2158 certi
712 2123 846 2158 consilii
866 2122 950 2157 nihil
971 2122 1212 2168 expediretur,
1236 2132 1359 2155 caecus
1373 2120 1526 2163 advena,
1547 2131 1653 2155 causa

177 2173 351 2206 tantorum
372 2174 520 2206 motuum
533 2195 544 2215 ,
577 2170 733 2205 dimissus
755 2170 801 2204 ad
823 2170 952 2204 Persas
974 2169 1076 2214 fugit.
1124 2167 1183 2214 qui
1206 2178 1308 2213 porro
1331 2178 1375 2201 ex
1396 2166 1565 2201 montanis
1587 2178 1654 2212 pa-

178 2217 263 2252 cisci
285 2229 361 2251 cum
383 2217 508 2251 nostris
531 2219 567 2251 et
589 2228 715 2251 arcano
737 2219 890 2251 tractare
913 2215 1039 2250 dudum
1061 2219 1264 2261 coeperant,
1297 2212 1321 2246 ii
1343 2212 1464 2247 foedus
1491 2212 1562 2247 iam
1587 2224 1652 2259 pa-

178 2263 247 2298 lam
276 2266 431 2306 icerunt‚
462 2263 664 2310 receptique
694 2262 732 2296 in
761 2262 928 2307 gratiam,
960 2273 1035 2296 cum
1068 2264 1204 2305 essent,
1237 2263 1278 2293 ut
1308 2257 1401 2302 dixi,
1432 2263 1470 2293 et
1492 2258 1591 2294 multi
1614 2262 1652 2294 et

178 2308 358 2356 praecipui
390 2313 643 2351 montanorum,
676 2309 825 2355 reliquos
852 2308 1058 2343 infirmiores
1078 2307 1170 2341 illius
1191 2304 1304 2352 gentis
1325 2304 1401 2340 irae
1424 2305 1653 2340 ministrorum

178 2355 395 2401 imperatoris
420 2355 640 2398 obiecerunt3
664 2355 723 2401 qui
746 2366 806 2389 eos
828 2356 953 2390 acerbe
975 2353 1228 2399 crudeliterque
1250 2355 1442 2394 vexarunt,
1464 2351 1654 2398 spoliantes

180 2401 441 2436 intolerabiliter
462 2400 623 2443 miseros,
652 2405 690 2435 et
710 2401 836 2436 multae
859 2401 994 2435 nomine
1017 2410 1163 2436 summas
1186 2399 1229 2433 ab
1252 2397 1295 2433 iis
1318 2398 1484 2444 pecuniae
1506 2398 1654 2433 maiores

181 2451 425 2494 extorquentes
455 2459 554 2493 quam
586 2458 691 2493 quas,
727 2459 772 2482 ne
801 2447 951 2482 venditis
982 2447 1118 2493 quidem
1146 2456 1236 2491 quae
1266 2444 1441 2479 habebant
1467 2443 1653 2487 universis,

181 2498 325 2540 possent
347 2493 528 2529 conficere.
574 2505 638 2527 nec
659 2493 730 2528 ulla
751 2493 990 2540 imperatorios
1012 2491 1244 2527 misericordia
1272 2491 1384 2525 tenuit
1406 2491 1450 2526 ab
1472 2491 1515 2525 iis
1538 2494 1656 2525 extet-

181 2540 349 2575 minandis
381 2544 418 2575 et
450 2538 672 2574 exturbandis
701 2539 784 2574 sede
813 2539 930 2586 patria
955 2539 991 2573 iu
1020 2538 1181 2573 ultionem
1211 2537 1420 2572 rebellionis:
1457 2537 1520 2572 sed
1542 2537 1588 2571 ab
1612 2546 1654 2571 eo

183 2586 324 2621 consilio
346 2586 405 2621 illa
427 2597 486 2620 eos
509 2597 592 2620 cura
613 2585 808 2627 revocavit,
841 2586 933 2632 quod
954 2585 1183 2631 providebant
1209 2585 1285 2619 fore
1305 2588 1346 2618 ut
1369 2583 1422 2619 his
1444 2582 1524 2617 inde
1546 2582 1655 2628 pulsis

183 2643 281 2667 nemo
302 2633 369 2667 iam
389 2637 483 2667 esset
504 2631 563 2678 qui
583 2631 665 2677 iuga
686 2631 764 2674 illa,
799 2633 1057 2678 propugnacula
1081 2630 1226 2666 Romani
1249 2629 1391 2672 limitis,
1426 2640 1447 2663 a
1471 2630 1656 2664 Persarum

184 2677 322 2713 assidue
351 2678 419 2713 illis
449 2678 606 2724 partibus
635 2677 869 2712 insidiantium
903 2679 1093 2724 crebroque
1122 2676 1380 2723 irrumpentium
1405 2674 1656 2710 incursionibus

187 2726 267 2759 tuta
297 2727 506 2771 praestaret.
552 2724 605 2759 his
628 2724 720 2760 circa
744 2724 980 2760 Tricocciotas
1002 2728 1041 2760 et
1062 2728 1241 2759 montanos
1263 2722 1371 2770 gestis
1392 2722 1568 2757 Romanae
1593 2732 1657 2755 co-

186 2769 266 2815 piae
288 2772 422 2806 domum
441 2774 670 2807 reverterunt.

282 2816 337 2852 14.
384 2817 568 2853 Caeterum
603 2816 695 2863 quod
733 2828 841 2864 puero
881 2816 1000 2853 Ioanni
1029 2818 1212 2859 evenerat,
1256 2814 1365 2851 maius
1397 2812 1518 2859 utique
1549 2814 1657 2858 atque

189 2862 341 2899 atrocius
367 2875 468 2910 quam
497 2868 537 2900 ut
566 2863 677 2899 taceri
709 2869 848 2910 posset,
876 2864 922 2899 ad
949 2874 1050 2900 aures
1078 2861 1297 2910 patriarchae
1327 2871 1465 2908 quoque
1488 2858 1655 2905 perlatum
