1884 3262
292 195 400 242 618.
687 193 1016 242 OBSERVAT.
1031 194 1342 241 PAGHYMRR.

150 306 179 341 P
201 306 270 343 428
291 305 391 356 logia
414 316 435 341 e
461 302 626 352 solutili‚
656 301 822 344 classicis
851 302 998 341 usitata
1025 314 1146 351 voce,
1176 302 1318 352 ducta,
1344 303 1504 343 fortasse
1522 304 1660 342 Latine
1678 304 1743 342 di-

290 374 377 399 cene
404 372 610 410 possumus
632 359 856 410 portatilis,
912 357 988 396 hac
1004 372 1125 410 porro
1135 331 1487 398 circumlocutione
1507 361 1572 400 vel
1593 358 1744 412 σκηνάς

290 416 554 454 tabernacula
585 417 807 452 castrensia
834 415 1052 466 expiimere
1071 414 1326 466 Pachymercs
1343 415 1491 464 voluit,
1522 417 1604 465 vel,
1634 416 1743 466 quod

288 472 420 512 verius
437 477 535 523 puto
547 500 557 519 ‚
586 472 758 509 indicare
779 471 916 509 domos
934 484 954 509 e
971 472 1134 509 materia
1152 471 1325 510 solutiles
1343 471 1572 522 proceribus
1591 473 1742 510 Roma-

289 528 371 578 nis,
400 528 594 567 urbanum
622 528 763 566 luxum
783 527 825 565 in
843 527 980 566 militia
1001 528 1132 579 quoad
1153 533 1315 579 possent
1332 539 1522 579 usurpare
1543 528 1743 566 studenti-

289 585 363 623 bus
375 616 386 634 ,
416 590 574 636 paratas
592 597 637 622 eo
658 584 823 622 artificio
841 589 888 621 ut
906 590 1034 635 partes
1052 597 1183 622 earum
1204 583 1305 622 solvi
1318 583 1541 635 seiungique
1561 585 1743 622 commis-

286 641 389 679 suris
420 647 459 678 et
495 641 570 678 alio
602 640 754 678 delatae
783 640 874 678 alibi
894 654 1032 678 rursus
1055 640 1246 691 compingi
1265 646 1434 691 possent.
1490 639 1573 678 eius
1594 641 1742 690 generis

286 697 449 736 videtur
476 697 596 735 fuisse
623 697 814 746 οἰκίδιον,
845 696 955 735 cuius
974 703 1032 735 est
1047 697 1195 735 mentio
1214 697 1314 734 infra
1333 697 1358 734 l.
1376 696 1402 738 5
1423 710 1455 734 c.
1476 699 1527 742 6,
1561 709 1639 747 quo
1656 697 1742 735 viso

286 755 457 792 refertur
486 753 732 805 obstupuisse
761 753 874 791 cralis
901 753 1058 791 Serbiae
1081 752 1302 805 Stephanus
1320 753 1469 790 Uresis:
1498 749 1596 792 ἄλλοέ
1613 750 1681 792 καὶ
1698 749 1753 794 vd·

286 807 581 862 θεραπευτικόν
609 825 653 850 το
685 809 730 850 ἐν
755 809 922 858 ἐκείνοις
957 808 1115 862 βλέπων
1141 806 1308 860 Ου’ρέσις
1340 807 1409 848 καὶ
1443 809 1614 850 οἰκίδιον
1642 838 1652 847 .
1673 837 1682 846 .
1702 837 1712 847 .
1731 837 1743 847 .

287 863 561 918 ἐπαλαστήσας
582 864 708 918 φησὶν
727 883 768 906 αι
790 883 851 914 αι,
881 866 919 905 τί
937 868 1085 915 ταῦτα,·
1114 882 1182 905 και
1201 864 1299 917 ἡμῖν
1322 861 1373 906 ου’
1391 861 1575 916 συνήθης
1594 861 1692 915 αὕτη
1714 862 1746 916 ἦ

287 922 421 963 δίαιτα
438 928 512 960 etc.
570 935 669 972 quae
686 922 863 960 indicant
886 935 974 960 eum
1000 922 1074 960 ista
1090 922 1215 973 specie
1232 921 1342 972 quasi
1359 921 1469 959 nimii
1483 921 1602 973 luxus
1619 920 1744 958 offen-

291 991 390 1016 sum.
448 978 596 1028 aliquid
613 979 729 1016 etiam
749 979 871 1016 simile
892 977 1011 1016 suerit
1030 976 1197 1030 σκηνικὴ
1227 977 1329 1025 νεώς
1355 977 1399 1018 ἐκ
1421 976 1582 1018 πέπλων
1607 978 1742 1029 στιβα-

289 1037 374 1086 ρῶν
408 1030 598 1086 μετάξης,
633 1047 750 1084 quam
778 1034 995 1072 monachus
1032 1035 1189 1072 nomine
1222 1034 1421 1085 princeps,
1458 1033 1655 1071 deducens
1689 1032 1741 1071 ad

289 1089 440 1128 Chala&
458 1090 727 1128 Tocharorum
741 1091 956 1141 principem
978 1103 1158 1141 sponsam
1175 1090 1295 1128 filiam
1312 1089 1558 1141 imperatoris
1577 1087 1657 1129 ὑπὸ
1671 1103 1742 1141 με·

290 1142 430 1200 γάλαις
460 1147 698 1196 φαντασίαις
724 1145 791 1186 καὶ
823 1143 1015 1199 ἄβρότησι
1041 1143 1199 1198 συνάμα
1219 1146 1287 1186 καὶ
1308 1144 1464 1201 πλούτῳ
1484 1142 1745 1199 παντοδοῖπῳ,-

289 1202 536 1241 circumtulit
568 1202 621 1240 ad
651 1203 951 1241 ostentationem
974 1203 1307 1253 magnificentiae,
1342 1207 1390 1240 ut
1415 1202 1442 1241 l.
1469 1204 1496 1244 3
1524 1215 1559 1243 c.
1588 1205 1614 1243 3
1643 1214 1740 1240 nar-

286 1264 418 1302 ratur.

405 1357 437 1393 φ
449 1356 470 1396 ρ
482 1339 501 1381 ἐ
509 1356 531 1393 ρ
543 1356 616 1382 toz
642 1354 681 1393 p.
702 1344 785 1385 360
804 1354 843 1381 v.
863 1345 930 1384 18.
988 1357 1060 1389 ους
1078 1341 1268 1394 φρερίους
1286 1336 1401 1381 αυτοὶ
1416 1339 1610 1394 λέγουσιν,
1629 1335 1740 1380 ἐδελ-

287 1411 409 1449 φους.
463 1397 661 1447 religiosos
676 1398 872 1446 videlieet,
890 1411 989 1448 quos
995 1400 1050 1448 f'
1051 1406 1117 1435 αιι
1120 1413 1158 1435 es
1176 1410 1318 1437 vocare
1334 1397 1411 1435 iam
1429 1403 1515 1435 tum
1533 1395 1639 1447 apud
1657 1396 1740 1434 Ita-

287 1453 349 1493 los
363 1454 599 1492 invaluerat.
657 1454 757 1492 Galli
780 1455 862 1492 sive
879 1454 1041 1502 Franci,
1071 1467 1120 1492 ex
1138 1468 1254 1505 qua²³
1235 1460 1345 1492 ‹rente
1363 1453 1522 1506 plurimi
1546 1454 1740 1491 Constan-

286 1510 457 1561 tinopoli
474 1515 513 1547 et
529 1510 671 1561 passim
689 1523 759 1562 per
778 1511 978 1549 Orientem
993 1511 1196 1561 degebant,
1225 1512 1365 1548 fratres
1370 1512 1518 1560 frere-9,
1545 1515 1589 1547 ut
1608 1508 1740 1558 hodie,

285 1566 495 1616 dicebant3
521 1566 629 1604 unde
648 1567 788 1605 Graeci
807 1581 943 1605 vocem
965 1568 1154 1621 φρερίους
1172 1568 1409 1608 formarunt.
1437 1571 1603 1617 usurpat
1618 1578 1740 1616 porro

285 1629 422 1661 noster
445 1621 523 1660 hoc
543 1623 780 1662 vocabulum
802 1629 838 1661 et
861 1623 952 1661 alibi
969 1624 1131 1675 saepius.
1189 1629 1303 1661 erant
1319 1623 1363 1661 hi
1383 1623 1557 1673 plerique
1580 1635 1600 1659 e
1620 1621 1740 1659 saeris

285 1679 442 1718 familiis
463 1680 529 1717 SS.
549 1679 747 1717 Francisci
766 1685 805 1717 et
824 1680 1036 1729 Dominici3
1067 1693 1302 1732 quamquam
1321 1686 1361 1718 et
1379 1679 1598 1718 Melitenses
1624 1677 1738 1729 equi-

286 1740 348 1774 tes
368 1735 475 1787 apud
498 1736 815 1775 Cantacuzenum
833 1736 972 1775 srerios
990 1736 1169 1775 videmus
1187 1736 1324 1776 dictos.

401 1817 610 1870 φυλακή
640 1818 830 1871 ἡμέρας
857 1833 896 1871 p.
913 1818 995 1862 245
1017 1833 1055 1858 v.
1079 1823 1119 1862 1.
1174 1825 1219 1858 ut
1238 1832 1343 1867 nox,
1372 1818 1430 1857 ita
1449 1823 1486 1856 et
1506 1817 1647 1856 diesin
1665 1830 1737 1855 cu-

287 1874 435 1912 stodias
457 1881 629 1925 quatuor
650 1875 918 1923 dividebatur,
946 1875 1069 1913 trium
1090 1876 1303 1926 quamlibet
1320 1875 1521 1913 horarum.
1577 1873 1655 1911 hoc
1674 1885 1738 1910 se-

289 1936 406 1968 cutus
438 1927 626 1983 φυλακήν
649 1931 727 1968 hoc
753 1931 840 1968 loco
869 1931 973 1969 'verti
1001 1931 1242 1980 hiberiam,
1271 1944 1390 1982 quam
1415 1943 1552 1969 vocem
1580 1928 1738 1967 memini

289 1999 354 2025 me
374 1987 500 2037 legere
525 1987 631 2038 apud
651 1993 852 2025 auctorem
871 1986 963 2024 satis
986 1988 1192 2037 antiquum
1207 2000 1278 2025 nec
1302 1987 1567 2037 indiligentem
1585 1985 1738 2022 Latini-

291 2042 387 2081 tatis
417 2042 635 2081 Ausonium
662 2044 702 2081 in
729 2043 898 2082 Mosella.
954 2043 1163 2082 Vaticanus
1182 2049 1272 2095 post
1287 2043 1408 2082 verba
1430 2054 1530 2093 quae
1553 2041 1739 2092 descripsi

292 2099 480 2150 glossema
506 2112 620 2137 suum
643 2099 841 2149 quoddam
860 2099 1015 2138 insercit
1042 2113 1123 2138 non
1150 2099 1268 2138 valde
1299 2105 1546 2147 accuratum,
1575 2098 1631 2135 sic
1661 2110 1736 2135 ex-

292 2156 466 2207 primens
483 2154 592 2193 hunc
607 2156 756 2193 locum:
783 2152 918 2224 πρώτῃ
938 2157 1077 2196 τοίνυν
1094 2159 1255 2226 φυλακῇ
1275 2158 1346 2207 τῆς
1365 2154 1533 2207 ἡμέρας,
1567 2150 1655 2195 οἷον
1679 2153 1737 2194 εἰ·

292 2215 385 2252 πεῖν
407 2209 522 2264 ἐγγυς
540 2209 643 2252 εἶναι
659 2210 890 2265 τέσσαρας
866 2211 971 2264 ω’ρας
990 2215 1063 2263 τῆς
1081 2211 1240 2264 ημέρας.
1269 2212 1365 2262 quid
1380 2212 1435 2249 ita
1449 2211 1577 2250 vero'?
1603 2221 1736 2248 nonne

290 2267 425 2318 potuit
445 2274 584 2306 auctor
603 2268 778 2307 indicare
793 2268 960 2307 voluisse
971 2269 1129 2307 initium
1148 2268 1348 2307 custodiae
1366 2268 1448 2306 sive
1460 2266 1630 2331 trihorii,
1652 2278 1734 2304 non

291 2328 423 2361 autem
441 2324 621 2362 ultimam
639 2325 720 2362 eius
737 2330 889 2376 partem
909 2325 1129 2389 contiguam
1147 2324 1269 2363 horae
1289 2324 1366 2363 diei
1387 2323 1578 2388 quartae?
1613 2323 1734 2360 immo

290 2390 389 2418 vero
420 2380 522 2419 clare
553 2381 741 2432 significat
763 2381 811 2419 de
835 2381 1049 2432 principio,
1076 2395 1157 2419 non
1179 2381 1226 2419 de
1251 2381 1329 2419 fine
1347 2381 1465 2433 primi
1483 2379 1560 2418 diei
1576 2378 1735 2418 trihorii

289 2446 332 2473 se
359 2435 489 2485 loqui,
521 2437 615 2474 dum
635 2451 728 2476 mox
737 2443 832 2505 post
848 2438 1012 2476 recitata
1028 2437 1148 2476 verba
1167 2437 1367 2488 subiungit
1380 2429 1733 2489 ὖπεραναβεβηκᾶ-

290 2505 358 2538 τος
383 2489 450 2531 τὸν
475 2490 655 2543 ὁρίζοντα
682 2496 755 2534 τοῦ
780 2492 921 2546 ἡλίου,
952 2506 1051 2544 quae
1078 2494 1121 2532 in
1147 2495 1178 2531 B
1196 2500 1235 2532 et
1255 2493 1287 2531 A
1313 2493 1430 2535 codd.
1453 2493 1663 2543 leguntur,
1690 2495 1731 2529 et

289 2546 411 2585 licet'
399 2560 443 2585 m
460 2547 493 2587 V
514 2561 595 2585 non
625 2555 894 2601 compareant,
922 2563 1004 2588 non
1020 2550 1177 2589 videtur
1194 2556 1328 2588 tamen
1352 2549 1516 2588 dubium
1539 2547 1633 2598 quin
1651 2545 1731 2584 sint

289 2599 446 2657 γνήσια.
502 2603 680 2642 indicant
710 2612 860 2654 autem,
887 2605 930 2643 id
951 2606 1058 2656 quod
1081 2607 1133 2644 ibi
1157 2613 1364 2655 narratur,
1395 2604 1594 2655 contigisse
1609 2601 1728 2654 paulo

289 2665 382 2711 post
401 2665 583 2698 exortum
597 2660 708 2707 solis,
735 2660 812 2699 hoc
831 2667 888 2699 est
905 2661 1004 2700 hora
1021 2663 1147 2727 prima
1164 2662 1253 2704 diei.
1307 2663 1334 2700 l.
1350 2660 1377 2703 4
1397 2675 1429 2700 e.
1450 2663 1476 2702 8
1492 2671 1634 2698 nomen
1651 2657 1730 2696 hoc

289 2715 396 2753 idem
420 2713 579 2768 φυλακή
603 2722 799 2755 nocturno
826 2718 1018 2769 tempori,
1048 2719 1111 2757 cui
1135 2719 1252 2770 magis
1279 2716 1482 2764 convenit,-
1510 2721 1668 2767 aptatur
1685 2714 1729 2752 in

290 2769 354 2809 his
374 2771 522 2811 verbis:
551 2772 618 2812 καὶ
639 2770 688 2824 δη
708 2770 782 2824 τὴν
805 2770 965 2825 πρώτην
991 2772 1173 2826 φυλακήν
1194 2777 1265 2826 τῆς
1284 2788 1425 2820 νυκτος
1441 2771 1604 2822 ἐκείνης.
1659 2770 1729 2809 ubi

293 2839 410 2867 nemo
428 2842 508 2867 non
524 2828 647 2880 videt,
670 2828 736 2881 qui
751 2828 907 2880 quidem
930 2835 1059 2869 totum
1077 2831 1208 2870 locum
1224 2835 1372 2870 attente
1386 2827 1612 2881 inspexerit,
1629 2822 1730 2869 κατά
