1846 3262
216 200 312 250 174
367 267 373 273 ἢ
633 198 870 243 GEoRGn
912 197 1267 244 PACHYMERIS

210 321 286 361 τοῦ
310 311 490 368 ἁλούσης
516 317 590 368 τῆς
619 311 796 366 πόλεως,
833 313 880 357 τὸ
902 311 1006 368 μετά
1037 331 1081 357 τε
1101 313 1202 364 τοὺς
1222 319 1405 369 βασιλεῖς
1425 317 1491 359 καὶ
1510 315 1581 359 τὸν
1602 334 1685 359 πα-

212 384 410 443 τριάρχην
432 385 474 425 ἐν
494 389 584 432 ταῖς
605 389 832 433 συναπταῖς
849 381 1196 439 μνημονεύεσθαι.

73 470 102 505 1’
128 469 194 505 116
359 454 403 498 3.
479 450 586 494 Τότε
619 452 670 507 δὴ
697 457 756 511 τῷ
782 446 946 506 βασιλεῖ
976 457 1057 495 τῶν
1088 449 1341 508 πραγμάτων
1372 457 1509 503 καλῶς
1536 454 1602 494 καὶ
1629 450 1685 503 ὥς

217 523 338 579 ἤθελε
370 519 689 574 καταστάντων,
739 520 927 577 ἐξήγοντο
950 524 1015 563 καὶ
1037 521 1142 575 πρὸς
1160 521 1257 571 τοὺς
1278 522 1442 578 μακρὰν
1460 526 1685 577 πρεσβεῖαι,

213 597 336 636 τοῦτο
367 591 442 644 μὲν
466 590 569 646 πρὸς
597 590 668 633 τὸν
697 589 879 645 ἄρχοντα
909 595 991 633 τῶν
1031 589 1230 647 Τοχοῖρων
1259 588 1455 643 Χαλαού,
1492 595 1616 633 τοῦτο
1641 592 1717 636 δὲ5

214 663 282 704 καὶ
317 659 419 715 πρὸς
453 659 526 702 τὸν
557 663 639 702 τῶν
669 657 894 707 Αἰθιόπων
925 657 1119 703 σουλτάν.
1201 658 1273 701 τὸν
1306 659 1385 715 γὰρ
1405 663 1487 701 τῶν
1509 662 1687 715 Περσῶν

214 729 319 786 μεθ’
353 727 502 771 ἑαυτοῦ
535 726 612 782 εἶχε
640 729 711 772 τὸν
734 729 968 783 Ἀζατίνην,
1006 728 1068 770 ἐπὶ
1099 732 1172 783 τῆς
1191 726 1346 777 πόλεως
1367 732 1573 782 βλακικῶς
1595 726 1688 770 διά-

214 816 366 856 γοντα,
415 795 566 851 κώμοις
592 799 658 840 καὶ
691 798 843 852 μέθαις
876 798 954 840 ἀνὰ
984 802 1121 840 πᾶσαν
1153 795 1443 853 διημερεύοντα
1472 796 1687 852 ἄμφοδον·

164 877 195 911 Β
219 872 335 923 κενῆς
354 860 432 922 yolo
459 866 586 922 οὔσης
608 865 850 921 ἀνθρώπων
874 867 932 909 ἔτι
952 871 1025 921 τῆς
1048 864 1202 914 πόλεως
1219 866 1431 919 συνέβαινε
1451 865 1526 915 τὰς
1547 864 1689 922 ἀμφό-

217 940 316 987 δους
349 934 402 985 ὥς
431 937 602 992 ε’ρημίας
634 934 759 988 εἶναι,
798 935 868 992 ἐφ’
900 933 965 984 αἶς
993 937 1139 985 ἐκεῖνος
1175 934 1321 989 ἀνέδην
1355 932 1590 989 καθήμενος
1613 934 1724 978 σὺν1Ι

216 1013 303 1056 τοῖς
326 1004 439 1062 ἀμφ’
466 1005 591 1048 αὐτὸν
614 1009 780 1055 πολλοῖς
801 1006 867 1047 καὶ
899 1003 1091 1060 μεγάλοις
1121 999 1236 1046 οὖσιν
1258 1003 1428 1059 ὥργίαζέ
1442 1020 1482 1045 τε
1503 1007 1561 1061 τῷ
1582 1006 1690 1047 Διο-

217 1073 329 1134 νύσῳ
351 1075 417 1116 καὶ
440 1071 702 1128 ἐμεθύσκετο.
775 1073 877 1127 πρὸς
899 1078 996 1127 γοῦν
1019 1074 1193 1122 ἐκείνους
1215 1070 1291 1126 εἶχε
1318 1070 1690 1127 διαπρεσβεύεσθαι

218 1146 286 1187 καὶ
320 1138 445 1191 αὖθις
471 1140 695 1196 λαμβάνειν
725 1142 881 1183 ἐκεῖθεν
911 1142 1112 1197 πρέσβεις,
1192 1145 1251 1199 τῷ
1282 1141 1356 1194 μὲν
1389 1140 1565 1183 Χαλασύ
1585 1140 1689 1195 μετὰ

219 1215 295 1254 τοῦ
327 1215 511 1266 μοναχοῦ
548 1213 615 1253 καὶ
651 1210 785 1266 ἱερέως
804 1211 1031 1264 ΙΙρίγκιπος
1061 1210 1240 1260 ἐξεδίδου
1272 1209 1346 1263 τὴν
1367 1211 1411 1251 ἐκ
1433 1213 1508 1263 τῆς
1528 1212 1690 1252 Λιπλου-

167 1293 200 1328 c
223 1281 470 1336 βατατζίνης
487 1280 529 1320 ἐκ
553 1281 721 1329 νοθείας
740 1281 869 1321 παῖδα
888 1280 1076 1334 Μαρίαν.
1145 1279 1210 1320 καὶ
1240 1281 1452 1334 Πρίγκιψ,
1490 1277 1692 1334 ἇρχιμαν-
1703 1289 1745 1325 15

220 1351 363 1405 δρίτης
391 1347 448 1390 ὢν
483 1345 574 1389 τότε
606 1352 680 1401 τῆς
712 1351 786 1388 τοῦ
817 1345 1168 1400 Παντοκράτορος
1202 1352 1353 1400 μονῆς,
1387 1345 1468 1389 ὑπὸ
1495 1346 1691 1400 μεγάλαις

221 1418 469 1475 φαντασίαις
487 1432 529 1458 τε
554 1417 618 1457 καὶ
641 1413 842 1471 ἆβρότησι
872 1411 1037 1468 συνάμα
1063 1414 1129 1455 καὶ
1158 1409 1323 1470 πλούτῳ
1344 1414 1597 1471 παντοδαπῷ
1616 1412 1692 1469 τὴν

220 1484 346 1542 κόρην
370 1483 563 1538 ἐκόμιζεν,
586 1482 874 1542 ἐπιφερόμενος
894 1484 960 1524 καὶ
984 1480 1175 1537 σκηνικὴν
1198 1480 1275 1523 νεὼ
1296 1483 1338 1523 ἐκ
1357 1482 1522 1524 πέπλων
1544 1486 1693 1535 στιβα-

224 1560 308 1612 ρῶν
330 1551 532 1610 μετάξης,
570 1553 645 1604 τὰς
677 1554 724 1596 δέ
748 1570 790 1609 γε
822 1556 904 1594 τῶν
933 1549 1057 1607 ἁγίων
1074 1549 1242 1610 μορφὰς
1255 1554 1400 1608 χρυσῷ
1422 1550 1694 1606 πεποιημένας

225 1624 399 1680 ἔχοντα,
448 1630 643 1678 σταυροῖς
682 1624 749 1665 καὶ
777 1622 954 1675 σχοίνοις
990 1619 1296 1676 ἐρηρεισμένας,
1342 1620 1409 1661 καὶ
1443 1617 1538 1674 ἅγια
1568 1617 1750 1674 σκεύη20
1789 1663 1792 1666 ,

171 1714 204 1750 D
227 1690 434 1748 πολύτιμα
453 1692 559 1734 κατὰ
574 1693 716 1750 χρείαν
733 1695 805 1746 τῆς
827 1690 937 1747 ἱερᾶς
954 1691 1122 1738 θυσίας.
1194 1690 1261 1730 καὶ
1289 1686 1397 1731 οὕτω
1425 1688 1500 1742 μὲν
1525 1687 1628 1746 πρὸς
1645 1688 1693 1732 τὸ

225 1840 415 1884 Augustum
439 1847 512 1871 cum
537 1832 697 1878 coniuge)
722 1836 757 1868 et
779 1833 1010 1880 patriarcham
1028 1835 1275 1868 memoraretur
1297 1831 1331 1865 in
1354 1829 1513 1877 precibus
1536 1831 1695 1877 publicis,

226 1896 313 1932 quas
339 1887 501 1929 synaptas
521 1885 656 1916 vocant.

320 1931 350 1965 3.
400 1931 476 1964 Hac
498 1929 572 1963 vice
595 1937 708 1961 rerum
730 1925 916 1971 imperator
946 1924 1209 1960 succedentibus
1241 1923 1306 1958 sibi
1330 1923 1374 1957 ad
1398 1926 1512 1957 votum
1536 1924 1697 1968 negotiis,

230 1980 266 2011 et
289 1987 375 2022 pace
398 1975 487 2010 domi
515 1974 719 2014 constituta,
752 1976 882 2017 tempus
907 1977 1024 2018 aptum
1049 1970 1186 2017 putavit
1218 1970 1392 2004 mittendis
1414 1969 1457 2004 ad
1482 1976 1600 2013 gentes
1622 1971 1698 2004 lon-

230 2024 374 2068 ginquas
406 2020 654 2066 legationibus,
691 2018 733 2053 ad
763 2019 948 2064 principem
978 2018 1140 2052 videlicet
1168 2017 1401 2051 Tocharorum
1436 2015 1564 2050 Chalaii
1595 2021 1631 2050 et
1653 2016 1698 2050 ad

230 2068 431 2114 Aethiopas.
477 2079 551 2101 nam
587 2066 762 2100 Sultanem
800 2066 977 2099 Persarum
1010 2075 1122 2098 secum
1153 2063 1302 2097 habebat
1332 2062 1532 2103 Azatinem,
1556 2062 1591 2096 in
1614 2063 1699 2096 urbe

230 2115 336 2150 vitam
362 2118 538 2159 degentem
561 2111 812 2157 ignavissimam
848 2123 887 2146 ac
924 2116 1014 2144 totos
1047 2111 1148 2144 etiam
1171 2109 1206 2142 in
1230 2108 1340 2142 triviis
1364 2108 1581 2142 comessando
1606 2119 1699 2142 com-

232 2161 451 2208 potandoque
483 2162 731 2194 consumentem
755 2158 827 2191 dies
885 2157 1011 2202 quippe
1048 2156 1213 2190 exhausta
1245 2160 1315 2188 tum
1339 2155 1451 2188 adhuc
1474 2158 1510 2188 et
1532 2154 1621 2188 raris
1643 2155 1699 2189 iu-

234 2207 316 2242 colis
341 2219 402 2253 pro
427 2206 481 2240 sui
504 2204 733 2250 magnitudine
758 2203 911 2238 habitata
935 2203 1093 2244 civitate,
1127 2212 1252 2236 vacare
1274 2201 1407 2246 plateas
1431 2200 1624 2245 frequentia
1649 2200 1700 2234 ci-

232 2254 325 2289 vium
350 2257 385 2287 et
408 2252 506 2299 quasi
530 2253 683 2286 desertas
707 2261 866 2291 cernens,
898 2249 1006 2283 libere
1035 2249 1095 2283 illa
1132 2247 1312 2282 solitudine
1347 2247 1551 2289 fruebatur,
1585 2251 1622 2280 et
1650 2246 1700 2281 sic

234 2303 393 2344 tanquam
424 2310 506 2332 rure
534 2298 676 2342 degeret
707 2297 822 2341 procul
853 2297 896 2330 ab
930 2295 1086 2336 arbitris,
1126 2304 1266 2328 securus
1309 2305 1383 2327 cum
1418 2292 1642 2327 familiaribus
1665 2296 1702 2326 et

237 2346 368 2389 magnis
391 2356 472 2378 suae
496 2345 607 2388 gentis
630 2355 671 2377 ac
696 2343 871 2377 comitatus
901 2342 1005 2383 viris,
1040 2341 1162 2376 mensis
1193 2341 1227 2373 in
1260 2340 1438 2386 propatulo
1469 2339 1588 2385 positis
1611 2338 1700 2373 assi-

238 2392 322 2426 dens
356 2390 575 2424 bacchanalia
609 2389 806 2436 quotidiana
838 2389 1052 2430 celebrabat,
1087 2387 1167 2421 vino
1201 2398 1278 2420 sese
1313 2387 1461 2420 barbara
1493 2384 1702 2430 impudentia

237 2439 350 2483 palam
372 2437 594 2481 ingurgitans.
642 2436 685 2469 ad
722 2447 781 2470 eos
804 2435 908 2480 igitur
940 2446 1024 2480 quos
1056 2433 1126 2467 dixi
1157 2433 1246 2468 solos
1272 2431 1701 2475 destinandasstegationes

238 2483 380 2526 habuit,
414 2487 449 2516 et
482 2487 611 2516 mutuas
634 2482 712 2515 inde
734 2481 880 2515 vicissim
914 2480 1139 2526 accipiendas.
1189 2484 1292 2524 atque
1325 2479 1367 2513 ad
1392 2477 1522 2512 Chalai]
1555 2477 1702 2522 quidem,

239 2529 430 2574 Principem
465 2529 658 2562 monachum
690 2531 726 2562 et
757 2528 966 2562 sacerdotem
998 2526 1109 2568 misit,
1148 2525 1204 2571 qui
1228 2525 1332 2559 filiam
1354 2524 1458 2570 ipsius
1481 2523 1616 2557 notham
1639 2534 1703 2556 no-

240 2576 328 2610 mine
355 2575 523 2616 Mariam,
561 2586 660 2619 quam
696 2586 737 2607 ex
762 2573 1039 2619 Diplobatatzina
1062 2576 1281 2616 susceperat,
1309 2572 1509 2615 desponsam
1533 2570 1598 2615 ipsi
1623 2580 1702 2602 con-

239 2622 352 2666 iugem
377 2620 607 2654 comitaretur.
654 2624 687 2653 et
710 2619 875 2664 Princeps
898 2631 972 2653 cum
995 2625 1077 2654 tunc
1110 2623 1202 2652 esset
1225 2617 1486 2652 archimandrita
1508 2614 1705 2649 monasterii

240 2667 515 2708 Pantocratoris‚
548 2666 813 2711 splendidissima
837 2667 951 2711 specie
972 2665 1157 2700 mollissimi
1181 2664 1277 2698 simul
1307 2661 1532 2707 ditissimique
1554 2672 1704 2707 appara-

241 2720 299 2748 tus
322 2714 390 2747 ista
417 2723 561 2758 sponsae
584 2712 786 2745 deductione
809 2714 944 2746 functus
968 2717 1042 2756 est,
1083 2712 1321 2745 circumferens
1342 2709 1431 2742 inter
1455 2713 1592 2742 caetera
1615 2712 1704 2741 tem-

241 2762 333 2806 plum
366 2759 500 2794 solutile
521 2757 733 2792 tabernaculi
764 2757 834 2791 ritu
865 2758 989 2792 crassis
1022 2770 1042 2792 e
1076 2757 1195 2791 Serico
1227 2756 1312 2790 velis
1343 2756 1465 2789 circum
1498 2760 1536 2788 et
1558 2764 1704 2798 superne

242 2811 391 2850 tectum,
424 2810 615 2840 sanctorum
646 2805 772 2838 formas
806 2815 889 2838 auro
924 2804 1117 2838 elaboratas
1149 2803 1297 2844 habens,
1330 2800 1487 2835 crucibus
1509 2804 1546 2834 et
1567 2798 1705 2833 funibus

242 2852 415 2895 firmatas,
446 2854 629 2898 praeterea·
654 2861 740 2885 vasa
771 2854 890 2886 sancta
923 2849 1165 2897 pretiosissima
1198 2849 1242 2884 ad
1274 2858 1369 2883 usum
1400 2845 1504 2882 divini
1533 2843 1706 2881 sacrificii·
