1846 3262
0 0 7 95 -r-cu

0 2804 11 2854 *Ἴ
0 2755 2 2760 ,
0 2673 3 2742 keep„
0 2632 1 2635 „
0 2597 7 2607 ,
0 2547 6 2569 ,,

460 202 536 245 DE
570 201 848 245 MICHAELE
882 199 1257 244 PALAEOLOGO
1286 199 1333 245 L.
1369 196 1404 242 Ῑ.
1588 197 1652 244 31

184 334 264 368 νως
282 315 417 367 ἄλλως
434 317 500 359 καὶ
519 315 883 371 ἀναβεβλημένως,
923 314 1016 358 ἀλλ’
1047 316 1395 364 ἐνθουσιαστικῶς
1424 309 1512 356 οἷον
1539 307 1656 367 μάλα

183 385 490 443 ὖπερφωνοῦντι
525 387 592 428 καὶ
617 383 720 442 ὑπὲρ
749 383 936 438 δύναμιν.
1009 383 1083 440 ἐφ’
1116 377 1148 441 ᾧ
1183 383 1234 437 δὴ
1253 384 1320 426 καὶ
1342 381 1414 425 τόν
1440 377 1654 436 δεσμώτην

183 453 275 498 τότε
305 459 551 509 μεταβαλεῖν
582 455 684 510 πρὸς
713 454 759 497 τὸ
791 449 1071 508 εὐθυμότερον
1101 453 1168 494 καὶ
1201 450 1384 507 ἡσθῆναι
1408 448 1549 503 δόξαι,
1594 447 1652 499 ὥς

181 525 257 578 μὲν
284 519 336 579 ἦν
365 526 496 566 δοκεῖν
527 525 594 566 καὶ
625 527 683 582 τῷ
716 522 974 581 φαινομένῳ,
1021 526 1073 578 τῇ
1090 522 1296 580 μελῳδίᾳ,
1332 525 1383 577 τῇ
1404 519 1449 563 δ’
1475 519 1653 580 ἀληθείᾳ

148 595 250 638 final
278 590 333 643 ὥς
362 592 436 636 οὐκ
466 588 517 647 ἦν
546 592 617 635 τὸν
640 594 907 649 μελῳδοῦντα
933 588 1145 641 ὖπονοεΐν,
1187 594 1245 646 τῷ
1272 591 1335 631 ε’πὶ
1363 596 1450 639 τοΐς
1468 592 1647 644 παροῦσι
1670 594 1703 629 D

181 660 352 713 ὁόξαντί
371 662 592 719 οἱχρηστῷ
613 659 761 717 ὄρνιθι.
830 659 926 702 ἀλλ’
953 658 1062 702 οὕτω
1079 659 1155 714 μὲν
1174 657 1244 714 ἐφ’
1267 656 1437 714 ἡμέραις
1458 657 1532 713 τὴν
1554 655 1652 700 ‹idda›

182 728 466 781 ἐξανυσάντων
488 731 555 772 καὶ
573 727 628 779 ὥς
642 728 814 783 βασιλέα
843 727 1125 786 φθασάντων,
1163 728 1424 783 ἐμφανίζεται
1453 727 1527 780 μὲν
1556 725 1654 769 ὅσον

177 797 303 854 τάχος
324 798 344 842 ὃ
371 800 574 855 πεμφθεὶς
592 803 650 856 τῷ
671 803 890 854 κρατοῦντι
912 800 979 840 καὶ
1010 797 1251 853 ἀπαγγέλλει
1281 796 1356 851 τὴν
1378 795 1539 853 ἄφιξιν,
1578 794 1651 838 τὸν

178 869 223 910 δὲ
237 869 343 923 μηδὲ
360 868 406 911 τὸ
428 864 622 923 παράπαν
644 867 890 922 εἷσαχθέντα
912 865 938 922 ἦ
961 866 1097 923 εἱρκτὴ
1125 863 1181 916 ὥς
1208 862 1452 920 κατάκριτον
1476 865 1647 918 δέχεται.

123 948 167 982 10
180 933 226 991 ἧν
247 937 287 979 ‹5'
324 936 459 986 ἄλλως
479 927 783 989 ὖπονοούμενον
814 941 888 979 τοῦ
914 933 1277 990 ἓνευκαιρήσαντος
1298 939 1373 977 τοῦ
1395 938 1648 990 κρατοῦντος

175 1003 349 1070 ἐξετάσει
381 1005 567 1048 τάκείνου
600 1003 865 1060 δοθήσεσθαι
893 1008 1044 1058 μείζονι
1075 1004 1101 1059 ἢ
1134 1003 1241 1046 κατὰ
1269 1003 1340 1046 τὸν
1370 1001 1462 1046 τότε
1485 1000 1640 1058 καιρόν.

173 1074 280 1117 ἀλλὰ
303 1072 452 1129 χρόνος
477 1075 657 1130 ἐτρίβετο
683 1074 837 1129 μεταξὺ
861 1079 1081 1124 νοσοῦντος
1103 1078 1178 1117 τοῦ
1190 1070 1523 1130 αὐτοκράτορος,
1561 1070 1637 1113 κά-
1659 1074 1693 1108 Ε

171 1151 301 1186 κεῖνον
325 1141 402 1197 εἶχε
432 1141 646 1200 δεσμώτην
675 1141 701 1198 ἦ
728 1142 915 1200 φυλακή,
954 1144 1059 1198 πλὴν
1092 1142 1167 1197 οὐχ
1188 1140 1243 1191 ὥς
1265 1142 1336 1199 ἐφ’
1361 1139 1641 1197 ὁμολογουμέ-

170 1229 260 1262 ναις
283 1210 595 1256 καθοσιῶσεσιν.
665 1211 714 1256 οὖ
745 1212 823 1268 γὰρ
851 1209 901 1269 ἦν
923 1213 1102 1267 ἔγκλημα
1132 1212 1179 1254 τὸ
1203 1209 1426 1266 παράπαν,
1466 1213 1500 1254 εἴ
1515 1207 1575 1265 μή
1597 1227 1640 1264 γε

116 1288 158 1323 15
171 1281 245 1337 τὴν
262 1280 448 1336 ὖποψίαν
476 1283 544 1324 καὶ
581 1281 628 1325 τό
663 1282 842 1331 πολλοὺς
868 1284 911 1325 ἐν
931 1280 1180 1338 ἀπορρήτοις
1199 1280 1403 1337 ἐκφέρειν,
1443 1280 1546 1336 πρὸς
1567 1278 1640 1328 οὓς

167 1345 218 1406 ἦν
237 1349 436 1394 πιστεύειν
466 1348 793 1407 ὖποφωνοῦντας
819 1351 866 1395 τὸ
893 1350 1122 1407 μόρσιμον,
1161 1349 1341 1405 ἔγκλημα
1375 1350 1470 1405 θείη
1497 1366 1558 1399 τις
1579 1351 1638 1405 τῷ

166 1420 435 1478 κατεχομένῳ.
507 1416 636 1462 ἐδόκει
669 1421 714 1462 δὲ
743 1420 844 1470 τέως
887 1423 954 1463 καὶ
988 1418 1012 1475 ἦ
1045 1417 1252 1475 πρόφασις
1277 1419 1488 1475 ἔγκλημα·
1532 1415 1558 1473 ἡ
1589 1416 1633 1458 δ’

168 1483 217 1542 ἦν
235 1514 292 1521 -
318 1487 414 1531 ἀλλ’
437 1486 632 1532 ἂνακτέον
651 1489 722 1532 τὸν
738 1487 873 1545 λόγον,
907 1489 968 1532 ἵν’
993 1489 1296 1545 εὐμαθέστερον
1315 1492 1397 1531 τῶν
1419 1485 1633 1546 προκειμέ-
1657 1495 1687 1531 Ρ
1712 1497 1755 1533 17

164 1574 246 1601 νων
271 1556 442 1613 ἔχοιμεν.

247 1699 311 1735 10.
334 1700 407 1735 τοῦ
429 1699 664 1745 expunxerim.

160 1824 307 1870 psallere
338 1824 503 1870 aiebant)
537 1828 674 1861 “aures
716 1827 752 1860 et
783 1827 928 1860 mentem
963 1824 1041 1860 mihi
1071 1825 1241 1862 demulces
1273 1825 1475 1861 modulando
1512 1825 1627 1871 aliquo

159 1871 392 1916 cuiuscunque
415 1872 603 1916 argumenti
628 1872 782 1913 cantico,
809 1872 901 1917 quod
926 1872 991 1906 tibi
1016 1885 1156 1919 cumque
1180 1874 1323 1919 primum
1346 1874 1381 1908 in
1406 1873 1545 1906 buccam
1565 1884 1628 1906 ve-

158 1917 311 1951 nerit2''
335 1923 416 1952 tunc
440 1918 496 1953 ille
520 1919 698 1964 quamdam
721 1918 837 1953 subito
861 1919 1065 1954 cantilenam
1089 1931 1230 1954 exorsus
1253 1925 1316 1962 est,
1340 1919 1437 1954 cuius
1459 1919 1525 1953 hoc
1549 1922 1626 1952 erat

157 1963 292 1998 initium
316 1966 440 1998 “nunc
465 1966 667 2010 prophetica
692 1964 881 2010 praedictio
904 1964 1039 2010 impleri
1062 1966 1238 2000 festinat.”
1270 1977 1410 2000 exorsus
1433 1971 1487 1999 est
1511 1970 1624 1999 autem

155 2021 222 2044 non
252 2021 335 2044 sane
359 2010 501 2045 remisse
526 2023 567 2045 ac
594 2012 736 2053 leniter,
778 2011 839 2046 sed
884 2011 1013 2056 impetu
1047 2024 1156 2058 paene
1191 2014 1343 2047 fanatico
1381 2024 1497 2046 vocem
1531 2012 1624 2046 ultra

156 2067 286 2090 omnem
309 2056 441 2092 modum
465 2069 507 2092 ac
530 2069 640 2103 prope
662 2069 767 2104 supra
791 2057 882 2091 vires
906 2059 1087 2101 attollens,
1114 2059 1331 2093 contentione
1358 2069 1508 2099 summa3
1532 2057 1623 2092 unde

155 2102 302 2147 contigit
324 2104 475 2137 recreari
500 2104 648 2138 vinctum
673 2110 778 2149 atque
801 2103 1026 2147 hilarescere,
1060 2117 1126 2139 non
1150 2110 1280 2139 tantum
1305 2105 1415 2150 (quod
1438 2105 1544 2138 solum
1568 2103 1624 2138 vi-

155 2147 231 2182 deri
255 2149 435 2194 cupiebat)
460 2150 556 2184 suavi
579 2150 675 2184 vocis
698 2162 803 2193 sono,
826 2151 887 2185 sed
912 2151 1122 2195 potissimum
1138 2152 1380 2186 recordatione
1404 2162 1466 2196 per
1484 2150 1519 2184 id
1540 2162 1622 2184 car-

154 2205 229 2228 men
263 2194 400 2239 ingesta
435 2196 590 2231 vaticinii
621 2197 689 2231 sibi
722 2208 862 2241 regnum
891 2197 969 2232 olim
1001 2197 1166 2242 polliciti,
1200 2197 1294 2232 cuius
1323 2197 1423 2231 fidem
1449 2197 1513 2230 hoc
1537 2207 1620 2231 casu

152 2239 323 2284 inopinati
353 2246 472 2276 cantus
495 2243 590 2277 velut
620 2255 708 2277 novo
733 2243 877 2289 quodam
901 2243 1040 2278 divinae
1069 2243 1332 2288 significationis
1355 2243 1511 2288 auspicio
1536 2254 1621 2276 con·-

152 2285 283 2320 firmari
318 2287 424 2322 tacite
458 2288 523 2322 sibi
559 2289 735 2323 blandiens
767 2289 1017 2333 gratulabatur.
1065 2290 1200 2324 interim
1234 2290 1357 2324 diebus
1380 2290 1511 2334 aliquot
1535 2301 1619 2324 con-

150 2332 244 2366 fecto
268 2331 392 2367 itinere
408 2360 419 2376 ,
450 2333 689 2380 imperatorem
721 2335 831 2382 primo
854 2335 972 2370 statim
995 2347 1136 2370 accessu
1161 2336 1235 2371 adit
1260 2347 1390 2378 comes,
1415 2335 1618 2380 nuntiatque

149 2378 331 2412 adventum
367 2380 586 2426 Palaeologi3
617 2393 717 2426 quem
752 2380 956 2416 admissione
989 2382 1124 2417 minime
1147 2382 1322 2427 dignatum
1346 2393 1464 2417 carcer
1488 2381 1619 2427 excipit

148 2423 199 2458 uti
222 2424 288 2458 iam
314 2424 526 2468 damnatum,
551 2439 750 2473 quamquam
772 2427 867 2472 ipse,
895 2432 932 2462 ut
956 2428 1111 2470 diximus,
1137 2440 1262 2462 arcana
1284 2440 1327 2462 ex
1350 2428 1476 2463 divinis
1501 2432 1617 2462 osten-

147 2469 193 2504 tis
217 2470 344 2505 fiducia
368 2472 411 2507 de
437 2483 474 2506 se
499 2473 717 2518 prosperiora
739 2478 852 2508 mente
873 2475 1047 2509 versabat.
1096 2474 1204 2509 dilata
1227 2478 1280 2509 est
1301 2479 1412 2509 autem
1436 2474 1509 2508 eius
1532 2485 1616 2508 cau-

147 2527 208 2550 sae
240 2522 403 2552 accurata
435 2518 587 2563 cognitio
621 2520 655 2553 in
680 2525 812 2565 tempus
835 2531 902 2565 quo
933 2520 1133 2566 imperatori
1156 2532 1220 2566 per
1238 2519 1467 2556 'valetudinem
1493 2520 1615 2554 liceret

148 2561 182 2596 ei
204 2562 256 2597 rei
281 2564 475 2598 attendere.
522 2565 683 2601 diuturna
706 2567 792 2600 haec
815 2566 883 2600 fuit
907 2578 1021 2609 mora,
1046 2567 1257 2612 pertinacius
1281 2568 1426 2602 durante
1448 2566 1613 2612 principis

146 2608 284 2649 morbo,
320 2614 356 2643 et
388 2610 506 2645 vincto
541 2612 674 2646 tamdiu
704 2612 740 2646 in
772 2611 928 2646 custodia
953 2617 1146 2657 perstante,
1178 2625 1243 2647 non
1267 2613 1324 2647 illo
1348 2613 1483 2658 quidem
1507 2612 1614 2646 veluti

147 2654 305 2689 convicto
331 2655 479 2690 criminis
503 2656 658 2692 maioris:
683 2658 764 2693 solis
781 2658 867 2692 enim
891 2659 967 2693 fere
989 2658 1239 2704 suspicionibus
1261 2659 1440 2694 laborabat
1461 2658 1612 2703 antiquis

143 2699 212 2734 illis
235 2700 296 2734 sed
321 2701 365 2735 de
385 2713 475 2737 novo
501 2705 698 2738 eventilatis
721 2704 843 2739 afflatu
867 2705 1012 2748 maligno
1035 2705 1248 2748 delatorum,
1278 2707 1422 2740 subinde
1445 2705 1531 2739 clam
1554 2704 1610 2738 in·-

141 2747 391 2781 susurrantium
415 2748 548 2794 imperii
571 2749 845 2795 praesagitiones
869 2751 913 2785 de
935 2752 1145 2796 Palaeologo
1163 2751 1322 2786 iactatas.
1370 2764 1410 2786 ea
1427 2756 1502 2785 erat
1525 2761 1609 2785 vera

142 2791 350 2827 detentionis
381 2793 455 2828 eius
481 2807 608 2838 causa,
643 2796 697 2831 cui
730 2797 983 2832 obtendebatur
1006 2797 1132 2832 crimen
1156 2798 1313 2832 affectati
1333 2798 1442 2842 regni.
1487 2808 1607 2839 verum

141 2837 244 2872 altius
267 2840 456 2885 repetenda
480 2843 633 2877 narratio
666 2846 737 2886 est,
771 2847 811 2878 ut
839 2843 1020 2890 proposita
1051 2856 1109 2879 res
1141 2844 1184 2878 ad
1221 2849 1357 2891 captum
1379 2843 1523 2879 lectoris
1546 2854 1606 2879 ac-

138 2883 382 2920 commodatius
403 2892 583 2923 tractetur.
