1846 3262
205 191 299 238 136
618 189 855 233 GEORGII
887 190 1242 235 PACHYMERIS

85 315 114 347 P
139 315 183 349 88
207 307 248 349 ἐν
268 303 369 348 τέλει
392 305 459 346 καὶ
483 306 542 362 τῷ
560 307 726 358 βασιλεῖ
736 302 840 359 πρὸς
860 304 1055 358 αἵματος,
1089 303 1247 356 πάντας
1269 307 1371 364 πρὸς
1392 305 1440 351 τὸ
1457 304 1666 364 μεγαλειό-

203 392 322 431 τερον
351 372 668 427 ἐσκευασμένους
696 374 763 415 καὶ
793 377 958 423 στολαῖς
988 375 1054 416 καὶ
1085 376 1253 433 γενναίῳ
1271 380 1345 431 τῆς
1365 368 1503 431 ψοχῆς
1528 394 1665 430 παρα-

205 441 406 496 στήματι,
452 439 507 490 ὥς
546 439 694 483 αὐτίκα
725 441 796 484 τὸν
833 442 939 484 κατὰ
969 440 1101 491 πόδας
1127 441 1387 494 λαπάξοντας
1406 478 1420 498 ,
1472 442 1668 493 πολλάκις

207 509 386 559 διιόντας
419 509 461 560 ἓξ
489 509 660 566 ἀφανῶν
691 510 732 559 ἐς
761 510 890 553 ταύτὸ
920 512 1178 564 ξυμπίπτειν,
1229 510 1285 562 ὥς
1304 512 1400 562 τούς
1422 513 1572 561 αὐτοὺς
1595 514 1668 567 μὲν

207 579 306 622 εἶναι
327 585 417 628 ταῖς
452 577 693 634 ἀληθείαις,
727 581 858 622 δοκεῖν
879 579 923 621 δ’
950 579 1099 629 ἄλλους
1121 582 1189 622 καὶ
1212 579 1363 629 ἅλλους
1382 583 1447 623 καὶ
1464 582 1697 637 μηδέποτεὸ

206 648 302 697 τοὺς
325 644 476 696 αὐτούς
487 680 500 699 ,
535 644 689 703 τρόπον
707 649 968 691 δακτυλιδίου
989 646 1216 704 σφενδόνην
1239 648 1295 704 μὴ
1316 649 1502 703 ἔχοντος,
1538 649 1590 704 ἤν
1607 667 1665 700 τις

210 715 402 770 βούλοιτο
425 715 493 758 ἐπ’
516 716 666 759 ἐκείνου
687 715 734 758 τὸ
758 713 955 772 πρότερον
976 718 1043 759 καὶ
1061 716 1108 760 τὸ
1126 716 1300 773 ὕστερον
1319 722 1505 773 θεωρεῖν,
1545 716 1601 768 ὥς
1621 719 1665 762 τὸ

160 797 190 831 Β
215 785 317 829 αὐτὸ
349 786 422 839 μὲν
453 783 648 834 πολλάκις
677 782 988 840 λαμβανόμενον
1032 783 1155 838 εἶναι,
1199 788 1330 829 δοκεῖν
1366 786 1410 829 δ’
1447 787 1584 842 ἕτερον
1619 791 1667 844 τῇ

211 857 458 911 μεταλλαγῇ.
529 853 655 896 αὐτὸν
676 855 719 896 δὲ
744 858 966 907 βασιλικῶς
997 854 1264 907 ἐσταλμένον,
1297 855 1425 910 μηδὲν
1444 859 1527 898 τῶν
1544 860 1670 912 φοβε-

214 927 297 979 ρῶν
318 924 566 976 ἐλλείποντα,
604 921 688 966 ἅνω
713 940 793 966 που
813 927 1032 978 καθῆσθαι
1049 921 1219 978 σπάθην
1237 923 1417 980 φέροντα
1435 930 1526 973 ταῖς
1539 925 1667 981 χερσί,
1684 930 1727 964 10

213 990 356 1046 βήλοις
376 1009 419 1034 τε
440 991 676 1034 πολυτελέσι
694 992 1058 1047 περικεκλεισμένον
1072 1024 1087 1045 ,
1133 991 1268 1035 ἄλλων
1299 994 1365 1034 καὶ
1390 992 1527 1035 αὐτῶν
1547 997 1673 1048 φοβε-

218 1065 300 1114 ρῶν
334 1060 679 1117 περιισταμένων,
724 1060 874 1103 ἱκανῶν
903 1059 1032 1102 ὄντων
1063 1059 1308 1103 καὶτούτων
1326 1064 1579 1115 καταπλῆξαι
1601 1061 1674 1104 τὸν

215 1128 378 1186 δρῶντα
410 1128 520 1171 καθ’
557 1126 754 1181 ἑαυτούς,
801 1127 910 1171 οὕτω
939 1135 1066 1170 ποιεῖν
1086 1131 1345 1185 χρηματίζειν
1366 1136 1451 1179 τοῖς
1468 1129 1672 1185 πρέσβεσι,

218 1198 383 1253 μακρὰν
417 1198 492 1252 μὲν
525 1197 779 1251 ἱσταμένοις,
819 1195 915 1240 ὅσον
944 1195 1108 1249 εἰκάζειν
1134 1197 1204 1240 τὸν
1222 1197 1395 1252 βασιλέα
1415 1199 1482 1240 καὶ
1504 1195 1604 1253 δρᾶν
1623 1197 1676 1240 τὰ

171 1276 200 1310 G
225 1265 435 1323 δρώμενα,
471 1266 663 1321 ἐξαίφνης
684 1265 731 1308 δ’
759 1267 802 1316 ἐξ
827 1262 982 1321 ἀδήλου
1007 1270 1090 1307 τῶν
1121 1264 1503 1322 παραπετασμάτων
1522 1269 1675 1308 διανοι-
1690 1265 1732 1302 15

223 1335 413 1390 χθέντων
447 1332 580 1383 οὕτως
607 1333 840 1390 ἐγγενέσθαι
870 1336 986 1390 σφίσι
1013 1334 1174 1387 βλέπειν
1209 1335 1280 1377 τὸν
1316 1335 1486 1387 βασιλέα
1513 1337 1576 1376 ἐπὶ
1603 1338 1678 1376 τοῦ

225 1401 384 1459 θρόνου
406 1400 520 1456 μάλα
539 1399 865 1459 σοβαρευόμενον
877 1435 891 1454 ,
930 1402 1044 1458 ὀλίγα
1067 1419 1109 1444 τε
1129 1405 1249 1444 εἷπεῖν
1276 1405 1343 1444 καὶ
1363 1403 1535 1445 ἀκοῦσαι
1553 1420 1681 1456 μετα-

226 1468 503 1527 ξυλογούντων
522 1475 668 1524 τινῶν,
697 1470 858 1529 φοβερὰ
885 1471 929 1513 δὲ
959 1473 1025 1513 καὶ
1053 1475 1186 1513 ταῦτα
1211 1473 1434 1524 δοκοῦντα,
1472 1469 1527 1520 ὥς
1554 1469 1682 1525 μόνον

227 1538 422 1596 λεγόμενα
436 1542 727 1596 ,καταπλῆξαα
798 1541 867 1582 καὶ
901 1537 1031 1590 οὕτως
1070 1539 1138 1581 ἐπ’
1179 1539 1312 1595 ὀλίγον
1344 1537 1681 1595 ἀφοσιωσάμενον

228 1609 300 1651 τὸν
326 1607 615 1663 χρηματισμόν
625 1641 637 1661 ,
681 1608 907 1663 ἀποπέμπει
937 1608 1004 1651 διὰ
1030 1613 1113 1650 τῶν
1141 1607 1277 1651 αὐτῶν
1299 1610 1365 1650 καὶ
1382 1606 1504 1650 πάλιν
1522 1606 1739 1662 ‹ivam-20

177 1689 210 1722 D
235 1681 334 1735 ριῶν
353 1684 438 1726 τοῖς
457 1675 620 1733 ὁδηγοῖς
636 1676 974 1734 ἔπαναγομένους.
1027 1676 1080 1719 τὰ
1100 1681 1199 1733 γοῦν
1222 1674 1401 1734 πρότερα
1419 1676 1541 1719 ταῦτ’
1561 1672 1682 1731 ἦσαν,

230 1774 266 1808 in
288 1773 474 1821 praecipua
504 1773 685 1819 dignitate·
702 1777 819 1818 erant,
849 1773 1051 1821 praesertim
1072 1773 1284 1820 imperatorii
1305 1772 1478 1818 sanguinis
1500 1771 1687 1819 principes,

230 1821 378 1856 iusserat
401 1833 500 1866 quam
532 1820 711 1864 magnifice
734 1833 775 1856 ac
799 1821 1043 1867 speciosissime
1075 1820 1218 1855 vestitos
1240 1820 1405 1865 peculiari
1427 1831 1509 1853 cura
1531 1819 1689 1853 maiesta-

230 1872 300 1901 tem
324 1879 364 1902 ac
386 1869 511 1902 fastum
526 1867 701 1912 affectare,
725 1867 822 1901 immo
838 1868 992 1901 trucibus
1006 1866 1112 1901 oculis
1135 1867 1296 1911 vultuque
1317 1866 1405 1900 irato
1429 1867 1521 1899 feros
1545 1864 1688 1910 spiritus

231 1924 317 1958 prae
340 1924 378 1948 se
401 1914 493 1947 ferre
515 1915 611 1948 velut
633 1924 710 1947 mox
734 1913 922 1948 obtrituros
945 1924 1188 1958 quemcumque
1218 1916 1472 1954 occurrentem,
1496 1911 1613 1955 sicque
1637 1910 1689 1943 ire

231 1958 412 2005 redireque
434 1959 590 2005 saepius,
612 1962 786 1994 ostentare
811 1971 848 1994 se
870 1970 1058 2004 rursusque
1080 1958 1275 2000 occultare,
1298 1957 1478 2002 statimque
1502 1957 1612 1990 denuo
1636 1956 1690 1989 in-

234 2007 349 2047 tmre,
378 2010 416 2040 ut
445 2005 506 2040 alii
535 2005 662 2050 aliique
684 2005 889 2040 -viderentur
911 2009 947 2039 et
967 2015 1125 2039 numerus
1147 2004 1181 2037 in
1204 2003 1350 2049 speciem
1372 2005 1554 2037 cresceret.
1601 2001 1691 2036 sicut

235 2051 324 2084 enim
359 2052 515 2086 annulum
553 2051 633 2097 pala
663 2055 833 2086 carentem
863 2050 923 2097 qui
956 2050 1102 2085 secundo
1133 2049 1227 2084 videt
1256 2049 1357 2083 facile
1390 2048 1534 2082 alterum
1558 2048 1689 2091 credit,

235 2096 362 2142 quippe
385 2109 452 2132 non
474 2098 652 2131 habentem
674 2109 740 2143 quo
763 2097 976 2132 discernatur
999 2101 1058 2131 aut
1085 2095 1174 2130 unde
1204 2095 1331 2129 iudicet
1352 2098 1527 2139 spectator
1549 2093 1691 2128 eundem

236 2153 339 2176 unum
373 2144 520 2177 secundo
553 2143 700 2178 tertiove
732 2144 837 2186 sumi,
868 2154 974 2188 quare
1003 2142 1052 2176 illi
1083 2141 1184 2176 facile
1214 2140 1439 2186 persuadetur
1473 2139 1594 2174 multos
1615 2149 1693 2174 esse

237 2188 339 2233 plane
362 2188 488 2223 similes
516 2189 579 2224 sibi
601 2189 838 2232 succedentes,
868 2189 919 2222 ita
941 2199 1081 2233 pronum
1103 2192 1179 2222 erat
1211 2190 1347 2220 exteros
1368 2186 1550 2220 intrantem
1571 2186 1608 2220 in
1631 2195 1693 2219 au·

238 2235 305 2268 lam
328 2234 593 2281 offerentemque
624 2246 662 2270 se
694 2236 834 2270 subinde
868 2237 1057 2270 senatorem
1087 2238 1148 2267 aut
1178 2233 1364 2278 principem
1387 2232 1529 2265 eundem
1553 2243 1616 2277 pro
1639 2230 1693 2264 di-

237 2279 349 2314 versis
371 2291 514 2315 sumere.
562 2293 663 2327 porro
684 2281 756 2326 ipse
777 2280 1008 2326 imperatoriis
1028 2280 1180 2314 vestibus
1203 2278 1346 2313 maxime
1368 2277 1521 2321 augustis
1542 2276 1694 2321 splendi-

241 2324 377 2359 dissime
404 2329 545 2361 ornatus
577 2328 751 2373 praecelso
779 2326 932 2362 residens
970 2325 1076 2367 solio,
1112 2325 1288 2359 minaciter
1325 2324 1483 2370 supinus,
1525 2322 1624 2357 vultu
1653 2333 1694 2356 ac

240 2372 357 2405 fronte
381 2374 546 2406 terrorem
567 2373 774 2418 spirantibus
789 2399 800 2416 ‚
824 2383 937 2407 ensem
959 2371 1145 2406 districtum
1168 2383 1269 2405 manu
1292 2370 1428 2405 vibrans
1449 2370 1583 2403 latebat
1605 2368 1695 2402 intra

242 2421 376 2462 septum
400 2418 484 2452 velis
504 2419 652 2464 undique
671 2418 919 2465 pretiosissimis
941 2417 1101 2463 oppansis
1133 2417 1280 2451 clausum
1293 2441 1304 2458 ‚
1334 2427 1400 2450 non
1422 2414 1536 2449 statim
1559 2413 1696 2458 conspi-

244 2473 328 2496 cuus
359 2462 572 2499 admittendis
602 2465 637 2499 in
666 2467 793 2508 aulam,
825 2476 912 2511 quae
941 2464 1015 2498 aliis
1035 2463 1130 2498 varie
1152 2463 1266 2498 cincta
1286 2460 1457 2496 terriculis
1478 2459 1569 2494 haud
1592 2459 1695 2493 dubia

243 2508 424 2543 formidine
457 2511 637 2555 perfusura
667 2516 744 2546 erat
772 2509 1018 2557 quantumlibet
1041 2513 1251 2544 constantem
1273 2508 1501 2552 audacemque
1523 2508 1696 2550 spectato-

246 2565 329 2590 rem.
375 2555 550 2590 traductos
573 2568 635 2601 per
656 2556 755 2591 istam
777 2561 942 2591 terrorum
974 2567 1130 2601 pompam
1150 2555 1186 2589 in
1208 2556 1284 2601 ipso
1307 2557 1488 2599 conspectu
1509 2551 1577 2585 veli
1599 2552 1697 2585 thro-

246 2611 325 2634 num
348 2601 476 2646 regium
511 2602 655 2646 tegentis
693 2615 788 2638 mora
809 2601 1016 2647 longiuscula
1044 2601 1210 2635 detinuit:
1239 2606 1308 2634 tum
1331 2608 1513 2652 suspensos
1536 2602 1698 2643 expecta·-

249 2646 343 2681 tione
367 2648 498 2682 solicita
530 2652 673 2693 repente
705 2647 832 2683 aulaeis
861 2647 1010 2693 undique
1047 2647 1198 2681 reductis
1227 2651 1373 2691 augusta
1393 2645 1452 2679 111a
1475 2648 1512 2677 et
1534 2643 1697 2684 verenda,

249 2692 294 2726 de
325 2705 393 2738 qua
426 2693 513 2738 dixi,
550 2694 729 2729 maiestate
755 2694 919 2738 perculit3
950 2694 1060 2727 iussos
1082 2692 1203 2727 dehinc
1225 2692 1338 2726 dicere
1359 2701 1448 2736 quae
1469 2688 1596 2724 vellent
1618 2699 1699 2722 con-

248 2739 403 2783 temptim
434 2739 523 2773 aliud
553 2751 657 2785 agens
689 2739 838 2781 audivit,
882 2739 1014 2773 cuidam
1042 2739 1223 2773 identidem
1255 2736 1383 2782 aliquid
1411 2736 1446 2770 in
1469 2746 1584 2770 aurem
1605 2733 1700 2768 insu-

251 2786 400 2819 surranti
420 2790 553 2831 partem
575 2786 775 2821 attentionis
797 2785 1020 2820 commodans.
1066 2785 1126 2819 ubi
1147 2787 1376 2830 perorarunt,
1398 2792 1570 2826 perpauca
1591 2791 1700 2825 eaque

250 2831 393 2866 minacia
423 2831 610 2877 respondit.
654 2832 707 2868 ita
736 2832 887 2867 dimissos
914 2830 1061 2877 imperat
1092 2834 1193 2865 extra
1213 2829 1349 2864 limitem
1378 2839 1441 2873 per
1462 2826 1598 2862 easdem
1620 2837 1702 2860 con-
