1884 3262
394 197 470 240 DE
498 196 776 240 MICHAELE
806 197 1183 242 PALAEOLOGO
1218 199 1264 241 L.
1301 199 1360 241 V.
1463 221 1466 225 ·
1526 196 1625 244 417

295 309 372 355 29.
447 308 534 352 Οὖκ
559 305 609 363 ἦν
640 309 688 352 δέ
716 326 830 359 τινας
862 309 1024 364 ἠρεμεῖν
1046 310 1260 363 ἐντεῦθεν,
1308 307 1413 353 ὥστε
1446 311 1513 353 καὶ
1547 309 1618 354 τὸν
1641 322 1673 357 D

153 377 304 434 Ἰωσὴφ
324 379 447 421 ἐκεῖσε
470 376 706 432 καθήμενον
725 375 1036 431 ἀναπαύεσθαι,
1075 378 1173 421 ἀλλ’
1197 377 1394 435 ὁσημέραι
1415 396 1620 436 προσφοι-

155 450 303 495 τῶντες
330 444 536 501 ἠνώχλουν
564 446 635 489 τὸν
664 446 794 502 ἄνδρα
823 448 890 488 καὶ
919 454 1086 501 συχναῖς
1105 448 1371 502 περιέβαλλον
1392 446 1617 502 ἀσχολίαις,

153 513 226 556 τὸν
246 514 374 557 αὐτοῦ
397 517 514 569 ζῆλον
538 517 624 572 (καὶ
646 515 724 570 γὰρ
750 514 847 557 κατ’
870 514 1003 569 ὀλίγον
1025 515 1259 568 κατέψυκτο
1278 520 1331 573 τῇ
1350 520 1432 559 τῶν
1453 514 1620 571 τρόπων

119 580 369 639 ὁάπλότητι)
390 583 750 638 ἀναζωπυροῦντες
779 581 863 625 οἷον
893 585 960 624 καὶ
991 583 1094 637 πρὸς
1112 583 1184 626 τὸν
1205 582 1458 640 θερμότερον
1478 586 1618 640 διεγεί-
1642 596 1671 631 Ρ
1694 597 1761 632 283

154 668 307 708 ροντες.
374 647 424 706 ἦν
447 652 525 707 γὰρ
545 650 565 694 ὁ
588 651 689 706 ἀνὴρ
713 653 775 694 ἐπὶ
797 655 995 693 τοσοῦτον
1027 651 1169 707 ἱλαρὸς
1189 653 1256 694 καὶ
1286 652 1453 715 μέτριος
1462 685 1476 705 ,
1515 653 1619 697 ὥστε

152 721 219 761 καὶ
241 720 348 775 εἴπερ
365 721 481 775 χρεία
491 717 638 776 γεγόνει
656 720 769 769 τινὰς
787 724 870 762 τῶν
888 723 939 776 τῇ
959 721 1148 780 ἐκκλησία
1168 718 1470 764 κοινωνούντων
1487 739 1619 777 προσ-

151 793 300 845 φοιτᾶν
330 790 488 847 ἐκείνῳ,
526 788 564 830 οἶ
595 788 638 830 ‹5’
669 787 822 842 ἤθελον
853 787 1136 843 εὐλογεῖσθαι,
1194 787 1322 842 μόνον
1355 784 1406 844 ἦν
1441 790 1616 841 ἐκείνους

150 858 416 913 προσπίπτειν
446 858 512 898 καὶ
547 856 621 910 τὴν
652 857 837 912 εὐλογίαν
861 857 1079 910 ἐπιζητεῖν,
1117 859 1184 899 καὶ
1210 856 1336 900 αὐτὸν
1359 857 1514 908 εὐθέως
1531 876 1619 902 κοι-

96 930 140 964 10
151 932 289 967 νωνεῖν
317 927 478 975 ἐκείνοις
505 929 588 967 τῶν
611 922 879 980 κτερισμάτων
903 930 975 967 τοῦ
997 922 1247 979 πνεύματος·
1289 924 1311 968 ὃ
1330 927 1398 968 καὶ
1420 933 1506 977 τοῖς
1526 929 1620 984 περὶ

150 994 299 1036 ἐκεῖνον
318 995 384 1035 καὶ
407 997 563 1042 λοιποῖς
583 992 722 1042 ἄλλοις
745 993 818 1035 οὐκ
841 993 978 1035 οἷστὸν
998 988 1061 1047 ἦν.
1134 993 1201 1035 διὰ
1224 997 1347 1036 τοῦτο
1371 996 1439 1036 καὶ
1466 993 1619 1050 ὁσημέ-

150 1079 219 1116 ραι
237 1066 566 1118 προσφοιτῶντες
586 1058 870 1116 ἀνεθάρρυνον
888 1061 1010 1103 πλέον
1028 1061 1130 1117 πρὸς
1149 1061 1197 1104 τὸ
1226 1062 1371 1112 τελέως
1388 1064 1614 1116 σχίζεσθαι.

147 1129 267 1172 τοῦτ’
288 1130 494 1173 ἀκουσθέν
519 1134 577 1187 τῷ
601 1134 840 1183 κρατοῦντι,
880 1127 902 1172 ὃ
923 1130 967 1172 δὲ
987 1131 1272 1187 πληροφορίαν
1292 1130 1367 1185 τὴν
1392 1133 1448 1181 εἲς
1466 1133 1614 1176 ἐκεῖνον
1636 1134 1668 1169 Β

147 1199 299 1253 ἐκείνην
332 1198 471 1256 ἀφείς,
509 1199 575 1241 καὶ
602 1197 649 1241 τὸ
680 1199 743 1240 ἐπὶ
773 1202 938 1247 πολλοῖς
970 1198 1275 1255 συγκεχωρηκὸς
1304 1200 1349 1242 ἐκ
1376 1201 1616 1256 προθέσεως

94 1273 137 1308 15
148 1266 196 1309 οὗ
217 1265 324 1309 πάνυ
346 1268 512 1323 μετρίας
525 1300 539 1319 ,
577 1264 633 1316 ὥς
656 1266 702 1309 οὗ
729 1267 866 1309 δίκαια
896 1264 1065 1321 πάσχων
1091 1267 1397 1323 κατεμέμφετο,
1436 1271 1472 1310 εἴ
1489 1269 1616 1320 αὐτὸς

144 1336 219 1390 μὲν
236 1333 456 1391 συνήδεταί
473 1336 512 1378 οἱ
533 1342 623 1384 ταῖς
652 1332 929 1377 ἀναπαύσεσιν
958 1333 1015 1385 ὥς
1051 1335 1155 1385 εἰκὸς
1189 1334 1611 1391 προσαποδεχόμενος,

146 1404 292 1453 ἐκεῖνος
315 1404 356 1446 δ’
380 1401 554 1459 ἀνδράσι
583 1403 856 1460 προσφέρεται
886 1402 1060 1457 εὐμενῶς
1086 1406 1152 1446 καὶ
1181 1404 1336 1454 οἰκείως
1366 1402 1473 1447 πάνυ
1504 1406 1609 1449 πολύ

145 1471 193 1514 τὸ
214 1472 316 1527 πρὸς
336 1472 460 1515 αὐτὸν
480 1472 688 1527 διεστηκὸς
707 1472 881 1526 ἔχουσιν,
921 1470 1024 1514 ὥστε
1045 1474 1111 1514 καὶ
1137 1472 1183 1514 τὸ
1206 1476 1326 1526 σῶμα
1348 1473 1612 1528 κατατέμνειν

144 1544 219 1594 τῆς
235 1542 460 1594 ἐκκλησίας.
532 1545 677 1596 χρῆναι
708 1540 751 1582 δ’
784 1540 957 1590 ἐκείνους
988 1540 1125 1600 αὐτῷ,
1157 1540 1301 1595 καὶμὴ
1325 1541 1451 1584 αὐτὸν
1469 1544 1610 1599 σφίσιν

89 1614 135 1648 20
146 1608 319 1652 ἕπεσθαι
331 1642 345 1662 ,
384 1610 549 1666 ἐχθροῖς
570 1606 775 1666 ἀριόήλως
793 1604 885 1652 οὖσι
907 1611 974 1652 καὶ
995 1610 1058 1651 ἐπὶ
1079 1615 1166 1659 τοῖς
1182 1611 1385 1666 μεγίστοις
1411 1611 1608 1669 διαφερο-

235 1774 291 1808 29.
337 1773 390 1808 De
410 1774 540 1820 reliquo
564 1774 653 1808 haud
678 1778 835 1820 poterant
857 1774 991 1820 quidam
1014 1775 1069 1810 vel
1090 1774 1155 1820 ipsi
1177 1774 1354 1820 quiescere
1375 1775 1429 1810 vel
1450 1776 1607 1822 quiesce-

142 1830 182 1853 re
207 1819 320 1853 sinere
342 1822 505 1854 fruentem
528 1820 596 1855 isto
619 1832 754 1854 secessu
776 1821 975 1866 Iosephum,
1015 1821 1075 1855 sed
1110 1821 1311 1866 quotidianis
1342 1821 1508 1856 hominem
1531 1827 1606 1857 tur-

142 1865 271 1900 habant
293 1867 528 1910 congressibus
543 1891 552 1909 ‚
574 1867 711 1901 multum
735 1866 766 1900 ei
788 1867 914 1911 negotii
936 1868 1165 1908 facessentes,
1187 1867 1266 1901 dum
1289 1867 1360 1901 eius
1383 1867 1605 1912 languescen-

142 1916 231 1953 tem,
254 1919 294 1945 ut
323 1914 572 1957 querebantur,
603 1913 704 1947 nimia
736 1923 862 1946 morum
895 1913 1114 1958 simplicitate
1135 1913 1243 1947 zelum
1267 1913 1420 1947 excitare
1443 1926 1485 1948 ac
1507 1915 1606 1960 quasi

142 1957 305 1991 subiectis
326 1957 460 1992 facibus
483 1958 670 1992 accendere
691 1958 879 1993 tentabant.
925 1963 999 1994 erat
1018 1963 1130 1993 autem
1153 1959 1183 1993 is
1205 1964 1274 1993 tam
1297 1959 1457 1994 remissae
1482 1972 1524 1994 ac
1547 1973 1604 1994 co-

142 2003 205 2037 mis
228 2006 369 2038 naturae
393 2004 474 2046 vir,
498 2009 536 2038 ut
560 2005 589 2038 si
613 2004 667 2038 cui
691 2015 804 2038 eorum
828 2004 885 2049 qui
920 2016 993 2039 cum
1018 2005 1161 2039 ecclesia
1184 2005 1475 2039 communicabant
1500 2018 1604 2041 causa

141 2047 321 2083 incidisset
344 2049 488 2083 adeundi
512 2050 606 2092 eius,
633 2054 669 2084 et
691 2049 748 2095 qui
771 2051 975 2092 accedebat,
1000 2051 1103 2085 vellet
1127 2050 1369 2084 benedictionis
1390 2051 1499 2095 ipsius
1521 2063 1603 2097 par-

141 2094 250 2139 ticeps
274 2095 369 2138 fieri,
403 2107 469 2130 non
493 2108 579 2142 opus
612 2096 676 2130 alio
700 2096 843 2130 haberet
865 2107 964 2141 quam
988 2096 1166 2142 procidere
1189 2101 1226 2130 et
1248 2096 1512 2130 benedictionem
1536 2109 1599 2142 pe·

140 2145 234 2173 tere:
259 2141 373 2174 statim
397 2141 484 2176 enim
508 2153 748 2187 quemcumque
772 2143 816 2176 ad
839 2143 1099 2176 communionem
1123 2141 1299 2175 admissum
1322 2142 1455 2186 prolixe
1476 2142 1604 2187 imper-

140 2185 250 2218 tiebat
273 2186 386 2229 gratia
408 2187 517 2221 sancti
540 2188 698 2232 spiritus;
722 2188 810 2232 quod
837 2192 872 2222 et
893 2189 935 2222 iis
959 2187 1017 2233 qui
1041 2188 1132 2221 circa
1154 2187 1263 2232 ipsum
1286 2191 1384 2221 erant
1408 2193 1444 2222 et
1460 2188 1601 2234 reliquis

141 2229 218 2263 aliis
254 2231 435 2265 videbatur
469 2232 692 2267 intolerabile.
738 2245 844 2278 quare
875 2233 985 2278 ipsum
1009 2232 1161 2278 quotidie
1184 2233 1348 2266 adeuntes
1370 2233 1473 2268 etiam
1496 2239 1600 2279 atque

140 2276 241 2309 etiam
265 2277 453 2321 urgebant,
486 2283 525 2312 ut
547 2278 647 2323 plane
679 2290 718 2313 se
742 2290 783 2313 ac
805 2279 916 2325 palam
940 2279 1156 2313 abscinderet
1179 2279 1222 2312 ab
1246 2278 1333 2312 omni
1356 2280 1600 2315 consuetudine

138 2325 271 2367 partem
295 2323 496 2357 contrariam
520 2324 731 2358 sectantium.
775 2325 810 2359 id
835 2337 914 2359 vero
937 2325 1005 2359 sibi
1036 2323 1225 2358 nuntiatum
1253 2324 1437 2369 imperator
1457 2326 1599 2369 gravius

139 2368 274 2412 accepit
297 2380 397 2413 quam
420 2380 481 2413 pro
511 2375 648 2404 caetera
673 2381 736 2404 sua
768 2370 802 2404 in
826 2381 902 2404 euin
932 2369 1094 2404 hactenus
1116 2369 1344 2404 demonstrata
1367 2372 1599 2407 benevolentia

138 2418 175 2447 et
198 2413 286 2457 fide,
310 2414 449 2459 culpans
470 2414 504 2448 in
527 2426 567 2448 eo
583 2415 674 2460 quod
696 2415 792 2449 nimis
815 2427 853 2450 se
875 2416 1006 2450 facilem
1026 2416 1207 2460 praeberet
1222 2416 1346 2451 studiis
1356 2417 1597 2460 factiosorum3

138 2457 172 2492 in
204 2470 271 2504 quo
303 2459 375 2493 eius
406 2471 480 2494 cnm
510 2461 723 2506 prudentiam
758 2461 1046 2506 constantiamque
1075 2461 1292 2506 requirebat,
1324 2466 1394 2497 tum
1418 2468 1598 2508 praeterea

138 2506 346 2549 querebatur
375 2504 501 2539 iniuste
529 2507 572 2539 ab
597 2518 636 2540 eo
660 2517 773 2540 secum
801 2507 878 2551 agi,
910 2507 967 2552 qui
991 2507 1023 2541 ei
1045 2509 1113 2540 tam
1136 2507 1277 2542 liberam
1302 2509 1596 2555 tranquillamque,

138 2550 229 2594 quod
251 2562 292 2584 ea
315 2551 424 2595 ipsum
453 2551 603 2595 gaudere
626 2552 850 2586 arbitraretur
864 2577 875 2595 ‚
910 2552 1058 2597 quietem
1081 2564 1121 2586 ac
1143 2553 1359 2588 securitatem
1381 2557 1495 2589 daret:
1520 2557 1595 2601 ipse

138 2600 250 2630 autem
273 2608 339 2630 non
365 2597 540 2631 dubitaret
561 2609 623 2631 nec
655 2603 803 2631 cessaret
824 2598 860 2631 in
891 2598 1040 2632 intimam
1062 2598 1164 2632 etiam
1186 2598 1448 2635 familiaritatem
1472 2601 1595 2635 admit-

137 2645 213 2675 tere
235 2642 402 2683 bomines,
433 2654 454 2676 a
477 2642 599 2687 q'uibus
631 2643 730 2687 longe
751 2643 819 2677 alia
841 2644 1063 2678 sentientibus
1085 2647 1120 2678 et
1142 2644 1176 2679 in
1199 2646 1402 2680 contrariam
1425 2650 1498 2680 toto
1521 2646 1596 2680 nisu

136 2686 317 2722 factionem
338 2687 608 2722 incumbentibus
631 2700 754 2733 corpus
787 2690 950 2724 ecclesiae
977 2689 1210 2733 laceraretur,
1242 2702 1317 2726 cum
1349 2692 1461 2737 potius
1491 2703 1595 2736 opor-

138 2731 261 2766 tuisset
282 2733 392 2778 ipsum
416 2746 477 2779 pro
502 2734 708 2768 auctoritate
730 2747 792 2769 sua
814 2735 896 2770 dare
918 2747 1054 2782 operam
1079 2740 1118 2770 ut
1146 2736 1194 2770 illi
1217 2748 1292 2771 sese
1316 2737 1383 2782 ipsi
1406 2749 1594 2772 accommo-

137 2777 259 2811 darent
280 2779 525 2824 acquiescendo
556 2780 690 2825 publice
725 2781 871 2815 decretis
904 2787 940 2816 et
972 2782 1154 2827 tranquille
1190 2782 1351 2825 vivendo,
1386 2795 1455 2818 non
1478 2787 1590 2818 autem

135 2823 344 2858 committere
366 2830 406 2859 ut
426 2826 577 2871 ‘exemplo
602 2837 718 2861 eorum
740 2827 1010 2874 turbulentisque
1031 2827 1179 2862 consiliis
1194 2829 1304 2874 abripi
1326 2828 1433 2875 ipsum
1452 2834 1489 2864 et
1510 2840 1590 2875 par-

191 2876 367 2921 Georgt’us
395 2878 620 2923 pachymeres
649 2880 680 2914 Ι.
979 2896 982 2899 ’
1256 2880 1312 2919 27
