1884 3262
542 189 647 239 ΠΒ.
679 190 755 238 111.
782 205 785 207 ’
803 192 1287 243 CHRONOLOGIGUS.
1530 200 1642 248 707

173 297 292 337 unde
316 305 537 341 nascuntur
559 306 641 341 tres
667 301 819 355 priores
846 305 1069 357 parallaxes
1096 305 1140 346 in
1170 307 1324 361 synodo
1351 294 1446 351 vesta
1469 307 1512 349 in
1542 308 1634 351 dato

183 355 402 394 meridiano

617 413 838 453 altitudinis

614 469 838 509 latitudinis

615 525 876 578 longitudinis
950 522 1003 570 21

949 384 1005 458 ’54

1116 421 1146 461 Ο

951 473 1007 514 50
1118 477 1146 515 0

1116 533 1145 572 0

179 1247 355 1300 primum
365 1255 519 1302 tempus
530 1253 831 1303 parallacticum
852 1254 932 1293 mi-

239 1317 316 1343 nus
340 1312 568 1346 accuratum

182 1359 285 1398 adde
325 1362 375 1399 ad
414 1375 546 1401 veram
579 1364 777 1417 synodum
809 1379 931 1408 mens.

240 1416 468 1457 Decembris

181 1471 228 1510 fit
246 1473 423 1524 synodus
439 1475 524 1513 visa
540 1475 671 1514 minus
690 1483 872 1516 accurata
886 1478 931 1517 in

241 1529 334 1567 dato
352 1531 567 1570 meridiano
588 1533 810 1571 Decembris

182 1583 296 1623 locus
318 1586 435 1625 lunae
456 1587 498 1625 in
520 1590 675 1640 synodo
696 1589 780 1627 visa
801 1589 931 1629 minus

239 1648 424 1680 accurata
453 1643 497 1681 in
526 1647 617 1683 dato
646 1645 859 1685 meridiano
886 1647 931 1685 fit

240 1711 292 1736 ex
306 1699 503 1750 parallaxi
519 1700 658 1752 longit.

185 1760 225 1793 et
243 1759 354 1792 motu
370 1755 465 1793 solis

182 1810 447 1862 respondente
464 1811 593 1864 primo
611 1812 781 1866 tempori
794 1814 930 1866 paral·

239 1866 382 1904 lactico

185 1922 332 1960 additis
351 1922 400 1960 ad
421 1923 553 1962 locum
571 1937 686 1963 verae
703 1924 848 1976 synodi

182 1978 296 2017 locus
315 1991 430 2017 verae
450 1979 591 2031 synodi

184 2041 314 2073 motus
342 2035 460 2074 lunae
487 2036 618 2088 primo
646 2042 826 2088 tempore
850 2049 928 2089 pa-

240 2090 444 2129 rallactico

184 2146 299 2184 locus
318 2146 436 2184 lunae
450 2147 493 2184 in
508 2147 662 2198 synodo
683 2147 768 2187 visa
796 2146 929 2186 minus

243 2208 426 2239 accurata

185 2257 360 2310 primum
378 2263 533 2308 tempus
551 2257 846 2309 parallacficum

185 2313 307 2351 habet
331 2313 375 2351 in
402 2314 630 2365 aequatione
653 2315 933 2367 respondentes

243 2369 389 2420 gradus

191 2426 333 2477 quibus
353 2425 496 2463 additis
514 2425 563 2463 ad
583 2425 846 2465 ascensionem
866 2439 933 2465 re-

245 2487 349 2519 ctam
379 2482 518 2534 puncti
545 2481 799 2520 culminantis
832 2482 930 2522 ecli-

244 2537 375 2589 pticae
393 2538 434 2575 in
454 2538 608 2589 synodo
631 2551 726 2576 vera

189 2592 236 2630 fit
264 2592 437 2630 ascensio
461 2599 567 2631 recta
595 2594 777 2632 εἰυεᾶειῃ,
791 2593 932 2646 puncti
963 2622 965 2627 .

247 2649 500 2690 culminantia
509 2650 712 2701 eclipticae
721 2650 764 2688 in
779 2647 932 2702 synodo

245 2704 334 2744 visa
350 2705 478 2744 minus
498 2712 682 2747 accurata
703 2743 705 2747 Α

190 2822 383 2868 punctum
402 2817 618 2858 culminans
638 2798 842 2871 eclipticae

975 1366 1022 1406 D.
1097 1366 1147 1406 H.

973 1425 1028 1465 30
1114 1427 1136 1466 1

977 1537 1033 1578 30
1112 1536 1142 1576 2

998 1926 1023 1961 5
1097 1926 1145 1964 G.

1002 1985 1029 2025 9
1087 1984 1141 2024 16

1001 2205 1029 2246 9
1087 2204 1139 2244 17

1091 2372 1140 2413 11

1059 2539 1144 2581 309

1061 2707 1142 2747 320

974 2782 976 2784 ·
987 2763 1028 2800 S.
1095 2762 1146 2804 G.

974 2821 1033 2861 110
1065 2857 1068 2860 .
1090 2822 1144 2862 12

1660 1267 1690 1302 P
1712 1266 1780 1304 499

1196 1310 1253 1355 45
1308 1312 1363 1356 35

1196 1426 1252 1466 22
1308 1424 1363 1467 58
1390 1431 1482 1478 post
1499 1427 1634 1468 merid.

1226 1537 1254 1578 8
1309 1538 1364 1578 33

1195 1706 1248 1746 21
1336 1708 1364 1746 Ο

1228 1763 1254 1802 1
1310 1759 1366 1802 49

1195 1869 1251 1912 45
1308 1870 1363 1912 35

1197 1979 1254 2024 49
1309 1980 1366 2022 55

1195 2094 1252 2133 22
1308 2091 1363 2134 49

1198 2205 1252 2244 12
1306 2200 1363 2244 44

1196 2258 1251 2299 45
1307 2258 1363 2299 35

1199 2372 1253 2411 23
1309 2368 1365 2412 45

1223 2540 1252 2580 Ο
1307 2540 1363 2580 30

1198 2704 1253 2750 24
1311 2706 1364 2748 15

1227 2815 1255 2858 4
1335 2812 1365 2858 Ο’
1395 2829 1400 2832 ·
