1846 3262
415 222 491 266 DE
523 219 810 265 MICHAELE
835 217 1217 264 PALAEOLOGO
1247 218 1296 261 L.
1331 215 1409 261 111.
1544 216 1647 263 217

165 341 241 384 τοῦ
262 339 330 386 καὶ
350 335 595 396 φιλοκαλίας
617 337 710 394 περὶ
728 334 827 386 τούς
855 334 1028 384 οἶκείους
1040 367 1054 388 ,
1091 334 1136 385 ἐξ
1164 327 1222 378 ὧν
1248 332 1426 383 ἐκείνους
1454 328 1647 376 παιδεύε-

166 412 272 452 σθαι
302 407 539 462 συνέβαινεν
570 407 612 457 ἒς
640 406 690 450 τὸ
717 404 882 462 ἀκριβὲς
901 405 968 446 καὶ
990 406 1047 453 εἲς
1068 402 1296 460 ἀληθινοὺς
1312 400 1521 460 ὖπηρέτας
1538 401 1645 445 ἆπο-
1667 407 1697 443 Ρ
1723 407 1788 443 145

166 477 348 533 βαίνειν,
384 476 434 519 τὸ
453 473 660 526 θανόντος
677 475 830 518 ἐκείνου
855 472 955 523 τοὺς
982 473 1132 517 ἐκείνου
1151 471 1413 529 θεραπευτὰς
1433 470 1504 515 ἐπ’
1524 469 1648 523 ἀξιώ-

167 562 272 603 μασι
290 546 494 602 μεγίστοις
515 545 656 597 ἀξίους
682 545 928 600 λογισθῆναι
949 539 1156 585 δουλεύειν
1182 545 1242 601 τῷ
1263 545 1438 595 βασιλεῖ’.
1500 545 1579 596 τῆς
1604 539 1652 584 δέ

134 614 211 673 57³
236 614 596 674 ἀφιλοχρηματίας
618 612 646 670 ἢ
671 616 829 669 μᾶλλον
857 611 1214 667 μισοχρηματίας,
1251 611 1373 652 εἴπεΐν
1391 606 1650 667 οἶκειότερον,

169 686 238 728 καὶ
267 688 343 728 τοῦ
375 682 511 727 πάντα
541 679 817 741 στρατιώταις
842 682 1089 738 προΐεσθαι,
1124 679 1174 722 τὸ
1208 677 1300 730 ἐξὸν
1326 676 1534 729 πιθάκνας
1550 679 1654 734 ἔχειν

165 751 393 811 χρημάτων
412 755 480 797 καὶ
497 751 795 810 ὗπερπλουτεῖν
815 747 873 801 ὥς
891 748 1072 800 πολλοὺς
1093 749 1160 792 καὶ
1178 745 1380 804 μεγάλους
1400 745 1653 804 διενεγκόντα

167 823 374 878 πολέμους
398 823 467 866 καὶ
495 819 640 879 χώρας
659 817 798 870 πάσας
821 825 915 869 ταῖς
934 824 1250 876 στρατιωτικαῖς
1270 818 1494 874 ἐμπειρίαις
1512 834 1654 873 παρα-

168 890 452 948 στησάμενον,
487 890 548 934 ἔτι
577 891 623 946 δὲ
642 889 720 933 κάκ
741 892 827 932 τῶν
846 885 1023 932 ἐνόντων
1049 888 1106 938 εἷς
1125 887 1235 937 ἲὸίας
1260 887 1494 941 οῗκονομίας
1517 901 1651 944 προσ-

114 971 160 1007 10
171 965 356 1005 κτᾶσθαι
384 960 574 1013 πλείονα,
608 959 658 1002 τὸ
689 955 992 1016 μετριώτατον,
1030 955 1094 1000 ὅτι
1123 957 1191 999 καὶ
1214 959 1383 1005 πολλοῖς
1413 957 1527 998 δοκεῖ
1550 955 1647 1013 ἀρε·
1669 958 1700 994 Β

168 1035 246 1087 τῆς
273 1029 404 1088 ἄκρας
425 1035 594 1083 σημεῖον
613 1028 661 1072 τὸ
681 1027 733 1071 τὰ
758 1029 884 1071 οῗκεῒα
903 1027 1178 1084 καρπίζεσθαι
1195 1025 1326 1081 μηδὲν
1345 1024 1501 1076 ἔξωθεν
1519 1040 1653 1082 προσ-

169 1099 428 1155 κτωμένους,
469 1096 491 1141 ὃ
523 1098 570 1141 δὲ
599 1094 796 1147 τοιαύτας
825 1098 881 1147 εἷς
908 1095 957 1139 τὸ
984 1100 1175 1139 πλουτεῖν
1197 1094 1397 1152 ἀφορμὰς
1413 1098 1654 1151 προβαλλο-

168 1169 294 1225 μένης
324 1172 400 1224 τῆς
429 1164 557 1223 τύχης
583 1167 632 1210 τό
664 1164 774 1210 οὕτω
799 1170 991 1209 πλουτεῖν
1024 1166 1069 1208 ἐκ
1098 1166 1330 1215 πλεονεξίας
1349 1161 1531 1215 ἐκτόπως
1551 1163 1654 1207 ‹2⁷15-

170 1254 292 1295 στυγε
312 1239 380 1281 καὶ
402 1237 530 1292 ἐμίσει
540 1269 555 1290 ,
584 1233 692 1294 μόνῃ
712 1240 764 1294 τῇ
787 1234 888 1294 δόξῃ
910 1235 1201 1290 ἕνασμενίζων,
1238 1228 1289 1290 ἧς
1313 1233 1433 1277 οὐδὲν
1451 1231 1528 1288 εἶχε
1547 1251 1655 1291 προ-

115 1313 160 1355 15
171 1311 296 1362 τιμᾶν
334 1306 450 1350 ἄλλο.
520 1303 629 1362 μόνη
655 1305 735 1364 γὰρ
765 1309 852 1348 τῶν
881 1304 988 1348 κατὰ
1019 1305 1112 1358 βίον
1142 1300 1398 1360 πραγμάτων
1436 1301 1538 1354 δόξα
1566 1310 1656 1352 τοῖς

171 1375 406 1420 ἀπελθοῦσι
433 1374 698 1434 παρέπεσθαι
730 1374 898 1433 πέφυκε.
969 1374 1037 1418 καὶ
1061 1371 1082 1417 ὃ
1101 1373 1177 1429 μὲν
1191 1370 1323 1428 νόμος
1343 1376 1418 1416 τοῦ
1440 1376 1524 1416 τῶν
1545 1375 1654 1432 Χρι-

262 1521 298 1557 6.
320 1519 418 1566 τοῦ]
438 1520 520 1562 τοῖς
541 1519 582 1555 Ρ.

131 1675 137 1682 .
173 1645 312 1692 gentiae
344 1649 382 1680 et
413 1644 607 1691 elegantiae
637 1644 745 1691 ipsius
767 1644 803 1679 in
825 1642 1052 1679 familiaribus
1088 1641 1268 1684 curandis,
1308 1641 1399 1687 quod
1424 1641 1482 1688 qui
1506 1642 1537 1676 ei
1562 1642 1660 1677 mini-

173 1696 396 1736 straverant,
419 1693 471 1726 sic
493 1692 531 1726 in
554 1691 645 1725 omni
667 1691 770 1726 laude
791 1690 893 1725 istius
916 1690 1023 1724 officii
1046 1689 1172 1724 eruditi
1196 1693 1232 1722 et
1254 1688 1438 1722 exercitati
1461 1693 1661 1731 evaserunt,

172 1744 215 1774 ut
237 1749 297 1774 eos
320 1744 400 1784 post
420 1738 529 1785 ipsius
552 1738 680 1772 obitum
704 1748 820 1772 omnes
842 1736 1081 1783 requirerent,
1114 1737 1238 1780 utpote
1267 1734 1326 1780 qui
1357 1734 1484 1768 callere
1517 1735 1560 1768 ad
1593 1747 1660 1769 un-

173 1797 275 1831 guem
300 1795 418 1819 omnes
441 1789 536 1819 artes
558 1783 662 1818 aulici
685 1783 884 1825 ministerii,
918 1786 955 1817 et
983 1793 1102 1816 veram
1123 1782 1234 1816 ideam
1259 1781 1491 1826 perfectorum
1513 1781 1662 1816 famulo-

172 1843 250 1867 rum
272 1831 406 1866 cunctis
429 1835 693 1877 repraesentare
714 1830 937 1871 viderentur3
958 1839 1066 1874 quare
1089 1827 1182 1872 digni
1205 1827 1314 1861 habiti
1336 1832 1418 1861 sunt
1440 1827 1498 1874 qui
1520 1839 1661 1872 promo-

172 1882 338 1913 verentur
370 1878 416 1912 ad
447 1877 594 1912 maxima
626 1889 786 1923 quaeque
817 1881 855 1911 et
886 1875 1146 1910 honoratissima
1179 1874 1295 1908 officia
1326 1874 1446 1908 domus
1468 1877 1660 1918 Augustae.

174 1936 294 1960 verum
318 1923 374 1958 bic
399 1923 490 1958 idem
513 1925 568 1958 vir
590 1935 691 1969 quam
723 1935 791 1958 non
822 1922 993 1957 amaverit
1026 1921 1224 1968 pecuniam,
1256 1924 1318 1954 aut
1347 1921 1462 1965 potius
1494 1926 1660 1966 quantum

176 1982 254 2006 eam
278 1970 539 2015 contempserit,
561 1981 751 2005 memorare
774 1969 1030 2004 convenientius
1052 1967 1170 2002 fuerit.
1217 1970 1294 2001 erat
1316 1966 1370 2009 ei,
1394 1967 1425 2001 si
1447 1968 1578 2005 vellet.
1605 1968 1662 2002 sa-

176 2017 338 2052 eillimum
371 2017 492 2059 doliis,
521 2019 562 2051 ut
591 2017 705 2059 aiunt,
737 2016 850 2062 plenis
873 2026 1059 2059 congerere
1081 2024 1166 2059 opes
1190 2018 1227 2048 et
1248 2024 1458 2047 nummorum
1481 2013 1660 2059 omnisque

176 2063 314 2109 generis
344 2063 574 2109 pretiosarum
606 2074 721 2097 rerum
753 2073 897 2098 acervos
928 2067 1065 2096 struere
1093 2060 1294 2101 immensos,
1329 2059 1451 2105 utique
1483 2060 1542 2105 qui
1568 2060 1658 2094 bello

177 2120 315 2156 semper
348 2109 432 2143 felix
464 2120 697 2156 quascumque
728 2109 872 2143 hostiles
893 2107 1020 2142 invasit
1042 2107 1202 2152 regiones
1237 2105 1391 2151 (invasit
1414 2109 1526 2139 autem
1550 2105 1659 2151 pluri-

178 2166 252 2191 mas
275 2166 405 2201 easque
429 2155 642 2201 ditissimas)
669 2156 746 2190 iure
767 2154 932 2190 victoriae
954 2153 1148 2200 diripuerit.
1195 2152 1253 2186 ille
1275 2163 1357 2185 vero
1381 2151 1545 2197 praedam
1569 2163 1659 2186 sem-

178 2212 243 2248 per
267 2206 344 2235 erat
366 2201 509 2244 solitus,
541 2214 584 2236 ne
607 2202 743 2236 minima
764 2201 900 2247 quidem
924 2200 997 2235 eius
1021 2205 1122 2246 parte
1145 2198 1210 2234 sibi
1233 2197 1355 2233 eximie
1375 2203 1534 2239 servata,
1557 2197 1659 2232 militi

180 2247 374 2282 eondonare
415 2248 622 2282 universam.
667 2260 709 2283 ac
738 2260 782 2282 ne
816 2246 1055 2294 patrimonium
1097 2245 1231 2292 quidem
1263 2249 1324 2278 aut
1355 2255 1428 2278 rem
1458 2244 1658 2278 familiarem

180 2304 279 2329 suam
303 2304 431 2338 augere
453 2294 626 2328 consuetis
648 2299 686 2329 et
708 2293 813 2328 licitis
837 2294 983 2335 artibus,
1008 2298 1045 2327 et
1066 2292 1100 2326 in
1126 2291 1260 2326 modum
1284 2289 1474 2336 splendidis
1497 2291 1660 2337 expensis

181 2340 319 2375 abunde
351 2339 417 2374 sibi
449 2339 704 2386 heredibusque
726 2341 951 2375 suffecturum
974 2342 1107 2374 attente
1134 2337 1322 2381 colligendo
1345 2338 1494 2371 formare
1518 2349 1662 2381 magno-

180 2397 268 2433 pere
293 2396 443 2431 unquam
465 2386 615 2429 studuit,
645 2387 728 2421 licet
750 2387 786 2421 id
808 2387 843 2421 in
866 2391 967 2432 parte
988 2383 1168 2420 laudabilis
1190 2382 1430 2429 providentiae
1450 2383 1533 2418 boni
1555 2384 1660 2418 etiam

182 2436 220 2466 et
241 2432 409 2466 moderati
431 2437 609 2467 numerent
631 2432 798 2479 plerique.
845 2433 914 2467 alia
936 2432 1010 2466 eius
1032 2434 1127 2465 secta
1150 2431 1217 2464 suit
1239 2429 1408 2476 planeque
1439 2429 1578 2464 diversa
1601 2440 1660 2464 ra·-

182 2478 252 2523 tio,
286 2478 346 2523 qui
368 2482 478 2512 totum
502 2479 568 2513 sibi
590 2479 698 2514 sinum
718 2480 899 2524 pandentis
921 2480 1097 2519 fortunae,
1132 2476 1290 2522 ultroque
1313 2476 1535 2521 congerendis
1557 2476 1663 2511 undi-

183 2535 253 2579 que
275 2524 512 2559 occasionibus
534 2525 688 2560 lucrandi
713 2537 780 2560 non
802 2525 929 2559 iniuste
956 2524 1000 2559 ad
1023 2523 1222 2558 innocenter
1254 2522 1488 2557 ditescendum
1511 2523 1662 2557 invitan-

182 2574 248 2613 tis,
279 2581 420 2605 munera
450 2583 573 2615 magno
602 2582 736 2617 semper
759 2572 870 2606 animo
894 2570 1078 2615 reiecerst,
1118 2568 1286 2604 avaritiae
1308 2569 1458 2615 speciem
1481 2569 1516 2603 in
1539 2568 1661 2603 sedula

184 2617 406 2661 congestione
441 2618 658 2663 quantumvis
688 2618 839 2663 legitime
870 2622 1045 2663 partorum
1077 2616 1247 2661 quandam
1270 2626 1354 2650 suae
1376 2615 1499 2649 virtuti
1522 2625 1662 2650 exosam

184 2662 393 2699 abominans.
439 2675 572 2698 amores
604 2664 677 2699 eius
708 2676 824 2698 omnes
855 2663 891 2698 in
923 2663 1066 2709 gloriam
1090 2663 1307 2697 ferebantur:
1343 2673 1444 2696 unam
1467 2662 1662 2707 spectabat,

184 2719 255 2743 una
284 2708 345 2743 illa
376 2709 632 2750 delectabatur,
667 2710 750 2745 nihil
780 2721 929 2756 unquam
963 2709 1151 2745 admiratus
1183 2714 1245 2743 aut
1277 2710 1472 2753 complexus
1499 2707 1588 2752 qnod
1611 2707 1661 2742 illi

184 2755 398 2801 praeferret,
430 2756 511 2791 nibil
542 2757 632 2803 quod
665 2768 730 2803 pro
751 2756 810 2791 illa
833 2756 1058 2803 promerenda
1090 2755 1312 2802 parandaque
1334 2766 1401 2789 non
1423 2752 1659 2799 pacisceretur

185 2811 229 2834 ae
254 2801 456 2847 profligaret
475 2803 712 2845 libentissime,
736 2803 864 2849 quippe
885 2813 986 2851 quam
1008 2802 1100 2837 inter
1124 2812 1241 2837 omnes
1260 2811 1318 2835 res
1339 2802 1504 2835 humanas
1525 2799 1661 2834 sciebat

185 2857 287 2881 unam
309 2859 386 2883 esse
407 2860 497 2895 quae
518 2849 660 2885 duraret
682 2853 762 2896 post
793 2851 882 2885 hanc
910 2849 1019 2884 vitam
1050 2851 1087 2883 et
1113 2847 1228 2883 funeri
1249 2851 1426 2892 superstes
1447 2850 1558 2881 morte
1579 2845 1659 2880 hinc

186 2892 369 2939 migratum
404 2900 607 2932 coronatura
636 2900 852 2943 sequeretur.
896 2896 932 2932 iu
963 2895 1196 2941 eleemosynas
1234 2894 1417 2940 profusus,
1461 2893 1551 2928 hano
1581 2889 1658 2927 eius
