1846 3262
419 187 495 230 DE
529 187 806 231 MICHAELE
839 187 1214 232 PALAEOLOGO
1249 189 1295 231 L.
1325 187 1383 233 Π.
1529 187 1625 234 139

163 301 357 358 ἔγκαίρως
377 301 688 356 ἐπιθησομένων
712 301 778 360 (τὸ
797 301 877 357 γὰρ
895 305 979 344 τῶν
995 301 1164 346 Ἰταλῶν
1185 300 1370 357 πλώὶμον
1400 299 1496 346 ὅσον
1512 297 1565 358 ἦν
1586 303 1628 345 ἓν

163 375 215 428 τῇ
240 368 354 412 πόλει
388 372 452 413 ἐπὶ
478 371 752 426 Δαφνὸυσίας
781 368 836 420 ὥς
865 368 1030 413 ἆλῶσον
1049 371 1124 426 τὴν
1146 376 1272 425 νῆσον
1291 378 1462 428 χωρεῖν,
1497 372 1569 414 καί
1583 371 1626 428 γ’

164 440 227 482 ε’πὶ
248 440 454 488 πλείσταις
472 437 644 494 ἡμέραις
661 442 1122 495 προσταλαιπωρεΐσθαι
1142 439 1399 495 καθήμενον,
1434 439 1555 494 ὄχλον
1581 439 1626 483 δ’

165 507 300 557 ἄλλως
320 506 418 551 εἶναι
437 508 484 551 τὸ
505 508 611 550 κατὰ
630 506 746 550 πόλιν
764 509 830 550 καὶ
850 508 1038 561 πολέμων
1056 508 1312 566 ἀπείρατον),
1344 508 1469 552 ταῦτ’
1494 506 1630 552 εἶπόν-

132 586 248 620 5των
278 579 344 620 καὶ
372 577 424 619 τὰ
453 577 579 620 πιστὰ
606 575 802 619 διδόντων
831 574 886 626 ὠς
915 571 1234 632 συνεργήσουσιν
1266 575 1523 636 (ὁμονοήσειν
1549 578 1629 635 γὰρ

166 647 284 701 σφίσι
311 647 378 688 καὶ
404 646 503 695 τοὺς
526 645 694 695 λοιποὺς
721 646 785 687 ἐπὶ
811 644 956 703 τοῦτο)
987 643 1009 689 ὃ
1042 648 1209 702 Καῖσαρ
1243 646 1415 699 αὐτίκα,
1453 645 1520 689 ὅτε
1552 647 1628 699 μὲν
1651 658 1684 692 C

166 715 269 770 πρὸς
300 715 399 764 τοὺς
431 714 505 757 ἀπ’
539 715 697 758 ἐκείνων
732 711 877 768 λόγους
909 713 1047 757 ἀπεΐὸε
1076 716 1142 757 καὶ
1161 715 1235 769 τὴν
1256 717 1498 772 προθυμίαν
1521 713 1631 771 ἑώρα

168 781 415 838 ὦς’ἒτοίμως
434 781 608 838 ἐχόντων
629 787 932 838 προσβοηθεῖν,
970 781 1140 838 ἐθάρρει
1170 783 1245 838 τὴν
1264 782 1526 839 προσβολήν,
1566 784 1633 827 ὅτε

168 853 214 894 δὲ
232 852 336 905 πρὸς
354 852 400 895 τὸ
423 857 497 907 τῆς
525 849 1005 908 ἓγχειρήσεως·δυσχερές
1027 848 1154 902 αὖθις
1174 852 1374 907 ἀπέβλεπε
1392 855 1459 895 καὶ
1481 853 1528 895 τὸ
1546 871 1633 896 κιν-

114 930 158 964 10
171 923 349 971 δυνῶδες
383 925 459 977 ‘top'
490 919 751 977 πράγματος,
791 922 826 962 εἶ
853 920 962 964 οὕτω
989 921 1085 975 μετ’
1109 921 1254 977 ὀλίγων
1273 924 1340 964 καὶ
1361 922 1403 964 ἐκ
1425 922 1630 978 παρέργου

169 987 288 1032 πόλιν
306 987 500 1044 τοιαύτην
515 1022 528 1042 ,
569 988 616 1043 ἢν
638 990 704 1031 καὶ
735 991 882 1031 πολλαὶ
901 988 1092 1043 δυνάμεις
1117 990 1192 1045 οὐχ
1214 989 1315 1033 ἑλεῖν
1341 989 1629 1046 ἠδυνήθησαν,

168 1057 294 1108 αὐτὸς
310 1061 352 1101 ἒν
373 1058 518 1113 ἀκαρεῖ
535 1056 867 1114 παραστήσεται,
898 1057 1092 1102 κατώκνει
1110 1061 1177 1101 καὶ
1197 1058 1456 1112 ἀνεβάλλετο.
1515 1058 1628 1113 ὅμως
1648 1076 1680 1110 1)

169 1129 236 1169 καὶ
255 1127 353 1177 τούς
371 1125 516 1183 λόγους
535 1125 758 1180 λαμβάνων
778 1127 820 1168 ἐν
840 1132 960 1186 κοινῷ
977 1127 1025 1170 τὸ
1045 1128 1247 1183 πρακτέον
1265 1130 1406 1172 ἐτίθει.
1459 1127 1629 1187 κάπειδὴ

170 1193 191 1238 ὃ
209 1195 375 1250 ἀνεψιὸς
394 1197 544 1238 ἐκείνου
557 1195 733 1246 Ἀλέξιος
756 1194 930 1239 ἐπέκειτο
955 1194 1217 1253 προσβιάζων
1226 1230 1240 1250 ,
1276 1199 1347 1240 καί
1362 1214 1424 1247 τις
1452 1201 1535 1240 τῶν
1555 1202 1632 1240 θε-

115 1273 158 1307 15
171 1266 436 1320 ληματαρίων
467 1262 779 1320 Κουτριτζάκης
797 1265 1019 1321 τοῦπίκλην
1042 1266 1146 1321 μετὰ
1179 1264 1370 1322 θάρρους
1391 1265 1503 1315 ὅπως
1523 1283 1634 1322 πρα-

164 1334 289 1388 χθείη
316 1334 441 1389 λέγων
474 1333 523 1376 τὸ
560 1333 677 1389 ἔργον
704 1331 919 1390 χ’ὑφίστατο
961 1334 1026 1393 (τὸ
1065 1334 1144 1390 γὰρ
1176 1335 1419 1391 εἱμαρμένον
1447 1334 1632 1391 ἄφυκτον

169 1401 305 1458 ὥσπερ
325 1401 526 1457 ἐμψύχοις
547 1401 657 1445 οὕτω
676 1405 743 1444 καὶ
763 1401 968 1458 πόλεσιν),
1006 1403 1243 1459 ἀναθαρρεῖ
1264 1421 1307 1446 τε
1327 1403 1528 1455 κάκεῖνος,
1566 1405 1634 1446 καὶ

169 1471 273 1527 πρὸς
294 1471 340 1514 τὸ
365 1475 565 1525 κρατῆσαι
585 1471 787 1525 μετέωρος
809 1467 872 1526 ἦν.
943 1470 1044 1515 ὅθεν
1063 1473 1130 1514 καὶ
1149 1477 1232 1515 τῶν
1251 1472 1387 1515 ἄλλων
1405 1470 1632 1525 μαθόντων

170 1556 214 1582 τε
249 1541 316 1582 καὶ
347 1537 711 1595 συμφωνησάντων
749 1537 922 1594 ἑτοίμως
955 1543 1294 1596 συγκαταπρᾶξαί
1322 1542 1361 1584 οἷ
1390 1540 1461 1583 τὸν
1491 1539 1626 1595 λόχον,
1653 1557 1687 1592 13

116 1615 162 1650 20
174 1608 299 1659 αὐτὸς
319 1609 394 1664 μὲν
413 1608 558 1651 ἄλλοτε
578 1609 653 1662 μὲν
672 1606 825 1666 περιῄει
844 1610 910 1652 καὶ
934 1609 1006 1652 τὸν
1027 1607 1154 1653 τόπον
1174 1607 1230 1660 ὥς
1248 1610 1352 1661 εἰκὸς
1370 1610 1633 1653 κατεσκέπτε-

171 1763 340 1799 navalium
363 1763 537 1810 copiarum
560 1763 640 1798 Itali
671 1763 863 1800 habuerant
887 1766 996 1799 totum
1018 1765 1159 1807 aberat,
1189 1765 1307 1811 procul
1329 1765 1409 1800 inde
1432 1768 1632 1812 occupatum

171 1810 207 1845 in
232 1811 459 1856 oppugnanda
480 1810 590 1845 insula
611 1811 828 1857 Daphnusia‚
860 1823 961 1857 quam
983 1812 1098 1846 multis
1130 1812 1196 1846 iam
1219 1812 1339 1846 diebus
1362 1813 1467 1847 multa
1489 1824 1551 1846 sua
1574 1824 1634 1846 ae-

170 1868 290 1891 rumna
312 1857 509 1891 obsiderent
531 1859 728 1902 (superesse
750 1858 978 1892 tantummodo
1001 1858 1037 1892 in
1059 1859 1145 1892 urbe
1166 1858 1288 1903 vulgus
1314 1858 1477 1901 imbelle),
1499 1859 1552 1893 his
1575 1858 1635 1892 ille

173 1903 315 1945 auditis,
339 1906 375 1936 et
397 1907 540 1948 accepta
572 1903 642 1938 fide
675 1907 920 1949 cooperaturos
942 1915 1004 1949 pro
1028 1903 1116 1938 virili
1139 1904 1182 1939 ad
1207 1905 1487 1950 expugnationem
1513 1905 1634 1938 volun-

171 1949 278 1984 tarios
304 1950 573 1994 (consentientes
603 1950 689 1984 enim
713 1950 776 1984 sibi
810 1956 965 1984 caeteros
994 1951 1167 1984 habebant
1189 1951 1246 1996 qui
1276 1951 1541 1996 loquebantur),
1565 1962 1633 1984 non

171 1995 386 2030 mediocriter
409 1995 576 2030 animatus
599 1996 642 2030 ad
675 1996 863 2030 audendum
886 2003 959 2031 est:
990 1997 1140 2031 faciebat
1163 1997 1290 2043 quippe
1313 1999 1450 2031 istorum
1468 2005 1504 2031 et
1527 1996 1634 2041 signi-

170 2042 277 2076 ficata
298 2041 412 2076 verbis
435 2047 471 2075 et
492 2042 667 2077 declarata
687 2042 782 2076 vultu
805 2043 978 2088 signisque
1002 2043 1149 2078 caeteris
1171 2043 1342 2084 alacritas,
1366 2044 1635 2088 procinctorum-

171 2100 239 2134 que
262 2087 306 2122 ad
330 2091 469 2122 strenue
495 2088 680 2123 iuvandum
716 2090 819 2123 ardor
842 2090 1013 2132 eminens,
1046 2095 1084 2123 ut
1113 2101 1179 2124 non
1209 2101 1451 2135 usquequaque
1484 2094 1634 2123 temera-

171 2134 258 2168 rium
288 2133 321 2167 id
354 2140 509 2180 coeptum
540 2135 724 2169 videretur.
783 2146 860 2169 mox
894 2139 1006 2170 tamen
1050 2147 1125 2170 cum
1156 2136 1200 2170 ad
1234 2136 1467 2169 difficultatem
1507 2133 1636 2179 negotii

173 2184 317 2214 mentem
348 2180 562 2222 adverteret,
591 2192 734 2227 cumque
756 2186 934 2227 reputaret
956 2193 1070 2216 secum
1101 2181 1220 2228 quanti
1243 2182 1387 2227 periculi
1410 2183 1517 2215 aleam
1541 2180 1636 2214 iace-

173 2231 249 2267 ret,
281 2225 311 2259 si
335 2237 410 2259 cum
428 2229 497 2260 tam
521 2227 659 2272 paucis,
694 2227 805 2261 obiter
827 2232 864 2261 et
887 2229 1026 2263 consilio
1053 2231 1141 2262 citra
1165 2227 1336 2273 praeviam
1361 2225 1635 2260 deliberationem
1655 2231 1658 2233 ’

172 2273 209 2307 in
237 2283 342 2306 arena
366 2275 466 2316 capto
482 2298 493 2315 ,
517 2273 634 2307 urbem
656 2277 786 2307 tantam
808 2275 1073 2319 aggrederetur,
1107 2285 1206 2320 quam
1229 2274 1331 2319 paulo
1354 2278 1433 2306 ante
1455 2273 1636 2307 universae

171 2318 263 2352 vires
285 2317 414 2362 imperii
446 2319 574 2352 frustra
598 2325 875 2363 oppugnassent,
906 2322 1151 2363 cunctabatur,
1186 2326 1223 2354 et
1244 2319 1471 2365 quaerendum
1493 2319 1636 2363 amplius
1699 2323 1704 2325 ’

171 2364 318 2410 putabat
340 2364 420 2409 quid
443 2364 504 2397 tali
526 2365 706 2399 occasione
729 2370 819 2400 esset
840 2367 1018 2411 agendum.
1066 2378 1141 2400 cnm
1170 2370 1282 2400 autem
1305 2365 1436 2399 vocatis
1466 2375 1570 2409 super
1592 2375 1636 2398 ea

172 2421 214 2444 re
235 2410 272 2443 in
297 2410 473 2444 concilium
495 2409 637 2444 ducibus
661 2411 799 2446 Alexius
822 2412 896 2447 eius
919 2412 1083 2458 patruEIis
1106 2413 1150 2447 ad
1169 2411 1436 2458 persuadendam
1460 2421 1637 2456 oppugna-

174 2456 301 2490 tionem
332 2456 552 2490 vehementer
591 2456 819 2500 incumberet,
859 2464 895 2493 et
925 2459 1060 2504 quidam
1099 2470 1142 2493 ex
1182 2457 1380 2492 voluntariis
1415 2463 1636 2501 cognomento

175 2502 393 2536 Cutritzaces
424 2502 608 2536 fortissime
638 2502 674 2536 in
704 2515 779 2537 eam
801 2505 999 2539 sententiam
1022 2505 1162 2550 loquens
1184 2504 1294 2549 operis
1317 2504 1420 2538 etiam
1446 2513 1640 2537 successum

173 2549 209 2583 in
232 2559 270 2582 se
293 2548 485 2594 reciperet,
524 2547 750 2591 (inevitabilis
783 2550 961 2585 efficaciae
990 2550 1150 2585 videlicet
1180 2555 1260 2584 sunt
1294 2550 1433 2584 decreta
1455 2548 1640 2594 providen-

175 2595 269 2635 tiae,
293 2606 359 2628 non
378 2596 483 2628 solum
505 2593 542 2627 in
564 2594 702 2628 interitu
726 2598 787 2630 ant
808 2596 874 2630 alio
898 2607 979 2631 casu
1003 2596 1209 2641 singulorum
1232 2597 1428 2637 viventium,
1451 2595 1512 2629 sed
1535 2594 1639 2628 etiam

175 2640 211 2674 in
234 2640 475 2675 mutationibus
507 2640 720 2686 fortunisque
751 2641 947 2687 civitatum)
982 2644 1118 2676 tandem
1149 2646 1186 2677 et
1213 2642 1287 2688 ipse
1317 2642 1484 2677 adductus
1511 2640 1552 2674 ad
1576 2651 1639 2672 au-

178 2686 323 2720 dendum
346 2690 399 2721 est
413 2711 425 2728 ,
456 2691 492 2720 et
520 2686 602 2720 nihil
624 2686 692 2721 iam
716 2687 807 2721 aliud
840 2688 906 2722 nisi
930 2689 1103 2723 victoriam
1126 2688 1279 2733 cogitans
1300 2693 1392 2723 totus
1413 2687 1448 2721 in
1471 2685 1640 2731 negotium

177 2732 341 2766 incubuit.
386 2732 504 2779 itaque
526 2733 671 2767 caeteris
694 2733 851 2768 similiter
871 2745 936 2780 per
964 2735 1151 2770 exercitum
1174 2734 1304 2769 cunctis
1327 2733 1520 2773 consilium,
1543 2731 1639 2765 simul

181 2784 433 2822 cognoverunt,
455 2779 608 2825 impense
630 2779 854 2824 probantibus
873 2805 885 2824 ,
909 2781 1235 2827 expedientibusque
1257 2792 1319 2826 pro
1349 2792 1388 2814 se
1414 2789 1548 2824 quoque
1576 2777 1640 2810 im-

178 2829 293 2870 petum
317 2824 362 2860 ad
376 2836 506 2861 omnem
527 2826 600 2860 sive
622 2825 799 2861 insidiandi
830 2826 905 2863 sive
934 2827 1087 2863 irruendi
1117 2827 1345 2863 necessariam
1377 2835 1536 2871 operam,
1566 2823 1641 2870 ipse
