1884 3262
686 185 790 229 Llss.
807 183 864 230 II.
918 184 1121 228 NOTAE.
1532 185 1633 231 685

169 311 246 352 pro
269 309 384 335 causa
401 295 508 347 pacis
527 294 699 334 obitam
687 308 731 333 111
747 307 945 334 carcerem
963 294 1207 345 coniectum,
1235 292 1487 333 disertissime
1509 293 1634 332 tradit

171 354 339 392 idoneus
378 359 518 391 auctor
545 352 764 390 Demetrius
793 352 936 391 Raiiles
967 352 1135 391 Cabaces
1165 364 1216 389 ex
1234 350 1424 391 Plethone
1441 350 1629 401 Gemisto,

170 410 242 461 qui
256 409 394 448 videre
412 410 542 461 potuit
558 421 658 460 quae
673 408 788 458 dicit,
819 422 911 447 cum
930 408 1268 460 Constantinopoli
1288 407 1361 446 sub
1380 406 1570 444 Michaele
1586 412 1631 446 et

169 472 260 518 post
277 466 386 504 hunc
406 466 478 504 sub
503 464 732 503 Andronico
750 438 917 514 vixerit,
943 466 1063 504 etiam
1077 479 1100 503 a
1115 463 1356 516 Pachymere
1376 469 1628 504 memoratus.

170 522 261 561 vide
288 535 388 574 quae
409 521 632 561 notavimus
653 521 705 560 ad
720 535 760 574 p.
775 521 859 564 314
882 535 924 565 v.
942 525 983 564 2.

282 618 320 656 p.
330 604 412 646 496
423 617 462 644 v.
471 605 510 647 5.
538 607 584 643 in
590 606 830 657 Acropolita
840 604 1001 657 quidem
1013 601 1276 643 ulciscendo'
1258 617 1365 641 cram
1377 603 1420 640 in
1426 607 1626 669 potestate

168 659 325 699 habuit.
385 662 464 699 seio
484 662 614 701 visum
631 663 680 701 iri
698 662 868 714 cuipiam
886 663 1035 700 Graeca
1054 661 1122 699 illa
1139 660 1208 702 καὶ
1227 660 1414 715 κρείττων
1431 674 1512 698 των
1530 653 1625 698 κατ’

168 717 324 758 ἐκεῖνον
341 733 411 758 τον
434 715 566 771 θυμὸν
586 713 660 772 ἦγε
683 732 764 757 ιιοιι
784 718 829 757 id
856 719 966 770 quod
991 724 1108 757 sonat
1126 717 1278 767 versio,
1310 715 1379 754 sed
1397 715 1507 766 quasi
1527 728 1627 752 con—

169 775 335 811 tranium
359 786 511 813 sonare.
568 788 711 814 verum
736 775 987 815 adversativa
1014 788 1115 827 quae
1149 788 1243 812 mox
1270 773 1469 824 sequitur,
1505 773 1564 826 τῷ
1580 768 1626 811 δὲ

169 827 417 878 Μουζυῖλωνι
448 831 517 872 καὶ
546 832 637 872 λίαν
662 829 923 885 χολούμενος,
951 831 1030 871 hoc
1057 831 1221 882 intelligi
1238 830 1346 882 quod
1365 828 1627 881 expressimus

165 885 209 924 in
224 886 422 938 prioribus
441 888 572 927 veihis
584 888 733 927 indicat
745 918 755 938 ‚
784 890 1036 939 quantumvis
1053 887 1121 927 illa
1141 887 1221 926 huc
1243 887 1367 926 invita
1384 883 1626 938 pertrahan-

165 948 255 992 tur,
294 944 411 995 plane
438 944 629 998 siquidem
659 945 875 996 significare
905 946 996 984 vult
1021 951 1161 984 auctor
1180 945 1339 982 diverso
1356 956 1402 980 ac
1423 942 1504 979 sere
1523 954 1625 979 con-

162 999 291 1037 trario
310 999 428 1038 modo
446 1014 486 1038 se
502 1001 659 1051 gessisse
677 1002 899 1052 Augustum
915 1015 1006 1040 cum
1027 1001 1183 1040 duobus
1207 999 1335 1048 hisce,
1365 997 1625 1036 Constantino

163 1054 393 1119 Acropolita
418 1061 459 1094 et
486 1056 696 1096 Theodoro
724 1057 950 1110 Muzalone3
980 1067 1103 1108 quare
1133 1057 1278 1095 diserte
1302 1054 1504 1093 affirmans
1523 1053 1624 1092 effu-

164 1124 246 1149 sam
265 1112 307 1149 in
323 1111 433 1150 hune
449 1113 498 1151 ab
525 1127 570 1151 eo
592 1119 718 1152 totam
742 1114 997 1153 acerbitatem
1025 1115 1127 1163 irae,
1155 1112 1263 1151 hoc
1251 1126 1336 1165 ipso
1355 1110 1625 1149 necessitatem

163 1167 278 1205 nobis
295 1169 462 1220 imponit
484 1169 726 1222 intelligendi
741 1170 876 1209 mitius
896 1171 1015 1223 egisse
1038 1184 1128 1209 cum
1145 1170 1292 1218 altero,
1321 1173 1362 1206 et
1387 1168 1431 1205 in
1450 1180 1496 1205 eo
1515 1166 1625 1205 mul-

164 1224 285 1262 tando
314 1225 542 1264 iracundiae
567 1228 746 1265 fraenum
774 1228 1006 1276 attraxisse,
1034 1232 1235 1277 utcunque
1259 1226 1301 1263 id
1318 1238 1400 1262 non
1424 1223 1526 1261 clare
1552 1236 1622 1261 ar-

164 1280 334 1332 chetypa
354 1282 590 1333 exprimant.
640 1296 877 1333 quamquam
896 1283 927 1321 si
947 1283 1033 1334 quis
1048 1283 1222 1336 penitius
1237 1280 1497 1331 introspiciat,
1522 1293 1622 1317 con-

162 1337 243 1374 fido
264 1337 361 1390 dep1
363 1337 532 1377 ehensur
526 1353 601 1377 um
620 1339 736 1377 etiam
755 1339 808 1377 ad
824 1350 1047 1393 expressam
1059 1353 1082 1378 a
1094 1339 1208 1379 nobis
1225 1337 1459 1378 sententiam
1472 1337 1622 1401 Graeca

162 1394 256 1431 satis
276 1407 391 1446 posse
412 1396 701 1434 accommodari
714 1394 769 1449 ¹⁹¹).

274 1479 420 1530 Ρ-498
438 1492 474 1518 v·
499 1483 563 1523 18.
620 1479 679 1518 ad
695 1479 879 1520 Mentem
898 1481 957 1519 N
940 1494 1089 1533 grum
1118 1477 1299 1531 supplevi
1318 1476 1371 1516 ad
1387 1476 1455 1516 illa
1472 1477 1623 1515 Graeca
1645 1482 1675 1518 P
1697 1481 1763 1517 481

161 1531 261 1587 πρὸς
289 1532 334 1577 τὸ
360 1534 481 1588 μέλαν
505 1536 778 1576 vocabulum’
767 1536 857 1591 όρος
891 1545 1074 1576 montem.
1137 1542 1251 1575 erant
1283 1535 1387 1573 enim
1410 1534 1452 1572 in
1483 1533 1622 1572 Monte

161 1591 278 1641 Nigro
299 1591 480 1630 monachi
499 1594 676 1645 plmimi,
706 1600 746 1633 et
760 1595 813 1632 ad
842 1594 1117 1646 capessendam
1132 1592 1387 1631 monasticam
1405 1591 1622 1643 professio-

160 1661 252 1685 nem
274 1650 591 1689 accommodatus
610 1651 676 1689 ille
697 1651 818 1690 locus.
874 1651 1007 1701 itaque
1031 1651 1112 1688 illic
1145 1647 1363 1688 monachus
1389 1647 1483 1686 olim
1503 1647 1622 1686 vixe-

160 1710 227 1742 rat
252 1705 472 1744 Germanus
497 1714 634 1758 postea
670 1706 916 1759 patriarcha,
957 1713 1006 1745 ut
1041 1712 1177 1745 noster
1205 1707 1322 1745 docet
1346 1718 1385 1756 p.
1406 1706 1489 1745 280
1520 1717 1558 1742 v.
1581 1706 1620 1745 9.

161 1759 404 1800 Theodosius
423 1763 518 1801 item
532 1765 724 1816 princepe,
755 1764 897 1803 deinde
915 1761 1139 1816 patriarcha
1162 1761 1444 1809 Antiochenus,
1477 1766 1524 1799 ut
1544 1759 1621 1798 ha-

160 1816 279 1856 betur
301 1818 328 1856 l.
353 1820 378 1860 5
400 1831 434 1857 e.
455 1820 523 1861 24.
579 1826 735 1872 poterat
753 1828 793 1859 et
816 1821 867 1858 ad
884 1822 928 1862 τὸ
947 1820 1067 1873 μέλαν
1084 1818 1319 1870 subintelligi
1337 1820 1479 1869 σχῆμα,
1510 1816 1619 1867 quod

159 1874 280 1913 vestis
296 1875 581 1915 monachorum
605 1891 677 1928 per
704 1877 906 1915 Orientem
933 1878 1045 1928 nigra
1067 1883 1187 1915 esset:
1225 1878 1294 1914 sed
1313 1874 1479 1912 verbum
1501 1889 1619 1913 κατα-

159 1934 304 1983 φυγεῖν
330 1933 574 1972 commodius
596 1935 768 1972 refertur
796 1933 847 1971 ad
866 1934 995 1972 locum
1021 1947 1139 1984 quam
1158 1932 1210 1971 ad
1229 1937 1391 1972 vestem.
1446 1943 1520 1968 nec
1542 1930 1619 1968 ob-

158 1992 238 2025 stat
265 1989 515 2028 coniecturae
549 1990 657 2041 quod
687 1990 754 2028 hic
782 1991 951 2040 dicitur,
988 1996 1173 2028 exactum
1204 2003 1226 2027 a
1260 1987 1462 2026 cotanitza
1485 1986 1615 2036 (haud

160 2042 278 2081 dubie
301 2045 350 2083 ab
366 2045 564 2098 Augusto)
581 2053 625 2086 ut
644 2048 779 2085 statim
798 2053 948 2086 vestem
978 2060 1128 2085 sacram
1153 2046 1350 2084 induciet.
1407 2056 1498 2080 nam
1518 2042 1614 2080 hinc

158 2099 292 2150 potius
312 2109 475 2152 appaict
492 2105 650 2154 petitam
673 2104 831 2142 nomine
861 2104 1087 2141 Cotanitzae
1113 2102 1162 2140 ab
1186 2103 1422 2153 imperatore
1439 2099 1611 2137 faculta-

158 2161 238 2193 tem
260 2157 380 2195 eundi
405 2158 454 2196 ad
475 2159 650 2198 Mentem
670 2161 791 2211 Nigr-u
795 2174 854 2198 ιιι·
882 2160 950 2198 sed
966 2158 1076 2197 hune
1091 2160 1262 2197 veritum
1282 2169 1332 2195 ne
1349 2155 1382 2192 is
1396 2155 1452 2193 sic
1471 2151 1611 2193 dimis-

157 2225 224 2249 sus
245 2212 321 2250 alio
340 2213 485 2263 abiret,
515 2217 683 2266 exegisse
699 2223 746 2255 ut
764 2216 895 2255 statim
914 2229 953 2253 se
972 2216 1147 2266 alligaret
1169 2214 1383 2252 monastica
1401 2212 1609 2265 professio-

157 2281 208 2306 ne
223 2282 335 2307 sacro
355 2269 495 2310 habitu
510 2272 666 2316 induto,
722 2274 831 2324 quod
852 2273 918 2311 ille
935 2273 993 2311 nil
1006 2285 1190 2311 recusans
1203 2266 1307 2310 fecit.

267 2366 308 2404 P.
322 2353 404 2397 505
423 2369 464 2398 V.
475 2359 541 2398 20.
600 2365 647 2395 ut
666 2359 883 2408 imperator
901 2371 991 2395 cum
1008 2359 1119 2396 suis.
1131 2385 1163 2397 ..
1175 2368 1194 2397 .'
1206 2355 1459 2394 anathemati
1477 2354 1610 2392 subii..

155 2418 347 2448 cer-entur.
403 2413 596 2451 recitatur
622 2414 671 2451 ab
692 2414 866 2453 Odorico
885 2413 1092 2465 Raynaldo
1119 2412 1216 2451 haec
1233 2412 1611 2451 excommunicatio-

155 2466 217 2504 nis
245 2465 286 2503 in
317 2465 546 2507 Michaelem
573 2470 842 2521 Palaeologum
885 2472 1078 2508 sententia
1111 2469 1163 2508 ad
1201 2483 1348 2508 annum
1383 2470 1503 2510 1281.
1538 2468 1610 2506 ubi

156 2535 393 2573 quamquam
413 2525 597 2577 culpatur
615 2527 865 2578 Palaeologus
881 2527 989 2578 quod
1008 2533 1122 2578 pacta
1153 2540 1204 2565 ex
1219 2527 1298 2565 fide
1316 2527 1419 2565 circa
1440 2539 1610 2563 concor-

155 2578 260 2616 diam
288 2580 535 2620 ecclesiarum
566 2597 647 2621 non
674 2584 884 2635 explesset,
919 2583 1029 2622 haud
1057 2590 1188 2622 tamen
1220 2584 1331 2623 facile
1359 2582 1542 2621 adducor
1559 2586 1608 2620 ut

153 2635 329 2686 credam,
360 2638 467 2702 quod
489 2639 570 2677 illic
596 2640 659 2679 vii
685 2640 751 2678 ille
780 2640 1028 2679 doctissimus
1053 2641 1215 2680 videtur
1238 2640 1412 2694 opinari,
1451 2639 1607 2690 culpam

152 2692 399 2744 imperatoris
425 2695 469 2733 in
487 2708 534 2735 eo
558 2696 693 2748 sitam,
722 2697 852 2749 quod,
892 2697 994 2736 sicut
1018 2698 1273 2751 promiserat,
1311 2710 1392 2736 non
1420 2695 1607 2755 effecisset

242 2844 282 2894 ²⁸)
318 2847 362 2882 cf.
391 2847 478 2883 Oba.
500 2846 546 2884 ad
564 2846 747 2884 Andronic.
768 2848 793 2884 1.
815 2849 838 2884 2
860 2860 893 2884 c.
914 2850 946 2885 1.
