1884 3262
261 199 365 245 556,
657 197 970 243 OBSERVAT.
1005 197 1321 254 PACHYMER.

256 322 369 346 ruere
387 314 522 344 tamen
538 320 672 344 eorum
692 307 822 343 animi
841 306 892 344 ab
909 304 1148 359 ffcndendo
1165 309 1275 359 regio
1291 312 1510 361 sanguine,
1538 312 1717 362 satisque

255 365 485 402 habuerant
517 376 724 401 asservare
761 362 966 401 Cabadem
987 366 1032 400 in
1059 365 1224 402 castello
1253 365 1488 415 oblivionis,
1518 369 1580 404 ita
1607 367 1723 413 dido„

257 434 302 458 ex
322 421 425 470 lege,
457 432 561 470 qaae
580 417 628 456 de
647 434 689 457 eo
711 421 924 470 qaisicen't
942 420 1044 458 illac
1061 423 1264 459 coniectus
1280 424 1512 467 mentionem
1535 438 1716 475 unquam

245 477 346 528 fleri
373 482 503 526 vetat,
527 490 663 527 poena
683 478 806 513 etiam
828 477 1001 527 capitali
1020 478 1074 514 iis
1086 479 1303 528 proposita
1326 479 1403 530 qui
1422 481 1559 530 ipsius
1574 495 1715 518 nomen

249 532 509 584 protulerint.
567 546 671 584 quae
701 547 826 570 cauea
842 533 938 583 ficit
964 534 1248 585 appellationi-5·
1275 534 1482 574 eiusmodi.
1537 536 1646 582 vides
1672 537 1715 574 in

255 589 343 634 his,
372 594 420 626 ut
437 602 542 637 rem,
573 588 630 626 sic
652 589 958 641 appellationem
981 590 1138 643 εἱρκτῆς
1156 586 1291 642 λήθης
1306 604 1357 629 ex
1375 591 1532 630 Perside
1551 594 1713 634 venisse.

258 651 298 683 et
317 644 434 683 fuisse
453 644 507 682 ibi
526 644 684 684 videtur
703 652 812 684 certa
833 646 1035 696 custodia,
1065 646 1108 684 in
1128 660 1244 697 quam
1267 647 1336 698 qui
1356 647 1545 686 darentur
1558 677 1568 694 ,
1597 649 1645 693 de
1666 650 1714 688 iis

255 701 496 740 mentionem
529 701 670 740 deinde
710 701 859 740 inferre
891 703 1012 741 ullam
1045 703 1214 754 capitale
1244 704 1358 742 soret.
1417 704 1504 755 pari
1535 706 1714 757 exemplo

255 758 473 809 imperator
501 757 671 796 Michael
696 758 974 809 Palaeologus,
1007 760 1075 811 qui
1097 759 1191 798 dum
1215 766 1314 798 esset
1331 760 1530 812 privatus,
1559 761 1601 799 in
1619 762 1717 800 Per-

257 815 341 853 side
360 815 501 862 fuerat,
530 821 577 853 ut
595 821 731 853 noster
747 815 862 854 docet
878 816 904 854 l.
927 820 963 865 1,
993 817 1157 855 videtur
1170 816 1391 855 imitatione
1412 830 1503 855 usus
1526 831 1641 869 quem
1658 818 1716 857 ibi

256 871 387 909 visum
414 871 672 922 probaverat,
701 872 919 910 instituisse
953 879 999 911 ut
1029 886 1129 924 quos
1154 873 1358 913 Nicaeensi
1387 874 1543 912 cuidam
1567 874 1716 912 carceri

257 927 543 979 mancipasset,
574 927 618 966 in
647 936 886 980 perpetuum
913 929 966 967 ibi
997 935 1246 978 tenerentur,
1282 943 1356 976 nec
1374 930 1580 981 quisquam
1602 944 1716 970 orare

256 999 333 1036 pro
364 984 412 1022 iis
447 990 516 1022 aut
542 985 704 1023 omnino
734 992 908 1036 satagere
932 986 995 1023 vel
1023 986 1223 1025 mentione
1246 992 1363 1025 tenus
1381 987 1555 1034 auderet.
1611 987 1716 1026 hanc

256 1040 517 1079 imitationem
536 1041 669 1080 innuit
692 1041 887 1092 particula
918 1042 1189 1081 similitudinis
1213 1041 1287 1092 ὥς,
1315 1043 1496 1082 indicans
1522 1044 1717 1082 Nicaeen-

255 1110 339 1136 sem
360 1097 579 1135 custodiam
599 1098 828 1162 Palaeologo
849 1097 970 1136 fuisse
990 1112 1064 1150 pro
1083 1112 1171 1137 arce
1191 1105 1261 1140 aut
1275 1100 1449 1148 castello,
1480 1114 1596 1151 quam
1618 1101 1716 1139 Per-

256 1167 322 1195 sae
348 1154 549 1193 vocabant
577 1154 740 1193 nomine
771 1154 1044 1212 aequivalente
1071 1154 1133 1194 his
1157 1156 1318 1194 Graecis
1334 1155 1499 1194 vocibus
1516 1154 1715 1211 φρούριον

255 1206 403 1278 λήθης.
459 1224 551 1248 nam
576 1224 659 1250 non
677 1217 735 1249 est
753 1211 973 1250 audiendus
995 1211 1304 1263 Christophorus
1324 1213 1514 1262 Persona,
1545 1213 1638 1251 dum
1657 1213 1714 1252 ibi

257 1264 460 1334 φρούριον
490 1262 622 1319 λήθης
653 1267 792 1305 Latine
816 1267 951 1306 reddit
977 1266 1208 1305 custodiam
1233 1283 1335 1320 quae
1350 1267 1457 1307 lethe
1478 1269 1713 1319 vocabatur,

256 1323 370 1374 quasi
399 1319 511 1375 λη’θη
538 1323 640 1361 lethe
654 1323 875 1374 Persicum,
905 1338 986 1362 non
1007 1324 1201 1363 Graecum
1221 1325 1461 1363 vocabulum
1484 1325 1714 1365 sit.12au‹l

255 1379 377 1432 paulo
403 1379 640 1430 prudentius
667 1380 835 1423 ultimus
859 1386 1061 1432 tempore,
1088 1394 1172 1419 non
1193 1381 1356 1431 merito,
1384 1383 1579 1433 interpres
1611 1383 1713 1421 Pro-

255 1435 361 1488 copii
389 1436 578 1475 Claudius
608 1437 814 1477 Maltretus
841 1444 976 1476 noster
1002 1433 1201 1490 φρούριον
1223 1434 1357 1490 λήθης
1375 1439 1586 1476 castellum
1606 1439 1712 1477 obla·-

252 1494 386 1530 w'onie
427 1492 565 1531 Latine
603 1493 790 1534 reddidit.
846 1494 890 1532 in
925 1507 1006 1546 quo
1037 1494 1164 1533 videri
1195 1495 1323 1546 possit
1354 1494 1390 1532 ei
1419 1508 1510 1533 casu
1539 1496 1711 1546 quodam

252 1548 470 1601 praeivisse
500 1548 783 1602 Pachymeres,
832 1550 926 1589 dum
957 1550 983 1588 l.
1015 1549 1062 1600 4,
1095 1550 1144 1589 de
1175 1551 1251 1589 isto
1288 1550 1426 1590 eodem
1454 1564 1570 1601 agens
1598 1565 1714 1603 erga-

253 1605 382 1654 stulo,
411 1605 455 1643 in
475 1606 584 1658 quod
607 1620 650 1645 ea
671 1606 900 1645 conditione
927 1607 1133 1646 subibatur
1150 1613 1197 1645 ut
1216 1608 1324 1646 nefas
1347 1613 1447 1646 esset
1470 1608 1568 1646 illuc
1590 1609 1712 1647 semel

253 1662 581 1702 introductorum
607 1663 850 1714 meminisse,
882 1664 985 1702 illud
1013 1660 1185 1728 κᾷστρον
1205 1671 1384 1702 castrum
1401 1664 1485 1702 sive
1503 1665 1712 1703 castellum

255 1714 602 1771 ἆντονομαστικως
631 1720 815 1785 appellat.
875 1734 964 1758 cum
993 1720 1098 1759 enim
1120 1721 1168 1758 de
1192 1721 1393 1759 Barlaamo
1417 1720 1615 1772 quodam,
1641 1721 1712 1759 in·-
1754 1740 1756 1742 v

255 1775 380 1825 quieti
409 1789 454 1813 ac
484 1777 659 1828 suspecti
684 1776 830 1827 ingenii
859 1776 1041 1827 homine,
1070 1778 1274 1821 retulisset
1301 1777 1548 1824 decrevisse
1537 1791 1712 1830 impera-

253 1837 382 1870 torem
409 1832 579 1871 eximere
608 1833 683 1871 sibi
712 1833 829 1871 semel
854 1847 1009 1871 omnem
1038 1834 1080 1872 in
1111 1840 1314 1898 posterum
1338 1834 1387 1872 de
1408 1834 1474 1872 illo
1497 1840 1644 1872 metum
1665 1847 1711 1871 ac

252 1887 563 1938 solicitudinem,
593 1902 671 1939 quo
699 1889 743 1927 id
769 1902 950 1939 asseque1
953 1896 1064 1939 etur,
1093 1890 1148 1928 ait
1167 1891 1405 1959 praecepisse
1427 1890 1582 1928 cuidam
1599 1903 1620 1927 e
1637 1889 1711 1928 sibi

254 1943 450 1983 fidissimis
472 1958 561 1984 eum
580 1945 763 1984 Nicaeam
781 1946 995 1995 abducere,
1026 1959 1072 1983 ac
1085 1946 1143 1983 ibi
1159 1943 1235 2000 πρὸ
1251 1948 1326 1986 τοῦ
1342 1946 1399 1993 εἰς
1415 1958 1586 1998 καστρον
1602 1946 1710 1992 εἰσα-

253 2004 390 2055 γαγεῖν
421 2004 608 2055 στερῆσαι
635 2005 716 2043 τῶν
737 1997 988 2056 ὄφθαλμων,
1011 2004 1256 2055 priusquam
1283 2003 1327 2040 in
1351 2003 1562 2040 castellum
1584 2003 1710 2041 intro-

254 2055 436 2107 duceret,
463 2059 590 2100 oculis·
603 2060 699 2110 prit
701 2073 782 2100 are.

366 2110 531 2155 alona
559 2128 598 2166 p.
615 2114 697 2158 478
725 2129 766 2156 v,
794 2113 834 2157 4.
899 2115 1026 2156 multa
1057 2121 1144 2154 toto
1177 2114 1255 2153 hoc
1288 2120 1478 2154 commate
1507 2109 1708 2168 ἄνᾶρτητα

254 2176 296 2208 et
313 2171 482 2211 invicem
497 2170 718 2210 inconnexa
734 2177 952 2224 ponuntur.
1007 2171 1282 2223 exprimuntur
1301 2171 1403 2210 enim
1423 2170 1617 2223 carptim,
1638 2184 1707 2208 so-

253 2226 302 2265 lis
330 2228 453 2266 initiis
476 2229 758 2267 sententiarum
788 2229 986 2278 delibatis,
1015 2241 1114 2279 quae
1142 2228 1301 2276 Graeci,
1330 2241 1465 2281 pacem
1487 2241 1576 2266 cum
1598 2227 1707 2265 Lati-

252 2283 312 2322 nis
341 2284 452 2322 haud
485 2298 533 2323 ex
563 2286 690 2324 animo
718 2286 952 2336 probantes,
980 2285 1022 2324 in
1047 2284 1200 2336 scriptis
1224 2285 1338 2325 Vecci
1354 2283 1706 2337 reprehendebant.

252 2339 349 2389 quid
379 2347 511 2378 autem
537 2341 603 2379 hic
629 2348 740 2380 sonet
771 2348 841 2381 aut
867 2342 964 2393 quid
984 2341 1036 2379 sit
1057 2355 1141 2380 vox
1161 2337 1307 2391 εἶσιτά,
1335 2341 1472 2380 haud
1461 2354 1503 2379 m
1521 2339 1705 2392 expedito

251 2402 323 2434 est.
380 2398 481 2435 sorte
503 2394 627 2438 εἰσιτά
657 2399 810 2437 dictum
829 2405 874 2439 ut
893 2394 1060 2450 προσιτά
1081 2412 1103 2435 a
1121 2404 1231 2436 recto
1254 2394 1445 2453 προσιτόν
1465 2396 1705 2444 αοεεεείὐίἶε,

251 2457 301 2490 ut
316 2449 458 2494 εἰσιτόν
477 2453 667 2504 significet
684 2455 981 2505 introducibile‚
1012 2461 1058 2493 ut
1079 2455 1134 2493 sic
1155 2455 1301 2504 dicam,
1330 2455 1394 2494 vel
1413 2452 1620 2492 introduci
1637 2450 1706 2490 dv·-

247 2523 391 2560 gnum.
447 2512 558 2560 quasi
581 2511 709 2551 dicere
725 2512 889 2562 vellent,
917 2511 1162 2563 quaestiones
1181 2524 1280 2562 quae
1303 2525 1326 2548 a
1343 2511 1470 2551 Vecco
1493 2521 1704 2548 moveren-

251 2571 342 2615 tur,
369 2579 452 2604 non
470 2578 550 2604 esse
573 2567 707 2618 dignas
724 2583 822 2619 quae
840 2569 1188 2607 introducerentur
1201 2569 1245 2607 in
1261 2567 1423 2606 domum
1443 2566 1525 2616 dei,
1553 2564 1630 2603 hoc
1645 2569 1705 2602 est

255 2621 466 2660 ecclesiam.
523 2636 572 2660 an
603 2625 734 2674 potius
750 2626 1066 2668 ,existimabimus
1096 2622 1221 2666 εἰσιτοῖ
1245 2625 1418 2676 positum
1445 2636 1517 2674 pro
1549 2619 1708 2671 εἶσιτέᾱ,

255 2691 302 2716 eo
336 2691 452 2718 sensu
478 2684 526 2717 ut
555 2691 695 2730 negare
724 2682 848 2719 velint
871 2681 1160 2720 introducenda
1178 2680 1275 2719 haec
1295 2681 1412 2720 fuisse
1428 2679 1471 2718 in
1492 2677 1702 2726 ecclesiam,

258 2734 403 2787 quippe
420 2748 519 2785 quae
540 2735 620 2775 eius
643 2737 811 2787 quietem
831 2739 1053 2778 turbarent.

373 2791 615 2844 ἔκκλητον
642 2806 680 2844 Ρ.
701 2793 781 2835 375
807 2805 844 2832 v.
866 2797 929 2836 16.
986 2795 1052 2833 hie
1077 2794 1280 2833 manifeste
1306 2789 1349 2833 τὸ
1376 2790 1560 2842 ἔκκλητον
1582 2793 1704 2828 sonat

257 2848 323 2886 ius
346 2850 657 2899 provocationis.
716 2849 889 2901 alioquin
915 2850 1040 2891 inanis
1068 2857 1168 2889 esset
1196 2848 1299 2901 quae
1324 2847 1486 2893 affertur
1518 2846 1622 2903 ratio
1650 2844 1702 2892 ad
