1884 3262
265 183 362 229 632
665 177 973 222 OBSERVAT.
1005 178 1317 224 PACHYMER.

261 290 394 344 potuit
421 287 600 326 suffice1e
625 297 706 326 vox
740 283 890 339 μύδρος
908 315 922 335 ,
957 299 1075 337 quam
1102 291 1218 327 vetus
1250 285 1474 326 scholiastes
1507 285 1710 338 Sophoclis

261 348 548 396 interpretatur
564 342 917 407 πεπυρακτωμένος
941 342 1128 396 σίδηρος,
1157 348 1198 381 et
1216 342 1434 393 Hesychius
1457 344 1617 395 σίδηρος
1639 356 1712 382 πε-

260 400 522 464 πυρωμένοςε
549 399 604 437 sic
623 401 725 438 enim
752 399 1050 438 rescribendum
1067 412 1141 451 pro
1164 397 1468 452 πεπυρωμένως.
1522 400 1597 437 suit
1614 397 1713 435 haec

260 470 384 511 prava
405 456 486 494 sine
505 456 624 494 dubio
649 455 894 494 innocentiae
919 456 1145 507 probandae
1164 455 1287 503 ratio,
1314 454 1455 492 merito
1471 454 1514 491 in
1531 455 1616 493 iure
1636 455 1713 491 Ca-

262 513 403 552 nonico
422 512 644 564 proscripta
664 526 748 564 cap.
770 512 1035 561 consuluisti,
1074 525 1162 564 cap
1188 513 1379 549 Mennam
1399 514 1427 553 2
1451 521 1488 559 q.
1508 509 1535 550 5
1562 517 1602 548 et
1627 523 1712 560 cap

262 569 401 607 delicti
426 575 551 608 extra.
611 567 660 606 de
688 568 920 619 purgatione
951 568 1122 620 vulgari,
1160 581 1242 619 cap.
1274 568 1512 604 sententiam
1537 571 1614 604 ext.
1641 578 1715 603 nec

260 639 346 665 cam
373 631 508 664 noster
527 624 729 676 probavit,
758 625 827 662 sed
848 630 1002 663 tantum
1024 625 1162 663 retulit
1188 623 1283 674 quid
1305 623 1439 671 fieret,
1467 621 1584 659 etiam
1606 621 1714 671 alibi,

263 695 404 733 nempe
429 682 455 720 l.
475 685 502 723 2
530 695 563 722 c.
584 684 629 730 1,
657 681 858 731 glatulans
884 687 1074 731 tanquam
1104 680 1312 719 emendato
1331 679 1391 717 rei
1410 677 1589 730 publicae
1609 682 1716 717 statu.

261 738 370 788 quod
391 738 466 776 ista
487 737 691 775 desiissent
710 737 806 776 fieri.
863 736 1029 776 michael
1051 738 1194 789 quippe
1212 735 1414 786 Palaeolog
1393 748 1462 772 ‘rus
1480 740 1572 772 ante
1588 735 1715 784 impe-v

259 795 366 833 rium
393 793 525 832 adhuc
553 793 740 844 despota,
784 794 914 846 coepit
940 794 1094 832 abolere
1124 807 1240 832 usum
1270 791 1451 843 adigendi
1467 789 1644 828 homines
1663 788 1717 829 ad

261 850 369 889 istud
385 849 645 902 periculosum
666 850 998 901 experimentum,
1027 850 1136 901 quod
1162 850 1240 887 iam
1258 849 1437 900 privatus
1453 845 1717 899 praedamna-

261 912 389 948 verat,
445 907 568 944 refert
592 905 695 943 enim
727 906 954 958 Acropolita
979 906 1082 945 Hist.
1107 920 1143 947 c.
1169 908 1222 948 50
1248 919 1287 957 p
1319 904 1373 946 53
1395 904 1457 945 ed.
1483 904 1577 954 Reg.
1569 931 1594 952 .‚
1624 915 1716 941 cum

261 962 410 1000 Phocas
448 962 798 1014 Philadelphiensis
843 963 1092 1015 metropolita
1130 963 1239 1001 iussu
1281 959 1524 1012 imperatoris
1557 958 1716 997 Ioannis

119 1018 147 1050 Ρ
171 1015 237 1051 441
261 1019 444 1058 Batatzae
466 1017 644 1058 Michaeli
672 1018 899 1070 Palaeologo
926 1019 1203 1071 peiduellionis
1238 1023 1419 1069 suspecto
1445 1015 1717 1067 purgationem

260 1089 332 1142 per
354 1075 503 1113 ferrum
521 1074 692 1113 candens
725 1075 1055 1126 praesciipsisset‚
1084 1075 1139 1113 sic
1165 1087 1256 1113 eum
1284 1074 1484 1123 alloquens
1515 1074 1578 1112 δεῖ
1599 1083 1641 1111 σε
1661 1072 1719 1125 τῷ

265 1127 405 1200 μύδρῳ
440 1128 516 1182 τήν
555 1126 751 1182 ἀλήθειαν
786 1128 1140 1184 παραστήσασθαι,
1187 1129 1435 1182 respondisse
1469 1127 1718 1166 Michaelem:

262 1186 340 1241 ἐγώ
355 1185 427 1239 μὲν
445 1183 676 1238 οἷμαρτωλός
695 1187 774 1238 εἶμι
790 1185 1010 1239 ἅνθρωπος
1026 1187 1095 1228 καὶ
1110 1189 1381 1255 τερατουργεῖν
1397 1187 1559 1225 τοιαῦτα
1577 1198 1625 1224 ου
1644 1180 1718 1224 δύ·

261 1258 396 1295 ναμαι.
454 1243 490 1282 εἰ
509 1240 553 1282 δέ
571 1258 639 1294 μοι
661 1240 912 1296 συμβουλευῃ
942 1244 1231 1311 μητροπολίτης
1259 1240 1318 1282 ὣν
1343 1239 1411 1281 καὶ
1428 1242 1532 1281 θεοῦ
1550 1237 1718 1292 ἅνθρω-

261 1315 338 1346 πος
356 1297 465 1339 τουτὶ
493 1295 811 1367 διαπράξασθαι,
842 1298 1003 1339 ε’νδυσαι
1030 1297 1104 1351 μὲν
1127 1295 1245 1347 αυτὸς
1262 1313 1337 1350 την
1358 1292 1470 1363 ἱεράν
1489 1308 1562 1337 σου
1581 1298 1719 1336 πᾶσαν

262 1350 428 1421 στολήν,
459 1351 597 1401 καθ-ως
615 1354 765 1402 εἴωθας
784 1354 827 1395 ἐν
850 1357 906 1407 τῷ
933 1356 1035 1410 θείῳ
1059 1353 1301 1421 εἰσέρχεσθαι
1328 1349 1496 1422 βήματι
1494 1351 1562 1393 καὶ
1582 1350 1719 1404 3.an-

261 1407 399 1471 χάνειν
423 1413 512 1465 θεῷ
521 1439 532 1459 ,
568 1407 651 1450 εἶτα
671 1408 722 1462 δή
744 1414 829 1457 ταῖς
852 1415 940 1459 σαῖς
961 1396 1095 1465 χερσὶν
1114 1406 1346 1477 ἔκπύρωσόν
1363 1424 1432 1479 μοι
1450 1423 1521 1449 τον
1539 1408 1717 1461 σίδηρον,

263 1463 329 1516 αἷς
347 1468 422 1506 τοῦ
449 1466 566 1506 θείου
587 1462 744 1522 ἐφαπτῃ
765 1463 995 1519 θύματον..
1028 1466 1127 1508 .καὶ
1144 1464 1304 1515 ταύταις
1322 1463 1374 1517 δη
1391 1469 1476 1513 ταῖς
1497 1464 1622 1517 ἱεραῖς
1644 1475 1718 1504 σου

262 1522 396 1576 χερσὶν
418 1521 556 1586 ἐπίθες
575 1525 626 1586 τῇ
652 1523 753 1586 χειρί
777 1538 854 1575 μου
884 1520 953 1564 τὸν
972 1524 1137 1576 σίδηρον
1157 1530 1230 1562 etc.
1289 1521 1444 1575 petebat
1463 1520 1649 1559 nimirum
1670 1523 1720 1558 ut

264 1579 426 1616 antistes
444 1578 553 1630 prius
573 1578 655 1630 ipse
676 1579 836 1630 ignitum
858 1579 1005 1618 serrum
1023 1579 1132 1618 nuda
1151 1592 1272 1618 manu
1291 1579 1415 1617 otiose
1434 1582 1650 1616 tractatum
1675 1575 1719 1614 in

263 1648 375 1673 suam
397 1635 620 1686 deponeret.
667 1635 776 1685 quod
793 1636 1041 1687 metropolita
1055 1649 1240 1675 recusans
1257 1635 1363 1673 hunc
1376 1646 1525 1672 morem
1545 1644 1625 1671 esse
1645 1644 1720 1670 ne-

265 1697 332 1742 gat
350 1691 515 1729 Romani
536 1697 606 1729 aut
633 1691 879 1729 ecclesiastici
907 1705 1021 1741 usus,
1054 1693 1122 1731 sed
1147 1693 1218 1731 bai
1222 1692 1421 1739 baricum‚
1451 1702 1640 1728 excusans
1655 1687 1721 1727 in-

267 1747 466 1785 eluctabili
484 1759 524 1784 se
546 1747 792 1800 imperatoris
814 1748 1048 1788 auctoritate
1078 1749 1128 1787 ad
1155 1750 1272 1787 istam
1293 1747 1352 1785 illi
1368 1746 1639 1809 purgationem
1654 1744 1719 1782 in-

268 1803 473 1841 dicendam
499 1803 621 1854 adigi3
660 1817 778 1854 quam
809 1805 939 1842 tamen
967 1804 1132 1843 Michael
1163 1804 1361 1844 recusavit
1398 1801 1718 1841 constantissime.

267 1859 397 1896 videri
424 1864 555 1910 potest
579 1872 628 1896 ex
657 1860 831 1909 reliquiis
868 1859 945 1898 hoc
971 1860 1208 1913 superfuisse
1245 1859 1449 1908 ethnicae,
1495 1864 1535 1895 et
1559 1857 1718 1908 quidem

266 1915 543 1966 perantiquae,
573 1915 867 1965 superstitionis.
924 1929 1014 1953 nam
1045 1916 1256 1968 Sophocles
1282 1915 1448 1953 heroicis
1466 1914 1543 1952 iam
1559 1918 1717 1964 tempo-

267 1971 376 2008 ribus
406 1970 700 2021 Oedipodarum
727 1970 868 2008 Thebis
893 1971 1138 2022 regnantium
1168 1972 1342 2011 exerceri
1371 1970 1530 2009 solitum
1556 1969 1721 2018 indicat,

270 2027 366 2064 dum
388 2026 429 2063 in
449 2026 639 2077 Antigona
657 2027 747 2065 sacit
762 2040 886 2065 unum
903 2028 1110 2067 custodum
1127 2042 1223 2079 quos
1243 2040 1316 2067 rex
1337 2028 1462 2065 Creon
1482 2032 1719 2078 apposuerat

272 2082 455 2120 cadaveri
471 2082 662 2133 Polynicis
685 2089 732 2120 ut
756 2083 908 2134 sepeliri
931 2084 1207 2135 prohiberent,
1244 2089 1452 2136 postquam
1467 2083 1510 2120 id
1534 2083 1583 2120 ab
1602 2082 1720 2120 Anti-

271 2152 372 2191 gona
396 2144 578 2189 opertum
603 2138 724 2178 humo
752 2140 900 2189 fuerat,
937 2141 1084 2179 factum
1104 2142 1184 2192 regi
1213 2142 1470 2188 referentem,
1497 2144 1538 2176 et
1556 2134 1741 2190 magno?

272 2207 364 2244 pere
393 2200 642 2233 excusantem
666 2195 709 2234 id
737 2196 836 2234 citra
861 2209 971 2234 suam
998 2203 1038 2235 et
1061 2197 1256 2236 sociorum
1279 2195 1555 2235 conscientiam
1570 2202 1716 2245 actum,

274 2249 372 2288 haec
388 2251 542 2289 dicere:

491 2305 606 2359 ημεῖς
633 2303 669 2348 δ’
700 2307 847 2359 ἕτοιμοι
874 2323 951 2348 καν
979 2305 1169 2379 μύδρους.
1185 2309 1311 2362 αἴρειν
1338 2310 1482 2361 χεροῖν,

490 2362 559 2403 καὶ
586 2379 668 2417 πυρ
697 2363 871 2416 διέρπειν
897 2362 964 2404 καὶ
993 2363 1117 2412 θεούς
1146 2364 1399 2418 ὁρκωμοτεῖν,

492 2434 535 2458 το
565 2435 662 2471 μητε
690 2421 832 2473 δρᾶσαι
859 2416 956 2473 μήτε
981 2423 1039 2476 τῷ
1065 2422 1285 2470 ξυνειδέναι

492 2471 537 2514 τό
565 2479 725 2537 πρᾶγμα
752 2462 1019 2528 βουλεύσαντι
1034 2473 1128 2528 μήτ’
1157 2475 1409 2531 εἰργασμένῳ.

281 2527 392 2565 offert
415 2540 455 2565 se
477 2534 517 2566 et
533 2532 655 2568 socios
678 2532 729 2570 ad
748 2533 1072 2571 contrectandum
1092 2535 1238 2572 serrum
1258 2533 1427 2572 candens
1449 2530 1497 2570 in
1510 2529 1714 2582 probatio-

279 2597 367 2621 nem
392 2584 656 2625 innocentiae:
684 2589 762 2626 scio
792 2601 842 2626 ex
868 2589 1135 2628 vetustissimis
1156 2590 1238 2629 eius
1263 2590 1341 2629 loci
1359 2586 1574 2627 scholiastis
1591 2597 1717 2624 unum

277 2639 354 2678 hoc
372 2640 424 2678 ad.
449 2641 645 2691 quandam
669 2643 923 2683 iurisiurandi
949 2646 1204 2684 ceremoniam
1238 2647 1395 2684 referre.
1452 2644 1507 2681 δίο
1533 2643 1637 2681 enim
1660 2640 1716 2678 lb!

278 2702 465 2746 annotat5
494 2694 660 2738 εἰωθασι
685 2697 760 2769 γὰρ
791 2701 835 2741 οἴ
863 2695 1079 2771 ὄμνύοντες
1101 2705 1224 2742 ταῦτα
1251 2705 1392 2742 ποιεῖν
1446 2695 1624 2751 μύδρους
1640 2712 1716 2749 γαρ

278 2752 454 2820 αἴροντες
467 2752 687 2822 ε’παρῶνται
705 2755 836 2806 μένειν
853 2771 900 2796 τα
921 2773 1036 2807 ορκια
1056 2773 1128 2821 εως
1139 2753 1254 2798 αυτοὶ
1274 2756 1445 2808 φανωσι,
1471 2769 1539 2794 και
1553 2753 1717 2805 ῥίπτου-

277 2819 340 2847 σιν
362 2804 506 2857 αὐτους
537 2809 594 2858 εἰς
617 2806 836 2851 θαλασσαν.
892 2813 1017 2851 solent
1041 2815 1145 2851 enim
1171 2813 1332 2867 (inquit)
1348 2814 1530 2852 iurantes
1552 2809 1719 2847 sublata
