1884 3262
266 216 362 264 614
665 197 973 260 OBSERVAT.
1008 214 1319 261 PAchOER.

264 328 352 367 lau1
355 339 442 364 eum
467 323 661 364 baculum-
680 330 870 377 gestaret,
906 337 977 378 per
1001 337 1117 377 quem
1146 329 1204 364 est
1233 337 1256 361 a
1286 324 1466 376 procellis
1491 324 1713 365 istiusmodi

263 382 493 423 tutissimus.

383 441 449 478 Τα
461 437 608 490 νοιΐητ
620 453 639 485 ς
667 450 706 489 p.
724 435 808 480 422
828 449 867 475 v
977 437 1089 475 venti
1104 409 1299 476 Τοιναιτου
1317 433 1412 475 dicti
1428 436 1603 476 meminit
1611 437 1714 476 Pro-

265 494 399 546 copius
427 494 453 532 l.
472 492 498 533 4
523 493 717 531 secundae
736 438 922 531 tetradis.
919 505 954 535 c.
974 491 1001 533 4
1019 507 1057 545 p.
1079 493 1160 535 573
1186 492 1246 530 ed.
1265 492 1362 543 Reg.
1377 491 1439 530 his
1456 493 1603 532 verbis:
1635 490 1716 533 Τά-

266 558 359 591 ναϊν
382 548 425 589 δὲ
453 552 645 590 καλοῦσιν
667 550 709 590 οἱ
731 546 933 601 ἐπιχώριοι
951 549 1022 589 καὶ
1041 546 1114 600 την
1132 545 1302 617 ἐκβολήν
1321 545 1469 614 ταύτην
1497 547 1540 589 ἐκ
1562 547 1719 617 λήμνης

265 603 490 675 ἀρξαμένην
510 608 581 658 τῆς
599 602 830 653 Μαιώτιδος
854 602 944 658 ἄχρι
965 604 1005 653 ἐς
1024 620 1095 645 τον
1113 601 1310 653 Εὗξεῖνον
1328 600 1505 644 πόντον.
1585 600 1715 645 mimo?

251 662 335 703 ’καὶ
359 659 425 702 τὸν
453 659 622 713 ἄνεμον,
653 659 700 710 ὃς
720 661 886 701 ἐνθένδε
903 665 999 701 πνεῖ
1020 662 1217 712 Ταναΐτην
1233 672 1610 713 προσαγορευουσιν.
1665 674 1717 699 ex

265 718 406 770 quibus
434 717 683 768 intelligimus
713 716 832 755 huius
859 717 969 756 venti
999 730 1143 755 nomen
1169 730 1247 754 non
1277 730 1300 753 a
1325 730 1420 755 vero
1451 728 1563 754 amne
1594 717 1717 755 Tanai

266 780 489 825 sumptum,
518 774 587 812 sed
612 774 659 811 ab
680 774 790 812 alveo
815 773 987 824 quodam
1011 779 1080 811 aut
1099 787 1226 825 prono
1244 772 1358 810 fluxu
1378 772 1534 824 paludis
1552 772 1720 810 Maeoti-

265 831 325 869 dis
349 831 391 868 in
418 831 587 869 Pontum
614 830 836 878 Euxinum,
863 830 931 880 qui
961 830 1094 869 alveus
1114 831 1229 868 etiam
1249 829 1390 866 Tanais
1410 826 1609 866 nominari
1621 842 1720 867 con-

265 886 451 927 sueverit.
487 886 535 924 ab
557 899 602 924 eo
622 892 754 924 autem
769 886 980 937 spirantem
998 892 1183 935 ventum,
1213 885 1300 935 qui,
1330 891 1376 923 ut
1396 885 1453 922 ait
1469 890 1626 934 noster,
1653 885 1731 923 in-.

265 949 330 982 ter
349 943 529 981 Boreales
549 943 647 981 solet
666 956 746 980 esse
766 942 1129 980 vehementissimus
1143 973 1154 991 ‚
1185 942 1388 979 Tanaitem
1406 941 1495 979 dici.

379 999 584 1051 ταρίτες
607 1013 645 1050 p.
664 999 746 1040 419
768 1012 807 1037 v.
826 1002 892 1040 21.
949 998 1043 1037 hinc
1063 998 1252 1036 habemus
1271 1011 1392 1036 naves
1412 996 1601 1048 quasdam
1622 1009 1720 1035 con-

267 1060 419 1094 tractae
438 1055 710 1105 longitudinis,
739 1054 816 1092 hoc
834 1060 892 1092 est
909 1056 1039 1093 minus
1058 1055 1191 1105 longas
1213 1067 1326 1104 quam
1347 1054 1539 1100 triremes,
1567 1053 1722 1091 'raritas

267 1125 291 1149 a
325 1112 595 1149 Genuensibus
624 1111 672 1149 iis
697 1111 790 1148 olim
817 1112 1020 1149 utentibus
1048 1111 1166 1149 fuisse
1195 1116 1367 1151 vocatas.
1423 1109 1631 1149 verisimile
1660 1114 1722 1147 est

269 1168 424 1205 easdem
452 1167 523 1204 has
552 1180 631 1204 esse
655 1180 745 1204 cum
773 1166 819 1204 iis
846 1180 942 1217 quas
959 1168 1121 1219 ταρίδας
1140 1166 1292 1204 Nicetas
1309 1166 1497 1217 appellat;
1528 1178 1606 1215 qua
1622 1177 1723 1204 voce

129 1231 159 1266 P
183 1229 250 1266 425
275 1221 484 1276 ὃρόμωνας
512 1235 601 1260 eum
627 1221 858 1273 significasse
885 1223 1077 1260 Meursius
1105 1228 1246 1260 censet.
1301 1222 1408 1260 unde
1432 1222 1537 1259 forte
1559 1221 1629 1260 vel
1655 1220 1723 1258 hic

269 1279 566 1320 rescribendum
592 1279 748 1330 ταρίδες
771 1279 912 1328 fuerit,
940 1279 1005 1317 vel
1022 1278 1129 1329 apud
1142 1279 1318 1316 Nicetam
1337 1278 1489 1330 ταρίτες
1508 1277 1731 1322 emendari--

270 1337 379 1375 dum.
436 1334 652 1373 videndum
685 1334 804 1372 etiam
835 1348 886 1372 an
922 1348 1003 1373 non
1037 1334 1132 1372 hinc
1164 1333 1404 1372 emanaverit
1438 1335 1724 1381 Tar-tanarum,

270 1404 369 1443 quae
388 1390 507 1429 hodie
523 1391 791 1442 appellantur,
820 1403 978 1431 nomen.
1035 1396 1231 1429 caeterum
1249 1391 1281 1428 si
1300 1386 1501 1442 δρόμωνες
1516 1389 1596 1427 sint
1611 1389 1725 1442 ταρί-

269 1463 353 1496 τες,
381 1447 428 1485 iis
451 1447 658 1486 conveniet
678 1446 887 1499 desciiptio
910 1447 1146 1485 dromonum
1164 1459 1263 1497 quae
1282 1446 1389 1498 apud
1406 1445 1684 1497 Procopiuml.
1699 1447 1722 1487 1

272 1505 322 1543 de
351 1504 458 1541 Bello
489 1503 702 1543 Vandalico
724 1516 758 1543 c.
779 1507 827 1544 11
849 1503 992 1555 legitur
1008 1503 1069 1541 his
1088 1503 1241 1542 verbis.
1270 1506 1389 1543 πλοῖα
1420 1500 1564 1571 μακροὶ
1583 1517 1651 1549 ως
1669 1501 1728 1549 εἷς

273 1561 498 1612 ναυμαχίαν
521 1559 891 1613 παρεσκευασμένα,
922 1556 1078 1614 μονήρη
1108 1558 1242 1611 μέντοι
1269 1558 1338 1599 καὶ
1368 1554 1540 1625 ὄροφοῖς
1545 1554 1726 1626 ’ὕπερθεν

275 1616 432 1668 ἔχοντα,
463 1613 573 1663 ὅπως
602 1616 644 1656 οἰ
668 1619 791 1656 ταῦτα
819 1615 1041 1668 ἐρέσσοντες
1062 1613 1163 1669 πρὸς
1182 1618 1263 1656 τῶν
1285 1615 1483 1667 πολεμίων
1509 1609 1564 1662 ὥς
1584 1611 1727 1666 ἥκιστα

276 1670 499 1741 βάλλοιντο.
557 1670 767 1724 δρόμωνας
787 1675 952 1712 καλοῦσι
974 1688 1022 1712 τα
1044 1676 1163 1713 πλοῖα
1180 1674 1304 1712 ταῦτα
1332 1671 1374 1711 οἱ
1393 1674 1472 1711 νῦν
1492 1668 1725 1723 ἅνθρωποι·

276 1732 390 1768 πλεῖν
407 1744 481 1782 γαρ
499 1726 598 1768 κατὰ
618 1744 733 1779 ταχος
757 1725 947 1769 δύνανται
969 1724 1147 1780 μάλιστα.
1205 1728 1349 1780 longae
1373 1741 1496 1765 naves
1518 1724 1578 1764 ad
1597 1727 1728 1764 mari-
1779 1750 1802 1755 ..

279 1786 425 1822 timum
449 1785 652 1836 praelium
680 1786 920 1834 instructae,
957 1784 1028 1822 sed
1056 1786 1174 1823 unico
1198 1791 1313 1822 actae
1338 1798 1466 1821 remor
1467 1797 1538 1820 um
1575 1781 1728 1830 ordine,

280 1843 394 1877 tectis
422 1839 587 1890 desuper
615 1842 817 1889 munitae,
849 1855 928 1892 quo
955 1855 1094 1879 earum
1120 1842 1288 1891 remiges
1314 1854 1437 1891 quam
1458 1839 1620 1876 minime
1638 1838 1730 1875 telas

279 1896 494 1933 hostilibus
515 1902 708 1946 paterent.
766 1896 842 1934 Ῐιοε
862 1898 1029 1934 navium
1042 1911 1172 1948 genus*
1194 1895 1313 1933 hodie
1333 1894 1549 1933 dromonas
1568 1900 1731 1932 vocant.

280 1966 372 1990 voce
392 1966 419 1988 (ι
437 1965 557 1990 cursu
580 1950 706 1989 ducta
728 1966 807 2004 quo
831 1953 927 1990 illae
944 1954 987 1991 in
997 1954 1147 2004 primi-⁵·
1168 1952 1289 1991 veloci
1309 1952 1452 1992 valent.
1507 1949 1605 1988 haec
1628 1950 1730 1989 Pro-

281 2020 429 2059 copius.

396 2066 555 2111 τατᾶς
579 2078 618 2116 p.
640 2064 722 2106 512
748 2077 787 2102 v.
806 2063 845 2106 5.
899 2063 1018 2103 huius
1046 2063 1241 2117 dignitatis
1267 2064 1329 2102 cui
1354 2076 1497 2102 nomen
1527 2067 1585 2100 est
1616 2069 1727 2099 tatas

288 2120 407 2157 aulae
435 2133 546 2171 saepe
575 2121 748 2158 meminit
776 2120 947 2159 eodinus
964 2122 1004 2159 in
1027 2122 1092 2160 lib.
1113 2121 1162 2159 de
1183 2120 1302 2161 Ome.
1323 2119 1410 2158 Aul.
1433 2133 1467 2160 c.
1489 2122 1536 2168 2,
1564 2118 1633 2157 ubi
1653 2117 1731 2156 ho‘c

289 2176 461 2213 officium
488 2182 642 2215 sextum
665 2183 704 2214 et
728 2176 964 2227 trigesimum
987 2177 1183 2229 dignitatis
1199 2191 1243 2215 or
1247 2177 1338 2214 dine
1356 2188 1436 2214 esse
1455 2176 1511 2213 ait
1530 2175 1635 2213 inter
1654 2175 1732 2212 Pa-

287 2232 430 2280 latina;
460 2245 494 2273 c.
514 2232 560 2282 4,
589 2233 658 2270 ubi
688 2234 769 2270 eius
781 2206 975 2271 a:balmum
1005 2234 1194 2285 explicat3
1224 2247 1256 2271 c.
1274 2233 1368 2271 item
1387 2233 1436 2282 5,
1465 2231 1532 2270 ubi
1549 2231 1733 2270 observat

290 2286 385 2324 huic
412 2284 538 2326 officio
564 2290 718 2327 nullum
741 2289 964 2328 incumbere
990 2291 1265 2338 ministerium,
1303 2285 1397 2330 οὐδὲ
1428 2289 1475 2328 ἓν
1499 2283 1734 2341 ὑπηρέτημα

291 2342 484 2394 κέκτηται.
540 2358 731 2396 nusquam
756 2351 888 2384 autem
912 2346 1038 2384 tradit
1064 2346 1258 2385 iationem
1291 2344 1478 2392 nominis,
1516 2348 1587 2381 aut
1616 2355 1734 2394 quem

293 2399 347 2436 ad
374 2399 492 2437 finem
523 2401 706 2440 instituta
734 2400 832 2439 haec
854 2403 1097 2454 praefectura
1129 2403 1191 2440 sit.
1247 2409 1338 2439 tata
1364 2400 1508 2438 Latinis
1535 2399 1612 2438 iam
1640 2398 1734 2436 olim

291 2455 441 2506 puerile
461 2469 601 2495 nomen
619 2464 688 2507 est,
711 2471 788 2508 quo
810 2459 979 2522 primum
999 2472 1048 2497 ex
1066 2458 1253 2497 infantia
1243 2472 1284 2496 m
1301 2456 1514 2496 balbutiem
1531 2454 1733 2519 prodeun-

293 2517 352 2548 tes
380 2525 478 2562 pari
481 2512 556 2560 uh
586 2527 683 2563 quos
708 2514 848 2552 vident
872 2516 1000 2563 viros,
1030 2523 1161 2562 tatas,
1188 2528 1284 2565 quas
1311 2513 1510 2561 mulieles,
1538 2514 1734 2549 mam'mas

295 2568 510 2618 appellant,
540 2574 586 2606 ut
616 2571 757 2608 docent
784 2571 1018 2622 interpretes
1043 2544 1231 2610 Martialis
1260 2570 1312 2608 ad
1338 2570 1449 2608 illum
1469 2579 1627 2608 versum
1647 2564 1733 2618 epi-

293 2625 515 2674 grammatis
532 2625 611 2662 eius
632 2628 708 2667 101
727 2627 753 2665 l.
769 2630 813 2669 1:

511 2694 707 2718 mamma-s·
728 2690 848 2733 atque
866 2690 974 2721 tatas
989 2682 1106 2720 habet
1126 2683 1260 2734 Afra·
1246 2712 1258 2731 ,
1290 2680 1362 2719 sed
1377 2683 1467 2732 ipsa
1485 2686 1664 2717 tatarum

622 2736 706 2775 dici
724 2745 759 2774 et
778 2753 1047 2776 mammarum
1065 2742 1242 2776 maxima
1265 2750 1440 2776 mamma
1451 2741 1592 2786 potest.

295 2792 481 2843 suspicali
511 2805 561 2830 ex
587 2793 664 2831 hoc
690 2794 791 2831 sorte
818 2807 1021 2844 possumus
1045 2803 1173 2833 iatam
1198 2795 1340 2843 aulae,
1381 2797 1493 2842 quem
1517 2789 1583 2828 hic
1605 2802 1734 2828 eunu-

295 2847 413 2886 chum
438 2849 639 2899 videmus,
669 2849 784 2888 fuisse
802 2851 1065 2902 praepositum
1087 2849 1318 2889 educationi
1327 2861 1373 2887 ac
1389 2859 1506 2887 curae
1522 2846 1734 2885 liberorum
