1884 3262
455 183 531 226 DE
559 181 833 226 nncHAELE
862 149 1233 242 PALAEoLodo
1263 184 1310 228 L.
1334 183 1413 227 vr.
1480 148 1484 151 ¹
1550 182 1648 230 503

192 295 364 351 καρδίας
387 299 470 339 τῶν
498 294 730 350 ἀνθρώπων
753 296 1058 350 ἀλλοτριοῦντες
1076 299 1153 340 τοῦ
1169 293 1459 350 βασιλεύοντος
1480 296 1642 340 ε’ποιόυν

191 365 256 407 καὶ
275 364 447 418 βασιλέα
468 366 556 420 περὶ
579 362 710 422 ἑαυτῷ
733 364 976 417 δεδοικέναι,
1018 366 1086 408 καὶ
1107 365 1181 420 τὴν
1208 365 1313 407 καθ’
1338 363 1486 407 ἑαυτὸν
1507 365 1641 421 ὀρρω-

185 427 283 475 ’διάν
300 431 463 482 πάντως
481 434 651 487 καρδίας
674 432 797 487 οἷ’σης
814 432 865 475 τὰ
883 433 985 488 με’λη
1005 437 1378 489 συγκατασπᾶσθαι
1395 433 1636 486 ξυνέβαινεν.
1658 437 1693 472 D

192 500 338 542 αὐτίκα
365 501 441 555 γὰρ
467 501 659 554 μέλλησις
686 498 925 555 ἠκολούθει,
971 503 1038 543 καὶ
1064 501 1112 543 τὸ
1145 503 1381 555 ἕπιτροπαῖς
1405 505 1643 557 στρατηγῶν

157 570 258 627 5κα-ὶ
284 567 429 623 μόναις
455 571 696 612 διοικεῖσθαι
725 569 776 612 τὰ
798 569 901 611 κατὰ
922 566 1094 620 τόπους,
1126 569 1172 611 οἳ
1190 569 1241 623 δὴ
1260 567 1547 624 γλισχρότητος
1563 570 1641 622 μὲν

187 634 403 692 ἡττημένοι
434 634 680 691 λημμάτων,
720 637 796 679 δέει
828 637 871 678 δὲ
904 641 976 678 τοῦ
995 634 1055 691 μή
1074 653 1113 679 τι
1140 636 1252 692 παρὰ
1269 637 1469 689 βασιλέως
1487 642 1638 680 παθεῖν

189 702 245 754 ὦς
267 706 377 759 παρὰ
408 705 455 747 τὸ
475 704 580 754 εἷκός
610 704 954 758 ἔλλελειμμένους,
991 704 1044 746 τοὶ
1074 706 1310 758 πταίσματα
1331 703 1637 760 συγκαλύπτον-

187 789 275 826 τες,
313 778 370 831 τῷ
392 773 497 815 κατὰ
516 777 625 830 σφᾶς
644 773 756 815 ἀδεεῖ
771 774 906 827 ψευδῆ
929 770 1167 828 γράφοντες,
1199 770 1384 828 ἠρήμουν
1403 773 1476 827 τὴν
1490 771 1630 828 χώραν
1653 790 1686 824 F.

187 843 253 883 καὶ
269 841 383 890 τέλος
400 841 550 896 ἔρημον
566 841 642 896 τὴν
660 841 895 895 οἰκουμένην
914 841 1141 896 ἀπέφηναν.
1207 844 1340 882 ταῦτα
1359 840 1498 896 λέγων,
1536 858 1638 897 τρυ-

133 916 178 950 10
188 909 270 966 φὰς
289 909 502 963 βασιλικὰς
520 909 696 965 ἀφεικώς
717 911 783 951 καὶ
804 910 1027 963 θεραπείαν
1046 906 1211 950 ἅπασαν
1221 940 1235 960 ,
1272 906 1327 961 ὥς
1349 913 1552 951 σιτεῖσθαι
1570 910 1637 951 καὶ

185 984 272 1026 τοῖς
292 982 480 1031 τυχοῦσι,
514 982 596 1019 τῶν
614 975 796 1033 πρόσθεν
821 974 876 1025 ὦς
898 974 997 1030 εἶχεν
1012 976 1207 1030 ἐπέβαινε.
1257 977 1425 1032 Πέρσας
1444 977 1501 1028 δέ,
1539 976 1636 1020 ὅσον

185 1046 330 1094 ε’κεῖνος
360 1043 626 1101 προσεχώρει,
673 1042 753 1086 ὑπὸ
780 1041 889 1086 πόδα
915 1050 1064 1099 χωρεῖν
1085 1045 1166 1086 ἐκεῖ
1178 1047 1252 1086 τοῦ
1271 1044 1471 1095 βασιλέως
1492 1046 1633 1099 διημε-ὁ
1655 1060 1685 1094 P
1707 1058 1774 1094 343

183 1110 371 1169 ρεῦοντος
382 1145 396 1165 ,
433 1110 488 1162 ὥς
521 1115 586 1155 καὶ
616 1112 674 1154 ἔτι
690 1112 851 1168 θερμὰς
867 1111 940 1161 τὰς
958 1110 1094 1161 ἑστίας
1117 1113 1274 1154 ἐκείνων
1294 1111 1636 1165 καταλαμβάνον-

181 1198 276 1233 τος,
313 1179 416 1224 ὅπου
436 1181 480 1223 δὲ
502 1180 692 1235 βασιλεὺς
719 1177 964 1237 ἐφειστήκει,
1000 1181 1154 1222 ἐκεῖθεν
1173 1179 1253 1236 πρὸ
1271 1184 1370 1233 μιᾶς
1384 1178 1635 1236 φθανόντων

124 1257 170 1292 15
183 1250 340 1292 ἐκείνων
371 1248 398 1304 ἢ
431 1250 496 1291 καὶ
525 1249 714 1303 δευτέρας
750 1251 1045 1303 μετασκηνοῧν.
1113 1251 1276 1303 πλῆθος
1305 1247 1349 1289 δ’
1380 1244 1430 1302 ἦν
1460 1247 1634 1305 ὀπωρῶν

179 1317 449 1373 ἐκκεχυμένων
468 1315 579 1360 κάτω
602 1322 683 1360 τῶν
698 1317 901 1371 δένδρων,
938 1314 993 1365 ὥς
1021 1315 1175 1358 ἐκεῖθεν
1201 1316 1248 1359 τὸ
1270 1315 1390 1358 πλέον
1407 1321 1482 1359 τοῦ
1503 1333 1634 1373 στρα-

179 1390 367 1430 τιωτικοῦ
390 1387 639 1438 σιτίζεσθαι·
677 1385 724 1428 τὸ
750 1384 826 1442 γὰρ
851 1385 1096 1439 εἶσαχθῆναί
1111 1400 1192 1428 τισι
1217 1388 1301 1427 τῶν
1329 1385 1537 1439 ἐδωδίμων
1554 1387 1635 1429 ἐκεῖ

179 1540 243 1575 per
266 1529 351 1563 haec
373 1530 417 1563 ab
450 1540 490 1562 eo
521 1528 706 1563 alienantes
736 1527 867 1563 animos
887 1527 1073 1570 hominum,
1111 1530 1148 1562 et
1168 1529 1320 1562 metuere
1340 1525 1452 1571 ipsum
1477 1525 1544 1560 sibi
1569 1537 1630 1560 co-

179 1579 319 1621 gentes:
349 1574 506 1608 naturale
541 1575 666 1620 quippe
699 1574 819 1619 cuique
849 1580 902 1608 est
935 1574 976 1608 ad
1006 1574 1176 1607 obiectum
1206 1584 1310 1618 grave
1326 1574 1425 1606 >vitae
1455 1583 1495 1605 ac
1518 1574 1630 1605 status

179 1620 309 1667 proprii
331 1620 516 1675 periculum
537 1621 687 1654 horrere.
734 1620 810 1654 hinc
834 1620 947 1664 capite
979 1618 1184 1664 reipublicae
1211 1620 1255 1652 de
1288 1630 1326 1653 se
1347 1617 1503 1659 solicito,
1528 1621 1564 1651 et
1586 1628 1628 1651 ea

177 1677 369 1701 necessaria
388 1667 439 1700 sui
463 1677 545 1700 cura
567 1677 588 1699 a
610 1665 811 1700 consulendo
844 1664 1033 1700 efficaciter
1054 1664 1199 1698 subditis
1220 1675 1359 1704 averso,
1394 1664 1542 1698 membra
1562 1662 1629 1696 im-

177 1712 264 1759 perii
285 1712 432 1757 discerpi
455 1711 610 1756 contigit.
656 1711 732 1745 hinc
754 1716 892 1756 torpor,
915 1711 1084 1750 addebat,
1108 1709 1262 1755 obrepsit
1283 1709 1401 1751 nobis3
1436 1708 1515 1742 hinc
1536 1708 1627 1741 tardi

176 1770 219 1794 ac
240 1769 362 1802 segnes
383 1757 504 1792 fuimus
523 1757 558 1791 in
580 1757 788 1791 occurrendo
812 1768 873 1802 per
894 1767 956 1790 nos
979 1755 1226 1800 provinciarum
1250 1755 1367 1796 malis;
1386 1754 1465 1789 hinc
1487 1752 1628 1796 defungi

175 1804 379 1849 cogebamur
400 1802 637 1847 perfunctoriis
662 1802 931 1846 provisionibus,
962 1802 1132 1835 mittendis
1163 1802 1248 1836 haec
1275 1801 1312 1835 in
1335 1801 1409 1834 loca
1432 1799 1628 1845 praesectis,

174 1861 242 1895 quo
265 1849 382 1883 venire
402 1849 494 1894 ipsos
524 1860 586 1882 nos
615 1852 823 1893 oportuerat.
870 1852 906 1881 et
936 1847 1158 1888 venissemus,
1187 1847 1251 1880 nisi
1282 1846 1377 1880 falsis
1406 1845 1464 1879 isti
1496 1844 1626 1878 nuntiis

174 1894 413 1930 necessitatem
435 1894 541 1928 nostri
563 1893 726 1928 adventus
749 1893 1003 1928 absconderent.
1051 1897 1151 1926 erant
1174 1892 1207 1926 hi
1228 1892 1374 1926 homines
1397 1890 1504 1929 avari,
1528 1889 1624 1934 rapi-

173 1941 226 1975 nis
248 1939 389 1975 intenti:
415 1940 615 1985 praedarum
635 1950 770 1974 suarum
792 1943 828 1973 et
849 1938 1104 1973 concussionum
1122 1938 1178 1972 bic
1195 1938 1418 1972 exercitatum
1431 1939 1539 1969 testes
1562 1936 1623 1968 ha-

174 1987 257 2021 bere
279 1986 422 2029 Augusti
444 1985 632 2031 praesentis
663 1986 777 2020 oculos
806 1985 981 2019 timebant.
1027 1984 1104 2018 ideo
1135 1983 1244 2018 literis
1271 1983 1448 2017 fallacibus
1471 1980 1622 2014 occulta-

173 2032 258 2066 bant
279 2031 480 2066 offensiones
501 2031 581 2065 belli
604 2030 787 2076 ruinasque
808 2030 978 2072 locorum,
1001 2041 1044 2063 ne
1065 2029 1246 2063 remedium
1269 2028 1331 2070 iis,
1355 2027 1384 2061 si
1412 2032 1513 2060 notae
1536 2025 1621 2058 fuis-

173 2082 270 2118 sent,
291 2076 512 2111 adhibendum
535 2088 556 2110 a
578 2076 673 2110 nobis
695 2076 882 2110 rationibus
901 2077 1048 2120 ipsorum
1070 2074 1215 2120 privatis
1235 2072 1506 2108 incommodaret.
1536 2081 1619 2114 ergo

173 2127 213 2156 ut
240 2121 374 2166 impune
403 2121 488 2167 ipsis
517 2127 609 2156 esset
624 2148 634 2163 ‚
662 2126 702 2156 ut
731 2122 948 2156 violentarum
979 2121 1205 2155 extorsionum
1227 2129 1353 2165 poenas
1382 2128 1448 2152 non
1474 2117 1618 2158 luerent,

172 2167 387 2201 mendacibus
416 2179 478 2201 nos
508 2169 674 2202 lactantes
706 2167 840 2213 scriptis
870 2167 1041 2211 regionem
1073 2167 1160 2200 hanc
1187 2166 1385 2205 vastarunt,
1414 2167 1452 2196 et
1479 2162 1514 2195 in
1543 2162 1617 2195 fre-

172 2213 289 2259 quenti
311 2212 388 2246 olim
411 2223 453 2246 ac
474 2213 598 2258 passim
619 2212 771 2247 habitata
799 2218 891 2247 terra
913 2211 1145 2252 solitudinem,
1175 2221 1273 2255 quam
1304 2212 1477 2254 gementes
1506 2205 1620 2240 cerni-

171 2269 262 2299 mus,
284 2259 450 2291 fecerunt.
495 2258 581 2291 haec
600 2258 780 2303 deplorans
802 2258 931 2292 omissis
953 2257 1082 2291 deliciis
1102 2256 1219 2300 regiis,
1240 2255 1333 2289 cultu
1351 2265 1391 2288 ac
1405 2254 1498 2287 fastu
1522 2252 1617 2297 prin-

172 2303 273 2349 cipali
294 2302 479 2347 neglectis,
501 2303 640 2337 curandi
662 2303 844 2348 quinetiam
869 2303 1020 2348 corporis
1041 2302 1127 2336 adeo
1156 2301 1330 2334 immemor
1349 2303 1388 2335 ut
1410 2298 1516 2333 obviis
1537 2298 1615 2343 qui-

169 2349 301 2395 busque
320 2349 393 2382 sine
416 2348 549 2382 delectu
570 2352 630 2382 aut
650 2357 816 2394 apparatu
845 2353 1058 2385 vesceretur.
1091 2347 1182 2381 ultra
1213 2345 1323 2392 quoad
1353 2344 1464 2391 potuit
1493 2343 1614 2378 tende-

170 2395 243 2430 bat.
289 2393 468 2438 coegitque
497 2398 568 2427 tum
600 2394 743 2436 Persas,
775 2398 935 2439 quantum
970 2399 1024 2427 est
1044 2393 1118 2437 ipse
1141 2402 1361 2437 progressus,
1379 2389 1612 2424 retrocedere.

170 2446 247 2475 erat
269 2443 380 2473 autem
400 2438 532 2472 itineris
553 2450 595 2473 ea
615 2442 696 2473 tunc
715 2439 820 2480 ratio,
842 2445 881 2473 ut
902 2438 960 2472 ubi
980 2438 1199 2484 praecedenti
1221 2448 1363 2483 vespere
1384 2436 1512 2470 Persae
1533 2435 1611 2468 fue-

168 2489 269 2527 rant,
291 2489 461 2530 posterum
481 2484 531 2517 ibi
554 2484 642 2518 diem
661 2484 846 2529 imperator
867 2485 1038 2528 exigeret,
1060 2484 1095 2518 ia
1116 2482 1272 2529 hospitia,
1296 2482 1418 2528 quibus
1441 2481 1491 2515 illi
1511 2482 1611 2514 erant

169 2531 240 2572 usi,
266 2530 354 2564 focis
374 2530 485 2564 adhuc
501 2529 652 2574 ipsorum
682 2531 846 2564 fumantia
876 2530 1072 2564 succedens.
1110 2529 1227 2574 itaque
1258 2528 1410 2563 dieculae
1432 2527 1488 2561 vix
1510 2524 1612 2559 unius

168 2581 229 2611 aut
250 2587 409 2610 summum
436 2575 530 2609 bidui
549 2575 729 2609 intervallo
757 2575 851 2610 locus
882 2576 973 2609 idem
1004 2580 1040 2609 et
1059 2575 1182 2609 Persas
1202 2574 1377 2608 dimiserat
1404 2573 1524 2617 pedem
1545 2581 1609 2603 sua.

167 2632 287 2655 versus
319 2623 505 2655 referentes
535 2626 571 2655 et
602 2620 782 2655 instantem
814 2621 969 2665 vestigiis
1003 2620 1152 2666 ipsorum
1183 2620 1374 2665 excipiebat
1387 2623 1391 2627 ’
1405 2619 1606 2661 Augustum.

169 2667 380 2712 apparebant
400 2671 512 2701 antem
533 2669 608 2701 tota
637 2667 761 2711 passim
783 2667 923 2712 regione
943 2670 1053 2701 strata
1079 2667 1149 2701 suis
1170 2677 1323 2712 quaeque
1343 2664 1406 2698 sub
1430 2661 1610 2696 arboribus

168 2722 266 2756 poma
299 2712 443 2746 decidua
473 2713 670 2757 fructusque
704 2712 808 2746 omnis
838 2712 972 2757 generis
1000 2712 1141 2755 maturi,
1172 2716 1271 2747 tanta
1299 2710 1400 2754 copia
1431 2711 1470 2742 ut
1491 2704 1610 2740 maiori

167 2757 336 2792 exercitus
357 2758 447 2803 parti
469 2758 566 2792 cibus
586 2758 667 2792 iude
686 2758 872 2792 sufficeret.
915 2769 991 2792 nam
1012 2757 1079 2792 alis
1099 2757 1232 2792 ratione
1253 2753 1408 2802 praeberi
1425 2754 1550 2786 ·f0rum
1572 2753 1610 2785 et

167 2801 288 2837 inferri
307 2803 431 2839 castris
459 2803 526 2839 illis
554 2808 794 2847 commeatum,
823 2804 1002 2840 interdicto
1023 2803 1147 2839 dudum
1175 2803 1213 2839 vi
1234 2813 1277 2838 ac
1298 2804 1389 2837 metu
1413 2797 1527 2833 hostili
1547 2806 1608 2843 per
