1884 3262
572 211 681 255 uss.
712 210 748 255 1.
797 209 1163 256 GnossAmun.
1194 219 1199 223 ·
1499 195 1599 258 605

141 322 310 361 collium
342 328 382 361 et
414 322 637 368 montium,
690 321 815 373 quasi
850 317 912 358 ad
946 320 1141 372 spiritum
1182 316 1598 370 comprehendendum.

139 379 273 418 innuit
297 384 429 417 autem
453 377 669 417 historicus
699 376 797 415 hinc
829 382 1084 415 consecutam
1110 375 1460 427 tranquillitatem,
1488 377 1600 416 velut

138 435 270 476 ventis
290 434 334 473 in
361 448 558 474 carcerem
590 433 819 486 compactis.
877 433 984 485 quod
1006 433 1184 485 populus
1211 431 1428 470 admiratus
1450 433 1605 485 Empe-⁴

139 491 246 530 ‹locli
285 491 568 544 κωλυσανέμου
611 498 820 528 ventorum
859 489 1095 527 inhibituri&
1129 502 1347 539 cognomen
1387 489 1594 530 indiderit.

137 547 370 587 Eustathius
398 561 559 599 quoque
597 548 876 600 Παρεκβολαῖς
905 546 955 584 ad
978 542 1058 586 ’.Οδ
1087 561 1112 585 κ
1138 544 1320 584 meminit
1342 544 1608 598 Empedoclis*

137 611 326 657 tanquam
345 610 428 643 alte
446 603 617 656 praediti
636 611 847 642 ventorum
864 601 1276 666 compingendorum
1265 615 1309 639 1n
1332 608 1438 641 utres
1458 616 1595 642 eorum

137 662 287 699 similes
310 675 406 712 quos
424 662 568 699 Aeolus
586 660 723 712 Ulyssi
744 659 920 698 donavit.
979 658 1061 697 eius
1076 658 1176 696 haec
1197 658 1320 697 veiba
1344 665 1460 698 sunt:
1485 654 1596 699 Ἀνε-

135 722 320 770 μοκοῖται
341 717 455 771 γένος
476 717 520 759 ἐν
546 719 740 785 Κορίνθῳ
760 714 933 769 ανὲμους
951 716 1206 786 κοιμίζοντες
1265 710 1358 762 εἰς“
1336 730 1432 768 οπερ
1451 716 1593 763 δεξιως

133 774 286 828 λέγεται
313 775 542 815 διακεῖσθαι
571 773 640 813 καὶ
665 759 955 826 Ἐμπεδοκλῆς,
991 787 1040 813 ου
1060 771 1127 812 καὶ
1154 773 1210 819 εἰς
1229 768 1324 812 avt&
1342 770 1458 824 τέχνη
1485 769 1596 812 ἱστό-

134 847 263 883 ρηται.
319 831 609 869 Λιιεηιοοοειαε
625 837 754 868 sectae
779 830 986 867 hominum
1014 843 1154 867 nomen
1176 835 1233 866 est
1254 829 1439 866 Corinthi
1458 836 1596 866 ventos

133 888 396 939 sapientiam3
427 902 511 939 qua
539 887 719 924 valuisse
746 889 789 924 in
803 887 954 938 primis
971 887 1125 937 peritia
1146 884 1302 923 dicitur
1318 883 1595 937 Empedocles,

132 946 254 981 cuius
273 946 316 981 in
338 944 415 981 hoc
430 959 569 995 genere
587 958 656 981 ars
674 944 726 981 ab
759 943 968 981 historicis
995 942 1192 980 celebrata
1212 949 1281 980 est.
1337 942 1392 979 ita
1412 943 1500 992 ille,
1527 942 1594 979 lo-

132 1014 200 1039 cos
224 1001 405 1038 alludens
430 1014 513 1038 non
542 1000 671 1038 solum
692 1000 811 1037 modo
830 1004 1068 1037 memoratos
1092 998 1238 1036 Timaei
1269 1003 1308 1036 et
1327 998 1491 1047 Laeuii,
1518 997 1588 1037 sed

130 1057 300 1096 aliorum
324 1057 439 1095 etiam
465 1056 767 1104 historicorum,
806 1062 906 1108 puta
936 1054 1173 1107 Porphyrii,
1210 1055 1324 1092 cuius
1343 1054 1386 1092 in
1406 1054 1488 1094 vita
1510 1055 1589 1106 Py-

127 1112 335 1164 thagorae,
365 1112 547 1151 editionis
578 1112 882 1162 Holstenianae‚
914 1111 1022 1163 typis
1058 1111 1279 1161 Vaticanis,
1317 1109 1415 1149 haec
1447 1111 1587 1161 legun-

127 1175 255 1221 turp.
281 1172 355 1211 19·
386 1185 444 1209 ων
462 1165 753 1221 μεταλαβόντας
776 1166 1050 1221 Ἐμπεδοκλέα
1072 1183 1113 1208 τε
1142 1184 1212 1208 και
1232 1165 1499 1235 Ἐπιμενίδην
1516 1166 1585 1207 καὶ

116 1222 286 1280 ’Ἀβαριν
298 1221 495 1274 πολλάκις
520 1225 820 1266 ἕπιτετελεκέναι
837 1226 1024 1265 τοιαῦτα·
1054 1225 1157 1278 δῆλα
1177 1221 1219 1265 δ’
1238 1220 1372 1264 αὐτῶν
1397 1222 1445 1264 τὰ
1464 1239 1586 1277 ποιη-

127 1298 231 1334 ματα
255 1279 460 1334 «ὑπάρχειν.
517 1280 644 1330 ἄλλως
672 1296 714 1321 τε
743 1281 811 1322 καὶ
842 1272 1084 1333 ἄλεξᾶνεμος
1108 1279 1182 1332 μὲν
1208 1274 1264 1334 ἦν
1293 1278 1338 1320 τὸ
1367 1278 1584 1332 ἐπώνυμον

123 1335 456 1402 Ἐμπεδοκλέους.
514 1351 614 1389 quae
644 1343 840 1388 postiema
875 1337 996 1376 verba
1030 1337 1322 1376 eruditissimus
1355 1336 1584 1376 Holstenius

126 1394 185 1432 sic
213 1395 358 1434 vertit:
396 1396 496 1446 quin
522 1402 560 1432 et
589 1393 827 1446 Empedocli
858 1408 1074 1446 cognomen
1111 1401 1198 1431 erat
1230 1394 1469 1431 Alexanemi
1497 1395 1584 1432 sive

125 1453 341 1489 aver-runci
368 1459 587 1488 ventorum.
645 1450 750 1488 hanc
778 1464 829 1489 ex
859 1458 1038 1489 veterum
1065 1450 1240 1488 lectione
1267 1450 1316 1488 de
1340 1450 1614 1502 Empedocle¹

125 1508 269 1546 famam
298 1508 573 1546 obversantem
598 1508 730 1545 animo
749 1507 1008 1559 Pachymeres
1034 1506 1207 1557 habens,
1238 1506 1334 1544 dum
1358 1507 1582 1558 periculum

125 1564 426 1603 exitiosissime
443 1564 642 1616 procellae
665 1565 851 1616 prudenti
880 1563 1133 1602 conniventia
1158 1564 1328 1602 vitatum
1347 1563 1396 1600 ab
1414 1564 1581 1602 Arsenio

120 1619 372 1685 patriarcha,
405 1621 555 1659 utrium
575 1621 688 1659 Aeoli
708 1620 842 1672 Ulyssi
867 1621 1099 1659 traditarum
1130 1626 1169 1658 et
1188 1620 1236 1658 ab
1262 1619 1346 1658 eius
1367 1620 1581 1659 comitibus

120 1677 274 1728 ingenti
310 1676 486 1729 pernicie
515 1677 694 1729 ipsorum
727 1684 875 1716 temere
908 1683 1242 1715 contrectatarum
1270 1677 1452 1728 exemplo
1480 1676 1581 1715 illu-

121 1739 285 1783 straret,
314 1747 396 1771 non
416 1747 458 1772 se
476 1734 605 1772 tenuit
624 1733 720 1785 quin
744 1734 916 1771 fabulam
937 1747 1025 1772 cum
1043 1732 1208 1772 historia
1238 1733 1485 1771 commistam
1505 1747 1578 1784 og-

120 1796 275 1841 geleret
289 1789 452 1840 lectori,
496 1790 726 1828 Homericos
759 1797 969 1829 ventorum
995 1790 1111 1829 folles
1147 1803 1238 1828 cum
1271 1789 1434 1828 asininis
1463 1804 1485 1827 a
1501 1790 1574 1828 'ri-

120 1859 242 1885 maeo,
262 1847 488 1885 memoratis
515 1847 768 1899 Empedoclis
798 1847 954 1884 utribus
987 1859 1064 1884 una
1096 1846 1294 1885 mentione
1332 1847 1576 1898 coniungens

120 1901 295 1956 σφαίρσυ
311 1899 634 1955 Ἐμπεδοκλείου.
692 1903 749 1942 sic
767 1902 927 1955 quidem
947 1902 1208 1943 coniectabat.
1250 1908 1358 1942 recte
1378 1917 1430 1941 an
1446 1917 1574 1954 secus,

119 1959 235 2011 aequi
249 1959 410 1997 lectoris
431 1966 514 1999 esto
536 1958 740 1999 iudicium.

234 2011 504 2083 σφενδὸνη
543 2030 583 2069 Ρ.
617 2015 700 2057 469
732 2029 773 2054 v,
795 2016 835 2058 5.
902 2015 972 2057 καὶ
1008 2012 1078 2057 *cdv
1112 2030 1470 2068 παρακοιμωμενον
1500 2018 1574 2067 τῆς

118 2068 289 2141 μεγάλης
306 2068 544 2124 σφενδόνης.
583 2073 761 2111 meminit
779 2072 899 2110 huius
919 2073 1041 2111 officii
1057 2073 1235 2110 Codinus
1254 2086 1288 2111 c.
1306 2072 1346 2120 4,
1361 2072 1427 2110 ubi
1446 2072 1579 2110 uadit
1614 2079 1619 2082 “

116 2143 167 2167 τα
186 2129 261 2168 τοῦ
272 2128 630 2181 παρακοιμωμένου
660 2126 889 2181 σφενδόνης
913 2128 1135 2181 φορέματα,
1165 2128 1307 2180 quibus
1336 2127 1370 2165 is
1390 2128 1570 2166 vestibus

118 2189 160 2222 et
187 2183 406 2233 insignibus
436 2184 641 2235 potestatis
669 2187 1137 2224 uteietur.G1etserus
1169 2190 1306 2222 noster
1338 2183 1393 2222 ibi
1423 2184 1567 2223 vertit:

112 2240 312 2291 praefecti
336 2240 470 2291 sigilli
498 2255 568 2279 seu
595 2243 743 2279 annuli
769 2244 992 2309 signatorii
1010 2243 1261 2293 gestamina,
1291 2241 1429 2279 melius
1448 2254 1568 2291 quam

115 2296 276 2346 Iunius,
331 2296 400 2346 qui
437 2294 796 2350 παρακοιμῶμενον
838 2294 1066 2350 σφενδόνης
1107 2297 1373 2335 αεοιιὸίιονεηι
1402 2296 1570 2347 fundae

114 2352 422 2404 interpretatur,
452 2359 519 2391 aut
538 2353 654 2391 etiam
682 2368 798 2406 quam
830 2355 1028 2406 interpres
1057 2354 1158 2391 Iulis
1184 2354 1373 2392 Graeco-
1387 2354 1570 2403 Romani,

116 2408 183 2446 cui
215 2423 574 2461 παρακοιμωμενος
601 2413 673 2461 τῆς
707 2407 881 2463 μεγαλης
910 2406 1134 2474 σφενδόνης
1162 2410 1381 2448 accubitor
1394 2418 1568 2462 magnae

107 2465 236 2516 palae
255 2464 416 2503 dicitur.
472 2462 674 2518 σφενδόνη
694 2468 858 2518 pioprie
873 2466 1022 2517 fienda
1046 2467 1149 2504 saxis
1169 2465 1409 2518 iaculandis,
1442 2468 1566 2506 usita-

113 2520 266 2559 tissima
288 2521 548 2560 translatione
574 2535 596 2559 a
619 2523 767 2562 formae
791 2524 959 2574 quadam
984 2523 1243 2562 similitudine
1262 2523 1404 2576 ducta,
1431 2524 1564 2576 palam

114 2577 254 2615 annuli
270 2576 492 2627 significat,
524 2583 570 2617 ut
586 2579 836 2617 notissimum
865 2586 943 2630 est3
972 2593 1048 2619 nec
1068 2580 1198 2618 minus
1225 2587 1474 2633 perspectum
1494 2580 1563 2618 ob-

113 2633 262 2683 signali
278 2634 412 2672 literas
431 2634 526 2673 olim
548 2635 685 2673 solitas
705 2636 844 2674 annuli
859 2637 948 2688 pala
967 2637 1085 2676 certis
1103 2637 1302 2690 insculpta
1328 2636 1565 2675 characteri-

111 2688 187 2727 bus
205 2695 273 2727 aut
286 2690 446 2740 formis,
477 2704 588 2729 cerae
606 2691 700 2730 char
704 2692 753 2729 tis
767 2692 969 2745 appositae
988 2693 1188 2745 impressa.
1245 2694 1340 2732 hinc
1358 2689 1533 2743 σφενδόν
1537 2707 1564 2744 η

105 2745 214 2796 pala
233 2747 402 2795 annuli,
430 2747 600 2797 sigillum
631 2749 695 2785 dic:
699 2750 796 2786 itur·
786 2778 797 2798 ,
828 2750 937 2801 quod
962 2763 1053 2788 cum
1080 2751 1230 2802 duplex
1256 2756 1325 2788 aut
1347 2749 1562 2800 multiplex
1586 2749 1616 2784 P
1639 2750 1709 2786 419

110 2801 397 2851 imperantibus
417 2810 539 2853 esset,
566 2805 728 2842 maximi
757 2806 933 2844 omnium
961 2812 1096 2846 custos
1121 2802 1476 2861 παρακοιμῶμενος
1496 2820 1562 2873 με·

74 2853 237 2910 γαλης
260 2855 483 2913 σφενδόνης
507 2833 587 2900 h⁷oc
605 2861 695 2901 loco
713 2862 950 2915 appellatur.
1005 2876 1128 2917 quare
1151 2870 1284 2903 autem
1303 2877 1563 2916 παρακοιμω-
