1846 3262
407 179 483 223 DE
517 178 798 223 MICHAELE
824 178 1200 224 PALAEOLOGO
1237 180 1284 223 L.
1310 178 1386 222 m.
1539 178 1637 224 203

169 297 339 351 διαιρεῖν
368 293 441 338 τόν
471 292 587 346 ἄξιον
618 295 686 337 καὶ
715 293 789 338 τὸν
817 290 1005 346 ἀνάξιον,
1043 295 1111 337 καὶ
1138 293 1211 337 τὸν
1233 294 1309 349 μὲν
1335 292 1534 350 εὗλογεῒν,
1568 293 1642 337 τὸν

169 364 212 407 δ’
234 363 449 419 ἐκπέμπειν
470 369 546 419 τῆς
566 361 801 419 ὃλομελειάς
827 366 904 406 τοῦ
927 361 1122 417 σώματος
1142 368 1218 406 τοῦ
1236 358 1438 421 Χριστοῦ.
1508 367 1643 406 ταῦτα

168 430 326 488 στήσας
356 432 460 475 καθ’
493 431 664 486 ἑαυτόν,
700 437 784 476 τῶν
813 431 950 481 ι’ἱλλων
967 436 1027 489 τῷ
1045 433 1120 486 μὲν
1139 433 1284 491 δικαίῳ
1316 432 1643 486 δυσωπουμένων

167 506 227 561 τῷ
248 503 294 545 δὲ
312 505 481 559 φοβερῷ
501 501 853 556 συστελλομένων,
881 500 941 555 μὴ
960 501 1028 542 καὶ
1049 500 1312 558 ἇνεδέστερον
1329 499 1643 558 ἀπεργάσαιντο,

134 570 339 626 ξπέμψας
364 571 514 621 ἐκεῖνος
531 569 621 626 ἅμα
636 587 680 613 τε
699 570 843 626 ε’λέγχει
866 566 1131 624 ἇσεβήσαντα
1156 571 1222 612 καὶ
1254 568 1332 624 ἅμ’
1365 569 1543 627 ἔπιφὲρει
1569 570 1645 626 τὴν

165 644 242 683 τοῦ
262 637 493 694 πνεῦματος
512 639 644 695 τομὴν
661 639 734 682 τὸν
754 635 1002 694 ἀφορισμόν.
1058 635 1245 681 ἐνταῦθά
1265 656 1327 689 τις
1347 640 1414 681 καὶ
1431 639 1644 694 μέμψαιτο

165 714 254 759 τοῖς
283 706 490 765 γεγονόσιν
518 706 576 759 ὥς
605 707 654 752 οὐ
689 707 795 751 κατὰ
823 705 979 763 τρόπον
999 705 1205 763 γεγονόσι,
1239 709 1307 750 καὶ
1328 705 1639 765 ὖπεραπολογῆ-
1662 716 1694 751 C

166 795 286 834 οαιτο
313 782 396 820 τῶν
420 775 666 834 πραξάντων
690 775 813 820 πάλιν
831 774 888 826 ὥς
915 775 992 819 οὐκ
1010 775 1146 826 ἄλλως
1165 783 1293 819 ποιεῖν
1314 774 1504 832 ἐχόντων.
1567 778 1645 835 ,καὶ

166 845 193 902 ἧ
214 847 289 902 μὲν
308 846 490 901 μέμψις,
529 845 593 889 ὅτι
612 847 705 895 θεὶς
725 845 798 888 τόν
822 845 974 900 δεσμὸν
997 845 1122 902 ἐφῆκε
1143 852 1230 895 τοῖς
1248 850 1324 888 τοῦ
1349 843 1503 901 κλήρου
1526 843 1644 900 ψάλ-

113 922 157 970 10
168 920 250 959 λειν
281 905 433 958 ἐκείνου
455 912 602 971 χάριν,
636 913 741 965 ὥστε
762 914 802 957 οἱ
819 916 886 957 καὶ
914 921 1118 958 κοινωνεῖν
1140 915 1314 965 ἐκείνους
1334 914 1402 957 διὰ
1421 919 1504 957 τῶν
1523 915 1645 970 ἱερῶν

165 989 360 1037 τελετῶν,
398 981 525 1033 αὐτός
555 1000 599 1026 τε
631 983 708 1034 τὰς
740 983 852 1040 ἱερὰς
884 983 1006 1025 ἐτέλει
1037 985 1352 1040 μυσταγωγιάς,
1391 983 1462 1040 ἔφ’
1498 981 1565 1032 αἶς
1591 979 1644 1039 ἦν

167 1051 374 1111 ἄριδήλως
404 1052 477 1095 τὸν
504 1054 671 1106 δεσμοῖς
695 1059 984 1107 πνευματικοῖς
1005 1050 1275 1107 κατεχόμενον
1293 1049 1643 1107 μνημονεύεσθαι.

165 1120 193 1178 ἦ
212 1122 255 1165 ‹5’
279 1123 343 1164 ἐπὶ
365 1119 528 1171 τούτοις
550 1120 751 1177 ἀπολογία
761 1154 776 1174 ,
815 1120 878 1164 ὅτι
907 1118 1126 1177 αὐτάρκως
1146 1119 1224 1176 εἶχε
1245 1120 1420 1181 τοιούτῳ
1436 1119 1646 1180 προσώπῳ

166 1191 221 1234 τὰ
249 1195 325 1246 τῆς
353 1188 644 1246 ἐπιτιμήσεως,
680 1188 736 1241 ὥς
763 1191 798 1233 εἴ
824 1191 892 1233 καὶ
923 1192 1194 1246 προσετίθετο
1217 1191 1362 1244 πλέον,
1402 1188 1643 1234 κινδυνεύειν
1666 1197 1699 1232 Ι)

114 1268 157 1304 15
169 1257 450 1316 συγκεχύσθαι
477 1259 530 1302 τὰ
556 1257 693 1302 πάντα
724 1259 830 1302 κατὰ
861 1258 933 1302 τὸν
948 1258 1256 1313 Ἐμπεδόκλειον
1282 1267 1482 1317 σφαΐρον,
1519 1261 1592 1303 καί
1607 1277 1647 1302 τι

167 1331 235 1373 καὶ
257 1327 492 1387 παράλογον
513 1332 720 1387 προβῆναι
739 1332 813 1372 τοῦ
834 1327 1037 1383 βασιλέως
1057 1328 1444 1380 ἄπαυθαδίσαντος.
1518 1330 1553 1372 εῗ
1566 1329 1646 1387 γὰρ

259 1449 295 1486 4.
321 1426 612 1496 α’ναιδέστερονρ
748 1450 783 1484 9.
806 1445 929 1495 ὑφῆκε
952 1449 994 1486 Ρ.
1136 1449 1190 1485 14.
1216 1450 1475 1495 προσετίθειτο
1496 1450 1538 1486 Ρ.

170 1553 244 1597 dei,
280 1554 326 1588 ad
357 1553 571 1589 dividendum
602 1553 728 1589 iustum
759 1555 803 1588 ab
834 1553 961 1601 impio,
997 1555 1033 1588 et
1062 1552 1113 1588 illi
1144 1553 1281 1599 quidem
1312 1554 1401 1588 bene
1429 1553 1650 1599 precandum,

170 1602 260 1636 hunc
286 1612 369 1635 vero
393 1600 657 1635 abscindendum
690 1612 711 1635 a
736 1600 868 1635 Christi
892 1611 1046 1646 corpore.
1094 1600 1181 1633 haec
1203 1611 1241 1633 se
1264 1600 1365 1645 plane
1388 1602 1506 1634 facere
1528 1601 1650 1634 decre-

169 1647 261 1682 visse
285 1659 360 1680 cum
382 1646 439 1680 ille
461 1647 710 1692 significasset,
747 1647 822 1680 aliis
845 1647 889 1681 ob
912 1646 1128 1680 manifestam
1150 1645 1202 1679 rei
1224 1646 1434 1691 aequitatem
1457 1646 1651 1691 improbare

169 1705 237 1728 non
270 1693 496 1734 audentibus,
526 1698 563 1727 et
584 1697 718 1727 terrore
740 1697 854 1727 tamen
877 1692 967 1726 haud
999 1692 1102 1726 dubio
1127 1692 1319 1734 concussis,
1358 1704 1402 1726 ne
1424 1692 1510 1726 diris
1532 1703 1651 1726 omnes

169 1739 369 1785 suppliciis,
403 1738 608 1773 satellitibus
643 1739 688 1773 ab
718 1738 856 1773 irritato
890 1738 1115 1772 anathematis
1137 1728 1323 1782 ignominia
1355 1738 1562 1784 imperatore
1583 1738 1650 1772 im-

169 1785 301 1829 missis,
334 1785 611 1829 conciderentur,
647 1785 846 1830 patriarcba
876 1785 1095 1830 pronuntiato
1126 1784 1239 1830 palam
1263 1788 1299 1818 et
1321 1785 1443 1818 merita
1463 1783 1649 1819 severitate

169 1832 349 1875 obiurgata
372 1831 550 1865 MichaElis
572 1831 718 1876 Augusti
740 1833 892 1874 scelere,
922 1831 1054 1876 ipsum,
1085 1830 1239 1875 legitima
1272 1831 1406 1875 prolata
1428 1831 1510 1865 talis
1531 1830 1648 1865 iudicii

169 1878 326 1921 formula,
350 1877 520 1923 spirituali
542 1878 694 1911 sectione
717 1888 740 1911 a.
763 1877 992 1911 communione
1016 1877 1152 1911 Christo
1178 1869 1384 1910 credentiu'm
1408 1877 1487 1911 rite*
1499 1881 1645 1912 resecat.

169 1923 238 1958 suit
259 1923 294 1957 in
319 1923 419 1958 modo
442 1935 484 1958 ac
506 1923 760 1958 circumstantia
791 1924 939 1969 quadam
971 1924 1070 1958 buius
1099 1923 1184 1957 sacti
1208 1923 1298 1968 quod
1321 1923 1396 1957 iure
1422 1923 1499 1969 quis
1524 1934 1647 1969 repre-

170 1970 355 2003 henderet:
392 1969 453 2004 sed
477 1972 542 2003 nec
564 1970 672 2004 defuit
693 1969 783 2016 quod
820 1970 864 2004 ad
892 1970 1144 2004 excusationem
1167 1975 1287 2003 contra
1310 1969 1455 2003 vicissim
1477 1969 1648 2015 allegare-

170 2021 230 2050 tur
253 2027 315 2061 pro
343 2015 392 2050 sic
415 2016 614 2060 agentibus,
647 2017 736 2062 quod
761 2015 860 2050 aliter
882 2015 943 2050 vix
965 2020 1117 2061 possent.
1162 2015 1409 2061 inconsequens
1443 2015 1552 2050 videri
1583 2027 1648 2060 po-

171 2062 242 2095 tuit
263 2061 507 2107 patriarcham,
530 2061 817 2096 excommunicato
840 2062 1035 2096 nominatim
1051 2062 1271 2107 imperatore,
1294 2062 1506 2107 permittere,
1528 2073 1648 2107 quem-

172 2108 348 2142 admodum
379 2108 484 2151 fecit,
518 2109 650 2143 clericis
673 2114 712 2143 ut
735 2112 914 2142 consuetas
938 2119 1000 2153 pro
1023 2120 1064 2143 eo
1088 2119 1208 2153 preces
1238 2108 1350 2152 palam
1379 2108 1414 2141 in
1438 2108 1541 2142 choro
1564 2119 1648 2153 pro-

172 2153 370 2188 nuntiarent
392 2155 495 2198 (nam
518 2154 583 2188 hoc
606 2160 683 2189 erat
704 2154 797 2201 ipsos
819 2166 893 2188 cum
921 2166 962 2188 eo
986 2154 1022 2189 in
1046 2154 1152 2189 sacris
1176 2154 1422 2188 communicare
1446 2153 1540 2199 quia
1555 2165 1648 2188 com-

171 2199 330 2233 munione
352 2200 523 2235 abscissus
545 2201 710 2245 fuerat),
732 2206 803 2235 tum
827 2205 1008 2246 praeterea
1032 2199 1262 2246 patriarcham
1284 2200 1393 2245 ipsum
1417 2211 1480 2245 per
1502 2210 1541 2233 se
1564 2211 1650 2245 ope-

173 2245 246 2279 rari
277 2245 329 2278 rei
360 2245 530 2288 divinae,⁵
552 2246 587 2280 in
618 2258 688 2293 qua
719 2246 850 2281 sciebat
872 2247 1060 2281 honorifice
1082 2245 1334 2280 memorandum
1357 2257 1432 2280 eum
1457 2257 1556 2290 quem
1579 2245 1650 2280 oiri

174 2290 403 2325 anathematis
437 2291 584 2326 vinculis
617 2293 800 2328 irretisset.
845 2305 963 2327 verum
986 2293 1030 2327 ad
1054 2292 1140 2326 haec
1164 2291 1233 2326 dici
1256 2295 1371 2336 potest
1393 2293 1515 2326 merito
1538 2291 1648 2326 visum

173 2336 336 2371 sufficere
358 2336 486 2371 debere
507 2337 545 2372 in
566 2339 629 2373 tali
652 2350 798 2384 persona
820 2339 1040 2373 severitatem
1064 2337 1386 2380 animadversionis,
1407 2349 1496 2383 quae
1518 2338 1649 2384 aliquid

174 2395 196 2420 e
226 2393 355 2417 summo
389 2383 504 2427 rigore
533 2384 745 2420 remitteret:
773 2385 960 2431 periculum
991 2383 1080 2420 enim
1105 2384 1233 2428 fuisse,
1267 2395 1311 2418 ne
1334 2383 1365 2418 si
1388 2385 1440 2418 vel
1465 2384 1650 2430 pauxillum

173 2429 252 2475 plus
275 2429 477 2474 acerbitatis
501 2429 744 2465 admisceretur
766 2431 901 2476 negotio
926 2442 989 2476 per
1012 2442 1050 2464 se
1073 2429 1209 2473 odioso,
1234 2435 1356 2464 cuncta
1378 2430 1494 2464 statim
1518 2430 1648 2464 modico

173 2480 343 2513 momento
366 2474 402 2508 in
427 2475 611 2520 perniciem
632 2477 864 2523 praecipitata
887 2477 1184 2520 confunderentur,
1207 2476 1485 2522 quemadmodum
1507 2476 1542 2510 in
1565 2476 1651 2510 Em-

173 2520 343 2566 pedocleo
367 2521 589 2566 contingebat
611 2523 732 2566 globo,
767 2535 867 2569 quem
896 2522 1012 2556 ventis
1035 2522 1238 2568 compressis
1262 2527 1300 2562 et
1321 2522 1443 2567 sopitis
1466 2524 1596 2557 foetum
1618 2522 1649 2556 si

173 2566 252 2612 quis
274 2567 520 2612 imprudentius
544 2572 798 2611 contrectaret,
832 2580 875 2603 ex
899 2580 940 2603 eo
962 2573 1108 2615 repente
1129 2569 1302 2614 procellae
1326 2569 1490 2603 immanes
1526 2571 1650 2602 cuncta

174 2612 247 2646 late
274 2619 542 2658 conquassantes
566 2615 798 2660 erumpebant.
845 2626 923 2649 nam
945 2626 1012 2660 quo
1036 2626 1102 2648 non
1125 2618 1202 2649 erat
1222 2614 1404 2649 verisimile
1427 2614 1565 2660 prodire
1587 2614 1652 2647 im-

175 2657 348 2698 manitatis
378 2670 480 2704 posse
513 2660 690 2695 efferatum
722 2660 818 2696 nimis
842 2661 916 2694 acri
939 2660 1159 2703 contumelia,
1192 2661 1395 2695 irritabilem
1418 2660 1565 2706 alioqui,
1600 2660 1648 2693 ad

174 2703 262 2738 haec
295 2716 445 2739 summae
472 2707 653 2752 potestatis
686 2706 752 2742 sibi
785 2706 955 2741 conscium
985 2706 1201 2752 imperatoris
1223 2708 1386 2750 animum,
1421 2707 1475 2740 cui
1498 2705 1647 2740 tenendo

175 2749 255 2783 dum
291 2750 480 2786 vehementi
511 2752 702 2799 cupiditate
730 2759 930 2798 raperetur,
961 2753 1113 2788 infirmos
1135 2764 1212 2788 esse
1235 2752 1460 2789 verecundiae
1478 2752 1648 2786 cancellos

177 2800 284 2841 atque
306 2796 414 2831 officii
437 2798 523 2833 satis
547 2803 624 2834 erat
646 2799 859 2845 experientia
880 2803 1101 2845 compertum.
1147 2810 1231 2834 sane
1263 2799 1294 2834 si
1327 2810 1391 2833 non
1415 2799 1489 2832 sere
1511 2797 1647 2843 patien-

176 2839 247 2875 tins
280 2842 396 2878 domus
419 2855 542 2890 magna
564 2856 708 2891 parvum
739 2845 959 2880 infortunium
988 2857 1089 2892 quam
1113 2845 1232 2880 domus
1253 2857 1363 2891 parva
1386 2844 1514 2879 cladem
1538 2842 1647 2879 maxi-
