1884 3262
522 213 625 260 LIB.
653 213 732 262 111.
783 214 1276 264 CHRONOLOGICUS.
1535 220 1568 266 7
1570 223 1633 267 25

164 329 206 363 et
229 328 372 376 quarto
392 324 765 366 demonstravimus.
822 327 990 378 etenim,
1017 334 1063 367 ut
1087 327 1235 367 diserte
1261 329 1444 371 oculatus
1460 334 1574 372 testis
1592 341 1632 375 et

161 389 308 420 ,auctor
327 381 504 422 cuiusvis
520 384 579 422 rei
599 383 781 436 locuples
801 384 1034 437 Acropolita
1053 385 1244 438 Georgius
1265 387 1406 440 tradit,
1436 391 1630 430 acclama-

160 444 231 477 tus
251 437 471 491 imperator
494 439 725 479 Theodorus
754 448 849 493 post
874 442 999 494 patris
1023 441 1183 482 Ioannis
1214 450 1404 495 mortem,
1435 461 1539 498 quae
1555 448 1628 487 illo

162 494 312 533 Christi
331 509 437 535 anno
459 497 568 540 1255
588 497 706 536 tertio
727 497 808 537 kal.
827 498 1068 539 Novembres
1084 499 1262 551 contigit,
1295 515 1431 540 curam
1451 504 1630 545 omnium

158 551 330 604 primam
348 552 484 605 posuit
503 553 546 591 in
572 554 823 606 providendo
841 556 1028 595 ecclesiae
1043 563 1225 609 pastore,
1257 571 1374 608 quam
1398 561 1630 610 patriarcha

159 608 320 647 Manuel
339 609 461 662 paulo
483 615 576 649 ante
601 611 790 650 Ioannem
821 612 906 651 eius
933 620 1084 665 patrem
1113 614 1288 653 moriens
1313 614 1530 666 reliquerat
1560 619 1627 657 vi-

158 664 294 706 duam.
351 679 398 704 ac
421 666 455 704 si
471 667 597 719 spatia
619 668 738 707 rebus
771 682 815 707 ea
843 669 1051 708 occasione
1071 672 1167 710 actis
1183 683 1359 722 congrua
1380 673 1626 726 dimetimur,

157 728 267 761 certo
283 722 550 774 intelligemus
569 738 650 763 non
669 725 846 778 potuisse
869 726 1027 765 Arsenii
1046 728 1287 767 evectionem
1307 728 1357 767 ad
1375 730 1624 780 patriarcha-

155 784 243 817 tum
261 785 354 818 ante
374 793 549 819 mensem
574 782 658 820 eius
687 783 781 820 anni
806 783 990 822 ultimum
1019 783 1117 826 fieri.
1175 797 1267 823 nam
1298 786 1518 836 penultimo
1540 788 1624 826 No-

154 835 308 875 vembri
325 838 539 889 persolutis
566 837 763 878 decessori
787 840 942 892 parenti
967 840 1200 880 funebribus
1217 841 1333 892 iustis
1347 872 1357 891 ,
1388 843 1620 885 deliberatio

154 892 205 931 de
225 893 454 945 patriarcha
478 894 578 933 inita
607 902 666 934 est
688 910 710 934 a
736 895 962 936 Theodoro.
1021 898 1273 949 primumque
1286 899 1424 938 multis
1443 900 1619 940 circum-

152 950 301 1001 spectis
317 950 360 988 in
379 950 608 1004 Nicephoro
623 951 839 992 Blemmida
850 983 861 1002 ‚
891 967 971 1006 quo
990 953 1267 1007 philosophiae
1283 956 1469 1007 magistro
1489 971 1616 998 novus

150 1006 372 1058 imperator
396 1021 492 1046 usus
519 1009 672 1056 suerat,
712 1009 931 1060 designatio
962 1011 1156 1050 consedit.
1214 1024 1352 1050 verum
1377 1013 1471 1063 illo,
1501 1023 1617 1066 post-

152 1076 270 1113 quam
286 1064 404 1116 longe
421 1065 560 1103 absens
578 1065 773 1104 invitatus
790 1072 848 1105 est
863 1080 934 1118 per
950 1067 1126 1118 nuntios,
1149 1065 1342 1106 honorem
1359 1068 1615 1121 detrectante,

148 1131 253 1158 nova
273 1120 479 1172 inquisitio
501 1121 612 1172 digni
636 1122 708 1160 tali
730 1122 822 1161 loco
837 1123 917 1163 viri
935 1124 1051 1162 desiit
1068 1124 1112 1163 in
1136 1123 1324 1172 Arsenio3
1354 1125 1420 1177 qui
1440 1127 1615 1167 oblatam

147 1175 379 1226 dignitatem
406 1177 579 1217 libenter
598 1178 810 1218 admittens
826 1193 877 1219 ex
899 1181 1139 1220 monasterio
1161 1182 1211 1219 ad
1229 1181 1360 1219 lacum
1378 1183 1614 1234 Apollonia-

147 1232 209 1271 dis
231 1232 329 1283 sito,
354 1234 427 1273 ubi
447 1234 568 1274 vitam
588 1235 815 1287 religiosam
834 1236 1065 1287 exercebat,
1094 1238 1277 1276 Nicaeam
1298 1239 1500 1289 profectus
1509 1270 1520 1289 ‚
1553 1241 1611 1279 ibi

144 1290 275 1341 spatio
305 1290 565 1330 hebdomadis
590 1293 710 1331 unius
738 1291 841 1345 (non
866 1293 984 1333 unius
1015 1294 1115 1344 diei,
1157 1300 1202 1332 ut
1221 1307 1426 1346 perperam
1442 1296 1609 1347 ponitur

144 1346 255 1399 apud
282 1348 558 1400 Spondanum)
591 1349 731 1399 unius,
769 1349 951 1401 inquam,
983 1349 1241 1389 hebdomadis
1260 1350 1388 1403 spatio
1416 1351 1606 1393 diaconus

142 1403 326 1443 sacerdos
353 1412 392 1444 et
422 1405 648 1458 patriarcha
683 1406 890 1445 ordinatus
921 1413 990 1445 est.
1057 1407 1242 1459 idemque
1276 1421 1372 1446 mox
1397 1408 1542 1448 ritibus
1562 1410 1607 1449 in

142 1460 308 1503 ecclesia
327 1461 530 1501 consuetis
545 1462 800 1502 Theodorum
819 1463 990 1502 eundem
1007 1463 1286 1517 imperatorem
1304 1466 1520 1505 coronavit,

255 1517 305 1558 ΙΙ.
352 1519 477 1558 Nemo
495 1532 579 1557 non
595 1519 706 1559 videt
721 1519 764 1559 in
784 1519 847 1558 his
867 1520 985 1559 facile
1011 1522 1190 1560 consumi
1209 1521 1390 1560 debuisse
1408 1522 1605 1561 interval-

138 1575 222 1613 lum
247 1575 651 1627 sesquimenstruum‚
687 1582 735 1615 nt
759 1577 831 1615 vix
863 1577 1027 1617 tandem
1053 1578 1126 1617 sub
1154 1578 1328 1616 medium
1347 1578 1603 1619 Decembrem

135 1632 426 1684 possessionem
446 1632 556 1672 adire
574 1633 868 1686 patriarchatus
884 1634 1073 1672 Arsenius
1101 1636 1289 1686 potuerit.
1347 1635 1437 1685 quia
1465 1650 1602 1688 porro,

138 1694 186 1727 ut
205 1695 320 1727 notat
335 1690 582 1743 Acropolita,
611 1689 842 1730 Theodorus
857 1690 1073 1742 imperator
1092 1697 1278 1729 evocatus
1297 1690 1599 1744 Adrianopolim

136 1746 378 1786 instantibus
397 1747 550 1797 causis,
580 1747 769 1799 expedire
795 1761 838 1786 se
859 1747 1026 1786 Nicaeae
1055 1748 1263 1786 festinabat
1290 1750 1506 1787 necessaria
1530 1763 1599 1787 ce-

135 1802 314 1842 remonia
341 1803 655 1855 inaugurationis
684 1818 797 1852 suae,
836 1818 936 1856 quae
963 1804 1091 1857 prima
1110 1805 1146 1843 ei
1173 1811 1264 1856 apta
1287 1818 1328 1842 se
1349 1805 1495 1844 obtulit
1513 1805 1597 1844 dies

137 1859 233 1912 (fuit
254 1873 298 1898 ea
318 1859 464 1899 Christi
485 1860 671 1913 natalis),
699 1860 743 1898 in
764 1875 806 1899 ea
827 1861 948 1900 sacris
966 1861 1140 1913 primum
1164 1867 1352 1914 operante
1369 1861 1596 1913 patriarcha

135 1916 352 1956 solemnem
383 1917 426 1955 in
453 1917 601 1969 templo
620 1917 917 1956 coronationem
942 1918 1098 1970 accepit
1123 1918 1187 1958 die
1216 1918 1270 1960 25
1294 1918 1540 1963 Decembris,
1571 1934 1595 1957 a

134 1986 214 2024 qua
233 1973 318 2023 die,
353 1987 454 2026 quae
473 1981 583 2013 sexta
602 1981 661 2013 est
682 1980 906 2024 numerata,
946 1974 1174 2014 Decembris
1198 1978 1254 2015 30
1274 1973 1472 2013 horrenda
1497 1975 1593 2014 solis

133 2030 274 2082 eclipsi
299 2031 377 2069 fuit
402 2031 581 2082 insignis.
637 2030 826 2070 habemus
857 2044 906 2070 ex
932 2030 996 2069 his
1016 2031 1175 2070 initium
1190 2030 1294 2068 sedis
1311 2031 1466 2068 Arsenii
1483 2032 1592 2069 omni

132 2085 322 2125 firmitate
347 2088 610 2127 constitutum
637 2087 682 2125 in
714 2100 847 2126 mense
886 2086 1093 2125 Decembri
1122 2086 1218 2124 anni
1249 2085 1355 2128 1255
1378 2100 1399 2123 a
1431 2086 1589 2125 Christo

131 2148 242 2182 nato.
295 2144 568 2193 perseveravit
583 2144 676 2182 inde
693 2144 762 2183 ille
776 2143 822 2182 in
831 2143 1050 2194 tranquilla
1065 2142 1282 2182 functionis
1294 2142 1590 2194 patriarchatus

130 2212 255 2250 usque
266 2199 316 2238 ad
335 2205 499 2238 mortem
517 2199 716 2239 Theodori
731 2200 993 2252 imperatoris,
1017 2213 1116 2251 quae
1134 2213 1266 2237 mense
1286 2200 1468 2250 Augusto
1489 2200 1584 2238 anni

130 2252 278 2294 Christi
308 2257 419 2297 1259
442 2257 595 2306 evenit,
622 2269 778 2298 necnen
801 2269 927 2308 usque
953 2257 1004 2294 ad
1027 2256 1268 2296 evectionem
1296 2255 1338 2294 in
1372 2256 1585 2311 imperium

128 2312 331 2351 Michaelis
349 2313 596 2363 Palaeologi,
628 2326 743 2364 quem
761 2319 800 2351 et
820 2313 1045 2363 coronavit,
1074 2319 1114 2351 et
1138 2312 1295 2365 quidem
1316 2313 1458 2362 sotum,
1479 2326 1585 2351 con-

127 2375 190 2406 tra
219 2382 335 2420 quam
358 2375 548 2407 statutum
574 2370 726 2417 fuerat3
765 2369 873 2420 quod
902 2370 980 2408 fuit
1005 2370 1165 2408 initium
1199 2369 1411 2408 deficiendi
1441 2369 1489 2407 ab
1508 2383 1580 2422 spe

128 2425 290 2476 imperii
316 2425 600 2477 redigendique
617 2427 660 2463 in
683 2425 861 2464 ordinem
887 2425 1058 2464 infelicis
1084 2427 1199 2478 pueri
1217 2426 1375 2464 Ioannis
1395 2427 1474 2464 iam
1491 2427 1578 2465 Au-

126 2481 243 2532 gusti.
301 2482 597 2523 coronationem
622 2482 739 2520 istam
756 2482 979 2534 Palaeologi
1006 2482 1263 2535 probabiliter
1282 2483 1520 2523 conferimus
1537 2484 1580 2521 in

125 2537 381 2577 Februarium
403 2539 498 2579 anni
516 2536 667 2579 Christi
681 2542 805 2581 1260..
859 2539 1074 2591 non'longo
1091 2547 1183 2593 post
1203 2553 1286 2579 eam
1305 2545 1483 2592 tempore
1501 2540 1578 2577 Ar·-

126 2595 259 2634 senius
287 2609 374 2635 sera
400 2595 545 2634 duetus
574 2595 817 2648 poenitentia
847 2595 1052 2639 facilitatis
1084 2610 1202 2645 suae,
1238 2610 1316 2648 qua
1340 2596 1574 2649 permiserat

125 2652 253 2690 omitti
271 2652 566 2694 coronationem
583 2652 729 2705 pupilli
743 2652 935 2704 principis
952 2653 1034 2693 eius
1050 2654 1296 2706 potissimum
1313 2653 1408 2691 fidei
1428 2666 1450 2690 a
1461 2659 1574 2703 patre

123 2709 319 2749 moriente
347 2709 630 2760 commendati,
671 2709 813 2748 Nicaea
844 2709 994 2760 fugiens
1020 2710 1067 2749 in
1103 2711 1387 2750 monasterium
1420 2709 1572 2746 dictum

123 2764 321 2804 Paschasii
336 2766 508 2815 secessit,
535 2765 670 2817 ibique
685 2765 883 2817 privatam
901 2779 1015 2817 agere
1026 2767 1148 2806 vitam
1166 2767 1351 2805 instituit.
1407 2764 1486 2803 hoc
1506 2764 1571 2804 νὴ·

123 2820 239 2860 detur
257 2822 407 2862 factum
426 2836 559 2862 mense
576 2823 718 2861 Martio
742 2822 838 2861 dicti
867 2823 961 2861 anni
989 2826 1111 2866 1260.
1169 2837 1260 2863 nam
1283 2823 1365 2861 eius
1386 2822 1443 2861 rei
1465 2834 1570 2859 nun-

122 2878 199 2916 tius
216 2879 393 2931 perlatus
415 2880 467 2919 ad
491 2880 771 2933 imperatorem
794 2879 1030 2921 michaelem
1044 2880 1213 2928 dicitur,
1241 2893 1323 2931 quo
1337 2886 1515 2931 tempore
1533 2877 1568 2915 is
