<?xml version="1.0" encoding="UTF-8"?>
<!DOCTYPE html PUBLIC "-//W3C//DTD XHTML 1.0 Transitional//EN"
    "http://www.w3.org/TR/xhtml1/DTD/xhtml1-transitional.dtd">
<html xmlns="http://www.w3.org/1999/xhtml" xml:lang="en" lang="en">
 <head>
  <title>
</title>
<meta http-equiv="Content-Type" content="text/html;charset=utf-8" />
  <meta name='ocr-system' content='tesseract 3.04.00' />
  <meta name='ocr-capabilities' content='ocr_page ocr_carea ocr_par ocr_line ocrx_word'/>
</head>
<body>
  <div class='ocr_page' id='page_1' title='image "./corpusscriptorum17niebuoft_0390.png"; bbox 0 0 1884 3262; ppageno 0'>
   <div class='ocr_carea' id='block_1_1' title="bbox 233 232 1274 282">
    <p class='ocr_par' dir='ltr' id='par_1_1' title="bbox 233 232 1274 282">
     <span class='ocr_line' id='line_1_1' title="bbox 233 232 1274 282; baseline -0.005 0"><span class='ocrx_word' id='word_1_1' title='bbox 233 237 329 282; x_wconf 78' lang='lat'><strong>372</strong></span> <span class='ocrx_word' id='word_1_2' title='bbox 652 232 887 276; x_wconf 87' lang='lat' dir='ltr'>GEORGII</span> <span class='ocrx_word' id='word_1_3' title='bbox 924 233 1274 277; x_wconf 83' lang='lat' dir='ltr'><strong>PACHYMERIS</strong></span> 
     </span>
    </p>
   </div>
   <div class='ocr_carea' id='block_1_2' title="bbox 92 342 1737 1557">
    <p class='ocr_par' dir='ltr' id='par_1_2' title="bbox 183 342 1712 878">
     <span class='ocr_line' id='line_1_2' title="bbox 231 342 1682 401; baseline -0.002 -10"><span class='ocrx_word' id='word_1_4' title='bbox 231 348 329 397; x_wconf 77' lang='grc' dir='ltr'><em>τοὺς</em></span> <span class='ocrx_word' id='word_1_5' title='bbox 355 343 707 400; x_wconf 74' lang='grc' dir='ltr'><em>ἀπολογουμένους</em></span> <span class='ocrx_word' id='word_1_6' title='bbox 736 345 798 387; x_wconf 72' lang='grc' dir='ltr'><strong>ἐπὶ</strong></span> <span class='ocrx_word' id='word_1_7' title='bbox 824 348 874 401; x_wconf 81' lang='grc' dir='ltr'><em>τῇ</em></span> <span class='ocrx_word' id='word_1_8' title='bbox 901 342 1122 401; x_wconf 77' lang='grc' dir='ltr'><em>προσθήκῃ</em></span> <span class='ocrx_word' id='word_1_9' title='bbox 1145 345 1298 387; x_wconf 72' lang='grc' dir='ltr'><em>δίκαιον</em></span> <span class='ocrx_word' id='word_1_10' title='bbox 1323 345 1540 400; x_wconf 65' lang='grc' dir='ltr'><em>δέχεσθαι,</em></span> <span class='ocrx_word' id='word_1_11' title='bbox 1579 343 1682 389; x_wconf 77' lang='grc' dir='ltr'><em>ὥστε</em></span> 
     </span>
     <span class='ocr_line' id='line_1_3' title="bbox 183 410 1679 471; baseline 0 -16"><span class='ocrx_word' id='word_1_12' title='bbox 183 421 214 455; x_wconf 85' lang='grc' dir='ltr'>Ε</span> <span class='ocrx_word' id='word_1_13' title='bbox 237 418 303 459; x_wconf 82' lang='grc' dir='ltr'><strong>καὶ</strong></span> <span class='ocrx_word' id='word_1_14' title='bbox 329 413 427 463; x_wconf 80' lang='grc' dir='ltr'><strong>τούς</strong></span> <span class='ocrx_word' id='word_1_15' title='bbox 458 413 532 466; x_wconf 73' lang='grc' dir='ltr'><strong>μὲν</strong></span> <span class='ocrx_word' id='word_1_16' title='bbox 569 412 758 468; x_wconf 73' lang='grc' dir='ltr'><em>λέγοντας</em></span> <span class='ocrx_word' id='word_1_17' title='bbox 790 414 833 456; x_wconf 71' lang='grc' dir='ltr'><strong>ἐκ</strong></span> <span class='ocrx_word' id='word_1_18' title='bbox 853 413 1007 470; x_wconf 82' lang='grc' dir='ltr'><em>πατρὸς</em></span> <span class='ocrx_word' id='word_1_19' title='bbox 1034 413 1126 455; x_wconf 80' lang='grc' dir='ltr'><em>υἱοῦ</em></span> <span class='ocrx_word' id='word_1_20' title='bbox 1149 429 1212 464; x_wconf 88' lang='grc' dir='ltr'><em>τε,</em></span> <span class='ocrx_word' id='word_1_21' title='bbox 1249 410 1355 466; x_wconf 76' lang='grc' dir='ltr'><em>ὑμᾶς</em></span> <span class='ocrx_word' id='word_1_22' title='bbox 1383 415 1426 456; x_wconf 74' lang='grc' dir='ltr'><strong>ἐκ</strong></span> <span class='ocrx_word' id='word_1_23' title='bbox 1446 414 1601 471; x_wconf 83' lang='grc' dir='ltr'><em>πατρὸς</em></span> <span class='ocrx_word' id='word_1_24' title='bbox 1620 413 1679 456; x_wconf 74' lang='grc' dir='ltr'><em>δι’</em></span> 
     </span>
     <span class='ocr_line' id='line_1_4' title="bbox 230 479 1680 536; baseline -0.003 -10"><span class='ocrx_word' id='word_1_25' title='bbox 230 484 319 526; x_wconf 77' lang='grc' dir='ltr'><em>υἱοῦ</em></span> <span class='ocrx_word' id='word_1_26' title='bbox 353 480 399 524; x_wconf 81' lang='grc' dir='ltr'><em>τὸ</em></span> <span class='ocrx_word' id='word_1_27' title='bbox 427 485 584 534; x_wconf 79' lang='grc' dir='ltr'><em>πνεῦμα</em></span> <span class='ocrx_word' id='word_1_28' title='bbox 627 480 673 524; x_wconf 79' lang='grc' dir='ltr'><em>τὸ</em></span> <span class='ocrx_word' id='word_1_29' title='bbox 715 480 827 536; x_wconf 82' lang='grc' dir='ltr'><em>ἅγιον</em></span> <span class='ocrx_word' id='word_1_30' title='bbox 868 479 1188 536; x_wconf 72' lang='grc' dir='ltr'><em>ἐκπορεύεσθαι,</em></span> <span class='ocrx_word' id='word_1_31' title='bbox 1247 484 1582 536; x_wconf 82' lang='grc' dir='ltr'><em>παραπληκτίζειν</em></span> <span class='ocrx_word' id='word_1_32' title='bbox 1614 483 1680 524; x_wconf 88' lang='grc' dir='ltr'><strong>καὶ</strong></span> 
     </span>
     <span class='ocr_line' id='line_1_5' title="bbox 231 547 1676 607; baseline -0.001 -15"><span class='ocrx_word' id='word_1_33' title='bbox 231 550 357 607; x_wconf 70' lang='grc' dir='ltr'><em>ἄμφω</em></span> <span class='ocrx_word' id='word_1_34' title='bbox 384 550 438 598; x_wconf 79' lang='grc' dir='ltr'><strong>εἷς</strong></span> <span class='ocrx_word' id='word_1_35' title='bbox 472 553 576 591; x_wconf 82' lang='grc' dir='ltr'><em>θεοῦ</em></span> <span class='ocrx_word' id='word_1_36' title='bbox 605 547 811 605; x_wconf 79' lang='grc' dir='ltr'><em>μυστήρια</em></span> <span class='ocrx_word' id='word_1_37' title='bbox 846 548 1197 604; x_wconf 85' lang='grc' dir='ltr'><em>παρακύπτοντας.</em></span> <span class='ocrx_word' id='word_1_38' title='bbox 1279 549 1424 597; x_wconf 78' lang='grc' dir='ltr'><em>ἐκεῖνος</em></span> <span class='ocrx_word' id='word_1_39' title='bbox 1452 550 1525 602; x_wconf 71' lang='grc' dir='ltr'><strong>μὲν</strong></span> <span class='ocrx_word' id='word_1_40' title='bbox 1553 548 1676 592; x_wconf 77' lang='grc' dir='ltr'><em>ταῦτ’</em></span> 
     </span>
     <span class='ocr_line' id='line_1_6' title="bbox 230 613 1712 675; baseline -0.002 -15"><span class='ocrx_word' id='word_1_41' title='bbox 230 618 334 674; x_wconf 65' lang='grc' dir='ltr'><em>ἔλεγε</em></span> <span class='ocrx_word' id='word_1_42' title='bbox 353 619 418 660; x_wconf 80' lang='grc' dir='ltr'><strong>καὶ</strong></span> <span class='ocrx_word' id='word_1_43' title='bbox 448 614 674 668; x_wconf 78' lang='grc' dir='ltr'><em>συσκιάζων</em></span> <span class='ocrx_word' id='word_1_44' title='bbox 704 617 749 660; x_wconf 82' lang='grc' dir='ltr'><em>τὸ</em></span> <span class='ocrx_word' id='word_1_45' title='bbox 781 619 842 659; x_wconf 75' lang='grc' dir='ltr'><em>ἐπὶ</em></span> <span class='ocrx_word' id='word_1_46' title='bbox 877 622 933 675; x_wconf 81' lang='grc' dir='ltr'><em>τῷ</em></span> <span class='ocrx_word' id='word_1_47' title='bbox 966 616 1162 674; x_wconf 75' lang='grc' dir='ltr'><em>συμβόλῳ</em></span> <span class='ocrx_word' id='word_1_48' title='bbox 1183 613 1398 670; x_wconf 85' lang='grc' dir='ltr'><em>τόλμημα,</em></span> <span class='ocrx_word' id='word_1_49' title='bbox 1437 617 1603 672; x_wconf 77' lang='grc' dir='ltr'><em>πρέσβις</em></span> <span class='ocrx_word' id='word_1_50' title='bbox 1624 616 1712 666; x_wconf 77' lang='grc' dir='ltr'><strong>ὢν5</strong></span> 
     </span>
     <span class='ocr_line' id='line_1_7' title="bbox 231 682 1681 741; baseline -0.001 -13"><span class='ocrx_word' id='word_1_51' title='bbox 231 688 296 728; x_wconf 80' lang='grc' dir='ltr'><strong>καὶ</strong></span> <span class='ocrx_word' id='word_1_52' title='bbox 323 683 529 741; x_wconf 66' lang='grc' dir='ltr'><em>προύργου</em></span> <span class='ocrx_word' id='word_1_53' title='bbox 555 688 714 738; x_wconf 86' lang='grc' dir='ltr'><em>μᾶλλον</em></span> <span class='ocrx_word' id='word_1_54' title='bbox 741 685 893 735; x_wconf 84' lang='grc' dir='ltr'><em>παντὸς</em></span> <span class='ocrx_word' id='word_1_55' title='bbox 921 685 966 728; x_wconf 87' lang='grc' dir='ltr'><em>τὸ</em></span> <span class='ocrx_word' id='word_1_56' title='bbox 997 682 1316 740; x_wconf 74' lang='grc' dir='ltr'><em>πρεσβευόμενον</em></span> <span class='ocrx_word' id='word_1_57' title='bbox 1340 684 1475 727; x_wconf 79' lang='grc' dir='ltr'><em>θέλων</em></span> <span class='ocrx_word' id='word_1_58' title='bbox 1504 682 1681 727; x_wconf 79' lang='grc' dir='ltr'><em>ἀνύτειν·</em></span> 
     </span>
     <span class='ocr_line' id='line_1_8' title="bbox 231 749 1683 808; baseline -0.001 -12"><span class='ocrx_word' id='word_1_59' title='bbox 231 754 270 796; x_wconf 80' lang='grc' dir='ltr'><strong>οἳ</strong></span> <span class='ocrx_word' id='word_1_60' title='bbox 293 755 338 796; x_wconf 73' lang='grc' dir='ltr'><strong>δὲ</strong></span> <span class='ocrx_word' id='word_1_61' title='bbox 357 758 428 808; x_wconf 85' lang='grc' dir='ltr'><em>τῆς</em></span> <span class='ocrx_word' id='word_1_62' title='bbox 448 754 661 807; x_wconf 66' lang='grc' dir='ltr'><em>ἐκκλησίας</em></span> <span class='ocrx_word' id='word_1_63' title='bbox 679 753 803 796; x_wconf 79' lang='grc' dir='ltr'><em>καλὸν</em></span> <span class='ocrx_word' id='word_1_64' title='bbox 820 754 894 807; x_wconf 70' lang='grc' dir='ltr'><strong>μὲν</strong></span> <span class='ocrx_word' id='word_1_65' title='bbox 912 753 1043 808; x_wconf 64' lang='grc' dir='ltr'><em>ἔλεγον</em></span> <span class='ocrx_word' id='word_1_66' title='bbox 1063 753 1136 807; x_wconf 78' lang='grc' dir='ltr'><strong>τὴν</strong></span> <span class='ocrx_word' id='word_1_67' title='bbox 1156 749 1317 808; x_wconf 76' lang='grc' dir='ltr'><em>εἰρήνην</em></span> <span class='ocrx_word' id='word_1_68' title='bbox 1349 750 1470 804; x_wconf 75' lang='grc' dir='ltr'><em>εἶναι,</em></span> <span class='ocrx_word' id='word_1_69' title='bbox 1508 754 1575 794; x_wconf 84' lang='grc' dir='ltr'><strong>καὶ</strong></span> <span class='ocrx_word' id='word_1_70' title='bbox 1597 757 1683 801; x_wconf 84' lang='grc' dir='ltr'><em>πῶς</em></span> 
     </span>
     <span class='ocr_line' id='line_1_9' title="bbox 230 818 1682 878; baseline -0.001 -14"><span class='ocrx_word' id='word_1_71' title='bbox 230 822 306 878; x_wconf 76' lang='grc' dir='ltr'><em>γὰρ</em></span> <span class='ocrx_word' id='word_1_72' title='bbox 327 821 376 864; x_wconf 70' lang='grc' dir='ltr'><strong>οὔ</strong></span> <span class='ocrx_word' id='word_1_73' title='bbox 389 841 403 876; x_wconf 87' lang='grc'><strong>,·</strong></span> <span class='ocrx_word' id='word_1_74' title='bbox 439 822 507 863; x_wconf 81' lang='grc' dir='ltr'><em>καὶ</em></span> <span class='ocrx_word' id='word_1_75' title='bbox 527 825 683 874; x_wconf 80' lang='grc' dir='ltr'><em>μᾶλλον</em></span> <span class='ocrx_word' id='word_1_76' title='bbox 707 823 932 876; x_wconf 75' lang='grc' dir='ltr'><em>ἐκκλησίαις</em></span> <span class='ocrx_word' id='word_1_77' title='bbox 950 820 1178 872; x_wconf 82' lang='grc' dir='ltr'><em>τοιαύταις,</em></span> <span class='ocrx_word' id='word_1_78' title='bbox 1216 823 1394 875; x_wconf 79' lang='grc' dir='ltr'><em>κεφαλῆς</em></span> <span class='ocrx_word' id='word_1_79' title='bbox 1426 818 1543 875; x_wconf 81' lang='grc' dir='ltr'><em>λόγον</em></span> <span class='ocrx_word' id='word_1_80' title='bbox 1566 820 1682 873; x_wconf 74' lang='grc' dir='ltr'><em>ἐχού-</em></span> 
     </span>
    </p>

    <p class='ocr_par' dir='ltr' id='par_1_3' title="bbox 92 886 1737 1421">
     <span class='ocr_line' id='line_1_10' title="bbox 92 886 1683 945; baseline -0.004 -12"><span class='ocrx_word' id='word_1_81' title='bbox 92 906 119 938; x_wconf 89' lang='grc' dir='ltr'><em>Ρ</em></span> <span class='ocrx_word' id='word_1_82' title='bbox 143 904 210 940; x_wconf 74' lang='lat'><strong>253</strong></span> <span class='ocrx_word' id='word_1_83' title='bbox 233 907 324 939; x_wconf 87' lang='grc' dir='ltr'><em>σαις</em></span> <span class='ocrx_word' id='word_1_84' title='bbox 353 897 437 938; x_wconf 87' lang='grc' dir='ltr'><em>τοῖς</em></span> <span class='ocrx_word' id='word_1_85' title='bbox 467 886 723 944; x_wconf 67' lang='grc' dir='ltr'><em>ὁπουδήποτε</em></span> <span class='ocrx_word' id='word_1_86' title='bbox 749 894 822 932; x_wconf 81' lang='grc' dir='ltr'><em>τοῦ</em></span> <span class='ocrx_word' id='word_1_87' title='bbox 844 888 1082 945; x_wconf 76' lang='grc' dir='ltr'><em>εἷρηνάρχου</em></span> <span class='ocrx_word' id='word_1_88' title='bbox 1103 892 1290 945; x_wconf 82' lang='grc' dir='ltr'><em>Χριστοῦ</em></span> <span class='ocrx_word' id='word_1_89' title='bbox 1316 892 1549 942; x_wconf 75' lang='grc' dir='ltr'><em>μαθηταῖς,</em></span> <span class='ocrx_word' id='word_1_90' title='bbox 1581 887 1683 942; x_wconf 80' lang='grc' dir='ltr'><em>πλὴν</em></span> 
     </span>
     <span class='ocr_line' id='line_1_11' title="bbox 228 951 1737 1013; baseline -0.003 -12"><span class='ocrx_word' id='word_1_91' title='bbox 228 958 320 1013; x_wconf 78' lang='grc' dir='ltr'><em>μετ’</em></span> <span class='ocrx_word' id='word_1_92' title='bbox 345 957 575 1013; x_wconf 76' lang='grc' dir='ltr'><em>ἀσφαλείας</em></span> <span class='ocrx_word' id='word_1_93' title='bbox 611 959 678 999; x_wconf 84' lang='grc' dir='ltr'><strong>καὶ</strong></span> <span class='ocrx_word' id='word_1_94' title='bbox 709 957 783 1011; x_wconf 81' lang='grc' dir='ltr'><strong>οὐχ</strong></span> <span class='ocrx_word' id='word_1_95' title='bbox 817 956 869 1006; x_wconf 84' lang='grc' dir='ltr'><strong>ὡς</strong></span> <span class='ocrx_word' id='word_1_96' title='bbox 892 958 1028 1011; x_wconf 59' lang='grc' dir='ltr'><em>ἔτυχεν</em></span> <span class='ocrx_word' id='word_1_97' title='bbox 1045 971 1054 981; x_wconf 83' lang='grc'><em>·</em></span> <span class='ocrx_word' id='word_1_98' title='bbox 1093 956 1190 999; x_wconf 75' lang='grc' dir='ltr'><em>εἶναι</em></span> <span class='ocrx_word' id='word_1_99' title='bbox 1214 956 1291 1011; x_wconf 72' lang='grc' dir='ltr'><em>γὰρ</em></span> <span class='ocrx_word' id='word_1_100' title='bbox 1315 956 1385 998; x_wconf 83' lang='grc' dir='ltr'><strong>τὸν</strong></span> <span class='ocrx_word' id='word_1_101' title='bbox 1407 951 1591 998; x_wconf 72' lang='grc' dir='ltr'><em>κίνδυνον</em></span> <span class='ocrx_word' id='word_1_102' title='bbox 1608 956 1680 1008; x_wconf 72' lang='grc' dir='ltr'><strong>με’·</strong></span> <span class='ocrx_word' id='word_1_103' title='bbox 1695 973 1737 1006; x_wconf 88' lang='lat'><strong>10</strong></span> 
     </span>
     <span class='ocr_line' id='line_1_12' title="bbox 227 1021 1680 1082; baseline -0.002 -14"><span class='ocrx_word' id='word_1_104' title='bbox 227 1044 302 1082; x_wconf 76' lang='grc' dir='ltr'><strong>γαν</strong></span> <span class='ocrx_word' id='word_1_105' title='bbox 323 1033 408 1074; x_wconf 80' lang='grc' dir='ltr'><em>τοῖς</em></span> <span class='ocrx_word' id='word_1_106' title='bbox 427 1030 502 1067; x_wconf 75' lang='grc' dir='ltr'><em>τοῦ</em></span> <span class='ocrx_word' id='word_1_107' title='bbox 525 1025 656 1080; x_wconf 85' lang='grc' dir='ltr'><em>ὀρθοῦ</em></span> <span class='ocrx_word' id='word_1_108' title='bbox 681 1023 865 1068; x_wconf 84' lang='grc' dir='ltr'><em>ὁπωσοῦν</em></span> <span class='ocrx_word' id='word_1_109' title='bbox 890 1023 1184 1079; x_wconf 78' lang='grc' dir='ltr'><em>ἁμαρτάνουσι.</em></span> <span class='ocrx_word' id='word_1_110' title='bbox 1220 1026 1316 1065; x_wconf 73' lang='lat' dir='ltr'><strong>“nai</strong></span> <span class='ocrx_word' id='word_1_111' title='bbox 1340 1028 1462 1066; x_wconf 79' lang='grc' dir='ltr'><em>τοῦτο</em></span> <span class='ocrx_word' id='word_1_112' title='bbox 1492 1024 1568 1077; x_wconf 82' lang='grc' dir='ltr'><strong>οὐχ</strong></span> <span class='ocrx_word' id='word_1_113' title='bbox 1586 1021 1680 1077; x_wconf 76' lang='grc' dir='ltr'><em>ἡμῖν</em></span> 
     </span>
     <span class='ocr_line' id='line_1_13' title="bbox 228 1091 1682 1150; baseline -0.001 -14"><span class='ocrx_word' id='word_1_114' title='bbox 228 1094 321 1150; x_wconf 73' lang='grc' dir='ltr'><em>ἄρτι</em></span> <span class='ocrx_word' id='word_1_115' title='bbox 341 1093 485 1147; x_wconf 74' lang='grc' dir='ltr'><em>ξυνέβη</em></span> <span class='ocrx_word' id='word_1_116' title='bbox 507 1097 770 1148; x_wconf 83' lang='grc' dir='ltr'><em>πεπρᾶχθαι,</em></span> <span class='ocrx_word' id='word_1_117' title='bbox 808 1091 862 1142; x_wconf 78' lang='grc' dir='ltr'><strong>ὥς</strong></span> <span class='ocrx_word' id='word_1_118' title='bbox 885 1095 948 1135; x_wconf 80' lang='grc' dir='ltr'><strong>καὶ</strong></span> <span class='ocrx_word' id='word_1_119' title='bbox 974 1095 1106 1135; x_wconf 81' lang='grc' dir='ltr'><em>αἰτίαν</em></span> <span class='ocrx_word' id='word_1_120' title='bbox 1135 1093 1234 1146; x_wconf 63' lang='grc' dir='ltr'><em>ἔχειν</em></span> <span class='ocrx_word' id='word_1_121' title='bbox 1266 1096 1340 1133; x_wconf 85' lang='grc' dir='ltr'><em>τοῦ</em></span> <span class='ocrx_word' id='word_1_122' title='bbox 1367 1109 1408 1133; x_wconf 80' lang='grc' dir='ltr'><em>τε</em></span> <span class='ocrx_word' id='word_1_123' title='bbox 1431 1098 1682 1145; x_wconf 81' lang='grc' dir='ltr'><em>καινοτομεῖν</em></span> 
     </span>
     <span class='ocr_line' id='line_1_14' title="bbox 229 1157 1679 1217; baseline -0.003 -12"><span class='ocrx_word' id='word_1_124' title='bbox 229 1161 255 1204; x_wconf 77' lang='grc' dir='ltr'><em>ἃ</em></span> <span class='ocrx_word' id='word_1_125' title='bbox 276 1162 406 1211; x_wconf 79' lang='grc' dir='ltr'><em>οὐδεὶς</em></span> <span class='ocrx_word' id='word_1_126' title='bbox 432 1158 654 1217; x_wconf 86' lang='grc' dir='ltr'><em>πρότερον,</em></span> <span class='ocrx_word' id='word_1_127' title='bbox 689 1163 754 1203; x_wconf 81' lang='grc' dir='ltr'><strong>καὶ</strong></span> <span class='ocrx_word' id='word_1_128' title='bbox 785 1166 858 1203; x_wconf 81' lang='grc' dir='ltr'><em>τοῦ</em></span> <span class='ocrx_word' id='word_1_129' title='bbox 886 1161 943 1215; x_wconf 85' lang='grc' dir='ltr'><strong>μὴ</strong></span> <span class='ocrx_word' id='word_1_130' title='bbox 977 1162 1109 1203; x_wconf 78' lang='grc' dir='ltr'><em>θέλειν</em></span> <span class='ocrx_word' id='word_1_131' title='bbox 1134 1158 1402 1214; x_wconf 76' lang='grc' dir='ltr'><em>μεταβάλλειν</em></span> <span class='ocrx_word' id='word_1_132' title='bbox 1434 1157 1554 1201; x_wconf 81' lang='grc' dir='ltr'><em>πάλιν</em></span> <span class='ocrx_word' id='word_1_133' title='bbox 1584 1161 1638 1208; x_wconf 76' lang='grc' dir='ltr'><strong>εἷς</strong></span> <span class='ocrx_word' id='word_1_134' title='bbox 1656 1158 1679 1201; x_wconf 83' lang='grc' dir='ltr'>ὃ</span> 
     </span>
     <span class='ocr_line' id='line_1_15' title="bbox 228 1224 1677 1285; baseline -0.003 -12"><span class='ocrx_word' id='word_1_135' title='bbox 228 1232 295 1273; x_wconf 84' lang='grc' dir='ltr'><strong>καὶ</strong></span> <span class='ocrx_word' id='word_1_136' title='bbox 327 1231 418 1285; x_wconf 85' lang='grc' dir='ltr'><em>πρὶν</em></span> <span class='ocrx_word' id='word_1_137' title='bbox 449 1224 595 1283; x_wconf 79' lang='grc' dir='ltr'><em>ἦμεν·-</em></span> <span class='ocrx_word' id='word_1_138' title='bbox 620 1229 713 1271; x_wconf 76' lang='grc' dir='ltr'><em>ἀλλ’</em></span> <span class='ocrx_word' id='word_1_139' title='bbox 748 1228 892 1284; x_wconf 76' lang='grc' dir='ltr'><em>ἄνδρες</em></span> <span class='ocrx_word' id='word_1_140' title='bbox 920 1227 1086 1284; x_wconf 80' lang='grc' dir='ltr'><em>μεγάλοι</em></span> <span class='ocrx_word' id='word_1_141' title='bbox 1115 1229 1187 1283; x_wconf 88' lang='grc' dir='ltr'><strong>τὴν</strong></span> <span class='ocrx_word' id='word_1_142' title='bbox 1212 1227 1357 1283; x_wconf 82' lang='grc' dir='ltr'><em>ἀρετὴν</em></span> <span class='ocrx_word' id='word_1_143' title='bbox 1379 1229 1444 1269; x_wconf 78' lang='grc' dir='ltr'><strong>καὶ</strong></span> <span class='ocrx_word' id='word_1_144' title='bbox 1465 1229 1586 1284; x_wconf 84' lang='grc' dir='ltr'><em>σοφοὶ</em></span> <span class='ocrx_word' id='word_1_145' title='bbox 1605 1227 1677 1280; x_wconf 81' lang='grc' dir='ltr'><strong>τὴν</strong></span> 
     </span>
     <span class='ocr_line' id='line_1_16' title="bbox 227 1294 1733 1354; baseline -0.003 -14"><span class='ocrx_word' id='word_1_146' title='bbox 227 1302 373 1354; x_wconf 77' lang='grc' dir='ltr'><em>γνῶσιν</em></span> <span class='ocrx_word' id='word_1_147' title='bbox 393 1299 483 1352; x_wconf 73' lang='grc' dir='ltr'><em>περὶ</em></span> <span class='ocrx_word' id='word_1_148' title='bbox 503 1294 658 1339; x_wconf 74' lang='grc' dir='ltr'><em>τούτων</em></span> <span class='ocrx_word' id='word_1_149' title='bbox 676 1294 923 1350; x_wconf 77' lang='grc' dir='ltr'><em>λαλήσαντες</em></span> <span class='ocrx_word' id='word_1_150' title='bbox 939 1297 1237 1351; x_wconf 73' lang='grc' dir='ltr'><em>διηνέχθησαν,</em></span> <span class='ocrx_word' id='word_1_151' title='bbox 1276 1297 1343 1337; x_wconf 80' lang='grc' dir='ltr'><strong>καὶ</strong></span> <span class='ocrx_word' id='word_1_152' title='bbox 1369 1294 1492 1345; x_wconf 80' lang='grc' dir='ltr'><em>δόξαν</em></span> <span class='ocrx_word' id='word_1_153' title='bbox 1519 1296 1678 1344; x_wconf 75' lang='grc' dir='ltr'><em>ἐκείνοις</em></span> <span class='ocrx_word' id='word_1_154' title='bbox 1693 1309 1733 1343; x_wconf 87' lang='lat'><strong>15</strong></span> 
     </span>
     <span class='ocr_line' id='line_1_17' title="bbox 229 1364 1678 1421; baseline -0.001 -14"><span class='ocrx_word' id='word_1_155' title='bbox 229 1365 460 1420; x_wconf 70' lang='grc' dir='ltr'><em>διέστησαν.</em></span> <span class='ocrx_word' id='word_1_156' title='bbox 514 1364 560 1407; x_wconf 81' lang='grc' dir='ltr'><em>τὸ</em></span> <span class='ocrx_word' id='word_1_157' title='bbox 583 1365 627 1407; x_wconf 75' lang='grc' dir='ltr'><strong>δὲ</strong></span> <span class='ocrx_word' id='word_1_158' title='bbox 644 1366 710 1406; x_wconf 80' lang='grc' dir='ltr'><strong>καὶ</strong></span> <span class='ocrx_word' id='word_1_159' title='bbox 730 1367 786 1414; x_wconf 81' lang='grc' dir='ltr'><strong>εἷς</strong></span> <span class='ocrx_word' id='word_1_160' title='bbox 807 1365 927 1407; x_wconf 80' lang='grc' dir='ltr'><em>πλέον</em></span> <span class='ocrx_word' id='word_1_161' title='bbox 946 1364 1019 1419; x_wconf 80' lang='grc' dir='ltr'><strong>τὴν</strong></span> <span class='ocrx_word' id='word_1_162' title='bbox 1041 1366 1123 1421; x_wconf 69' lang='grc' dir='ltr'><em>ἔριν</em></span> <span class='ocrx_word' id='word_1_163' title='bbox 1144 1364 1390 1406; x_wconf 74' lang='grc' dir='ltr'><em>ἐκτείνεσθαι</em></span> <span class='ocrx_word' id='word_1_164' title='bbox 1415 1367 1488 1405; x_wconf 84' lang='grc' dir='ltr'><em>τοῦ</em></span> <span class='ocrx_word' id='word_1_165' title='bbox 1512 1364 1678 1419; x_wconf 78' lang='grc' dir='ltr'><em>μετρίου</em></span> 
     </span>
    </p>

    <p class='ocr_par' dir='ltr' id='par_1_4' title="bbox 179 1428 1678 1557">
     <span class='ocr_line' id='line_1_18' title="bbox 179 1428 1678 1487; baseline -0.003 -9"><span class='ocrx_word' id='word_1_166' title='bbox 179 1445 208 1479; x_wconf 93' lang='grc' dir='ltr'>Β</span> <span class='ocrx_word' id='word_1_167' title='bbox 233 1433 325 1476; x_wconf 71' lang='grc' dir='ltr'><em>οὔτ’</em></span> <span class='ocrx_word' id='word_1_168' title='bbox 354 1434 515 1481; x_wconf 74' lang='grc' dir='ltr'><em>ἐκείνοις</em></span> <span class='ocrx_word' id='word_1_169' title='bbox 546 1428 596 1487; x_wconf 70' lang='grc' dir='ltr'><strong>ἦν</strong></span> <span class='ocrx_word' id='word_1_170' title='bbox 627 1431 827 1487; x_wconf 83' lang='grc' dir='ltr'><em>θελητόν,</em></span> <span class='ocrx_word' id='word_1_171' title='bbox 861 1434 927 1475; x_wconf 82' lang='grc' dir='ltr'><strong>καὶ</strong></span> <span class='ocrx_word' id='word_1_172' title='bbox 956 1439 1039 1481; x_wconf 83' lang='grc' dir='ltr'><em>τοῖς</em></span> <span class='ocrx_word' id='word_1_173' title='bbox 1059 1430 1343 1483; x_wconf 80' lang='grc' dir='ltr'><em>πλεονάζουσιν</em></span> <span class='ocrx_word' id='word_1_174' title='bbox 1367 1430 1527 1484; x_wconf 76' lang='grc' dir='ltr'><em>ἀμαθὲς</em></span> <span class='ocrx_word' id='word_1_175' title='bbox 1546 1430 1678 1480; x_wconf 77' lang='grc' dir='ltr'><em>ἄλλως</em></span> 
     </span>
     <span class='ocr_line' id='line_1_19' title="bbox 228 1496 1677 1557; baseline -0.003 -13"><span class='ocrx_word' id='word_1_176' title='bbox 228 1503 294 1545; x_wconf 81' lang='grc' dir='ltr'><strong>καὶ</strong></span> <span class='ocrx_word' id='word_1_177' title='bbox 315 1500 518 1557; x_wconf 81' lang='grc' dir='ltr'><em>τολμηρὸν</em></span> <span class='ocrx_word' id='word_1_178' title='bbox 539 1498 560 1543; x_wconf 81' lang='grc' dir='ltr'>ὅ</span> <span class='ocrx_word' id='word_1_179' title='bbox 581 1499 844 1555; x_wconf 82' lang='grc' dir='ltr'><em>πλεονασμός.</em></span> <span class='ocrx_word' id='word_1_180' title='bbox 915 1500 1019 1556; x_wconf 84' lang='grc' dir='ltr'><em>πλὴν</em></span> <span class='ocrx_word' id='word_1_181' title='bbox 1039 1501 1084 1544; x_wconf 85' lang='grc' dir='ltr'><em>τὸ</em></span> <span class='ocrx_word' id='word_1_182' title='bbox 1110 1503 1177 1543; x_wconf 86' lang='grc' dir='ltr'><strong>καὶ</strong></span> <span class='ocrx_word' id='word_1_183' title='bbox 1204 1498 1311 1554; x_wconf 77' lang='grc' dir='ltr'><em>ἡμᾶς</em></span> <span class='ocrx_word' id='word_1_184' title='bbox 1333 1499 1407 1555; x_wconf 79' lang='grc' dir='ltr'><strong>τὴν</strong></span> <span class='ocrx_word' id='word_1_185' title='bbox 1436 1496 1677 1556; x_wconf 76' lang='grc' dir='ltr'><em>προσθήκην</em></span> 
     </span>
    </p>
   </div>
   <div class='ocr_carea' id='block_1_3' title="bbox 319 1616 709 1665">
    <p class='ocr_par' dir='ltr' id='par_1_5' title="bbox 319 1616 709 1665">
     <span class='ocr_line' id='line_1_20' title="bbox 319 1616 709 1665; baseline -0.005 -10"><span class='ocrx_word' id='word_1_186' title='bbox 319 1622 350 1655; x_wconf 79' lang='grc'><strong>2.</strong></span> <span class='ocrx_word' id='word_1_187' title='bbox 376 1617 495 1665; x_wconf 73' lang='grc' dir='ltr'><em>ὑμᾶς]</em></span> <span class='ocrx_word' id='word_1_188' title='bbox 521 1617 616 1665; x_wconf 74' lang='grc' dir='ltr'><em>ἡμᾶς</em></span> <span class='ocrx_word' id='word_1_189' title='bbox 639 1616 709 1655; x_wconf 59' lang='grc' dir='ltr'><strong>δεῖ)</strong></span> 
     </span>
    </p>
   </div>
   <div class='ocr_carea' id='block_1_4' title="bbox 223 1708 1680 2895">
    <p class='ocr_par' dir='ltr' id='par_1_6' title="bbox 223 1708 1680 2895">
     <span class='ocr_line' id='line_1_21' title="bbox 227 1708 1679 1756; baseline -0.003 -10"><span class='ocrx_word' id='word_1_190' title='bbox 227 1712 356 1746; x_wconf 85' lang='lat' dir='ltr'><strong>reiecta</strong></span> <span class='ocrx_word' id='word_1_191' title='bbox 380 1710 638 1756; x_wconf 84' lang='lat' dir='ltr'><strong>compositione,</strong></span> <span class='ocrx_word' id='word_1_192' title='bbox 667 1709 794 1745; x_wconf 85' lang='lat' dir='ltr'><strong>invicta</strong></span> <span class='ocrx_word' id='word_1_193' title='bbox 814 1710 970 1756; x_wconf 85' lang='lat' dir='ltr'><strong>utrinque</strong></span> <span class='ocrx_word' id='word_1_194' title='bbox 992 1709 1200 1756; x_wconf 80' lang='lat' dir='ltr'>pertinacia,</span> <span class='ocrx_word' id='word_1_195' title='bbox 1232 1708 1268 1743; x_wconf 90' lang='lat' dir='ltr'><strong>in</strong></span> <span class='ocrx_word' id='word_1_196' title='bbox 1292 1708 1503 1744; x_wconf 78' lang='lat' dir='ltr'><strong>contentione</strong></span> <span class='ocrx_word' id='word_1_197' title='bbox 1525 1710 1679 1754; x_wconf 84' lang='lat' dir='ltr'><strong>perstare</strong></span> 
     </span>
     <span class='ocr_line' id='line_1_22' title="bbox 227 1755 1677 1802; baseline -0.001 -12"><span class='ocrx_word' id='word_1_198' title='bbox 227 1758 371 1799; x_wconf 84' lang='lat' dir='ltr'><strong>vellent,</strong></span> <span class='ocrx_word' id='word_1_199' title='bbox 404 1756 628 1791; x_wconf 79' lang='lat' dir='ltr'><strong>vociferantes</strong></span> <span class='ocrx_word' id='word_1_200' title='bbox 661 1756 740 1790; x_wconf 89' lang='lat' dir='ltr'><strong>hinc</strong></span> <span class='ocrx_word' id='word_1_201' title='bbox 763 1757 896 1802; x_wconf 89' lang='lat' dir='ltr'><strong>quidem</strong></span> <span class='ocrx_word' id='word_1_202' title='bbox 921 1769 963 1790; x_wconf 90' lang='lat' dir='ltr'><strong>ex</strong></span> <span class='ocrx_word' id='word_1_203' title='bbox 987 1762 1085 1802; x_wconf 86' lang='lat' dir='ltr'><strong>patre</strong></span> <span class='ocrx_word' id='word_1_204' title='bbox 1107 1756 1244 1800; x_wconf 87' lang='lat' dir='ltr'><strong>filioque</strong></span> <span class='ocrx_word' id='word_1_205' title='bbox 1266 1755 1359 1789; x_wconf 87' lang='lat' dir='ltr'><strong>illinc</strong></span> <span class='ocrx_word' id='word_1_206' title='bbox 1381 1761 1494 1789; x_wconf 81' lang='lat' dir='ltr'><strong>autem</strong></span> <span class='ocrx_word' id='word_1_207' title='bbox 1517 1767 1560 1789; x_wconf 85' lang='lat' dir='ltr'><strong>ex</strong></span> <span class='ocrx_word' id='word_1_208' title='bbox 1580 1760 1677 1800; x_wconf 84' lang='lat' dir='ltr'><strong>patre</strong></span> 
     </span>
     <span class='ocr_line' id='line_1_23' title="bbox 227 1799 1677 1848; baseline -0.003 -12"><span class='ocrx_word' id='word_1_209' title='bbox 227 1814 288 1848; x_wconf 87' lang='lat' dir='ltr'><strong>per</strong></span> <span class='ocrx_word' id='word_1_210' title='bbox 309 1803 410 1836; x_wconf 86' lang='lat' dir='ltr'><strong>filium</strong></span> <span class='ocrx_word' id='word_1_211' title='bbox 443 1802 627 1847; x_wconf 80' lang='lat' dir='ltr'>procedere</span> <span class='ocrx_word' id='word_1_212' title='bbox 656 1802 812 1846; x_wconf 85' lang='lat' dir='ltr'><strong>spiritum</strong></span> <span class='ocrx_word' id='word_1_213' title='bbox 844 1808 1019 1846; x_wconf 85' lang='lat' dir='ltr'><strong>sanctum,</strong></span> <span class='ocrx_word' id='word_1_214' title='bbox 1047 1803 1135 1836; x_wconf 90' lang='lat' dir='ltr'><strong>nullo</strong></span> <span class='ocrx_word' id='word_1_215' title='bbox 1165 1801 1348 1845; x_wconf 83' lang='lat' dir='ltr'><strong>iurgiorum</strong></span> <span class='ocrx_word' id='word_1_216' title='bbox 1374 1801 1463 1844; x_wconf 82' lang='lat' dir='ltr'><strong>fine,</strong></span> <span class='ocrx_word' id='word_1_217' title='bbox 1496 1811 1576 1841; x_wconf 87' lang='lat' dir='ltr'><strong>eos,</strong></span> <span class='ocrx_word' id='word_1_218' title='bbox 1600 1799 1677 1845; x_wconf 86' lang='lat' dir='ltr'><strong>qui-</strong></span> 
     </span>
     <span class='ocr_line' id='line_1_24' title="bbox 227 1846 1677 1892; baseline -0.002 -11"><span class='ocrx_word' id='word_1_219' title='bbox 227 1859 357 1892; x_wconf 88' lang='lat' dir='ltr'><strong>cunque</strong></span> <span class='ocrx_word' id='word_1_220' title='bbox 380 1852 514 1888; x_wconf 81' lang='lat' dir='ltr'><strong>essent,</strong></span> <span class='ocrx_word' id='word_1_221' title='bbox 539 1846 687 1880; x_wconf 79' lang='lat' dir='ltr'><strong>insanire</strong></span> <span class='ocrx_word' id='word_1_222' title='bbox 722 1848 850 1892; x_wconf 84' lang='lat' dir='ltr'><strong>pariter</strong></span> <span class='ocrx_word' id='word_1_223' title='bbox 883 1848 1010 1890; x_wconf 83' lang='lat' dir='ltr'><strong>aiebat,</strong></span> <span class='ocrx_word' id='word_1_224' title='bbox 1048 1853 1083 1882; x_wconf 84' lang='lat' dir='ltr'><strong>et</strong></span> <span class='ocrx_word' id='word_1_225' title='bbox 1112 1848 1353 1880; x_wconf 84' lang='lat' dir='ltr'><strong>inverecundos</strong></span> <span class='ocrx_word' id='word_1_226' title='bbox 1376 1849 1582 1879; x_wconf 82' lang='lat' dir='ltr'>scrutatores</span> <span class='ocrx_word' id='word_1_227' title='bbox 1604 1856 1677 1888; x_wconf 82' lang='lat' dir='ltr'><strong>my—</strong></span> 
     </span>
     <span class='ocr_line' id='line_1_25' title="bbox 231 1891 1676 1937; baseline -0.002 -10"><span class='ocrx_word' id='word_1_228' title='bbox 231 1894 408 1927; x_wconf 86' lang='lat' dir='ltr'><strong>steriorum</strong></span> <span class='ocrx_word' id='word_1_229' title='bbox 432 1892 510 1933; x_wconf 83' lang='lat' dir='ltr'><strong>dei,</strong></span> <span class='ocrx_word' id='word_1_230' title='bbox 535 1892 624 1925; x_wconf 82' lang='lat' dir='ltr'><strong>ultra</strong></span> <span class='ocrx_word' id='word_1_231' title='bbox 647 1904 745 1937; x_wconf 89' lang='lat' dir='ltr'><strong>quam</strong></span> <span class='ocrx_word' id='word_1_232' title='bbox 767 1894 820 1927; x_wconf 85' lang='lat' dir='ltr'><strong>fas</strong></span> <span class='ocrx_word' id='word_1_233' title='bbox 844 1897 932 1926; x_wconf 84' lang='lat' dir='ltr'><strong>esset</strong></span> <span class='ocrx_word' id='word_1_234' title='bbox 954 1894 1117 1927; x_wconf 81' lang='lat' dir='ltr'><strong>humanae</strong></span> <span class='ocrx_word' id='word_1_235' title='bbox 1134 1891 1342 1933; x_wconf 83' lang='lat' dir='ltr'><strong>infirmitati,</strong></span> <span class='ocrx_word' id='word_1_236' title='bbox 1366 1892 1516 1925; x_wconf 86' lang='lat' dir='ltr'><strong>curiosos</strong></span> <span class='ocrx_word' id='word_1_237' title='bbox 1537 1891 1572 1924; x_wconf 86' lang='lat' dir='ltr'><strong>in</strong></span> <span class='ocrx_word' id='word_1_238' title='bbox 1596 1902 1676 1936; x_wconf 84' lang='lat' dir='ltr'><strong>pro·</strong></span> 
     </span>
     <span class='ocr_line' id='line_1_26' title="bbox 230 1937 1677 1982; baseline -0.001 -10"><span class='ocrx_word' id='word_1_239' title='bbox 230 1939 335 1973; x_wconf 83' lang='lat' dir='ltr'><strong>funda</strong></span> <span class='ocrx_word' id='word_1_240' title='bbox 358 1938 545 1973; x_wconf 84' lang='lat' dir='ltr'><strong>divinitatis</strong></span> <span class='ocrx_word' id='word_1_241' title='bbox 567 1937 746 1971; x_wconf 77' lang='lat' dir='ltr'>immittere</span> <span class='ocrx_word' id='word_1_242' title='bbox 768 1939 891 1972; x_wconf 86' lang='lat' dir='ltr'><strong>oculos.</strong></span> <span class='ocrx_word' id='word_1_243' title='bbox 938 1939 1001 1973; x_wconf 83' lang='lat' dir='ltr'><strong>hac</strong></span> <span class='ocrx_word' id='word_1_244' title='bbox 1021 1939 1078 1972; x_wconf 86' lang='lat' dir='ltr'><strong>ille</strong></span> <span class='ocrx_word' id='word_1_245' title='bbox 1102 1937 1238 1982; x_wconf 86' lang='lat' dir='ltr'><strong>ancipiti</strong></span> <span class='ocrx_word' id='word_1_246' title='bbox 1261 1938 1374 1970; x_wconf 87' lang='lat' dir='ltr'><strong>ambas</strong></span> <span class='ocrx_word' id='word_1_247' title='bbox 1404 1937 1440 1971; x_wconf 87' lang='lat' dir='ltr'><strong>in</strong></span> <span class='ocrx_word' id='word_1_248' title='bbox 1460 1941 1576 1981; x_wconf 84' lang='lat' dir='ltr'><strong>partes</strong></span> <span class='ocrx_word' id='word_1_249' title='bbox 1598 1947 1677 1970; x_wconf 80' lang='lat' dir='ltr'><strong>ora-</strong></span> 
     </span>
     <span class='ocr_line' id='line_1_27' title="bbox 228 1983 1677 2029; baseline -0.002 -11"><span class='ocrx_word' id='word_1_250' title='bbox 228 1984 319 2019; x_wconf 80' lang='lat' dir='ltr'><strong>tione</strong></span> <span class='ocrx_word' id='word_1_251' title='bbox 333 2012 343 2026; x_wconf 94' lang='lat'><em>,</em></span> <span class='ocrx_word' id='word_1_252' title='bbox 366 1984 512 2018; x_wconf 89' lang='lat' dir='ltr'><strong>minuere</strong></span> <span class='ocrx_word' id='word_1_253' title='bbox 536 1983 760 2017; x_wconf 83' lang='lat' dir='ltr'><strong>obumbrando</strong></span> <span class='ocrx_word' id='word_1_254' title='bbox 787 1987 970 2029; x_wconf 86' lang='lat' dir='ltr'><strong>tegereque</strong></span> <span class='ocrx_word' id='word_1_255' title='bbox 994 1985 1179 2018; x_wconf 90' lang='lat' dir='ltr'><strong>conabatur</strong></span> <span class='ocrx_word' id='word_1_256' title='bbox 1200 1983 1355 2016; x_wconf 82' lang='lat' dir='ltr'><strong>invidiam</strong></span> <span class='ocrx_word' id='word_1_257' title='bbox 1379 1990 1504 2016; x_wconf 84' lang='lat' dir='ltr'><strong>temere</strong></span> <span class='ocrx_word' id='word_1_258' title='bbox 1527 1985 1677 2016; x_wconf 79' lang='lat' dir='ltr'><strong>attenta-</strong></span> 
     </span>
     <span class='ocr_line' id='line_1_28' title="bbox 230 2027 1680 2074; baseline -0.003 -10"><span class='ocrx_word' id='word_1_259' title='bbox 230 2036 288 2064; x_wconf 87' lang='lat' dir='ltr'><strong>tae</strong></span> <span class='ocrx_word' id='word_1_260' title='bbox 312 2029 489 2063; x_wconf 76' lang='lat' dir='ltr'><strong>additionis</strong></span> <span class='ocrx_word' id='word_1_261' title='bbox 521 2028 563 2062; x_wconf 86' lang='lat' dir='ltr'><strong>ad</strong></span> <span class='ocrx_word' id='word_1_262' title='bbox 594 2029 777 2072; x_wconf 86' lang='lat' dir='ltr'><strong>symbolum</strong></span> <span class='ocrx_word' id='word_1_263' title='bbox 793 2054 804 2071; x_wconf 90' lang='lat'>‚</span> <span class='ocrx_word' id='word_1_264' title='bbox 838 2041 897 2074; x_wconf 91' lang='lat' dir='ltr'><strong>pro</strong></span> <span class='ocrx_word' id='word_1_265' title='bbox 929 2041 988 2064; x_wconf 90' lang='lat' dir='ltr'><strong>suo</strong></span> <span class='ocrx_word' id='word_1_266' title='bbox 1020 2029 1176 2062; x_wconf 89' lang='lat' dir='ltr'><strong>videlicet</strong></span> <span class='ocrx_word' id='word_1_267' title='bbox 1197 2028 1322 2072; x_wconf 79' lang='lat' dir='ltr'><strong>legati,</strong></span> <span class='ocrx_word' id='word_1_268' title='bbox 1346 2029 1409 2062; x_wconf 89' lang='lat' dir='ltr'><strong>hoc</strong></span> <span class='ocrx_word' id='word_1_269' title='bbox 1431 2033 1484 2062; x_wconf 85' lang='lat' dir='ltr'><strong>est</strong></span> <span class='ocrx_word' id='word_1_270' title='bbox 1507 2027 1680 2073; x_wconf 78' lang='lat' dir='ltr'><strong>sequestri</strong></span> 
     </span>
     <span class='ocr_line' id='line_1_29' title="bbox 229 2073 1676 2120; baseline -0.001 -11"><span class='ocrx_word' id='word_1_271' title='bbox 229 2075 489 2120; x_wconf 82' lang='lat' dir='ltr'><strong>mediatorisque</strong></span> <span class='ocrx_word' id='word_1_272' title='bbox 511 2073 599 2108; x_wconf 87' lang='lat' dir='ltr'><strong>inter</strong></span> <span class='ocrx_word' id='word_1_273' title='bbox 620 2074 762 2108; x_wconf 89' lang='lat' dir='ltr'><strong>invicem</strong></span> <span class='ocrx_word' id='word_1_274' title='bbox 784 2075 965 2117; x_wconf 84' lang='lat' dir='ltr'><strong>adversos,</strong></span> <span class='ocrx_word' id='word_1_275' title='bbox 989 2075 1100 2109; x_wconf 82' lang='lat' dir='ltr'><strong>officio</strong></span> <span class='ocrx_word' id='word_1_276' title='bbox 1123 2086 1144 2108; x_wconf 83' lang='lat' dir='ltr'><strong>a</strong></span> <span class='ocrx_word' id='word_1_277' title='bbox 1168 2085 1324 2115; x_wconf 88' lang='lat' dir='ltr'><strong>munere;</strong></span> <span class='ocrx_word' id='word_1_278' title='bbox 1346 2074 1381 2107; x_wconf 91' lang='lat' dir='ltr'><strong>in</strong></span> <span class='ocrx_word' id='word_1_279' title='bbox 1404 2085 1470 2119; x_wconf 91' lang='lat' dir='ltr'><strong>quo</strong></span> <span class='ocrx_word' id='word_1_280' title='bbox 1494 2085 1584 2107; x_wconf 89' lang='lat' dir='ltr'><strong>sane·</strong></span> <span class='ocrx_word' id='word_1_281' title='bbox 1597 2074 1676 2107; x_wconf 85' lang='lat' dir='ltr'><strong>fun-</strong></span> 
     </span>
     <span class='ocr_line' id='line_1_30' title="bbox 229 2119 1675 2165; baseline -0.001 -11"><span class='ocrx_word' id='word_1_282' title='bbox 229 2122 337 2165; x_wconf 84' lang='lat' dir='ltr'><strong>gendo</strong></span> <span class='ocrx_word' id='word_1_283' title='bbox 370 2120 439 2154; x_wconf 88' lang='lat' dir='ltr'><strong>fide</strong></span> <span class='ocrx_word' id='word_1_284' title='bbox 471 2119 595 2165; x_wconf 88' lang='lat' dir='ltr'><strong>optima</strong></span> <span class='ocrx_word' id='word_1_285' title='bbox 626 2119 864 2165; x_wconf 79' lang='lat' dir='ltr'><strong>diligentiaque</strong></span> <span class='ocrx_word' id='word_1_286' title='bbox 886 2132 1012 2155; x_wconf 84' lang='lat' dir='ltr'><strong>summa</strong></span> <span class='ocrx_word' id='word_1_287' title='bbox 1034 2121 1256 2160; x_wconf 82' lang='lat' dir='ltr'><strong>versabatur,</strong></span> <span class='ocrx_word' id='word_1_288' title='bbox 1292 2119 1373 2152; x_wconf 82' lang='lat' dir='ltr'><strong>nihil</strong></span> <span class='ocrx_word' id='word_1_289' title='bbox 1394 2131 1461 2152; x_wconf 90' lang='lat' dir='ltr'><strong>non</strong></span> <span class='ocrx_word' id='word_1_290' title='bbox 1485 2119 1675 2164; x_wconf 85' lang='lat' dir='ltr'><strong>experiens,</strong></span> 
     </span>
     <span class='ocr_line' id='line_1_31' title="bbox 229 2165 1677 2211; baseline -0.001 -11"><span class='ocrx_word' id='word_1_291' title='bbox 229 2167 310 2200; x_wconf 84' lang='lat' dir='ltr'><strong>nihil</strong></span> <span class='ocrx_word' id='word_1_292' title='bbox 333 2166 417 2200; x_wconf 84' lang='lat' dir='ltr'><strong>tanti</strong></span> <span class='ocrx_word' id='word_1_293' title='bbox 441 2165 586 2208; x_wconf 85' lang='lat' dir='ltr'><strong>ducens,</strong></span> <span class='ocrx_word' id='word_1_294' title='bbox 610 2166 698 2210; x_wconf 86' lang='lat' dir='ltr'><strong>quod</strong></span> <span class='ocrx_word' id='word_1_295' title='bbox 720 2177 782 2210; x_wconf 90' lang='lat' dir='ltr'><strong>pro</strong></span> <span class='ocrx_word' id='word_1_296' title='bbox 805 2177 866 2211; x_wconf 88' lang='lat' dir='ltr'><strong>spe</strong></span> <span class='ocrx_word' id='word_1_297' title='bbox 888 2165 1091 2211; x_wconf 83' lang='lat' dir='ltr'><strong>assequendi</strong></span> <span class='ocrx_word' id='word_1_298' title='bbox 1113 2165 1288 2210; x_wconf 82' lang='lat' dir='ltr'><strong>legationis</strong></span> <span class='ocrx_word' id='word_1_299' title='bbox 1311 2176 1393 2199; x_wconf 80' lang='lat' dir='ltr'><strong>suae</strong></span> <span class='ocrx_word' id='word_1_300' title='bbox 1415 2165 1510 2210; x_wconf 86' lang='lat' dir='ltr'><strong>scopi</strong></span> <span class='ocrx_word' id='word_1_301' title='bbox 1531 2165 1677 2199; x_wconf 85' lang='lat' dir='ltr'><strong>libenter</strong></span> 
     </span>
     <span class='ocr_line' id='line_1_32' title="bbox 228 2210 1675 2257; baseline -0.001 -12"><span class='ocrx_word' id='word_1_302' title='bbox 228 2212 357 2257; x_wconf 79' lang='lat' dir='ltr'><strong>pacisci</strong></span> <span class='ocrx_word' id='word_1_303' title='bbox 380 2216 566 2246; x_wconf 83' lang='lat' dir='ltr'><strong>recusaret.</strong></span> <span class='ocrx_word' id='word_1_304' title='bbox 611 2212 654 2245; x_wconf 83' lang='lat' dir='ltr'><strong>ad</strong></span> <span class='ocrx_word' id='word_1_305' title='bbox 677 2223 718 2245; x_wconf 87' lang='lat' dir='ltr'><strong>ea</strong></span> <span class='ocrx_word' id='word_1_306' title='bbox 740 2223 841 2256; x_wconf 82' lang='lat' dir='ltr'><strong>porro</strong></span> <span class='ocrx_word' id='word_1_307' title='bbox 863 2213 1025 2246; x_wconf 88' lang='lat' dir='ltr'><strong>ecclesiae</strong></span> <span class='ocrx_word' id='word_1_308' title='bbox 1049 2217 1184 2245; x_wconf 80' lang='lat' dir='ltr'><strong>nostrae</strong></span> <span class='ocrx_word' id='word_1_309' title='bbox 1205 2221 1364 2255; x_wconf 83' lang='lat' dir='ltr'><strong>proceres</strong></span> <span class='ocrx_word' id='word_1_310' title='bbox 1385 2211 1419 2244; x_wconf 89' lang='lat' dir='ltr'><strong>in</strong></span> <span class='ocrx_word' id='word_1_311' title='bbox 1435 2211 1523 2244; x_wconf 89' lang='lat' dir='ltr'><strong>hunc</strong></span> <span class='ocrx_word' id='word_1_312' title='bbox 1545 2210 1675 2244; x_wconf 84' lang='lat' dir='ltr'><strong>modum</strong></span> 
     </span>
     <span class='ocr_line' id='line_1_33' title="bbox 230 2255 1674 2303; baseline -0.001 -13"><span class='ocrx_word' id='word_1_313' title='bbox 230 2257 500 2302; x_wconf 64' lang='lat' dir='ltr'><strong>respondebant„</strong></span> <span class='ocrx_word' id='word_1_314' title='bbox 534 2257 732 2290; x_wconf 85' lang='lat' dir='ltr'><strong>“honestam</strong></span> <span class='ocrx_word' id='word_1_315' title='bbox 756 2269 837 2291; x_wconf 84' lang='lat' dir='ltr'><strong>sane</strong></span> <span class='ocrx_word' id='word_1_316' title='bbox 861 2269 901 2291; x_wconf 81' lang='lat' dir='ltr'><strong>ac</strong></span> <span class='ocrx_word' id='word_1_317' title='bbox 923 2257 1134 2303; x_wconf 79' lang='lat' dir='ltr'><strong>expetibilem</strong></span> <span class='ocrx_word' id='word_1_318' title='bbox 1157 2269 1273 2301; x_wconf 81' lang='lat' dir='ltr'><strong>pacem</strong></span> <span class='ocrx_word' id='word_1_319' title='bbox 1297 2268 1391 2298; x_wconf 83' lang='lat' dir='ltr'><strong>esse,</strong></span> <span class='ocrx_word' id='word_1_320' title='bbox 1414 2257 1489 2301; x_wconf 85' lang='lat' dir='ltr'><strong>quis</strong></span> <span class='ocrx_word' id='word_1_321' title='bbox 1511 2256 1575 2289; x_wconf 86' lang='lat' dir='ltr'><strong>hoc</strong></span> <span class='ocrx_word' id='word_1_322' title='bbox 1597 2255 1674 2301; x_wconf 90' lang='lat' dir='ltr'><strong>qui-</strong></span> 
     </span>
     <span class='ocr_line' id='line_1_34' title="bbox 229 2301 1675 2347; baseline 0 -12"><span class='ocrx_word' id='word_1_323' title='bbox 229 2303 304 2335; x_wconf 85' lang='lat' dir='ltr'><strong>dem</strong></span> <span class='ocrx_word' id='word_1_324' title='bbox 327 2303 457 2346; x_wconf 70' lang='lat' dir='ltr'><strong>neget?</strong></span> <span class='ocrx_word' id='word_1_325' title='bbox 478 2303 676 2347; x_wconf 83' lang='lat' dir='ltr'><strong>praesertim</strong></span> <span class='ocrx_word' id='word_1_326' title='bbox 699 2302 787 2336; x_wconf 86' lang='lat' dir='ltr'><strong>inter</strong></span> <span class='ocrx_word' id='word_1_327' title='bbox 809 2303 968 2337; x_wconf 84' lang='lat' dir='ltr'><strong>ecclesias</strong></span> <span class='ocrx_word' id='word_1_328' title='bbox 990 2305 1074 2337; x_wconf 86' lang='lat' dir='ltr'><strong>adeo</strong></span> <span class='ocrx_word' id='word_1_329' title='bbox 1099 2303 1305 2347; x_wconf 87' lang='lat' dir='ltr'><strong>conspicuas,</strong></span> <span class='ocrx_word' id='word_1_330' title='bbox 1330 2314 1483 2347; x_wconf 85' lang='lat' dir='ltr'><strong>quaeque</strong></span> <span class='ocrx_word' id='word_1_331' title='bbox 1498 2301 1588 2335; x_wconf 83' lang='lat' dir='ltr'><strong>haud</strong></span> <span class='ocrx_word' id='word_1_332' title='bbox 1611 2303 1675 2336; x_wconf 89' lang='lat' dir='ltr'><strong>du-</strong></span> 
     </span>
     <span class='ocr_line' id='line_1_35' title="bbox 228 2347 1675 2392; baseline 0.002 -12"><span class='ocrx_word' id='word_1_333' title='bbox 228 2347 285 2381; x_wconf 86' lang='lat' dir='ltr'><strong>bie</strong></span> <span class='ocrx_word' id='word_1_334' title='bbox 308 2349 453 2391; x_wconf 80' lang='lat' dir='ltr'><strong>capitum</strong></span> <span class='ocrx_word' id='word_1_335' title='bbox 475 2348 584 2382; x_wconf 78' lang='lat' dir='ltr'><strong>instar</strong></span> <span class='ocrx_word' id='word_1_336' title='bbox 607 2348 769 2383; x_wconf 86' lang='lat' dir='ltr'><strong>haberent</strong></span> <span class='ocrx_word' id='word_1_337' title='bbox 791 2348 1020 2383; x_wconf 87' lang='lat' dir='ltr'><strong>aestimatione</strong></span> <span class='ocrx_word' id='word_1_338' title='bbox 1051 2349 1302 2390; x_wconf 83' lang='lat' dir='ltr'><strong>universorum,</strong></span> <span class='ocrx_word' id='word_1_339' title='bbox 1337 2348 1397 2392; x_wconf 88' lang='lat' dir='ltr'><strong>qui</strong></span> <span class='ocrx_word' id='word_1_340' title='bbox 1430 2347 1540 2381; x_wconf 89' lang='lat' dir='ltr'><strong>ubivis</strong></span> <span class='ocrx_word' id='word_1_341' title='bbox 1563 2354 1675 2383; x_wconf 66' lang='lat' dir='ltr'><strong>terra·</strong></span> 
     </span>
     <span class='ocr_line' id='line_1_36' title="bbox 228 2393 1672 2439; baseline 0.001 -13"><span class='ocrx_word' id='word_1_342' title='bbox 228 2404 301 2426; x_wconf 90' lang='lat' dir='ltr'><strong>rum</strong></span> <span class='ocrx_word' id='word_1_343' title='bbox 333 2393 477 2436; x_wconf 84' lang='lat' dir='ltr'><strong>degunt,</strong></span> <span class='ocrx_word' id='word_1_344' title='bbox 510 2393 747 2437; x_wconf 89' lang='lat' dir='ltr'><strong>discipulorum</strong></span> <span class='ocrx_word' id='word_1_345' title='bbox 781 2394 908 2428; x_wconf 86' lang='lat' dir='ltr'><strong>Christi</strong></span> <span class='ocrx_word' id='word_1_346' title='bbox 938 2394 1099 2439; x_wconf 85' lang='lat' dir='ltr'><strong>principis</strong></span> <span class='ocrx_word' id='word_1_347' title='bbox 1128 2394 1232 2439; x_wconf 80' lang='lat' dir='ltr'><strong>pacis.</strong></span> <span class='ocrx_word' id='word_1_348' title='bbox 1285 2405 1400 2427; x_wconf 87' lang='lat' dir='ltr'><strong>verum</strong></span> <span class='ocrx_word' id='word_1_349' title='bbox 1429 2404 1546 2438; x_wconf 85' lang='lat' dir='ltr'><strong>pacem</strong></span> <span class='ocrx_word' id='word_1_350' title='bbox 1574 2393 1672 2427; x_wconf 72' lang='lat' dir='ltr'><strong>istam</strong></span> 
     </span>
     <span class='ocr_line' id='line_1_37' title="bbox 228 2438 1673 2485; baseline 0 -13"><span class='ocrx_word' id='word_1_351' title='bbox 228 2449 345 2472; x_wconf 85' lang='lat' dir='ltr'><strong>secure</strong></span> <span class='ocrx_word' id='word_1_352' title='bbox 368 2449 409 2471; x_wconf 85' lang='lat' dir='ltr'><strong>ac</strong></span> <span class='ocrx_word' id='word_1_353' title='bbox 432 2441 527 2481; x_wconf 78' lang='lat' dir='ltr'><strong>tuto,</strong></span> <span class='ocrx_word' id='word_1_354' title='bbox 559 2450 624 2471; x_wconf 92' lang='lat' dir='ltr'><strong>non</strong></span> <span class='ocrx_word' id='word_1_355' title='bbox 648 2444 759 2474; x_wconf 86' lang='lat' dir='ltr'><strong>autem</strong></span> <span class='ocrx_word' id='word_1_356' title='bbox 782 2440 1088 2485; x_wconf 84' lang='lat' dir='ltr'><strong>quomodocumque</strong></span> <span class='ocrx_word' id='word_1_357' title='bbox 1112 2439 1361 2473; x_wconf 81' lang='lat' dir='ltr'><strong>conciliandam.</strong></span> <span class='ocrx_word' id='word_1_358' title='bbox 1408 2449 1561 2483; x_wconf 85' lang='lat' dir='ltr'><strong>magnum</strong></span> <span class='ocrx_word' id='word_1_359' title='bbox 1584 2438 1673 2472; x_wconf 82' lang='lat' dir='ltr'><strong>enim</strong></span> 
     </span>
     <span class='ocr_line' id='line_1_38' title="bbox 229 2483 1672 2531; baseline -0.001 -13"><span class='ocrx_word' id='word_1_360' title='bbox 229 2483 419 2529; x_wconf 84' lang='lat' dir='ltr'><strong>impendere</strong></span> <span class='ocrx_word' id='word_1_361' title='bbox 439 2483 622 2527; x_wconf 88' lang='lat' dir='ltr'><strong>periculum</strong></span> <span class='ocrx_word' id='word_1_362' title='bbox 645 2495 665 2518; x_wconf 81' lang='lat' dir='ltr'><strong>a</strong></span> <span class='ocrx_word' id='word_1_363' title='bbox 689 2490 783 2520; x_wconf 85' lang='lat' dir='ltr'><strong>recto</strong></span> <span class='ocrx_word' id='word_1_364' title='bbox 814 2485 849 2518; x_wconf 88' lang='lat' dir='ltr'><strong>in</strong></span> <span class='ocrx_word' id='word_1_365' title='bbox 879 2487 1040 2520; x_wconf 84' lang='lat' dir='ltr'><strong>utramvis</strong></span> <span class='ocrx_word' id='word_1_366' title='bbox 1072 2489 1201 2531; x_wconf 85' lang='lat' dir='ltr'><strong>partem</strong></span> <span class='ocrx_word' id='word_1_367' title='bbox 1225 2483 1470 2519; x_wconf 84' lang='lat' dir='ltr'><strong>aberrantibus.</strong></span> <span class='ocrx_word' id='word_1_368' title='bbox 1516 2483 1604 2529; x_wconf 86' lang='lat' dir='ltr'><strong>quod</strong></span> <span class='ocrx_word' id='word_1_369' title='bbox 1627 2483 1672 2517; x_wconf 81' lang='lat' dir='ltr'><strong>ad</strong></span> 
     </span>
     <span class='ocr_line' id='line_1_39' title="bbox 228 2529 1670 2575; baseline -0.001 -13"><span class='ocrx_word' id='word_1_370' title='bbox 228 2530 315 2563; x_wconf 88' lang='lat' dir='ltr'><strong>hanc</strong></span> <span class='ocrx_word' id='word_1_371' title='bbox 337 2529 585 2563; x_wconf 80' lang='lat' dir='ltr'><strong>conventionem</strong></span> <span class='ocrx_word' id='word_1_372' title='bbox 618 2530 738 2564; x_wconf 85' lang='lat' dir='ltr'><strong>mutari</strong></span> <span class='ocrx_word' id='word_1_373' title='bbox 769 2543 790 2565; x_wconf 83' lang='lat' dir='ltr'><strong>a</strong></span> <span class='ocrx_word' id='word_1_374' title='bbox 819 2531 915 2565; x_wconf 89' lang='lat' dir='ltr'><strong>nobis</strong></span> <span class='ocrx_word' id='word_1_375' title='bbox 943 2532 1066 2575; x_wconf 88' lang='lat' dir='ltr'><strong>vultis,</strong></span> <span class='ocrx_word' id='word_1_376' title='bbox 1100 2542 1166 2564; x_wconf 89' lang='lat' dir='ltr'><strong>non</strong></span> <span class='ocrx_word' id='word_1_377' title='bbox 1199 2541 1315 2564; x_wconf 87' lang='lat' dir='ltr'><strong>recens</strong></span> <span class='ocrx_word' id='word_1_378' title='bbox 1339 2535 1398 2563; x_wconf 90' lang='lat' dir='ltr'><strong>aut</strong></span> <span class='ocrx_word' id='word_1_379' title='bbox 1421 2540 1508 2563; x_wconf 91' lang='lat' dir='ltr'><strong>nunc</strong></span> <span class='ocrx_word' id='word_1_380' title='bbox 1530 2529 1670 2573; x_wconf 88' lang='lat' dir='ltr'><strong>primum</strong></span> 
     </span>
     <span class='ocr_line' id='line_1_40' title="bbox 229 2573 1672 2621; baseline 0 -14"><span class='ocrx_word' id='word_1_381' title='bbox 229 2574 360 2609; x_wconf 86' lang='lat' dir='ltr'><strong>institui</strong></span> <span class='ocrx_word' id='word_1_382' title='bbox 383 2573 523 2618; x_wconf 85' lang='lat' dir='ltr'><strong>contigit</strong></span> <span class='ocrx_word' id='word_1_383' title='bbox 545 2586 566 2608; x_wconf 83' lang='lat' dir='ltr'><strong>a</strong></span> <span class='ocrx_word' id='word_1_384' title='bbox 589 2575 704 2617; x_wconf 90' lang='lat' dir='ltr'><strong>nobis,</strong></span> <span class='ocrx_word' id='word_1_385' title='bbox 737 2577 859 2621; x_wconf 84' lang='lat' dir='ltr'><strong>quibus</strong></span> <span class='ocrx_word' id='word_1_386' title='bbox 882 2577 956 2611; x_wconf 90' lang='lat' dir='ltr'><strong>ideo</strong></span> <span class='ocrx_word' id='word_1_387' title='bbox 979 2577 1053 2610; x_wconf 87' lang='lat' dir='ltr'><strong>iure</strong></span> <span class='ocrx_word' id='word_1_388' title='bbox 1074 2576 1276 2621; x_wconf 83' lang='lat' dir='ltr'><strong>impingatur</strong></span> <span class='ocrx_word' id='word_1_389' title='bbox 1300 2575 1423 2609; x_wconf 87' lang='lat' dir='ltr'><strong>crimen</strong></span> <span class='ocrx_word' id='word_1_390' title='bbox 1445 2578 1504 2608; x_wconf 79' lang='lat' dir='ltr'><strong>aut</strong></span> <span class='ocrx_word' id='word_1_391' title='bbox 1527 2585 1672 2619; x_wconf 85' lang='lat' dir='ltr'><strong>usurpa-</strong></span> 
     </span>
     <span class='ocr_line' id='line_1_41' title="bbox 232 2618 1672 2666; baseline -0.001 -12"><span class='ocrx_word' id='word_1_392' title='bbox 232 2626 290 2654; x_wconf 86' lang='lat' dir='ltr'><strong>tae</strong></span> <span class='ocrx_word' id='word_1_393' title='bbox 313 2618 434 2654; x_wconf 83' lang='lat' dir='ltr'><strong>audaci</strong></span> <span class='ocrx_word' id='word_1_394' title='bbox 456 2619 608 2654; x_wconf 82' lang='lat' dir='ltr'><strong>novitate</strong></span> <span class='ocrx_word' id='word_1_395' title='bbox 630 2621 678 2654; x_wconf 89' lang='lat' dir='ltr'><strong>rei</strong></span> <span class='ocrx_word' id='word_1_396' title='bbox 705 2633 805 2665; x_wconf 85' lang='lat' dir='ltr'><strong>quam</strong></span> <span class='ocrx_word' id='word_1_397' title='bbox 828 2634 922 2656; x_wconf 91' lang='lat' dir='ltr'><strong>nemo</strong></span> <span class='ocrx_word' id='word_1_398' title='bbox 946 2623 1037 2666; x_wconf 86' lang='lat' dir='ltr'><strong>prius</strong></span> <span class='ocrx_word' id='word_1_399' title='bbox 1060 2623 1297 2663; x_wconf 79' lang='lat' dir='ltr'><strong>attentaverit,</strong></span> <span class='ocrx_word' id='word_1_400' title='bbox 1321 2625 1381 2655; x_wconf 85' lang='lat' dir='ltr'><strong>aut</strong></span> <span class='ocrx_word' id='word_1_401' title='bbox 1402 2620 1591 2654; x_wconf 79' lang='lat' dir='ltr'><strong>obstinatae</strong></span> <span class='ocrx_word' id='word_1_402' title='bbox 1614 2631 1672 2653; x_wconf 87' lang='lat' dir='ltr'><strong>re-</strong></span> 
     </span>
     <span class='ocr_line' id='line_1_42' title="bbox 228 2665 1670 2712; baseline 0.001 -13"><span class='ocrx_word' id='word_1_403' title='bbox 228 2665 410 2700; x_wconf 83' lang='lat' dir='ltr'><strong>cusationis</strong></span> <span class='ocrx_word' id='word_1_404' title='bbox 433 2676 473 2699; x_wconf 88' lang='lat' dir='ltr'><strong>eo</strong></span> <span class='ocrx_word' id='word_1_405' title='bbox 496 2665 657 2699; x_wconf 88' lang='lat' dir='ltr'><strong>redeundi</strong></span> <span class='ocrx_word' id='word_1_406' title='bbox 679 2666 737 2698; x_wconf 91' lang='lat' dir='ltr'><strong>ubi</strong></span> <span class='ocrx_word' id='word_1_407' title='bbox 760 2670 858 2702; x_wconf 84' lang='lat' dir='ltr'><strong>antea</strong></span> <span class='ocrx_word' id='word_1_408' title='bbox 881 2680 1033 2702; x_wconf 86' lang='lat' dir='ltr'><strong>eramus:</strong></span> <span class='ocrx_word' id='word_1_409' title='bbox 1057 2668 1116 2702; x_wconf 87' lang='lat' dir='ltr'><strong>sed</strong></span> <span class='ocrx_word' id='word_1_410' title='bbox 1139 2668 1202 2701; x_wconf 89' lang='lat' dir='ltr'><strong>viri</strong></span> <span class='ocrx_word' id='word_1_411' title='bbox 1225 2667 1336 2712; x_wconf 87' lang='lat' dir='ltr'><strong>magni</strong></span> <span class='ocrx_word' id='word_1_412' title='bbox 1357 2665 1495 2707; x_wconf 86' lang='lat' dir='ltr'><strong>virtute,</strong></span> <span class='ocrx_word' id='word_1_413' title='bbox 1517 2665 1670 2700; x_wconf 80' lang='lat' dir='ltr'><strong>doctrina</strong></span> 
     </span>
     <span class='ocr_line' id='line_1_43' title="bbox 226 2710 1670 2756; baseline 0 -12"><span class='ocrx_word' id='word_1_414' title='bbox 226 2710 413 2756; x_wconf 84' lang='lat' dir='ltr'><strong>sapientes,</strong></span> <span class='ocrx_word' id='word_1_415' title='bbox 441 2710 508 2745; x_wconf 87' lang='lat' dir='ltr'><strong>ista</strong></span> <span class='ocrx_word' id='word_1_416' title='bbox 531 2711 668 2744; x_wconf 86' lang='lat' dir='ltr'><strong>multum</strong></span> <span class='ocrx_word' id='word_1_417' title='bbox 691 2710 781 2745; x_wconf 86' lang='lat' dir='ltr'><strong>inter</strong></span> <span class='ocrx_word' id='word_1_418' title='bbox 800 2723 837 2746; x_wconf 92' lang='lat' dir='ltr'><strong>se</strong></span> <span class='ocrx_word' id='word_1_419' title='bbox 860 2718 1008 2748; x_wconf 81' lang='lat' dir='ltr'><strong>tractata</strong></span> <span class='ocrx_word' id='word_1_420' title='bbox 1030 2713 1274 2748; x_wconf 84' lang='lat' dir='ltr'><strong>constituerunt</strong></span> <span class='ocrx_word' id='word_1_421' title='bbox 1295 2713 1329 2746; x_wconf 88' lang='lat' dir='ltr'><strong>in</strong></span> <span class='ocrx_word' id='word_1_422' title='bbox 1351 2712 1438 2745; x_wconf 84' lang='lat' dir='ltr'><strong>hunc</strong></span> <span class='ocrx_word' id='word_1_423' title='bbox 1459 2711 1610 2752; x_wconf 84' lang='lat' dir='ltr'><strong>modum,</strong></span> <span class='ocrx_word' id='word_1_424' title='bbox 1634 2716 1670 2745; x_wconf 84' lang='lat' dir='ltr'><strong>et</strong></span> 
     </span>
     <span class='ocr_line' id='line_1_44' title="bbox 225 2756 1671 2801; baseline 0.001 -12"><span class='ocrx_word' id='word_1_425' title='bbox 225 2756 390 2800; x_wconf 86' lang='lat' dir='ltr'><strong>dogmatis</strong></span> <span class='ocrx_word' id='word_1_426' title='bbox 412 2767 536 2790; x_wconf 84' lang='lat' dir='ltr'><strong>summa</strong></span> <span class='ocrx_word' id='word_1_427' title='bbox 558 2756 743 2790; x_wconf 83' lang='lat' dir='ltr'><strong>constantia</strong></span> <span class='ocrx_word' id='word_1_428' title='bbox 762 2759 897 2791; x_wconf 88' lang='lat' dir='ltr'><strong>tenendi</strong></span> <span class='ocrx_word' id='word_1_429' title='bbox 921 2760 968 2792; x_wconf 87' lang='lat' dir='ltr'><strong>eis</strong></span> <span class='ocrx_word' id='word_1_430' title='bbox 992 2759 1226 2794; x_wconf 86' lang='lat' dir='ltr'><strong>auctoritatem</strong></span> <span class='ocrx_word' id='word_1_431' title='bbox 1249 2757 1447 2791; x_wconf 85' lang='lat' dir='ltr'><strong>indiderunt.</strong></span> <span class='ocrx_word' id='word_1_432' title='bbox 1495 2757 1585 2801; x_wconf 89' lang='lat' dir='ltr'><strong>quod</strong></span> <span class='ocrx_word' id='word_1_433' title='bbox 1608 2768 1671 2790; x_wconf 87' lang='lat' dir='ltr'><strong>au-</strong></span> 
     </span>
     <span class='ocr_line' id='line_1_45' title="bbox 223 2801 1670 2847; baseline 0.001 -13"><span class='ocrx_word' id='word_1_434' title='bbox 223 2806 291 2835; x_wconf 84' lang='lat' dir='ltr'><strong>tem</strong></span> <span class='ocrx_word' id='word_1_435' title='bbox 313 2801 391 2835; x_wconf 90' lang='lat' dir='ltr'><strong>inde</strong></span> <span class='ocrx_word' id='word_1_436' title='bbox 412 2805 562 2836; x_wconf 88' lang='lat' dir='ltr'><strong>secutum</strong></span> <span class='ocrx_word' id='word_1_437' title='bbox 594 2805 665 2840; x_wconf 78' lang='lat' dir='ltr'><strong>est,</strong></span> <span class='ocrx_word' id='word_1_438' title='bbox 696 2806 735 2836; x_wconf 78' lang='lat' dir='ltr'><strong>ut</strong></span> <span class='ocrx_word' id='word_1_439' title='bbox 769 2803 935 2837; x_wconf 88' lang='lat' dir='ltr'><strong>contentio</strong></span> <span class='ocrx_word' id='word_1_440' title='bbox 966 2804 1001 2838; x_wconf 89' lang='lat' dir='ltr'><strong>in</strong></span> <span class='ocrx_word' id='word_1_441' title='bbox 1034 2805 1124 2838; x_wconf 82' lang='lat' dir='ltr'><strong>rixas</strong></span> <span class='ocrx_word' id='word_1_442' title='bbox 1155 2802 1344 2837; x_wconf 82' lang='lat' dir='ltr'><strong>immodicas</strong></span> <span class='ocrx_word' id='word_1_443' title='bbox 1374 2806 1584 2847; x_wconf 86' lang='lat' dir='ltr'><strong>erumperet,</strong></span> <span class='ocrx_word' id='word_1_444' title='bbox 1607 2813 1670 2836; x_wconf 87' lang='lat' dir='ltr'><strong>nec</strong></span> 
     </span>
     <span class='ocr_line' id='line_1_46' title="bbox 223 2845 1669 2895; baseline 0.001 -15"><span class='ocrx_word' id='word_1_445' title='bbox 223 2845 289 2892; x_wconf 88' lang='lat' dir='ltr'><strong>ipsi</strong></span> <span class='ocrx_word' id='word_1_446' title='bbox 314 2847 508 2891; x_wconf 84' lang='lat' dir='ltr'><strong>voluerunt,</strong></span> <span class='ocrx_word' id='word_1_447' title='bbox 541 2851 577 2882; x_wconf 83' lang='lat' dir='ltr'><strong>et</strong></span> <span class='ocrx_word' id='word_1_448' title='bbox 607 2847 704 2893; x_wconf 82' lang='lat' dir='ltr'><strong>culpa</strong></span> <span class='ocrx_word' id='word_1_449' title='bbox 727 2846 798 2882; x_wconf 87' lang='lat' dir='ltr'><strong>eius</strong></span> <span class='ocrx_word' id='word_1_450' title='bbox 830 2848 936 2883; x_wconf 89' lang='lat' dir='ltr'><strong>omnis</strong></span> <span class='ocrx_word' id='word_1_451' title='bbox 958 2849 1124 2895; x_wconf 85' lang='lat' dir='ltr'><strong>imperitis</strong></span> <span class='ocrx_word' id='word_1_452' title='bbox 1156 2853 1191 2883; x_wconf 85' lang='lat' dir='ltr'><strong>et</strong></span> <span class='ocrx_word' id='word_1_453' title='bbox 1214 2848 1394 2882; x_wconf 83' lang='lat' dir='ltr'><strong>audacibus</strong></span> <span class='ocrx_word' id='word_1_454' title='bbox 1418 2847 1507 2883; x_wconf 79' lang='lat' dir='ltr'><strong>ultra</strong></span> <span class='ocrx_word' id='word_1_455' title='bbox 1529 2849 1583 2882; x_wconf 80' lang='lat' dir='ltr'><strong>fas</strong></span> <span class='ocrx_word' id='word_1_456' title='bbox 1604 2847 1669 2882; x_wconf 82' lang='lat' dir='ltr'><strong>hae</strong></span> 
     </span>
    </p>
   </div>
  </div>
 </body>
</html>
