1884 3262
258 198 356 244 430
674 197 909 241 GEORGII
927 194 1289 244 ‘PACHYMERIS

257 309 437 364 πατέρας
465 312 523 365 τῷ
556 310 669 351 παιδὶ
699 309 948 364 παρέχουσα.
1019 307 1213 359 ὑπόπτως
1243 312 1287 354 δὲ
1309 316 1367 370 τῷ
1390 310 1721 372 Σφεντισθλάβῳ

259 381 324 421 καὶ
346 380 436 419 λίαν
458 376 607 431 ἔχουσα
619 408 632 428 ,
670 376 846 435 δεσπότῃ
872 395 915 432 γε
947 376 1056 430 ὅντι,
1104 376 1357 421 ὖποποιεΐται
1389 382 1432 423 δὲ
1453 383 1598 431 δολίως
1621 382 1722 424 ἐκεΐ-

258 458 353 488 νον·
391 445 442 487 τοὶ
464 445 542 500 γὰρ
565 449 638 487 τοῦ
666 448 980 488 Κωνσταντίνου
1011 446 1200 496 ἀσθενῶς
1224 446 1388 501 ἔχοντος
1408 448 1528 491 ἐποίει
1548 454 1721 491 τοιαῦτα

259 512 567 565 κατασκευάζειν
586 516 675 569 περὶ
695 518 754 572 τῷ
773 516 885 556 παιδὶ
906 516 1131 558 δειλιῶσαν.
1202 515 1402 570 πέμψασα
1428 520 1548 570 γοῦν,
1585 515 1721 572 ὅρκοις

206 597 237 631 Β
260 582 318 636 μὴ
354 582 642 634 ἐπιβουλεῦσαί
668 582 706 624 οἱ
728 614 741 633 ,
790 585 922 625 πείθει
955 583 1258 637 παραγενέσθαι
1281 583 1351 625 τὸν
1381 585 1754 639 Σφεντίσθλαβονό

257 650 361 706 παρ’
387 648 528 704 αὐτήν.
598 648 683 692 ὅδὲ
698 657 783 700 τοῖς
811 650 945 705 ὅρκοις
970 649 1190 705 θαρρήσας
1213 653 1267 700 εἷς
1300 651 1507 706 Τέρνοβον
1526 645 1617 706 ἧκε,
1655 655 1722 695 καὶ

257 719 337 773 ἤδη
360 715 631 773 παρηβηκότα
651 719 925 761 υἷοποιεΐσθαι
945 719 1074 772 ἠξίου.
1127 721 1193 761 καὶ
1216 719 1264 773 δὴ
1289 719 1358 761 ἐπ’
1380 721 1591 774 ἐκκλησίας
1610 738 1722 775 περι-

259 791 400 843 φανῶς
419 792 470 843 τῇ
494 788 643 845 Μαρίᾳ
672 787 820 836 ἐκεῖνος
848 787 1134 842 υἶοπεποίητο·
1169 787 1272 841 μετὰ
1301 787 1379 842 γὰρ
1405 787 1478 837 τὰς
1497 792 1569 830 τοῦ
1588 787 1723 843 ἱερέως

259 854 452 905 ἐντεύξεις
484 857 550 897 καὶ
580 855 630 897 τὰ
668 854 733 896 ἐπ’
772 855 916 904 αὐταῖς
944 860 1086 911 φῶτα,
1137 857 1363 909 διασχοῦσα
1401 855 1472 898 τὸν
1503 855 1723 910 ἐπενδύτην

260 923 386 980 ἄμφω
408 923 581 978 Μιχαὴλ
599 925 663 965 καὶ
684 925 1026 979 Σφεντίσθλαρὀν
1043 922 1145 978 παρ’
1167 922 1336 977 ἑκάτερα
1354 928 1436 966 τῶν
1453 923 1580 978 αὐτῆς
1594 923 1720 979 ἀγκα-
1733 931 1776 964 10

258 997 339 1035 λῶν
370 993 522 1043 ἐτίθει,
572 993 637 1033 καὶ
670 996 899 1034 συνθεσιῶν
929 992 1151 1046 γενομένων
1182 990 1376 1034 ἀπελύετο
1398 991 1467 1034 ἐπ’
1499 991 1612 1034 οἴκου
1633 992 1722 1041 υἱὸς

212 1071 243 1105 C
267 1060 505 1115 κεκλημένος
525 1064 598 1114 τῆς
617 1063 698 1102 τῶν
727 1058 970 1115 Βουλγάρων
990 1062 1204 1112 δεσποίνης
1222 1059 1326 1113 μετὰ
1351 1059 1523 1114 Μιχαὴλ
1543 1057 1564 1102 ὅ
1587 1063 1722 1116 Σφεν-

260 1131 504 1182 τίσθλαβος.
575 1127 688 1170 οὔπω
710 1127 836 1177 πολὺς
867 1126 1015 1183 χρόνος
1048 1128 1118 1182 τὴν
1139 1128 1338 1170 υἱοποιίαν
1358 1128 1617 1182 παρεμέτρει,
1654 1129 1722 1169 καὶ

262 1196 556 1251 δολιευσαμένη
583 1197 722 1238 κτείνει
748 1194 774 1250 ἡ
815 1198 943 1249 δῆθεν
975 1194 1112 1250 μήτηρ
1144 1196 1215 1238 τὸν
1249 1196 1524 1238 υἷοποιεῖσθαι
1555 1193 1720 1238 πιστεύ-

261 1283 406 1308 σαντα.
477 1264 572 1306 ἀλλ’
593 1262 619 1318 ἡ
639 1266 746 1316 Δίκη
770 1263 846 1317 οὐχ
867 1262 1002 1317 ὥσπερ
1023 1264 1122 1312 ἔθος
1141 1263 1245 1319 αὐτῇ
1266 1263 1316 1305 τὰ
1338 1263 1471 1306 πολλοὶ
1490 1265 1717 1317 κατημέλει,
1733 1272 1775 1306 15

263 1333 358 1376 ἀλλ’
386 1333 531 1391 ἄνιστᾷ
551 1331 621 1374 τὸν
653 1330 924 1386 ἔκζητήσοντα
954 1332 1000 1374 τὸ
1023 1330 1125 1384 αἷμα
1144 1336 1216 1373 τοῦ
1239 1331 1388 1381 ἀδίκως
1410 1331 1722 1387 πεφονευμένου.

209 1412 242 1447 Ι)
266 1403 331 1444 καὶ
351 1399 372 1444 ὁ
395 1399 514 1456 λόγος
534 1399 693 1442 ἄνωθεν
710 1398 900 1452 βούλεται
920 1404 1131 1454 μετελθεῖν
1155 1399 1206 1442 τὰ
1233 1404 1306 1454 τῆς
1324 1397 1555 1454 διηγήσεως.
1597 1452 1602 1457 .

210 1480 243 1514 Ε
405 1471 449 1514 3.
512 1464 592 1510 3Ην
613 1466 789 1524 ἀγρότης
817 1469 939 1511 ἐκεῖσε
969 1472 1125 1522 μισθοῦ
1146 1466 1309 1521 βόσκων
1333 1470 1521 1524 χοίρους,
1558 1463 1724 1524 Κορδὸ-

262 1542 418 1591 κουβας
440 1537 678 1592 κεκλημένος
692 1550 701 1561 ·
735 1537 849 1603 τὸδ’
876 1535 1046 1593 ὅνομαὴ
1065 1534 1268 1591 Ἑλλήνων
1283 1540 1448 1593 γλῶσσα
1469 1537 1523 1586 εἰς
1545 1534 1722 1590 λάχανον

261 1680 293 1714 ei
312 1682 391 1725 post
415 1682 574 1725 parentes
596 1680 759 1715 tribuens.
805 1678 865 1714 sed
894 1678 946 1713 his
969 1679 1057 1713 illam
1093 1679 1256 1713 intentam
1289 1678 1513 1713 conturbabat
1542 1689 1564 1712 a
1587 1677 1722 1723 Sphen-

260 1726 421 1759 tisthlabo
445 1727 586 1759 molesta
609 1726 753 1770 suspicio
767 1751 777 1768 ‚
806 1726 859 1759 ius
883 1726 1000 1770 utique
1023 1737 1088 1759 non
1121 1725 1337 1759 inverisimile
1360 1725 1402 1758 ad
1427 1725 1606 1768 Bulgariae
1629 1723 1723 1768 prin-

261 1772 410 1815 cipatum
443 1772 600 1812 habenti,
633 1783 696 1805 nec
736 1772 978 1805 contemnenda
1020 1771 1062 1805 ad
1104 1771 1139 1804 id
1180 1772 1340 1805 tuendum
1379 1770 1534 1815 potentia
1566 1769 1720 1810 subnixo,

262 1817 391 1861 quippe
414 1817 473 1861 qui
496 1817 640 1860 despota
662 1817 728 1850 iam
753 1823 862 1858 esset3
886 1829 992 1862 quare
1015 1816 1175 1861 optimum
1197 1817 1327 1860 putavit
1349 1816 1434 1850 dolis
1453 1815 1544 1848 illum
1568 1814 1720 1858 aggredi,

262 1868 443 1906 praetextu
466 1863 595 1896 fraudis
618 1863 762 1896 indidem
786 1869 919 1907 sumpto
943 1863 1031 1896 unde
1054 1873 1156 1896 causa
1178 1862 1245 1906 ipsi
1270 1873 1330 1906 pro
1354 1872 1458 1906 puero
1489 1860 1627 1894 timendi
1649 1870 1720 1893 ma-

261 1908 316 1942 ior
340 1913 437 1946 erat,
467 1920 487 1941 e
511 1909 626 1942 morbo
660 1908 822 1942 videlicet
856 1908 947 1951 regis
978 1911 1013 1940 et
1044 1907 1108 1940 viri
1140 1908 1191 1940 sui
1224 1905 1438 1941 Constantini
1465 1905 1538 1939 sine
1568 1916 1630 1949 spe
1658 1905 1721 1938 de-

263 1952 462 1988 cumbentis.
509 1953 614 1987 mittit
648 1965 729 1997 ergo
764 1958 875 1987 certos
907 1953 1053 1986 homines
1087 1952 1131 1986 ad
1163 1952 1494 1997 Sphentisthlabum‚
1534 1951 1591 1995 qui
1624 1954 1721 1996 post-

263 2010 364 2044 quam
388 1998 584 2032 iuramentis
608 1999 640 2032 ei
674 2010 775 2043 quam
799 1998 1056 2042 religiosissimis
1079 1999 1230 2031 sincerae
1261 1998 1295 2031 in
1327 1998 1436 2042 ipsum
1459 1996 1591 2030 Mariae
1615 1997 1720 2030 bene-

265 2044 437 2079 volentiae
460 2045 560 2078 fidem
585 2044 807 2089 plenissimam
826 2046 1006 2087 fecissent,
1040 2055 1139 2088 quam
1173 2043 1390 2077 blandissime
1421 2045 1582 2086 rogarent
1603 2041 1720 2075 venire

266 2092 310 2124 ad
333 2091 442 2135 ipsam
465 2101 508 2123 ne
530 2095 741 2134 gravaretur.
789 2100 969 2136 persuasus
999 2090 1056 2123 ille
1087 2101 1129 2123 ac
1161 2089 1268 2123 fretus
1297 2088 1458 2132 religione
1490 2087 1719 2129 iurisiurandi,

265 2136 461 2170 Teruobuln
484 2147 522 2170 se
546 2138 687 2169 confert.
735 2148 797 2170 nec
825 2136 871 2170 ibi
905 2140 1104 2180 aspernatus
1126 2146 1228 2169 senex
1252 2146 1395 2169 annosus
1425 2139 1479 2167 est
1499 2132 1675 2167 ridiculam
1697 2144 1720 2166 a.

265 2186 361 2216 tanto
384 2181 506 2215 iuniori
527 2182 650 2215 femina
671 2182 818 2216 oblatam
841 2181 1073 2226 adoptionem,
1102 2192 1189 2225 quae
1211 2182 1351 2215 fratrem
1372 2179 1484 2220 illum,
1517 2184 1554 2212 et
1584 2178 1718 2224 quidem

266 2228 447 2268 minorem,
469 2228 601 2261 faceret
630 2228 759 2272 pueruli
792 2228 960 2262 lactentis.
1006 2237 1061 2260 res
1094 2227 1203 2272 palam
1234 2226 1268 2260 in
1301 2226 1445 2260 ecclesia
1475 2224 1648 2258 celebrata
1669 2223 1719 2258 sic

265 2278 331 2307 est.
378 2277 456 2316 post
482 2273 647 2307 adhibitos
670 2285 691 2307 a
722 2273 898 2307 sacerdote
929 2273 1093 2306 solemnes
1124 2273 1157 2305 in
1180 2272 1304 2306 talibus
1327 2281 1487 2305 occursus
1511 2269 1720 2304 benedictio-

264 2329 325 2352 nes
349 2322 384 2351 et
407 2318 493 2351 ritus
517 2323 690 2359 caeteros,
719 2330 838 2363 magno
871 2318 1037 2352 allucente
1070 2317 1227 2351 funalium
1261 2329 1418 2358 numero,
1450 2315 1559 2350 Maria
1589 2314 1718 2359 regium

265 2364 428 2397 diducens
452 2364 586 2408 pallium
611 2366 726 2398 ambos
747 2366 823 2398 hinc
845 2371 949 2409 atque
974 2365 1050 2397 inde
1072 2363 1159 2397 ulnis
1184 2363 1347 2404 admovit,
1379 2361 1579 2396 Michaelem
1602 2359 1718 2406 pusio-

265 2420 342 2444 nem
369 2420 410 2442 ac
432 2421 544 2443 senem
578 2410 910 2455 Sphentisthlabum3
941 2423 961 2444 e
992 2410 1112 2454 quibus
1147 2409 1200 2443 hic
1231 2410 1266 2443 in
1297 2410 1384 2443 hunc
1417 2407 1547 2442 modum
1578 2405 1718 2440 foedere

266 2454 416 2496 sancito,
448 2454 577 2489 domum
608 2457 723 2490 retulit
752 2467 871 2491 novum
906 2455 1040 2489 titulum
1075 2455 1135 2489 filii
1165 2455 1318 2488 dominae
1349 2455 1574 2498 Bulgarorum
1603 2463 1625 2486 a
1646 2450 1718 2484 Mi·

267 2501 384 2534 chaele
408 2511 512 2544 puero
536 2502 683 2534 secundi.
729 2513 794 2536 non
817 2502 954 2536 multum
979 2502 1022 2534 ab
1045 2501 1109 2534 hac
1132 2501 1312 2546 adoptione
1334 2505 1465 2544 tempus
1489 2500 1716 2542 processerat,

267 2557 341 2579 cum
364 2545 624 2579 circumventum
646 2547 793 2587 insidiis,
828 2560 868 2581 eo
898 2547 1030 2581 facilius
1061 2547 1152 2591 quod
1183 2558 1204 2581 a
1226 2546 1292 2580 sibi
1325 2545 1473 2580 cavendo
1496 2542 1620 2576 fiducia
1641 2552 1718 2575 eum

268 2603 378 2633 novae
399 2594 595 2624 contractae
619 2593 872 2626 necessitudinis
895 2595 1087 2633 averterat,
1121 2594 1257 2637 egregia
1281 2596 1387 2625 mater
1410 2591 1604 2633 adoptatum
1627 2586 1718 2620 occi-

269 2637 330 2671 dit.
379 2639 415 2670 at
437 2636 549 2670 divina
571 2636 702 2671 iustitia
724 2650 790 2671 non
813 2649 881 2682 qna
904 2640 992 2672 solet
1013 2637 1046 2671 in
1071 2637 1240 2682 plerisque
1272 2636 1438 2691 patientia
1460 2632 1599 2668 sceleris
1619 2632 1718 2666 huius

268 2693 410 2727 poenam
443 2682 585 2717 distulit.
632 2683 744 2716 statim
774 2684 936 2717 excitavit
966 2683 1025 2729 qui
1057 2683 1254 2726 sanguinem
1275 2682 1376 2728 impie
1405 2679 1496 2716 caesi
1518 2678 1719 2723 requireret.

270 2728 366 2763 cuius
391 2732 531 2762 eventus
553 2729 702 2762 narratio
724 2729 825 2773 paulo
847 2729 947 2762 altius
971 2729 1156 2773 repetenda
1179 2735 1242 2765 est.

361 2774 396 2809 3.
443 2774 531 2808 Erat
552 2773 587 2808 iu
618 2774 660 2808 iis
693 2774 848 2819 partibus
881 2774 1026 2809 rusticus
1060 2774 1194 2819 quidam
1225 2772 1380 2808 mercede
1410 2780 1531 2816 porcos
1564 2778 1720 2813 pascens,

271 2819 489 2855 Cordocubas
512 2819 723 2866 appellatus,
750 2819 804 2855 cui
832 2819 910 2854 voci
931 2830 1008 2854 cum
1037 2819 1202 2866 quaedam
1223 2819 1350 2855 inesset
1371 2828 1435 2853 usu
1456 2815 1628 2862 popularis
1649 2813 1719 2848 iuic
