1884 3262
267 200 370 247 536
670 195 980 241 OBSERVAT.
1011 195 1322 242 PACHYMER.

270 309 415 362 liquias
450 305 737 360 particularum
774 304 1124 344 eucharisticarum
1161 305 1296 357 pueris
1326 305 1534 359 baptizatis
1565 318 1719 344 consu-

271 365 433 406 mendas
464 364 569 402 dare.
624 362 703 400 hoc
728 361 831 399 idem
856 368 893 399 et
918 361 1164 427 Nicephmus
1189 361 1372 400 Callistus
1401 363 1501 401 Hist.
1526 363 1634 402 Eccl.
1663 364 1715 404 17

274 436 308 460 c.
327 419 380 462 25
408 425 576 458 testatur
598 417 661 456 his
689 418 838 457 verbis:
870 417 966 465 ἔθος
990 412 1230 470 κεκράτηκεν
1250 417 1291 458 ἐκ
1309 421 1459 458 πολλοῦ
1474 421 1533 484 τῇ
1545 418 1718 471 βασιλίδι

273 480 354 518 τῶν
383 472 555 524 πόλεων,
586 473 642 522 αἷς
668 473 830 515 ἕπειδαν
854 469 956 514 πολύ
982 489 1018 514 τι
1046 476 1125 513 τῶν
1151 475 1323 525 μερίδων
1341 475 1416 514 τοῦ
1435 470 1630 544 ἄχραντον
1648 472 1716 513 καὶ

274 533 394 573 θείου
428 527 610 583 σώματος
639 533 714 571 τοῦ
745 530 885 584 κυρίου
915 528 983 570 καὶ
1010 532 1114 569 θεοῦ
1146 529 1214 569 καὶ
1245 532 1421 582 σωτῆρος
1445 529 1562 582 ἡμῶν
1587 526 1718 599 Ἰησοῦ

278 592 455 642 Χριστοῦ
473 587 797 638 ἐναπολειφθείη,
821 583 1141 637 μεταστέλλεσθαι
1160 601 1254 633 τους
1272 585 1398 638 ἱερέας
1415 586 1560 633 παῖδας
1578 581 1719 636 ἄφθό-

276 660 371 696 ρους
401 643 444 684 ἐκ
477 659 558 683 των
585 643 624 691 ἐς
653 639 1014 709 χαμαιδιδασκάλου
1033 637 1286 692 φοιτώντων,
1315 641 1380 681 καὶ
1403 638 1548 689 ταύτας
1565 639 1719 693 νήστεις

275 701 453 743 ἐσθίειν·
496 697 518 740 ὁ
547 697 596 751 δὴ
630 698 698 739 καὶ
726 698 813 752 ἐμοὶ
840 693 1032 746 πολλάκις
1061 696 1239 752 νεωτέρῳ
1274 699 1423 753 κομιδῇ
1449 713 1493 751 γε
1520 695 1607 738 ὄντι
1637 697 1719 738 ἐπι-

276 755 424 808 συνέβη
447 754 635 807 γενέσθαι
667 761 740 794 eto.
800 753 1043 793 consuetudo
1081 767 1109 791 a
1144 755 1271 791 multo
1305 762 1475 805 tempore
1507 754 1723 806 imperanti

277 813 371 852 urbi
387 813 502 864 suit,
532 820 579 850 ut
605 826 732 863 quum
752 811 995 863 plusculum
1015 809 1063 847 de
1079 810 1272 862 partibus·
1296 811 1554 848 immaculati
1570 809 1724 848 divini-

278 885 354 924 que
375 870 552 920 corporis·
570 867 724 906 domini
744 875 779 906 et
801 867 868 906 dei
887 875 923 905 et
944 868 1162 905 servatoris·
1182 869 1313 904 nostri
1335 866 1426 906 Iesu
1448 867 1600 905 Christi
1627 866 1724 904 reli-

279 939 413 979 quum·
439 932 560 974 esset,
591 923 814 962 sacerdotes
828 938 980 976 pueros·
997 925 1252 976 incorruptos
1270 938 1315 961 ex
1332 925 1386 961 iis
1406 925 1476 975 qui
1490 922 1550 961 ad
1561 936 1721 975 praeoe-

273 990 428 1035 ptorem
453 982 659 1033 inferiori-⁵·
681 980 772 1019 ludi
795 988 889 1019 eunt
913 987 1172 1029 accerserent,
1203 981 1277 1032 qui
1295 981 1423 1018 ieiuni
1441 980 1637 1031 reliquias·
1657 991 1724 1016 eae

278 1038 444 1077 ederent.
501 1037 610 1090 quod
633 1036 792 1089 quidem
814 1037 916 1075 milli
942 1050 1100 1088 quoque
1130 1050 1430 1087 Saepenumero,
1472 1050 1598 1088 quum
1621 1048 1726 1086 puer

279 1093 503 1133 admodum
531 1108 670 1143 essem,
701 1095 883 1146 contigit.
938 1092 1037 1130 haec
1064 1092 1267 1141 Callistus;
1308 1093 1375 1144 qui
1406 1106 1495 1130 cum
1521 1091 1726 1130 historiam

277 1151 530 1203 inscripserit
551 1150 777 1188 Andronico
806 1149 1037 1198 Palaeologo
1062 1148 1179 1186 huius
1205 1150 1332 1187 nostri
1359 1148 1560 1187 Michaelis
1580 1147 1664 1186 filio
1687 1152 1728 1185 et

279 1207 521 1256 successori,
552 1206 803 1244 manifestum
826 1211 883 1244 est
912 1218 990 1256 quo
1017 1211 1195 1256 tempore
1220 1204 1318 1242 haec
1344 1218 1443 1255 quae
1465 1217 1573 1242 nunc
1593 1208 1729 1241 narrat

278 1263 499 1315 Pachymel
500 1275 538 1300 es
557 1262 830 1312 contigerunt,
862 1261 973 1299 hunc
990 1259 1120 1298 adhuc
1136 1274 1284 1298 morem
1309 1260 1492 1310 viguisse.
1548 1260 1616 1310 qui
1633 1259 1727 1323 qui-

281 1320 372 1358 dem
394 1333 414 1356 a
433 1318 621 1370 Dionysio
643 1320 832 1370 Areopag.
856 1318 1055 1355 Clemente
1075 1316 1263 1354 Alexand.
1284 1322 1324 1354 et
1340 1317 1426 1354 aliis
1445 1314 1727 1367 antiquissimis

281 1375 460 1428 patribus
481 1374 746 1412 testimonium
773 1373 902 1414 habet.
957 1373 1066 1412 unde
1085 1373 1166 1411 eius
1186 1372 1403 1410 honorifice
1423 1372 1602 1410 meminit
1621 1372 1730 1409 Cun-

280 1432 421 1470 cilium
439 1429 712 1469 Tridentinum
732 1443 824 1468 sess.
836 1433 887 1471 21
911 1442 996 1481 cap.
1009 1429 1047 1470 4.
1091 1442 1181 1467 cum
1199 1429 1302 1467 enim
1321 1428 1558 1467 definivisset
1575 1440 1728 1480 parvu—

282 1489 345 1527 los
364 1493 454 1525 ante
471 1487 638 1526 rationis
657 1500 771 1525 usum
790 1500 871 1524 non
890 1485 1051 1536 obligari
1072 1485 1122 1523 ad
1144 1485 1437 1537 perceptionem
1459 1484 1728 1533 eucharistiae,

283 1544 384 1583 haec
403 1544 534 1582 addit:
563 1557 686 1595 neque
705 1541 792 1580 ideo
816 1550 947 1580 tamen
966 1540 1202 1579 damnanda
1226 1549 1282 1579 est
1301 1543 1553 1594 antiquitas,
1582 1542 1620 1578 si
1639 1553 1730 1578 eum

286 1614 433 1639 morem
462 1602 506 1637 in
531 1597 776 1652 quibasdam
809 1599 908 1637 locis
940 1597 1165 1650 aliquando
1192 1600 1383 1638 servavit.
1439 1605 1485 1635 ut
1509 1598 1610 1635 enim
1633 1609 1733 1634 aan-

284 1658 459 1695 ctissimi
477 1657 551 1695 illc·
573 1663 715 1708 patre-s·
733 1656 798 1693 aui
815 1656 930 1707 facti
946 1654 1198 1707 probabilem
1216 1669 1387 1692 causam
1399 1668 1476 1706 pro
1495 1654 1612 1692 illius
1631 1660 1732 1691 tem-

279 1728 360 1767 por
361 1715 398 1751 is
424 1715 578 1751 ratione
600 1713 751 1750 lcabaer
754 1718 850 1761 unt,
880 1713 940 1749 ita
972 1719 1071 1749 certe
1096 1725 1159 1748 eos·
1179 1712 1301 1749 nulla
1327 1712 1479 1748 salutis
1506 1711 1733 1748 necessitate

285 1769 509 1840 idfeeisse,
539 1771 625 1807 sine
641 1770 911 1808 controversia
930 1766 1167 1806 credendum
1182 1776 1250 1807 est.
1306 1768 1363 1806 sic
1379 1781 1489 1805 sacra
1505 1766 1696 1818 synodus.

399 1841 424 1865 α
414 1821 661 1877 ’διαφορ’
638 1840 726 1876 οτη
740 1840 760 1872 ς
787 1837 828 1876 Ρ.
850 1826 931 1866 281
952 1837 990 1862 v.
1009 1827 1048 1865 7.
1108 1824 1258 1862 dudum
1276 1830 1334 1862 est
1353 1836 1444 1862 cum
1465 1821 1731 1870 ecclesiastici,

284 1881 514 1949 praesertim
536 1880 715 1928 ascetici,
745 1879 957 1931 scriptores
975 1879 1126 1930 aliquid
1146 1880 1391 1918 innovarunt
1408 1879 1448 1916 in
1473 1878 1633 1916 notione
1654 1890 1733 1914 vo-

289 1937 347 1975 cis
378 1933 618 1990 ἀδιαφορία,
654 1950 727 1988 pro
761 1949 838 1986 qua
870 1941 1004 1973 noster
1037 1931 1333 1989 οἷδιαφορότητα
1358 1935 1436 1973 hoc
1465 1935 1556 1972 loco
1586 1932 1732 1997 posuit.

291 2007 383 2031 cum
412 1993 515 2031 enim
546 1991 773 2045 philosophi
799 1998 950 2030 veteres
975 1992 1117 2029 G1aeci
1145 1992 1192 2030 de
1221 1992 1397 2030 moribus
1422 1997 1600 2041 agentes,
1628 1989 1735 2028 inter

289 2049 440 2088 bonum
460 2055 500 2087 et
517 2050 662 2087 malum
681 2048 850 2086 medium
876 2047 1062 2099 quiddam
1081 2044 1306 2099 ἀδιάφορον
1327 2054 1538 2095 vocarent,
1568 2046 1626 2084 uti
1648 2045 1734 2083 cul-

290 2119 365 2158 pae
380 2106 435 2143 ita
457 2111 496 2143 et
515 2105 640 2144 laudis
660 2118 812 2157 expelii,
846 2103 1070 2153 Christiani,
1100 2104 1205 2142 docti
1227 2105 1329 2142 forte
1347 2103 1570 2154 evangelica
1588 2101 1735 2140 Christi

292 2162 510 2210 sententia,
544 2161 710 2201 verbum
739 2161 855 2199 etiam
887 2161 1056 2199 otiosum
1083 2161 1313 2199 reddundae
1340 2160 1486 2198 rationi
1512 2157 1735 2197 obnoxium

291 2231 373 2255 esse
398 2217 673 2266 denuntiante,
705 2214 748 2258 τὸ
765 2213 1011 2285 ἅδιαφορον
1009 2217 1108 2255 vitio
1127 2222 1424 2255 accensuerunt.
1481 2215 1590 2267 quod
1617 2227 1736 2267 prae-

291 2274 425 2311 sertim
447 2276 488 2311 in
510 2275 548 2311 S
568 2247 712 2312 Basiiio
733 2279 772 2311 et
789 2273 872 2315 aliis
892 2273 960 2324 qui
985 2269 1178 2325 οἶσκητικοέ
1201 2274 1443 2325 scripserunt
1472 2284 1631 2310 cernere
1654 2276 1733 2319 θεῖς

291 2336 415 2381 prout
442 2331 536 2367 alias
562 2329 723 2368 memini
751 2335 943 2367 annotare
976 2343 1037 2368 me
1068 2330 1118 2368 ad
1137 2330 1260 2381 Epist.
1278 2331 1317 2367 S.
1338 2329 1416 2367 Nili
1435 2341 1628 2366 cccxxxv.
1684 2338 1736 2364 ex

293 2385 371 2423 hoc
396 2399 472 2424 usu
496 2385 750 2438 pachymeres
769 2385 838 2423 hic
856 2385 1080 2425 solutiorem
1102 2400 1174 2425 nec
1192 2384 1575 2438 irreprehensibilem
1594 2381 1736 2435 agendi

291 2441 513 2480 libertatem
532 2438 826 2494 ἄδιαφορότητα
843 2443 1013 2481 vocavit.

405 2497 567 2546 αἴτιος
594 2512 632 2549 p.
649 2500 731 2540 482
752 2512 790 2537 v.
810 2501 847 2540 6.
906 2499 1013 2550 quod
1029 2498 1199 2548 theologi
1217 2496 1346 2536 Latini
1368 2495 1606 2548 frequentius
1616 2494 1737 2546 prim-

295 2555 450 2605 cipium
472 2554 670 2606 appellant
689 2554 730 2591 in
750 2554 898 2592 divinis
914 2555 1244 2607 productionibus
1265 2555 1314 2592 ad
1334 2553 1451 2600 intra,
1481 2551 1619 2590 Graeci
1641 2563 1737 2601 pas-

297 2610 369 2648 sim
393 2610 520 2650 αἴτιον
539 2616 577 2648 et
596 2610 726 2649 αἰτίαν
745 2611 895 2648 dicunt.
953 2625 1026 2653 nec
1049 2611 1288 2650 vocabulum
1309 2623 1438 2647 causa
1456 2618 1738 2658 usquequaque

298 2666 346 2703 ab
372 2679 418 2704 eo
445 2679 518 2705 usu
545 2665 740 2706 abhorret.
798 2668 834 2704 S.
851 2667 1026 2706 Hilarius
1045 2668 1093 2706 de
1111 2667 1253 2706 Trinit.
1270 2667 1336 2705 lib.
1359 2669 1408 2708 11
1437 2669 1588 2716 Pttrem
1618 2666 1738 2700 V00⁸t

299 2735 469 2778 causam
493 2723 724 2761 nativitatis
737 2723 840 2773 filii.
900 2729 940 2760 et
966 2724 1033 2763 lib.
1055 2727 1129 2770 12,
1157 2736 1273 2774 agens
1297 2722 1347 2760 de
1374 2718 1621 2771 generatione
1651 2717 1737 2766 filii,

299 2786 336 2816 et
361 2792 405 2816 ex
435 2792 582 2829 causa,
610 2778 765 2829 inquit,
787 2779 968 2829 perfecta
992 2786 1114 2830 atque
1145 2777 1425 2816 indemutabili
1446 2788 1639 2824 nascens,
1667 2787 1739 2811 ne-

299 2848 401 2873 cesae
419 2842 477 2873 est
494 2849 540 2874 ex
553 2848 683 2873 eausa
699 2835 742 2872 in
762 2847 911 2872 causae
930 2836 1062 2886 ipsius·
1071 2837 1318 2887 proprietate
1332 2838 1540 2872 nascatur.
1596 2832 1637 2871 S.
1650 2829 1739 2869 Au·-
