1884 3262
414 200 489 243 DE
520 199 796 243 MICHAELE
826 200 1202 252 PALAEOLOGO
1235 202 1282 246 L.
1310 200 1387 248 IV.
1519 203 1618 250 329

165 309 404 368 ράχθησαν,
442 313 681 369 ἀγνοοῦντες
703 314 750 357 τὸ
773 315 925 371 δρᾶμα.
992 311 1084 357 τότε
1101 316 1244 366 ,τοίνυν
1261 317 1530 370 συμμίξαντες
1552 315 1618 360 ἕν-

165 385 242 423 θεν
269 381 343 435 μὲν
376 381 416 424 οἳ
445 383 534 438 περὶ
554 371 625 425 τόν
641 380 818 437 Ῥιμψᾶν
839 382 1000 439 Πέρσαι
1009 415 1024 435 ,
1056 383 1161 426 πολὺ
1180 385 1225 427 δὲ
1243 384 1290 427 τὸ
1307 382 1530 439 Ῥωμαϊκὸν
1550 387 1618 428 καὶ

166 449 205 490 οἶ
229 450 319 504 περὶ
349 449 420 492 τὸν
448 449 649 505 δεσπότην
668 449 902 503 κράτιστοι,
939 453 1092 494 ἐκεῖθεν
1111 453 1155 494 δὲ
1175 452 1214 494 οἱ
1231 454 1321 508 περὶ
1339 453 1410 496 τὸν
1426 452 1618 509 Ἰωάννην

162 515 307 559 Ἰταλοὶ
337 519 403 559 καὶ
432 519 470 561 οἱ
502 518 630 562 αὐτοῦ
654 520 800 562 πολλοί
815 536 857 575 γε
880 517 992 569 ὄντες
1007 521 1073 561 καὶ
1088 513 1619 578 μάχιμοισυνερρήγνυντο.

133 598 154 633 5
167 587 233 627 καὶ
253 584 526 639 συμπεσόντες
545 587 670 643 ὀλίγοι
687 587 846 637 πλείους
868 588 1022 633 ἐνίκων.
1093 588 1132 630 οἱ
1152 589 1227 641 μὲν
1247 589 1326 645 γὰρ
1352 595 1403 646 τῇ
1421 590 1517 632 κατ’
1540 590 1617 633 αὐ-

163 653 261 703 τοὺς
289 653 473 706 συντάξει
504 660 759 712 θαρροῦντες
786 655 964 710 ἀκμῆτες
1000 654 1115 705 ὄντες
1139 657 1206 698 καὶ
1239 657 1282 707 ἐξ
1310 657 1437 711 αὐτῆς
1463 659 1616 712 ἕτοιμοι

164 726 411 776 προσβαλεῖν
441 723 547 766 κατὰ
574 722 725 779 τρόπον
748 723 978 766 ἐνέπιπτον·
1009 724 1048 766 οἶ
1070 725 1114 767 δὲ
1135 729 1258 767 τοῦτο
1280 726 1355 778 μέν
1374 730 1433 783 τῷ
1453 726 1613 782 ἀπροσ-
1634 736 1668 771 D

165 788 325 848 δοκήτῳ
347 792 689 847 καταπλαγέντες,
725 796 846 835 τοῦτο
878 793 923 834 δὲ
954 793 1019 834 καὶ
1044 796 1208 847 πλῆθος
1235 791 1462 847 σύμμικτον
1488 794 1616 848 ὄντες,

165 858 206 899 ἓν
233 856 295 907 οἷς
322 857 473 915 ἀνάγκη
506 861 576 902 καί
600 877 714 909 τινας
739 862 806 902 καὶ
829 859 942 916 παρὰ
959 860 1005 903 τὸ
1022 860 1154 917 χρεών
1178 861 1393 918 ὀρρωδεῖν,
1430 861 1618 913 ἀτάκτως

111 937 154 969 10
165 927 231 967 καὶ
259 924 315 976 ὦς
345 927 392 968 οὗ
421 928 536 982 σφίσι
562 932 818 983 θαρροῦντες
845 926 1057 983 ἐμάχοντο,
1129 931 1196 971 καὶ
1225 929 1338 979 τέλος
1358 934 1434 984 τῆς
1451 929 1617 986 πρώτης

163 991 372 1050 φάλαγγος
406 996 643 1050 ἐκλυθείσης
681 996 725 1038 αἱ
759 994 928 1038 κατόπιν
963 997 1004 1038 ἐν
1042 996 1090 1038 οὐ
1121 995 1423 1052 προσηκούσαις
1452 1001 1617 1048 δειλίαις

163 1057 268 1114 ἦσαν
280 1094 294 1114 ,
330 1064 396 1106 καὶ
427 1062 777 1119 συνεταράσσοντο
803 1063 908 1106 καθ’
931 1061 1082 1113 αὖτοὺς
1099 1064 1400 1120 θορυβούμενοι
1412 1099 1426 1118 ,
1460 1069 1526 1108 καὶ
1545 1085 1616 1121 μι-

161 1129 258 1184 κρὸν
288 1129 660 1181 ὂπισθοποδοῦντες
688 1132 802 1182 τέλος
823 1134 877 1181 εἷς
898 1133 1031 1188 φυγὴν
1049 1133 1229 1187 ἔβλεψαν
1239 1166 1252 1186 ,
1291 1136 1357 1176 καὶ
1375 1134 1446 1177 τὸν
1466 1133 1612 1190 πρότε-
1634 1142 1666 1176 Ε

163 1214 235 1253 ρον
254 1195 276 1240 ὅ
294 1198 416 1241 ἐπιὼν
433 1198 666 1254 κατηπόδει,
702 1200 868 1257 κάκείνῳ
892 1199 1014 1250 ἄλλος
1033 1203 1266 1256 προσέπαιε,
1303 1204 1369 1244 καὶ
1390 1201 1497 1246 οὕτω
1518 1220 1617 1258 συγ-

110 1274 151 1310 15
157 1266 356 1320 χυθέντες
385 1266 608 1310 ἇπεδύοντο
635 1269 709 1322 μὲν
739 1269 792 1310 τὰ
826 1268 931 1310 ὅπλα
956 1268 1132 1311 ἀπέλυον
1154 1271 1198 1312 δὲ
1219 1270 1316 1319 τους
1338 1271 1512 1322 ἰ’ππους,
1548 1273 1616 1314 καὶ

161 1332 302 1387 μόνοις
322 1337 440 1376 ποσὶν
458 1334 664 1391 ἐθάρρουν
686 1336 732 1379 τὸ
753 1334 956 1388 σώζεσθαι
969 1368 982 1388 ,
1010 1337 1142 1379 πολλὰ
1159 1342 1231 1380 τοῦ
1250 1336 1450 1382 δεσπότου
1472 1340 1519 1381 τὸ
1540 1341 1615 1393 μὲν

162 1406 431 1452 συνιστῶντος
461 1405 517 1452 εἷς
547 1402 710 1459 θάρρος
734 1404 781 1446 τὸ
818 1404 860 1446 δ’
892 1403 1174 1458 ἀπειλοῦντος,
1213 1404 1297 1448 ἔστι
1323 1405 1367 1448 δ’
1404 1401 1452 1448 οὗ
1476 1423 1518 1461 γε
1546 1408 1615 1449 καὶ

162 1468 502 1525 παροτρύνοντος.
570 1472 736 1527 ἐκλίνθη
772 1471 816 1514 δ’
849 1470 874 1526 ἦ
904 1471 1042 1527 μάχη,
1080 1471 1183 1516 εἶπεν
1213 1472 1263 1515 ἄν
1291 1490 1352 1523 τις
1382 1480 1612 1529 ποιητικῶς,

162 1539 227 1579 καὶ
247 1542 330 1580 τῶν
348 1542 421 1580 τοῦ
442 1537 638 1582 δεσπότου
661 1544 809 1597 φωνῶν
826 1538 1000 1596 ἠλόγουν
1012 1573 1026 1593 ,
1064 1543 1155 1598 περὶ
1177 1539 1325 1584 ἑαυτοῦ
1345 1544 1613 1599 τετρεμαίνων

252 1668 284 1703 2.
305 1667 392 1714 τόν]
415 1670 486 1705 τοῦ
506 1669 547 1705 Ρ.
684 1670 718 1705 5.
739 1667 890 1714 ἐνίκων]
913 1669 1059 1707 ἐκείνων
1081 1672 1120 1708 P.

161 1782 227 1827 ipsi
258 1781 407 1828 undique
438 1782 613 1817 obsidione
644 1782 954 1828 circumcingerent.
1000 1783 1042 1818 ad
1064 1784 1207 1830 primam
1234 1784 1340 1830 igitur
1361 1786 1614 1832 impressionem

160 1839 200 1861 re
228 1827 387 1863 videlicet
414 1828 682 1874 inopinatissima
711 1830 858 1875 perculsi
886 1829 1083 1875 turbatique
1113 1831 1221 1865 nostri
1243 1843 1357 1866 omnes
1379 1838 1476 1867 sunt:
1507 1838 1616 1868 stete-

159 1878 240 1907 runt
261 1877 372 1908 tamen
394 1874 430 1909 iu
453 1875 553 1908 armis
577 1875 702 1909 Persae
725 1876 787 1910 sub
811 1874 1012 1920 Rimpsane,
1045 1887 1168 1920 magna
1200 1888 1280 1922 pars
1305 1878 1445 1913 Romani
1480 1879 1614 1913 exerci-

159 1923 238 1960 tus,
270 1919 306 1953 in
330 1919 446 1964 primis
467 1931 549 1954 vero
572 1921 715 1955 Ioannes
745 1921 888 1965 despota
911 1933 984 1955 cum
1009 1922 1202 1956 fortissimis
1222 1934 1370 1958 suorum.
1416 1924 1451 1959 in
1474 1925 1535 1959 bos
1558 1925 1614 1959 in-

159 1970 278 1999 vectus
300 1964 369 1999 dux
391 1966 535 2000 Ioannes
557 1978 631 2000 cum
654 1967 725 2000 suis
746 1967 864 2010 Italis,
895 1966 1046 2012 plurimis
1069 1974 1104 2002 et
1125 1968 1208 2014 ipsis
1230 1980 1397 2015 manuque
1428 1971 1614 2016 promptis-

160 2009 273 2052 simis,
302 2011 464 2055 praelium
486 2011 650 2046 commisit
671 2023 752 2047 acre
775 2024 816 2047 ac
838 2019 1033 2057 cruentum,
1057 2025 1123 2059 quo
1146 2014 1288 2048 Romani
1311 2016 1354 2050 ab
1377 2016 1474 2051 Italis
1498 2018 1614 2061 plures

160 2067 182 2089 a
213 2056 427 2100 paucioribus
457 2059 555 2102 plane
585 2057 668 2092 victi
701 2064 790 2094 sunt.
836 2070 912 2092 nam
935 2058 968 2092 hi
991 2059 1197 2094 confirmatis
1219 2060 1358 2103 animis,
1397 2062 1515 2095 ordine
1538 2073 1613 2095 ser-

159 2105 260 2143 vato,
291 2103 397 2136 fortes
430 2102 498 2148 ipsi
531 2104 774 2149 exercitatique
799 2105 1036 2148 congressibus
1063 2106 1213 2146 bellicis,
1244 2108 1356 2151 parati
1388 2118 1426 2140 re
1459 2107 1610 2151 provisa,

161 2145 357 2191 disciplinae
378 2148 631 2195 industriaeque
651 2150 720 2184 vim
743 2149 966 2184 admiscentes
994 2151 1241 2185 ineluctabilem
1263 2152 1407 2186 ruebant
1427 2152 1462 2186 in
1487 2153 1610 2186 adver-
1646 2151 1650 2156 '

161 2201 228 2227 sos.
273 2192 323 2225 illi
351 2193 491 2237 primum
523 2206 622 2229 casus
654 2196 806 2230 novitate
837 2195 996 2237 attoniti,
1030 2196 1149 2231 deinde
1172 2200 1211 2230 ut
1231 2197 1352 2240 vulgus
1374 2209 1394 2230 e
1417 2197 1512 2231 vario
1547 2198 1609 2231 mi-

160 2242 248 2271 stum
280 2248 404 2281 genere
433 2241 519 2274 male
554 2241 790 2283 cohaerentes,
823 2253 886 2276 nec
914 2243 964 2276 ita
986 2242 1066 2276 lecti
1101 2253 1214 2276 omnes
1240 2248 1280 2275 ut
1301 2254 1367 2276 non
1389 2243 1479 2277 inter
1501 2244 1610 2277 fortes

160 2282 275 2326 ignavi
298 2283 434 2327 quidam
458 2285 597 2319 horrore
618 2286 760 2331 periculi
783 2291 965 2321 trementes
995 2288 1213 2332 incomposite
1236 2294 1425 2332 pugnarent
1446 2291 1482 2322 et
1503 2288 1608 2323 diffisi

159 2329 394 2371 praesentibus
424 2331 549 2364 tutiora
583 2331 896 2378 circumspicerent,
930 2334 1179 2368 succubuerunt
1201 2332 1243 2366 ad
1266 2339 1461 2368 extremum.
1507 2346 1609 2379 porro

160 2373 229 2407 ista
253 2375 420 2418 phalange
442 2376 554 2419 priore
576 2377 739 2423 dissipata
762 2380 959 2424 fractaque,
993 2379 1051 2424 qui
1082 2385 1174 2412 retro
1206 2378 1242 2412 in
1269 2379 1425 2414 subsidiis
1455 2381 1607 2423 stabant,

160 2418 316 2463 pudendo
348 2420 497 2465 correpti
528 2426 636 2464 metu,
673 2425 844 2458 confusam
866 2431 902 2458 et
922 2423 1233 2458 tumultuabundam
1255 2428 1425 2470 utcunque
1447 2425 1610 2460 obiicien-

161 2468 216 2497 tes
238 2465 361 2507 aciem,
384 2467 497 2500 statim
519 2467 624 2511 pedes
646 2469 853 2512 retulerunt,
876 2469 973 2503 initio
997 2481 1071 2503 cum
1093 2469 1236 2523 quadam
1259 2471 1386 2505 ordinis
1409 2482 1510 2513 cura,
1533 2483 1612 2506 mox

160 2509 270 2544 effuso
297 2515 428 2546 temere
455 2523 724 2557 quoquoversum
753 2515 880 2561 impetu
912 2514 1086 2549 trudentes
1107 2514 1251 2550 invicem
1272 2516 1552 2562 incurrentesque
1574 2518 1609 2551 in

158 2565 236 2590 sese
268 2561 402 2599 mutuo,
437 2557 515 2591 dum
549 2563 770 2604 praevertere
801 2561 1058 2605 praecedentem
1094 2561 1261 2607 posterior
1293 2563 1420 2597 studet.
1464 2563 1610 2608 denique

158 2599 224 2634 iam
249 2602 442 2637 confusione
465 2604 686 2649 praevalente
708 2616 771 2650 pro
793 2618 831 2640 se
852 2605 996 2652 quisque
1016 2617 1111 2641 arma
1133 2619 1274 2650 exuere,
1297 2619 1402 2654 equos
1425 2608 1609 2651 dimittere,

158 2645 304 2690 pedibus
325 2648 673 2694 salutemquaerere,
705 2651 848 2699 despota
870 2651 1004 2697 quidem
1035 2657 1218 2688 revocante
1249 2654 1294 2688 ad
1324 2654 1495 2695 officium,
1531 2654 1608 2687 hor-

157 2695 270 2732 tante,
305 2692 524 2739 increpante,
558 2695 664 2730 minas
685 2697 743 2731 ubi
766 2703 902 2731 caetera
923 2709 989 2742 non
1011 2699 1209 2743 profuerant
1240 2699 1406 2742 addente,
1438 2703 1609 2744 postremo

158 2736 246 2770 corri
271 2737 363 2773 iente
384 2752 484 2775 manu
507 2742 669 2788 quosdam
692 2747 727 2776 et
748 2741 785 2777 in
807 2744 935 2777 hostem
955 2749 1122 2779 vertente.
1146 2746 1276 2780 frustra
1297 2745 1426 2780 omnia:
1449 2744 1609 2780 inclinata

157 2792 248 2816 seme
269 2807 281 2824 ,
311 2790 350 2818 ut
371 2786 507 2830 poetice
529 2787 605 2832 quis
628 2787 777 2830 dixerit,
808 2800 942 2834 pugna,
972 2794 1063 2824 metu
1085 2790 1245 2825 videlicet
1268 2789 1432 2836 lymphati
1456 2801 1500 2824 ne
1529 2801 1611 2826 sen-

157 2827 223 2861 tire
245 2829 380 2873 quidem
401 2843 503 2867 voces
524 2833 710 2879 despota,
743 2834 864 2870 nedum
894 2846 1017 2871 curare
1039 2835 1265 2880 videbantur,
1298 2837 1341 2872 ad
1364 2836 1430 2871 sibi
1451 2836 1607 2883 privatim
