1846 3262
407 203 482 247 DE
518 201 799 245 MICHAELE
832 197 1210 242 PALAEOLOGO
1238 197 1290 239 L.
1329 195 1384 240 Π.
1527 195 1623 241 155

153 324 273 374 θεοῦ,
310 317 356 370 ὃς
374 317 458 362 οἶδε
478 318 544 360 καὶ
562 316 637 371 τὴν
656 317 711 367 εἷς
731 315 918 358 κίνδυνον
937 312 1204 368 νομιζομένην
1222 316 1386 355 κεῖσθαι
1404 307 1625 368 φυλάττειν
1647 317 1678 351 Β

153 388 391 448 ἀφύλακτον
415 383 566 439 οὖσαν,
604 387 671 428 καὶ
697 384 770 439 τὴν
793 385 974 438 ῗσχυροΐς
998 380 1183 432 ὁπλίταις
1211 380 1484 438 ὠχυρωμένην
1507 381 1627 436 ἐγκα-

154 460 356 503 ταλείπειν
383 459 440 507 εἷς
468 463 607 510 χεῖρας
640 455 798 497 πίπτειν
828 456 911 494 τῶν
941 453 1158 504 πολεμίων.
1227 451 1278 493 τὸ·
1307 450 1384 507 γὰρ
1406 449 1539 492 πολλοὶ
1560 450 1628 492 καὶ

155 525 313 584 μεγάλα
346 523 794 583 πραγματευσαμένους
820 522 910 577 περὶ
939 520 1092 574 αὐτῆς,
1130 521 1197 562 καὶ
1223 519 1292 570 διὰ
1315 517 1528 562 τοσούτων
1553 536 1627 561 πε-

124 596 415 653 5ραιωθέντας
447 597 612 645 δεινῶν,
653 592 782 647 μηδὲν
820 587 999 641 ε”ξανύειν
1029 590 1364 638 πολλαπλασίους
1391 587 1515 638 ’ὄντας
1544 592 1629 631 τῶν

156 663 420 710 ἐνοικούντων
433 697 446 717 ,
480 660 708 711 δεικνύντος
734 663 838 703 θεοῦ
866 655 915 713 ἦν
947 656 1002 708 ὥς
1030 657 1146 714 ἔργον
1169 658 1320 700 ἐκείνου
1345 659 1411 700 καὶ
1432 656 1561 711 μόνου
1586 658 1629 707 ἐξ

157 736 295 784 ἐλέους
314 734 428 776 ἔσται
446 732 493 775 τὸ
518 734 676 782 δοῦναι,
697 723 744 772 οὗ
770 728 820 784 δὴ
839 729 906 771 καὶ
927 730 975 771 τό
1002 730 1142 781 λαβεῖν
1164 725 1410 770 ἐπιστεύετο.
1467 726 1629 783 ἔφθασε

157 806 294 848 τοίνυν
319 801 344 857 ἦ
372 807 446 858 τῆς
475 800 767 855 εὖσπλαγχνίας
795 799 940 853 κυρία,
979 798 1046 839 καὶ
1067 797 1202 849 ξένον,
1241 794 1359 851 ἡμῶν
1385 793 1631 849 βασιλευόν-

159 891 242 917 των
269 876 354 915 nav
383 872 444 921 τίς
472 869 522 912 ἂν
544 869 646 912 εἴποι
671 866 833 924 ἀγαθὸν
858 864 1047 920 ἐχόντων.
1114 867 1181 908 καὶ
1201 865 1251 920 δὴ
1271 865 1521 922 εὐχαριστεῖν
1543 866 1628 907 ἐστὶ
1653 870 1684 906 C

107 951 150 983 10
163 929 638 993 da'naaov'o’mozassdvtag
668 936 743 991 τὴν
770 937 973 991 πατρίδα,
1012 935 1084 978 καί
1101 952 1144 991 γε
1166 935 1358 988 ἐλπίζειν,
1396 933 1534 990 ὥσπερ
1554 952 1631 976 κα-

160 1007 418 1064 ταπεσούσης
442 1005 596 1061 ταύτης
621 1005 944 1061 συγκατίπιπτον
972 1004 1026 1047 τὰ
1050 1002 1194 1056 λοιπά,
1228 1003 1358 1053 οὕτως
1381 1003 1631 1059 ἄνακληθεί-

161 1096 237 1135 σης
264 1078 393 1132 αὐτῆς
423 1076 497 1120 οὐκ
525 1076 632 1118 ἔστιν
662 1073 775 1124 ὅπως
798 1074 872 1116 οὐκ
893 1071 1264 1128 ἀνακληθήσεσθαι
1286 1077 1432 1116 ταῦτα.
1502 1071 1529 1127 ἡ
1551 1071 1630 1128 γὰρ

161 1149 394 1203 παλίμπους
422 1143 705 1201 περιστήσεται
738 1144 852 1199 δίκη,
899 1144 967 1185 καὶ
996 1147 1160 1186 πολλῶν
1187 1145 1281 1199 πρὶν
1310 1143 1631 1199 φρυαττομένων

163 1216 326 1271 αὐχένες
361 1214 463 1277 (σὺν
484 1218 571 1272 θεῷ
591 1211 799 1269 εἰρήσθω)
836 1211 1276 1266 καθυποκλιθήσονται
1297 1211 1401 1268 πρὸς
1420 1211 1468 1254 τὸ
1490 1228 1632 1254 ταπει-

110 1296 152 1332 15
165 1284 343 1342 νότερον.
413 1283 445 1326 εἶ
475 1284 550 1337 μὲν
580 1278 652 1326 οἶν
687 1282 724 1325 οἱ
753 1282 923 1337 πατέρες
948 1279 1067 1336 ἡμῶν
1103 1280 1177 1323 οὐκ
1210 1279 1317 1324 εἶδον
1347 1281 1396 1323 τὸ
1429 1285 1503 1323 τοῦ
1527 1283 1633 1323 θεοῦ

163 1356 298 1407 ἔλεος,
337 1352 433 1396 ἀλλ’
464 1350 560 1406 ἡμῖν
589 1353 689 1394 ἰδεῖν
719 1352 902 1406 γέγονεν,
939 1351 1044 1400 υἱοῖς
1061 1351 1220 1393 ἐκείνων
1238 1367 1280 1406 γε
1304 1345 1441 1393 οὖσιν·
1478 1349 1526 1392 οὗ
1555 1349 1634 1405 γὰρ

163 1419 401 1482 προσώποις
422 1421 527 1464 ἀλλὰ
545 1420 696 1476 γένεσιν
712 1420 752 1470 ἐς
771 1419 822 1462 τὰ
841 1417 1021 1475 μάλιστα
1042 1420 1109 1462 καὶ
1130 1418 1204 1473 τὴν
1222 1418 1450 1476 εὐεργεσίαν
1468 1420 1536 1462 καὶ
1557 1417 1633 1473 τὴν
1654 1426 1687 1461 D

256 1556 290 1592 7.
314 1552 358 1590 τὸ
383 1553 541 1599 δοῦναι]
565 1553 634 1589 τοῦ
657 1552 692 1589 δ.
719 1552 760 1587 Ρ.
898 1552 933 1586 9.
957 1550 1035 1598 τίς]
1062 1552 1101 1588 τί
1122 1551 1206 1592 trs?

166 1674 274 1707 natos
297 1680 395 1713 esse,
434 1668 493 1703 dei
523 1668 677 1714 profecto
713 1666 922 1712 potissimum
950 1679 1035 1714 opus
1071 1670 1146 1711 est,
1182 1667 1242 1713 qui
1265 1665 1362 1702 novit
1385 1668 1420 1700 et
1446 1665 1636 1711 periclitari

163 1717 293 1758 visam,
327 1720 500 1760 utcunque
533 1714 730 1748 destitutam
758 1713 953 1759 praesidio,
987 1714 1159 1748 custodire
1192 1713 1389 1755 civitatem,
1425 1718 1462 1747 et
1493 1713 1637 1747 eandem

166 1761 381 1797 validissimis
413 1764 619 1796 armatorum
650 1760 823 1794 defensam
855 1760 1070 1803 cohortibus,
1103 1760 1138 1794 in
1167 1771 1286 1795 manus
1320 1758 1465 1794 bostium
1498 1760 1638 1794 tradere

165 1820 240 1844 cum
264 1809 359 1844 libet.
408 1819 484 1842 nam
509 1807 603 1852 quod
624 1818 733 1851 nuper
757 1806 922 1850 contigit,
954 1811 994 1841 ut
1025 1806 1164 1841 eandem
1187 1818 1250 1841 nos
1273 1806 1390 1840 urbem
1414 1805 1560 1840 traiecto
1583 1810 1638 1840 tot

164 1855 336 1891 aerumnis
359 1857 394 1888 et
417 1854 590 1888 laboribus
623 1853 713 1887 freto
739 1852 955 1887 validissimis
978 1857 1015 1888 et
1037 1853 1182 1887 omnium
1213 1853 1286 1887 eius
1309 1852 1494 1887 incolarum
1518 1852 1637 1897 ingen-

165 1907 235 1936 tem
265 1901 348 1935 licet
378 1899 623 1934 multitudinem
654 1910 793 1933 numero
815 1901 916 1944 longe
939 1899 1180 1945 superantibus
1202 1904 1440 1946 oppugnantes
1463 1898 1571 1944 copiis
1597 1910 1638 1933 re

165 1947 296 1982 infecta
328 1947 489 1981 recedere
525 1957 743 1991 cogeremur,
777 1945 857 1991 quid
888 1945 981 1980 aliud
1012 1947 1079 1981 suit
1111 1958 1212 1992 quam
1234 1946 1290 1980 dei
1312 1945 1493 1980 admonitio
1518 1945 1636 1980 decla-

165 1994 275 2029 rantis
309 2005 405 2028 suum
436 1993 470 2027 id
502 1992 605 2026 solius
636 2003 721 2037 opus
755 2003 831 2026 esse
860 2003 943 2026 suae
983 1993 1241 2028 misericordiae
1278 1998 1511 2033 reservatum,
1551 1992 1636 2026 dare

167 2041 304 2086 quando
328 2045 364 2074 et
386 2040 441 2087 cui
465 2038 663 2083 dignabitur
684 2042 815 2072 tantum
845 2038 937 2073 istud
970 2039 1073 2074 decus
1095 2040 1213 2084 regiae
1235 2039 1490 2084 recuperandae
1513 2038 1637 2072 civita-

166 2087 226 2121 tis.
272 2086 372 2120 istius
395 2097 476 2130 ergo
500 2085 557 2119 diu
582 2084 774 2130 suspiratae
795 2085 1048 2120 misericordiae
1070 2090 1270 2120 momentum
1294 2097 1375 2120 ecce
1393 2096 1482 2119 nunc
1498 2085 1636 2119 beatum

169 2137 206 2167 et
228 2134 405 2167 fortunata
428 2131 502 2166 dies
523 2131 653 2172 illuxit,
676 2131 793 2173 nobis,
817 2132 906 2177 quod
931 2132 1050 2166 mirum
1073 2138 1145 2174 est,
1167 2132 1436 2178 imperantibus,
1470 2131 1530 2176 qui
1553 2130 1636 2164 nihil

167 2179 205 2212 in
228 2178 324 2212 nobis
346 2178 426 2213 boni
449 2179 660 2222 agnoscimus
683 2190 750 2223 quo
773 2183 904 2212 tantum
927 2179 1128 2213 beneficium
1152 2190 1367 2214 mereremur.
1414 2188 1521 2223 quare
1542 2181 1636 2210 totos

169 2236 232 2259 nos
255 2224 291 2259 in
314 2225 503 2269 gratiarum
526 2224 679 2258 actiones
703 2224 879 2258 effundere
901 2224 1027 2260 iustum
1050 2230 1104 2260 est
1126 2229 1267 2271 recepta
1290 2225 1422 2271 patria;
1457 2225 1511 2258 sas
1535 2223 1636 2257 etiam

169 2281 331 2315 sperare,
365 2270 454 2304 sicut
485 2281 527 2304 ea
562 2270 728 2316 quondam
761 2271 905 2305 cadente
935 2277 1073 2307 caetera
1095 2271 1171 2317 pari
1194 2271 1289 2306 ruina
1315 2270 1554 2312 conciderunt,
1587 2269 1637 2303 ita.

169 2317 287 2350 eadem
318 2316 354 2350 in
384 2315 566 2361 pristinum
596 2317 694 2350 modo
723 2321 887 2352 revocata
910 2323 1037 2353 statum
1058 2318 1189 2363 reliqua
1216 2317 1370 2352 similiter
1392 2328 1480 2362 quae
1503 2315 1638 2350 afflicta

169 2364 308 2397 fuerant
338 2362 373 2395 in
404 2363 573 2396 fortunam
605 2362 818 2398 restituenda
853 2364 1033 2406 meliorem.
1079 2376 1156 2398 nam
1180 2363 1329 2398 divinum
1361 2374 1423 2398 nos
1454 2366 1637 2408 protegens

170 2409 380 2454 iniuriasque
403 2408 499 2442 nobis
521 2409 633 2442 factas
657 2409 820 2444 ulciscens
841 2409 1021 2453 iudicium,
1053 2411 1143 2456 quod
1167 2421 1188 2444 a
1210 2409 1337 2444 nostris
1360 2409 1459 2456 quasi
1481 2409 1638 2454 partibus

170 2454 334 2489 deficiens
361 2465 422 2489 nos
446 2454 639 2489 deseruisse
661 2455 865 2498 videbatur,
899 2457 1020 2491 iterum
1044 2469 1087 2491 ex
1111 2458 1175 2491 hoc
1197 2456 1363 2502 principio
1393 2456 1461 2490 vim
1484 2467 1579 2490 suam
1601 2454 1637 2488 in

170 2504 322 2536 nostrum
351 2501 574 2546 patrocinium
609 2511 715 2546 seque
748 2503 868 2536 favens
891 2514 932 2537 ac
954 2503 1138 2549 propitium
1168 2506 1306 2537 nostrae
1329 2513 1454 2537 causae
1476 2501 1641 2546 adiungit.

171 2558 281 2592 quare
305 2546 452 2593 plurium
473 2546 616 2581 istorum
638 2558 700 2581 nos
723 2549 871 2594 superbe
893 2549 989 2594 prius
1013 2549 1269 2595 despicientium
1291 2549 1370 2583 illae
1392 2548 1520 2584 arduae
1542 2548 1641 2582 indo-

170 2593 344 2638 mitaeque
368 2593 520 2628 cervices
548 2592 630 2638 (dei
653 2595 764 2628 fretus
787 2594 914 2629 auxilio
937 2596 986 2629 sic
1008 2596 1153 2641 loquor)
1183 2596 1385 2641 frangentur
1406 2594 1642 2629 inflectentur-

170 2650 259 2685 que,
290 2639 396 2673 velint
417 2639 544 2682 nolint,
577 2639 613 2673 in
636 2639 877 2675 subiectionem
901 2641 1182 2678 demississimam.
1229 2643 1315 2677 haec
1346 2641 1494 2676 felicitas
1524 2650 1641 2675 serva-

171 2685 277 2719 batur
301 2685 422 2730 nobis,
454 2689 494 2719 ut
517 2697 581 2720 usu
604 2685 751 2731 visuque
774 2687 1005 2732 experiremur
1027 2689 1173 2734 gratiam
1197 2688 1392 2723 miserantis
1415 2687 1493 2721 dei:
1532 2685 1642 2732 patri-

170 2731 237 2766 bus
267 2731 394 2766 nostris
426 2731 516 2766 tanti
548 2733 682 2766 fructus
714 2734 830 2777 gaudii
858 2739 1003 2778 negatus
1031 2740 1104 2778 est,
1135 2735 1232 2770 nobis
1264 2734 1382 2780 utique
1413 2733 1492 2767 filiis
1525 2743 1641 2766 eorum

172 2777 307 2812 abunde
329 2789 418 2812 nunc
440 2778 676 2824 cumulateque
702 2785 990 2823 repraesentatus.
1020 2793 1086 2816 non
1110 2781 1198 2815 enim
1221 2780 1377 2827 personis
1400 2778 1553 2824 singulis,
1577 2778 1639 2812 sed

171 2823 356 2868 generibus
380 2829 494 2859 statae
518 2824 614 2859 vices
638 2824 777 2859 alternis
801 2828 1053 2863 commeantium
1076 2827 1111 2861 in
1133 2828 1242 2862 vitam
1265 2826 1434 2861 hominum
1455 2825 1640 2859 beneficio—

170 2880 246 2904 rum
277 2874 314 2905 et
344 2870 585 2918 suppliciorum
621 2870 756 2907 divinae
786 2873 1026 2920 providentiae
1055 2874 1154 2910 reddi
1185 2873 1307 2909 solent.
1350 2873 1414 2908 hoc
1435 2871 1488 2908 ita'.
1509 2872 1637 2907 factum
