1884 3262
547 213 653 255 ue,
673 211 750 258 111.
794 174 1290 256 'cHRoNOLoGICUa
1540 213 1638 259 709

179 335 254 417 pexl·
280 334 397 385 quem
425 321 628 362 invenitur
643 328 796 375 tempus
813 319 958 375 synodi
977 322 1086 362 visae
1102 327 1308 377 accuratae
1323 334 1398 374 per
1413 321 1518 360 hanc
1535 336 1633 360 ana-
1655 323 1685 357 P
1706 321 1775 357 500

253 391 392 428 ogiam.

179 440 226 473 ut
253 440 386 473 motus
410 434 529 472 lunae
554 434 663 473 visus
721 437 775 477 18
829 438 858 476 0
970 433 1021 472 ad
1041 434 1215 486 primum
1232 439 1386 486 tempus
1404 406 1632 485 parallacti-

178 489 629 598 itacgiiima4ssarai338xis
647 545 908 596 longitudinis
965 548 1017 589 21
1078 550 1106 588 0
1217 545 1267 583 ad
1286 545 1508 584 secundum
1524 551 1629 583 tem·

234 617 310 656 pus
331 603 628 655 parallacticum
684 603 738 644 53
798 605 852 654 10

179 659 278 698 adde
304 672 395 710 ergo
421 673 494 711 pro
521 657 747 696 conditione
773 657 1002 709 quadrantis
1021 657 1298 706 occidentalis,
1327 657 1370 695 in
1395 670 1473 709 quo
1494 656 1541 695 fit
1559 669 1628 709 sy-

233 716 385 765 nodus,
411 714 491 753 hoc
511 721 668 767 tempus
684 713 1116 767 prosthaphaereticum
1173 714 1226 755 53
1287 717 1338 756 10

176 826 226 865 ad
245 838 380 866 veram
399 827 594 879 synodum
1071 771 1128 869 di)
1259 769 1309 866 I11
1404 829 1460 868 22
1572 824 1627 867 58

175 883 222 922 fit
241 883 324 922 visa
341 884 517 934 synodus
537 888 718 921 accurata
736 882 830 920 Dec.
1063 885 1119 925 30
1262 886 1291 926 2
1311 902 1314 905 -
1405 885 1458 924 16
1598 886 1625 924 8

176 941 218 978 iu
236 940 454 979 meridiano
473 940 564 980 dato
585 945 677 993 post
692 938 908 979 meridiem.

679 1039 904 1078 latitudo
947 1040 1115 1080 lunae.

173 1109 283 1146 locus
300 1108 416 1146 lunae
434 1107 477 1147 in
493 1106 648 1159 synodo
664 1120 760 1146 vera
774 1106 818 1144 in
833 1107 926 1147 dato
937 1120 1023 1146 me·
1088 1110 1126 1147 S.
1242 1108 1291 1145 G.

227 1164 382 1206 ridiano
1096 1167 1123 1207 9
1239 1166 1291 1206 16
1404 1160 1459 1204 49
1572 1159 1627 1203 55

174 1220 274 1259 adde
305 1234 378 1272 pro
412 1217 640 1257 conditione
662 1219 891 1269 quadrantis
912 1219 1022 1257 occi-

229 1277 397 1315 dentalis
416 1275 622 1327 eclipticae
639 1288 775 1314 verum
795 1281 943 1313 motum
955 1275 1022 1322 lu-

227 1347 302 1371 nae
327 1331 629 1384 respondentem
657 1331 829 1371 secundo
851 1331 1022 1384 tempori

227 1388 481 1441 parallactico
1403 1387 1458 1426 26
1568 1387 1624 1425 27

171 1445 217 1483 fit
232 1447 346 1484 locus
360 1446 478 1483 lunae
497 1443 539 1482 in
559 1442 711 1495 synodo
729 1442 814 1481 visa
835 1447 1019 1481 accurata
1095 1445 1121 1482 9
1237 1443 1289 1482 17
1403 1444 1456 1482 16
1568 1443 1626 1482 22

173 1515 222 1540 ex
238 1502 317 1540 hoc
330 1501 429 1540 tolle
446 1501 580 1539 locum
598 1499 694 1538 nodi
714 1501 756 1538 Ω,
773 1513 877 1541 corr.
1094 1501 1121 1538 3
1235 1497 1289 1540 25
1428 1500 1456 1538 Ο
1597 1500 1624 1537 2

169 1564 294 1597 restat
309 1571 428 1597 verus
448 1562 581 1595 motus
598 1555 822 1594 latitudinis
1094 1553 1120 1594 5
1231 1555 1287 1594 22
1403 1555 1456 1593 16
1567 1556 1624 1594 20

170 1615 239 1666 qui
258 1615 439 1666 demptus
456 1627 477 1651 a
497 1626 568 1652 sex
584 1612 704 1663 signis
717 1613 784 1651 dat
795 1609 1019 1651 distantiam

225 1686 247 1709 a
263 1670 445 1724 proximo
462 1681 505 1719 ῖς
1258 1666 1286 1705 7
1397 1662 1453 1707 43
1565 1663 1622 1706 40

169 1728 275 1770 unde
295 1741 389 1766 vera
409 1725 581 1766 latitudo
601 1724 770 1764 borealis
791 1723 876 1764 sive
903 1736 1018 1762 arcus

221 1784 324 1822 inter
350 1788 485 1822 centra
1397 1775 1454 1818 42
1566 1778 1621 1818 31.

308 1837 595 1891 comparandae
616 1836 835 1889 parallaxes
852 1834 1074 1876 latitudinis
1090 1834 1132 1872 in
1148 1831 1364 1872 meridiano
1384 1831 1477 1870 dato

167 1896 296 1950 prima
315 1896 357 1934 in
377 1895 530 1948 synodo
549 1907 644 1932 vera
1394 1888 1449 1930 50
1590 1891 1619 1930 0

168 1953 335 1992 secunda
353 1952 396 1990 in
411 1951 563 2005 synodo
581 1950 666 1991 visa
682 1949 815 1989 minus
834 1953 1020 1988 accurata
1391 1944 1447 1986 49
1589 1946 1619 1984 0

166 2009 389 2048 differentia
1424 2003 1450 2042 1
1590 2001 1618 2040 Ο

168 2072 281 2104 motu
300 2066 548 2104 decrescente

167 2121 285 2160 tertia
306 2120 518 2173 parallaxis
536 2116 759 2157 latitudinis
775 2115 944 2154 habetur
962 2127 1036 2167 per
1053 2112 1157 2151 hanc
1174 2111 1391 2162 analogiam

168 2184 216 2215 ut
241 2177 411 2227 primum
433 2172 906 2227 tempusparallacticum
1065 2168 1119 2209 45
1232 2168 1286 2209 35

168 2233 219 2273 ad
238 2233 342 2271 hanc
361 2231 622 2271 differentiam
1094 2228 1116 2266 1
1257 2227 1284 2264 Ο
1313 2222 1394 2262 sive
1419 2225 1472 2264 60

166 2291 223 2328 ita
243 2289 459 2328 secundum
478 2294 634 2339 tempus
650 2283 948 2336 parallacticum
1061 2282 1114 2323 53
1231 2283 1282 2321 10
1293 2279 1342 2317 ad
1352 2278 1612 2318 differentiam

166 2346 318 2396 primae
337 2351 376 2383 et
393 2344 530 2383 tertiae
550 2340 760 2395 parallaxis
775 2337 998 2378 latitudinis
1094 2340 1115 2378 1
1233 2339 1285 2377 10

167 2402 272 2440 hanc
287 2399 544 2440 differentiam
603 2401 623 2438 1
686 2400 759 2446 10,
818 2395 909 2446 quia
924 2399 1055 2432 motus
1074 2393 1122 2431 fit
1139 2392 1311 2431 decresc.

167 2458 263 2496 tolle
282 2472 304 2494 a
319 2457 446 2509 prima
464 2453 657 2508 parallaxi
673 2451 897 2490 latitudinis
1064 2449 1118 2490 50
1255 2452 1291 2489 0‘

167 2520 290 2553 restat
308 2513 424 2552 tertia
440 2510 652 2565 parallaxia
668 2507 889 2547 latitudinis
1061 2506 1116 2547 48
1227 2505 1283 2546 50

169 2571 217 2608 ab
237 2570 312 2607 hac
330 2569 444 2607 tertia
461 2566 655 2620 parallaxi
671 2563 892 2603 latitudinis
1059 2560 1114 2606 48
1225 2561 1280 2603 50

168 2627 266 2665 tolle
284 2639 416 2664 veram
435 2624 705 2672 latitudinem,
733 2621 923 2661 minorem
948 2619 1013 2658 vi-

224 2682 367 2721 delicet
382 2696 403 2718 a
423 2681 570 2719 maiore
822 2688 828 2692 ’
1060 2673 1117 2718 42
1226 2675 1277 2714 31

169 2745 290 2777 restat
309 2738 393 2778 visa
411 2736 583 2776 latitudo
1084 2734 1114 2774 6
1199 2745 1207 2753 ²
1227 2731 1279 2770 19

171 2809 220 2833 ex
248 2794 395 2833 boreali
417 2795 521 2832 sacta
537 2790 717 2831 australis
734 2793 899 2841 propter
916 2800 1117 2827 excessum
1130 2784 1269 2826 tertiae
1285 2779 1496 2836 parallaxis
1513 2775 1607 2817 lati-

226 2850 371 2890 tudinis
390 2864 511 2904 supra
530 2849 654 2889 visam
672 2845 934 2885 latitudinem.
