1884 3262
721 188 824 234 LlB.
841 187 907 232 11.
946 189 1150 234 NOTAE.
1265 204 1268 205 ⁷
1415 227 1418 230 .
1555 187 1651 235 641

213 295 352 338 τοίνυν
381 311 430 338 ου
462 293 502 337 δ’
518 295 629 337 ἐλαία
653 296 712 345 τίς
729 296 834 338 ἔστιν
849 293 1239 364 ἔνοφθαλμισματων
1256 295 1492 351 ἐστερημένη
1518 293 1654 368 (ἄνοι’-

211 365 308 405 σχου
331 348 406 420 γάρ
427 368 504 404 μου
522 352 588 393 καὶ
611 350 748 405 μικρὸν
765 356 816 409 τῇ
832 356 953 408 κοινῇ
971 350 1132 421 γλώττῃ
1139 352 1430 422 χαρισαμένου)
1458 349 1530 404 ἐφ’
1550 347 1653 414 ᾗπερ

210 425 263 449 αν
281 425 301 450 ο
292 406 423 460 ἠδυς
440 410 555 458 φίλος
558 409 888 480 gynevrptcffia'y]
920 406 1174 479 πεπλήρωται
1192 407 1267 462 γιὶρ
1285 405 1441 461 ἑκάστη,
1469 408 1536 449 καὶ
1553 425 1651 462 xmp-
1674 417 1701 452 P
1723 417 1790 453 448

207 465 393 506 ποὸοτεῖν
422 480 477 512 ως
506 459 594 505 οἷόν
622 477 663 505 τε
688 463 766 517 ἠδη
802 459 1029 516 απᾶρχεται.
1085 464 1154 505 καὶ
1187 468 1310 504 ταῦτα
1341 463 1414 517 μὲν
1442 462 1491 517 δὴ
1518 468 1654 534 ταῦτα.

205 515 328 561 τᾶλλα
356 519 399 561 δὲ
427 520 494 561 καὶ
521 519 542 562 ὅ
552 518 708 590 παρών
730 522 830 572 δῆλα
851 517 984 573 θήσει
1041 520 1110 561 καὶ
1135 536 1244 568 οπως
1270 536 1369 574 απερ
1397 518 1547 591 ᾔτησας
1578 517 1653 562 om?

210 577 293 628 ἔσχε
320 573 478 630 καιρόν,
514 571 603 628 τάχ’
637 574 689 617 ἄν
724 589 787 617 σοι
813 573 1131 643 διατρανῶσαιτο.
1189 576 1338 630 ἔρρωσο
1374 576 1443 617 καὶ
1484 571 1653 630 adeona

207 634 449 685 φιλοσοφίας
469 629 624 685 ἆπασης
644 628 985 685 οἷντιποιουμενος.

206 729 311 765 super
337 719 407 754 ulla
438 722 509 759 est,
546 729 650 764 supra
672 730 771 773 quam
792 718 1003 753 inoculationi
1024 718 1117 752 locus
1145 694 1244 752 vacet
1274 716 1373 761 (sine
1394 717 1481 752 enim
1503 729 1558 754 me
1579 718 1654 754 exi-

207 773 308 810 guum
331 764 410 810 quid
433 763 567 809 linguae
590 764 752 818 comm-uni
773 764 971 808 indulgere)
989 762 1043 798 cui
1067 763 1174 797 dulcis
1197 763 1321 801 amicus
1341 763 1523 798 inseratur.
1554 764 1655 810 plena

207 811 295 844 enim
327 820 546 855 unaquaeque
578 814 654 851 est,
687 809 820 854 iamque
851 812 996 844 fructum
1030 809 1131 843 edere
1154 820 1214 854 pro
1238 819 1276 842 se
1297 808 1448 853 singulae
1469 809 1654 854 inceptant.

207 857 294 889 haec
333 855 466 900 quidem
505 855 676 888 hactenus.
734 859 870 888 caetera
898 855 1095 888 tabellarius
1126 864 1288 908 praesens
1319 858 1465 907 exponet
1499 859 1535 888 et
1566 864 1656 899 quo-

206 902 304 936 modo
336 911 425 945 quae
454 900 632 945 postulasti
655 900 936 944 opportunitatem
959 911 1026 933 non
1048 899 1253 942 invenerint,
1287 898 1405 944 utique
1427 899 1470 934 ad
1493 899 1655 944 liquidum

206 947 384 981 edisseret.
429 945 505 979 vale
549 950 584 979 et
625 946 711 979 bono
742 946 851 980 ιιιιίιιιο
881 945 1034 980 incumbe
1063 944 1100 979 ιιι
1130 922 1253 979 duduni
1286 948 1421 990 captum
1451 944 1495 980 ad
1527 955 1656 980 omnem

205 989 448 1042 philosophiam
468 990 637 1036 impetum.

317 1107 350 1132 c.
371 1095 436 1136 19.
493 1091 617 1130 Valde
643 1092 800 1130 videtur
827 1091 1047 1130 notandum
1076 1091 1268 1129 somnium
1285 1086 1361 1128 hoc
1379 1088 1654 1156 propheticum

206 1147 381 1189 oblatum
405 1148 540 1187 Ioanni
559 1148 705 1197 Vccco,
736 1154 775 1186 et
800 1148 1064 1186 testimonium
1084 1147 1192 1197 quod
1208 1147 1313 1184 illius
1329 1146 1420 1184 fidei
1439 1161 1483 1185 ac
1500 1161 1570 1187 νει
1573 1148 1654 1185 aci-

205 1206 276 1246 tati
295 1202 508 1259 Pacllymei
511 1218 570 1253 es,
598 1204 655 1242 illi
672 1204 786 1252 alias,
815 1202 882 1242 ubi
901 1204 949 1241 de
966 1203 1247 1242 conciliationis
1263 1202 1512 1242 ecclesiarum
1530 1216 1654 1255 nego-

203 1262 261 1301 t'io
281 1263 432 1313 agitur,
460 1274 600 1312 parum
619 1272 785 1309 aequus,
813 1259 966 1308 reddit,
999 1259 1092 1297 dum
1113 1271 1199 1296 eum
1222 1261 1427 1311 φιλαληθῆ
1450 1259 1506 1307 εἰς
1518 1260 1653 1300 πίστιν

204 1322 284 1359 ’ἑῶν
304 1316 523 1370 λεγομένων
543 1316 657 1354 fuisse
677 1315 793 1364 dicit,
821 1315 899 1353 hoc
917 1321 975 1352 est
992 1314 1168 1353 veritatis
1188 1320 1394 1363 amantem,
1424 1320 1464 1352 et
1480 1315 1543 1352 eui
1562 1313 1654 1353 tuto*

206 1374 314 1426 quod
342 1370 561 1411 affirmabat
589 1344 989 1410 crede1et1ir.unde
1017 1369 1267 1420 intelligimus
1290 1383 1388 1420 quae
1414 1370 1479 1407 ille
1511 1370 1653 1408 deinde

203 1429 331 1470 multa
348 1440 562 1495 magnaque
576 1441 650 1479 pro
667 1427 814 1467 Latinis
833 1433 971 1464 contra
990 1426 1157 1464 Graecos
1173 1426 1326 1476 scripsit
1345 1432 1383 1463 et
1401 1425 1514 1476 dixit,
1534 1439 1652 1478 quam

206 1485 255 1525 ab
277 1486 383 1525 omni
402 1484 630 1536 exceptione
647 1483 799 1521 fraudis
815 1488 854 1520 et
870 1483 949 1521 suci
968 1482 1092 1520 aliena
1112 1481 1277 1519 debeant
1295 1480 1440 1520 habeii.
1654 1485 1658 1490 '

317 1566 356 1605 p.
375 1550 456 1593 124
476 1563 515 1590 v.
530 1554 597 1593 22.
654 1551 698 1588 in
716 1550 920 1596 suburlv'o.
975 1550 1036 1588 soi
1039 1555 1077 1587 te
1096 1549 1223 1600 aptius
1238 1548 1474 1600 scripsissem
1489 1549 1534 1586 in
1550 1549 1658 1586 sub-'

206 1609 375 1648 urbano.
431 1621 523 1646 nam
550 1606 781 1644 suburbium
810 1606 968 1644 videtur
994 1606 1103 1643 loeus
1122 1605 1212 1643 u1bi
1231 1605 1428 1642 admotior
1449 1617 1567 1654 quam
1585 1603 1658 1659 hit:=

202 1665 420 1711 indicatus,
448 1663 590 1714 quippe
610 1662 661 1699 ad
677 1661 883 1713 septimum
901 1661 998 1699 situs
1012 1661 1190 1712 lapidem.
1246 1661 1423 1698 nondum
1440 1666 1572 1698 tamen
1579 1673 1652 1710 ,me

204 1722 287 1774 ipse
314 1719 553 1766 condemno,
582 1718 650 1768 qui
675 1718 791 1756 sciam
814 1718 855 1755 in
880 1717 1061 1755 maximis
1089 1723 1127 1754 et
1154 1716 1266 1766 regiis
1284 1716 1447 1754 urbibus
1463 1716 1652 1754 suburbia

205 1777 409 1816 interdum
438 1775 490 1812 ad
520 1774 653 1812 decem
683 1780 724 1812 et
751 1774 853 1812 ultra
882 1773 1057 1811 milliaria
1077 1772 1236 1810 extendi
1254 1773 1438 1810 continua
1456 1773 1536 1810 fere
1553 1773 1651 1810 serie

203 1834 401 1872 villarum.
455 1832 603 1869 Romae
633 1840 725 1868 sane
750 1830 987 1880 longiuscule
1014 1829 1254 1880 procurrisse
1276 1828 1324 1865 ab
1342 1828 1439 1866 urbe
1462 1828 1651 1866 suburbia

205 1891 283 1929 iam
310 1895 409 1927 tunc
440 1900 536 1926 aevo
563 1886 778 1934 Ciceronis,
805 1886 950 1923 indicio
979 1891 1037 1922 est
1068 1884 1175 1935 quod
1201 1883 1361 1934 legimus
1388 1883 1552 1948 Philipp.
1577 1887 1648 1926 12:

204 1946 314 1984 hisce
330 1959 398 1996 ego
418 1957 479 1981 me
497 1944 579 1980 viis
598 1943 853 1991 committam,
883 1943 957 1993 qui
978 1940 1266 1979 Terminalibus
1282 1954 1408 1991 nuper
1430 1942 1474 1976 in
1495 1939 1650 1977 subur—

206 2002 338 2049 bium,
367 2007 413 2038 ut
430 1998 562 2037 eodem
580 1998 645 2036 die
661 2006 888 2045 reverterer,
917 1999 975 2034 ire
990 2011 1068 2034 non
1085 2011 1155 2034 aa
1146 2010 1210 2033 ιω
1228 1998 1324 2032 sim.
1316 1995 1335 2023 ⁹
1390 2001 1484 2033 utut
1502 1995 1551 2032 de
1572 1994 1650 2032 hoc

205 2058 270 2106 sit,
296 2056 397 2094 illud
414 2055 570 2106 quidem
591 2060 740 2092 certum
758 2060 834 2102 est,
862 2053 1116 2099 Hebdomon,
1147 2051 1195 2088 de
1211 2064 1288 2101 quo
1305 2056 1438 2088 noster
1452 2049 1529 2087 hoc
1546 2050 1647 2099 loco,

205 2125 351 2152 nomen
371 2112 488 2149 fuisse
520 2109 735 2149 suburbani
765 2107 1101 2158 Constantinopoli
1130 2107 1315 2146 disiuncti
1342 2105 1557 2143 miliaribus
1583 2118 1648 2143 se—

205 2174 331 2221 ptem,
370 2173 492 2218 prout
524 2166 675 2204 erudite
713 2166 956 2204 demonstrat
981 2163 1161 2202 Nicolaus
1187 2162 1422 2200 Alamannus
1449 2160 1560 2198 Notis
1595 2161 1648 2199 ad

208 2238 242 2264 c.
262 2224 312 2265 15
334 2222 530 2261 Historiae
545 2235 588 2259 a1
591 2234 707 2259 canae
723 2221 921 2273 Procopii,
951 2233 1001 2258 ex
1018 2221 1175 2257 Socrate
1193 2220 1407 2255 Sozomeno
1425 2222 1465 2254 et
1479 2216 1619 2255 ldatio.

321 2303 353 2328 c.
372 2289 438 2332 24.
493 2289 701 2338 Postquam
722 2301 783 2326 res
801 2288 973 2335 Persica,
1002 2285 1110 2336 quod
1125 2283 1192 2322 hic
1206 2289 1410 2331 narratur,
1438 2282 1660 2334 succubuit,-

207 2345 420 2393 Tocharis,
447 2344 607 2383 videtur
632 2344 833 2395 contigisse
855 2343 962 2394 quod
990 2348 1123 2379 noster
1142 2354 1179 2391 p.
1205 2343 1256 2381 18
1276 2353 1314 2378 v.
1334 2342 1388 2382 20
1407 2339 1565 2388 retulit,
1595 2344 1645 2377 ut

207 2414 400 2454 pugnaces
417 2401 577 2450 quidam
595 2400 730 2438 Persae
747 2413 883 2451 parere
900 2397 1085 2436 Tocharis
1105 2395 1321 2445 dedignati,
1351 2407 1456 2432 arces
1476 2368 1644 2433 Roriiani

207 2458 339 2498 limitis
354 2469 498 2495 vexare
517 2457 707 2507 ceperint,
736 2469 830 2506 quas
847 2461 885 2492 et
901 2454 1060 2492 tandem
1077 2456 1362 2504 expugnarunt.

319 2538 359 2575 P·
378 2523 457 2566 134
476 2536 516 2564 V.
533 2522 574 2563 8.
630 2536 710 2559 non
731 2520 822 2558 inde
839 2519 1114 2571 adproprium
1133 2520 1283 2558 victum
1301 2517 1643 2555 sumere.G1-ae-

209 2581 264 2620 cis
293 2581 367 2619 illis
394 2578 690 2631 respondentia:
722 2576 913 2629 φέροντας
935 2573 975 2616 δ’
996 2576 1144 2624 ἔξωθεν
1173 2569 1383 2615 ἐπιτάττων
1415 2573 1639 2619 σιτίζεσθαι.

207 2637 306 2676 haec
323 2635 510 2675 videntur
529 2647 552 2672 a
568 2632 821 2685 pamphi-aste
841 2633 1027 2671 Vaticano
1051 2645 1132 2669 non
1146 2630 1361 2676 intellecta,
1390 2635 1436 2666 ut
1452 2642 1532 2666 non
1548 2639 1642 2666 raro

209 2694 302 2731 alias
322 2693 488 2730 aberrat.
540 2703 614 2742 pro
635 2689 695 2727 his
714 2689 815 2727 enim
835 2689 890 2726 sie
910 2688 1042 2739 ponit:
1071 2686 1264 2753 φέροντας
1278 2682 1320 2725 δ’
1341 2685 1488 2732 ἔξωθεν
1507 2680 1550 2723 τὸ
1568 2680 1641 2734 μὲν
1668 2735 1672 2738 ,

210 2745 360 2818 ἀρκοῦν
379 2750 451 2788 τοῦ
471 2747 579 2787 σίτου
602 2748 799 2798 χρῆσθαι;
828 2742 871 2786 τὸ
891 2742 934 2784 δὲ
954 2743 1072 2784 πλέον
1095 2739 1214 2783 παλιν
1238 2737 1517 2781 ἀποτίθεσθαι.
1574 2743 1639 2776 at-

210 2804 278 2855 qui
295 2801 338 2844 τό
357 2803 504 2852 ἔξωθεν
522 2815 571 2840 ex
590 2807 720 2840 mente
737 2801 906 2841 auctoris
923 2800 975 2839 ad
994 2800 1207 2849 σιτίζεσθαι
1222 2797 1419 2844 ιἾθῙειιιιι
1439 2800 1487 2834 ut
1503 2794 1642 2835 volue-

265 2865 439 2909 Georgius
467 2863 686 2906 Pachymeres
714 2863 746 2896 Ι.
1315 2851 1367 2893 41.
