1884 3262
726 98 747 121 ἵ*

256 237 354 284 272
678 235 914 280 GEoRGn
945 214 1298 283 PAcnYnmms
1733 250 1746 269 κ

230 400 233 402 ,
253 351 427 405 ἐσχίζετο
449 350 515 391 καὶ
534 349 684 404 ἔμεινεν
706 350 781 400 ἕως
800 349 942 401 τέλους
965 349 1007 394 ἐν
1024 347 1182 410 τούτῳ,
1218 353 1348 408 μηδὲν
1363 351 1620 409 μεταλλάξας
1641 359 1725 399 τῶν

201 433 233 466 Ε
258 417 531 474 ἐγνωσμένων.
610 417 733 476 (10)
777 423 860 462 τῶν
897 419 942 462 δ’
975 419 1217 477 ἀρχιερέων,
1257 422 1364 476 πλὴν
1395 427 1478 466 τῶν
1514 425 1725 479 προτέρων

253 487 439 539 ἐκείνων,
477 485 689 541 Μανουήλ
719 504 763 530 τε
791 492 866 531 τοῦ
899 490 1205 545 Θεσσαλονίκης
1236 491 1303 533 καὶ
1326 495 1401 534 τοῦ
1421 489 1616 547 Σάρδεων
1629 492 1724 536 Ἀν-

110 567 138 601 Ρ
166 568 231 603 184
254 555 465 612 δρονίκου,
503 554 636 605 οὐδεὶς
657 555 782 606 ἄλλος
807 552 858 612 ἦν
885 555 906 600 ὅ
938 555 1185 612 σχιζόμενος.
1255 558 1328 602 τὸν
1350 558 1628 618 Ἀνδρόνικον,
1667 558 1725 612 ὥς

250 625 317 667 καὶ
341 623 446 667 κατὰ
470 624 679 679 μοναχοῦς
702 624 949 683 ἀποκαρείη,
983 624 1226 683 φθάσαντες
1254 627 1433 683 εἴπομεν.
1503 627 1550 671 ὃν
1571 631 1638 672 καὶ
1658 630 1757 677 ἐπὶ5

251 697 325 748 τῆς
366 691 495 735 αὐτοῦ
529 695 802 749 πατριαρχιάς
821 694 1048 750 Ἀρσένιος,
1101 692 1144 738 εὖ
1174 696 1292 746 εἰδώς
1321 695 1377 747 ὥς
1408 695 1468 740 δι’
1494 697 1643 741 ἐκεῖνον
1675 698 1723 746 τὸ

250 765 415 818 πρῶτον
437 762 703 817 ἐξορισθέντα
722 761 852 806 ὑπέδυ
870 763 923 806 τὰ
943 769 1136 819 μοναχῶν
1154 766 1397 820 ἐξεπίτηδες,
1430 765 1579 821 ἤθελεν
1599 765 1726 822 ἀνορ-

252 835 362 874 θοῦν
394 822 654 884 ἀποθέμενον
686 831 842 882 εὐθέως
874 832 928 875 τὰ
958 830 1078 890 ῥάκη.
1149 833 1245 876 ἀλλ’
1280 834 1355 877 οὐκ
1382 832 1578 890 ἐξεγένετό
1609 835 1649 877 οἳ
1669 836 1725 884 εἷς

254 903 377 942 τοῦτο
410 901 477 942 καὶ
506 899 604 950 τούς
633 898 826 956 ἲεράρχας
855 903 1109 955 συμπείθειν.
1181 903 1317 957 ἐπειδὴ
1348 902 1427 960 γὰρ
1459 905 1607 952 ἐκεῖνος
1631 899 1725 946 τότε

252 974 311 1027 τῷ
340 966 575 1025 πατριάρχῃ
602 969 695 1011 κατ’
726 971 834 1013 ἰδίαν
862 968 1250 1029 κοινολογησάμενος
1272 966 1408 1028 εὗρεν,
1446 973 1480 1014 εἲ
1501 969 1629 1022 μόνον
1647 975 1724 1015 θε-
1736 982 1781 1018 1ο

201 1044 231 1079 Β
254 1036 373 1093 λήσοι
392 1039 459 1081 καὶ
479 1035 505 1093 ἦ
529 1035 726 1091 σύνοδος,
762 1036 1038 1082 κατανεύοντα
1050 1072 1063 1092 ,
1102 1040 1283 1090 ἐξελθὼν
1309 1041 1465 1083 ἐκεῖθεν
1485 1039 1587 1096 ἴγνω
1605 1040 1726 1101 πείρᾳ

254 1104 418 1149 διδόναι·
447 1106 494 1149 τὸ
529 1110 712 1163 πρᾶγμα.
779 1109 847 1150 καὶ
871 1107 923 1163 δὴ
947 1107 1053 1150 κατὰ
1074 1109 1174 1163 μίαν
1193 1112 1277 1151 τῶν
1295 1111 1523 1152 συνοδικῶν
1540 1106 1720 1165 ἡμερῶν,

253 1172 551 1231 συνεγνωκότος
569 1177 636 1217 καὶ
657 1179 732 1218 τοῦ
756 1174 1013 1233 πατριάρχου
1028 1209 1042 1230 ,
1072 1175 1264 1231 μανδύαν
1285 1195 1327 1220 τε
1349 1177 1629 1234 ἄρχιερατικόν
1650 1193 1723 1220 πε-

252 1243 488 1300 ριβάλλεται
518 1245 585 1286 καὶ
616 1244 681 1286 ἐπὶ
714 1249 893 1301 κεφαλῆς
925 1244 999 1299 τὴν
1031 1245 1144 1302 ἱερὰν
1175 1246 1404 1289 ἐπιτίθεται
1433 1248 1616 1302 κίδαριν,
1655 1246 1724 1288 καὶ

251 1314 477 1362 καθεσθεὶς
499 1312 577 1363 ἔξω
605 1312 747 1368 καιρὸν
778 1311 904 1368 ἐζήτει
926 1317 1140 1356 συνελθεῖν
1157 1318 1208 1371 τῇ
1229 1312 1392 1373 συνόδῳ
1409 1319 1469 1373 τῷ
1489 1311 1723 1371 πατριάρχῃ
1736 1323 1779 1358 15

251 1377 563 1438 συνεδρευούσῃ.
628 1379 684 1430 ὥς
704 1381 744 1423 δ’
765 1381 976 1437 ἠγγέλλετο
999 1386 1050 1439 τῇ
1070 1380 1231 1440 συνόδῳ
1253 1382 1305 1425 τὰ
1326 1385 1415 1440 περὶ
1436 1380 1588 1425 τούτου
1609 1400 1724 1439 περι-

201 1465 230 1499 c
252 1450 446 1504 μένοντος
467 1451 533 1492 καὶ
557 1448 847 1506 ἀρχιερατικῶς
868 1451 1109 1494 ἐστολίσθαι
1129 1450 1390 1506 ἐμάνθανον,
1428 1450 1539 1494 δεινὰ
1559 1446 1723 1496 ἐποίουν

251 1521 319 1562 καὶ
351 1518 426 1562 οὐκ
461 1517 612 1573 ἤθελον
643 1518 850 1573 δέχεσθαι,
923 1517 979 1569 ὥς
1001 1519 1049 1562 δέ
1066 1536 1129 1570 τις
1148 1521 1306 1563 ἐκείνων
1328 1522 1396 1563 καὶ
1416 1519 1491 1575 τὴν
1507 1519 1723 1574 ἐπιστολὴν

250 1585 451 1644 ἐνεφάνιζε
480 1587 558 1643 τὴν
589 1588 767 1639 ἐκείνου,
813 1589 855 1631 ἐν
891 1582 918 1645 ᾗ
954 1588 1179 1646 ἐπέγραφεν
1213 1587 1361 1632 ἐαυτὸν
1393 1589 1557 1638 οῗκείαις
1587 1589 1725 1645 χερσὶν

242 1653 518 1708 Ἀθανάσιον,
560 1655 707 1698 αὐτίκα
737 1660 795 1714 τῷ
825 1657 899 1711 μὲν
933 1655 1166 1715 πατριάρχῃ
1190 1657 1266 1713 τὴν
1293 1662 1367 1700 τοῦ
1394 1661 1569 1713 βοηθεῖν
1589 1655 1780 1714 ὅρμὴνΞΟ

250 1722 496 1781 ἠμβλύσθαι
526 1725 592 1766 καὶ
627 1724 673 1767 τὸ
700 1722 802 1783 ὑπὲρ
826 1726 976 1769 ἐκείνου
1004 1726 1164 1784 θερμὸν
1184 1727 1370 1782 ἐψῦχθαι
1393 1726 1628 1781 συνέβαινε,
1663 1728 1723 1784 τῷ

342 1858 375 1892 4.
399 1856 487 1902 τὸν]
512 1855 578 1892 τὸν
602 1851 671 1891 3⁹?

254 1983 424 2018 nunquam
455 1971 599 2018 amplius
632 1971 825 2014 admiserit,
858 1982 969 2018 neque
991 1983 1107 2006 eorum
1129 1983 1218 2017 quae
1238 1971 1303 2006 tali
1325 1970 1500 2005 occasione
1521 1969 1724 2005 decreverat

254 2022 386 2053 mutare
407 2019 591 2063 quidquam
613 2019 658 2052 ad
681 2018 782 2052 finem
804 2029 911 2062 usque
926 2018 1084 2053 voluerit.
1133 2019 1227 2063 (10)
1249 2018 1483 2062 episcoporum
1498 2029 1597 2061 vero,
1619 2028 1724 2062 prae-

254 2070 309 2099 ter
339 2064 472 2109 priores
502 2065 579 2098 illos
611 2064 804 2099 Manuelem
836 2063 1175 2099 Thessalonicensem
1199 2068 1234 2098 et
1257 2063 1481 2098 Andronicum
1503 2064 1724 2106 Sardensem‚

254 2110 366 2145 nullus
398 2110 484 2144 alius
514 2110 658 2145 schisma
679 2111 842 2147 faciebat.
886 2111 1115 2144 Andronicum
1138 2110 1316 2144 detonsum
1338 2109 1373 2143 iu
1397 2110 1594 2144 monachum
1618 2120 1723 2153 supe-

253 2158 326 2191 rius
364 2156 522 2192 diximus.
568 2157 658 2191 hunc
688 2156 871 2199 Arsenius,
913 2162 1095 2203 postquam
1128 2156 1308 2190 restitutus
1348 2155 1568 2200 patriarchali
1598 2155 1722 2188 throno

251 2203 341 2244 fuit,
364 2202 476 2237 sciens
498 2214 561 2237 sua
583 2214 689 2238 causa
711 2203 904 2248 expulsum,
930 2206 969 2237 ut
992 2203 1124 2237 exilium
1147 2202 1389 2245 lucrifaceret,
1412 2200 1636 2236 monasticam
1657 2211 1723 2235 veq

254 2253 344 2283 stem
364 2249 535 2291 induisse,
570 2261 738 2294 reponere
759 2251 794 2283 in
814 2254 940 2284 statum
965 2248 1145 2294 pristinum
1167 2248 1296 2291 voluit,
1328 2248 1389 2282 sed
1412 2259 1479 2282 non
1501 2247 1614 2282 valuit
1635 2245 1723 2281 alio-

225 2316 227 2318 -
254 2306 329 2329 rum
365 2295 401 2329 in
434 2295 469 2328 id
501 2295 690 2330 antistitum
723 2295 845 2330 elicere
876 2306 1083 2329 consensum.
1128 2294 1242 2328 resin
1264 2294 1354 2328 hunc
1375 2298 1552 2328 transacta
1585 2292 1723 2327 modum

252 2345 318 2376 est.
365 2340 438 2385 egit
469 2345 603 2375 secreto
637 2341 846 2376 Andronicus
878 2353 954 2376 cum
984 2340 1129 2376 Arsenio
1158 2341 1280 2374 iterum
1303 2340 1522 2386 patriarcha,
1554 2343 1591 2373 et
1613 2348 1656 2373 ex
1679 2349 1722 2373 eo

251 2386 418 2421 intellexit
448 2398 514 2432 per
544 2388 655 2432 ipsum
683 2400 750 2422 non
780 2392 875 2422 stare
905 2399 972 2433 quo
1003 2387 1111 2421 minus
1147 2386 1306 2421 continuo
1339 2386 1494 2432 deposito
1525 2383 1720 2420 monachico

253 2437 396 2467 centone
427 2433 642 2479 episcopales
670 2434 795 2469 iterum
827 2434 950 2469 insulas
973 2437 1140 2468 sumeret:
1175 2433 1255 2467 addi
1277 2432 1375 2466 modo
1399 2432 1444 2466 ad
1466 2443 1561 2466 suam
1584 2432 1722 2465 curaret

252 2485 387 2524 patrum
417 2490 552 2524 quoque
584 2491 624 2514 ac
655 2481 775 2524 synodi
805 2480 1024 2516 voluntatem.
1072 2479 1124 2514 his
1157 2478 1372 2513 Andronicus
1404 2477 1549 2522 cognitis
1571 2474 1722 2522 experiri

254 2524 426 2570 :negotium
449 2524 618 2567 decrevit3
650 2530 686 2560 et
709 2526 868 2572 quadam·
878 2526 955 2569 die,
987 2537 1055 2572 qua
1077 2525 1278 2571 congregati
1308 2523 1481 2559 antistites
1514 2526 1616 2556 erant
1645 2531 1722 2555 cum

254 2571 450 2616 patriarcha
472 2571 526 2604 rei
549 2572 701 2615 conscio,
727 2572 954 2618 episcopalem
977 2572 1126 2606 humeris
1149 2572 1346 2615 mandyam‚
1371 2569 1478 2615 capiti
1501 2568 1641 2603 cidarim
1658 2566 1724 2619 im·-

254 2617 376 2662 ponit,
406 2620 442 2651 et
472 2617 522 2651 sic
553 2617 598 2651 ad
628 2619 722 2652 fores
749 2618 871 2652 sedens
894 2619 1044 2663 postulat
1065 2618 1212 2653 admitti.
1258 2616 1432 2651 nuntiatur
1452 2613 1608 2660 patribus
1631 2622 1722 2658 quis,
1756 2618 1768 2631 ³

255 2675 323 2708 quo
346 2667 488 2706 ornatu,
521 2663 604 2709 quid
627 2667 775 2709 peteret.
821 2664 998 2709 displicuit
1019 2664 1193 2710 plerisque
1214 2674 1332 2698 ausum
1355 2673 1430 2697 esse
1451 2660 1582 2695 iniussu
1604 2669 1722 2693 mona-

256 2710 356 2743 chum
379 2710 604 2755 episcopalem
627 2720 800 2743 resumere
822 2716 986 2747 ornatum.
1034 2722 1116 2756 ergo
1139 2710 1304 2744 hominem
1327 2718 1491 2743 consensu
1516 2705 1721 2740 reiecerunt.

255 2760 292 2789 et
319 2766 394 2789 cum
425 2755 548 2801 aliquis
581 2756 748 2801 quandam
781 2755 856 2790 eius
890 2756 1068 2801 epistolam
1097 2756 1315 2803 protulisset,
1349 2753 1404 2788 cui
1426 2764 1464 2788 se
1485 2751 1596 2798 ipsum
1619 2761 1722 2805 mam}

256 2801 398 2847 propria
420 2802 637 2836 Athanasium
659 2801 901 2847 inscripserat,
924 2802 1069 2847 contigit
1091 2802 1309 2848 patriarchae
1331 2810 1468 2846 quoque
1489 2797 1559 2844 ipsi
1579 2795 1723 2831 iuvandi

254 2847 329 2881 eius
361 2847 517 2882 hebetari
546 2848 708 2894 impetum
738 2853 775 2882 et
806 2847 910 2883 studii
939 2859 1023 2893 erga
1046 2860 1122 2883 eum
1145 2847 1371 2892 refrigescere
1398 2845 1576 2887 ardorem,
1610 2842 1723 2887 ipsum

255 2904 337 2928 vero
361 2893 551 2939 perculsum
573 2893 702 2930 infelici
725 2905 885 2930 successu
907 2894 952 2930 ad
977 2894 1124 2941 quietem
1145 2895 1259 2937 vitae,
1281 2903 1382 2940 quam
1404 2892 1535 2926 frustra
1557 2893 1722 2925 excutere
