1884 3262
701 199 806 244 LIB.
827 196 896 243 11:
940 195 1140 246 NOTAE.
1541 199 1641 247 649

200 319 277 358 que
304 311 412 345 retro
439 306 636 347 mensibus
663 319 805 360 magna
823 307 975 360 -passim
1001 307 1208 347 hominum
1235 304 1497 348 admiratione
1515 314 1555 348 et
1571 322 1643 349 ex÷

197 363 421 415 pectatione
435 364 632 416 spectatis.
671 365 784 417 prior
800 377 935 403 mense
951 364 1166 404 Novembri
1186 364 1402 417 superioris
1422 365 1515 403 anni
1533 364 1643 409 1664

199 418 374 469 coepisse
392 433 582 471 apparere
599 420 768 459 dicitur:
797 421 868 459 sed
890 435 913 458 a
935 421 1071 472 paucis
1087 427 1188 460 tunc
1206 427 1386 471 notatus,
1413 434 1546 460 mense
1564 421 1643 461 De-

198 475 344 512 cembri
361 476 625 516 celebritatem
642 482 702 515 est
721 477 903 528 adeptus,
933 483 1016 515 tota
1034 482 1130 517 tunc
1147 477 1328 529 Europa,
1360 483 1483 529 prout
1501 490 1522 515 e
1540 478 1643 523 επὶ-ς

195 530 277 582 ptis
298 531 575 583 undecumque
593 533 764 584 vulgatis
778 532 1032 583 intelligitur,
1062 533 1416 571 observatissimus.
1470 533 1645 572 vidimus

196 592 236 624 et
265 600 337 624 nos
366 587 481 626 illum
509 590 654 627 Romae
681 602 797 641 saepe
827 588 1030 639 otioseque
1048 602 1138 627 cum
1158 588 1218 627 bis
1234 595 1297 627 ter
1311 588 1496 628 ulnarum
1515 602 1644 639 coma,

197 642 292 680 orbe
309 643 442 682 stellas
462 644 613 696 primae
627 645 906 696 magnitudinis
926 644 978 683 ad
996 645 1103 684 oculi
1119 644 1310 683 iudicium
1330 651 1536 696 aequante,
1560 646 1647 683 ful-

195 710 290 748 gore
319 699 542 750 subpallido
571 700 803 752 micantem,
841 713 960 740 cursu
990 707 1185 740 errantem
1216 700 1453 748 demum-io,
1482 701 1646 740 mutatis

195 754 240 792 in
267 754 350 793 dies
377 755 490 797 locis.
545 757 737 809 scripsere
769 757 818 796 de
845 757 917 796 illo
946 757 1109 809 plurimi
1138 757 1259 796 huius
1287 757 1374 796 aevi
1399 763 1644 809 praestantes

195 811 431 861 astronomi,
459 811 528 863 qui
547 826 631 851 mea
652 813 968 852 nomenclatione
991 827 1071 852 non
1093 813 1290 864 indigent,
1320 814 1421 851 fama
1441 826 1510 851 sua
1532 814 1644 854 clari.

195 865 296 905 duos
322 873 454 906 tamen
480 869 703 908 memorabo
726 869 920 908 instinctu
940 870 1042 920 grati
1067 870 1210 919 animi,
1239 869 1347 920 quod
1373 869 1402 907 ii
1433 882 1525 907 suos
1545 869 1644 908 mihi

194 921 277 960 eius
308 924 527 974 argumenti
557 926 856 964 commentarios
876 926 1094 974 donarunt,
1124 926 1170 964 D.
1187 926 1375 964 Ioannem
1391 925 1643 964 Dominicum

195 977 398 1017 Cassinum
425 986 464 1018 et
493 981 537 1018 R.
553 981 595 1021 P.
614 981 799 1019 Iacobum
822 981 1048 1033 Grandamy
1068 994 1148 1020 soc.
1168 987 1346 1031 nostrae,
1376 994 1546 1032 quorum
1574 981 1644 1019 ille

191 1033 359 1083 Romae,
387 1034 455 1072 hic
474 1035 630 1074 Parisiis
650 1051 736 1075 suas
756 1037 805 1076 de
824 1037 903 1075 isto
928 1043 1077 1076 cometa
1102 1037 1395 1075 lucubrationes
1416 1037 1639 1078 ediderunt.

191 1089 333 1128 addam
350 1091 574 1130 universam
596 1092 676 1131 eius
693 1092 974 1131 observationis
994 1092 1199 1131 historiam
1219 1093 1358 1144 paucis
1374 1092 1639 1144 comprehen-

190 1158 273 1184 sam
290 1160 312 1183 ιι
326 1146 474 1185 nostris
490 1146 776 1187 mathematicis
792 1148 1182 1199 Ingolstadiensibus‚
1211 1148 1280 1200 qui
1295 1148 1344 1187 ad
1360 1161 1422 1186 me
1434 1148 1640 1188 miserunt.

191 1215 298 1239 anno
315 1202 423 1245 1664
444 1210 595 1242 cometa
613 1212 773 1242 exeunte
784 1205 1020 1255 Novembri,
1048 1212 1094 1242 ut
1115 1203 1281 1242 aliunde
1298 1206 1526 1255 nuntiatur,
1553 1206 1639 1242 iam

190 1265 369 1309 exortus,
397 1258 644 1310 Ingolatadii
662 1263 712 1302 18
728 1261 960 1299 Decembris
982 1264 1009 1303 6
1032 1268 1129 1299 mat.
1144 1262 1280 1312 primo
1297 1260 1414 1298 nobis·
1434 1262 1549 1299 visus
1566 1268 1640 1310 eat,

189 1315 306 1365 inJra
322 1316 524 1365 tropicum
544 1315 782 1367 Capricorni
804 1316 878 1354 sub
895 1323 1024 1354 rostro
1049 1316 1182 1365 Corvi,
1205 1316 1334 1354 bar-ha
1355 1315 1499 1354 directe
1513 1331 1541 1354 a
1558 1317 1640 1358 sole

190 1384 330 1409 vers-us
357 1383 543 1410 occa-sum
560 1371 771 1410 hiemalem
779 1379 972 1424 protensa
990 1379 1026 1409 et
1045 1373 1128 1409 late
1144 1386 1228 1423 qua
1242 1372 1538 1410 terminabatur
1555 1372 1639 1422 dif-

178 1427 301 1476 fusa.
364 1429 416 1469 19
445 1427 578 1468 nubes.
635 1431 689 1470 20
708 1431 808 1469 Dec.
828 1430 939 1466 intra
962 1428 1161 1466 craterem
1179 1436 1216 1466 et
1240 1428 1423 1468 Corvum.
1479 1432 1547 1476 21,
1571 1432 1640 1479 22,

189 1484 258 1530 23,
279 1483 333 1525 24
348 1482 486 1522 nubea.
517 1483 579 1525 -25
598 1484 695 1521 Dec.
714 1485 742 1527 4
760 1492 860 1524 mat,
882 1485 997 1535 infra
1010 1492 1181 1527 ventrem
1197 1484 1347 1536 Hydri,
1378 1498 1461 1536 qua
1478 1487 1514 1522 ei
1533 1484 1639 1523 Cra-

190 1544 249 1574 ter
276 1540 447 1588 insistit,
477 1539 553 1577 sub
585 1538 668 1581 eod.
690 1547 790 1592 trop.
815 1542 1052 1590 comparuit.
1109 1548 1231 1592 caput
1246 1541 1326 1578 hac
1341 1539 1406 1578 die
1426 1541 1640 1592 apparenti

189 1592 385 1632 diametro
395 1595 487 1644 fere
494 1609 579 1646 par
605 1597 766 1646 Veneri,
796 1597 965 1634 barbam
984 1596 1182 1634 albicante·
1203 1597 1289 1634 luce
1307 1595 1563 1647 splendidam
1581 1594 1644 1633 ad

187 1651 244 1691 30
256 1649 416 1700 gradus
436 1651 614 1689 evibrare
633 1654 777 1691 vicum.
806 1656 874 1701 26,
891 1656 960 1702 27,
978 1655 1045 1701 28,
1066 1655 1120 1694 29
1140 1653 1272 1691 nubes.
1303 1655 1358 1694 30
1374 1654 1470 1690 Dec.
1486 1656 1513 1695 9
1532 1666 1637 1703 vesp.

188 1706 233 1742 in
251 1707 403 1757 Lepore
418 1707 529 1744 velut
547 1709 718 1746 crinitus
733 1710 950 1762 apparuit:
973 1722 1069 1746 nam
1086 1709 1134 1746 ob
1150 1709 1270 1746 lunae
1287 1710 1484 1748 viciniam
1501 1707 1639 1747 cauda

187 1759 317 1799 videri
342 1776 422 1799 non
439 1764 589 1815 potuit.
638 1778 762 1815 porro
785 1763 951 1806 eundem
970 1764 1082 1802 lzunc
1102 1779 1195 1802 cum
1216 1766 1352 1816 priore
1373 1771 1524 1802 cometa
1545 1778 1639 1814 ess-e,

187 1817 428 1867 confirmant
454 1819 744 1858 observationes
779 1819 952 1858 iridem.
976 1834 1081 1872 quae
1107 1822 1162 1863 28
1182 1822 1280 1859 Dec.
1304 1834 1390 1858 eum
1401 1834 1528 1871 prope
1554 1820 1637 1858 Ca-

187 1886 275 1911 nem
301 1875 515 1924 maiorem,
544 1875 722 1916 celeriori
751 1890 875 1927 quam
902 1878 1020 1914 initio
1048 1883 1159 1914 motu
1167 1890 1450 1927 progressum,
1480 1890 1524 1913 ex
1544 1889 1635 1913 ma-

187 1930 319 1967 tutino
352 1932 639 1981 vespertinum,
677 1946 723 1970 ex
758 1932 926 1970 barbato
960 1931 1182 1972 caudatam
1219 1934 1392 1970 evasisse
1426 1939 1634 1971 tes-tantur.

185 1986 238 2026 31
271 1986 452 2023 Decemb.
486 1988 590 2025 inter
614 1989 808 2040 Leporem
838 1995 875 2026 et
903 1988 1153 2038 Eridanum,
1190 1989 1277 2026 iam
1305 1988 1477 2026 multum
1504 2001 1632 2038 supra

193 2041 406 2091 Tropicum
422 2050 575 2080 evectus·
590 2045 918 2095 conspiciebatur.
974 2058 1080 2082 anno
1094 2044 1200 2086 1665
1221 2047 1244 2086 1
1257 2044 1457 2093 Ianuarii,
1488 2046 1540 2084 12
1556 2057 1631 2080 72⁰-

187 2097 286 2142 ctis,
317 2096 375 2134 ad
390 2100 634 2148 australem,
664 2108 701 2138 et
719 2099 856 2139 eadem
873 2099 939 2137 die
957 2102 983 2140 9
1002 2102 1226 2150 vespertina
1246 2098 1304 2136 ad
1320 2099 1514 2137 borealem
1531 2100 1631 2136 Eri-

187 2149 289 2189 dani
321 2153 454 2202 ripam
485 2157 682 2198 comtitit,
738 2160 767 2198 2
796 2157 988 2198 ianuarii
1007 2169 1132 2207 prope
1160 2169 1202 2192 oa
1230 2155 1328 2197 Ceti.
1382 2157 1409 2197 3
1429 2156 1520 2192 Ian.
1545 2154 1630 2193 Ceti

186 2205 466 2246 mandibulam
494 2212 654 2261 attigit,
682 2226 818 2263 syrma
850 2213 1005 2250 Orienti
1030 2211 1236 2249 obversum
1263 2210 1438 2249 trahens.
1492 2210 1520 2253 4
1540 2211 1629 2249 Ian.

186 2270 442 2313 aequatorem
472 2269 691 2315 superavit.
751 2267 777 2309 5
808 2268 895 2306 Ian.
925 2270 950 2308 6
979 2280 1082 2318 ves-p.
1113 2268 1156 2303 in
1182 2265 1339 2304 caudae
1365 2265 1494 2304 medio
1501 2281 1629 2318 prope

186 2319 371 2357 nucleum
393 2328 564 2358 cometae
591 2322 734 2361 lucida
765 2323 870 2372 Ceti,
898 2323 1065 2361 Menkar
1086 2321 1216 2369 dicta,
1247 2323 1355 2360 clare
1375 2322 1628 2374 resplenduit.

187 2373 299 2424 quod
336 2377 457 2414 etiam
490 2375 656 2428 Leodii,
699 2379 922 2428 Olomucii,
967 2379 1162 2429 Viennae,
1197 2379 1415 2426 Mantuae,
1453 2381 1629 2430 Pragae,

183 2431 404 2478 Lacernae,
437 2431 621 2471 Tridenti
639 2434 711 2472 sub
730 2434 834 2472 idem
853 2442 1008 2485 tempus
1024 2434 1276 2473 observatum
1297 2441 1366 2472 esa·
1424 2433 1528 2472 unde
1547 2435 1630 2472 col-

186 2486 265 2536 ligi
274 2493 406 2536 potest
423 2495 614 2526 cometam
628 2490 737 2527 lzunc
752 2504 882 2529 carere
891 2491 1104 2541 parallaxi
1115 2490 1309 2541 sensibili,
1336 2489 1512 2542 adeoque
1529 2491 1632 2528 luna

185 2543 414 2590 inferiorem
447 2557 528 2581 non
559 2558 649 2583 ease.
705 2553 901 2597 quantum
931 2560 1019 2584 vero
1052 2560 1177 2597 supra
1198 2547 1339 2584 lunam
1361 2547 1540 2584 elevatus
1560 2548 1627 2595 ait,
1650 2546 1679 2582 P
1704 2546 1770 2581 455

186 2597 234 2634 ob
264 2599 545 2647 parallaxium·
583 2601 905 2639 incertitudinem
934 2600 1132 2642 evidenter
1169 2601 1438 2640 demonstrari
1475 2603 1627 2653 nequit.

185 2655 226 2702 6,
245 2656 284 2701 7,
302 2656 340 2702 8,
358 2656 397 2703 9,
419 2658 470 2697 10
491 2655 681 2694 Ianuarii
695 2672 767 2708 per
784 2664 908 2709 caput
929 2658 1013 2696 Ceti
1032 2657 1147 2695 tarde
1158 2671 1410 2710 progressus,
1439 2660 1487 2700 11
1501 2671 1628 2708 prope

186 2711 401 2746 anteriores·
423 2711 579 2748 Arietis·
600 2711 724 2763 pedes
750 2715 993 2765 comparuit,
1021 2713 1157 2752 cauda
1181 2714 1355 2753 breviore
1372 2727 1513 2752 versus·
1530 2726 1628 2751 ocu-

184 2763 272 2800 lum
297 2765 428 2804 Tauri
445 2775 683 2818 exporrecta.
741 2772 797 2811 12
812 2770 899 2809 lan.
921 2771 965 2808 in
977 2783 1086 2821 genu
1101 2769 1268 2809 Arietis.
1326 2772 1378 2811 13
1395 2776 1431 2806 et
1446 2767 1626 2820 deinceps

186 2831 311 2870 usque
336 2820 397 2859 ad
420 2822 449 2864 4
471 2823 684 2863 Februarii
707 2825 854 2863 lentius·
879 2827 924 2864 in
948 2825 1034 2866 dice
1054 2828 1157 2865 inter
1171 2834 1312 2878 pectus
1328 2825 1480 2865 Arietis
1497 2834 1533 2864 et
1548 2827 1625 2864 Li.
