1884 3262
299 182 397 228 718
697 178 1009 225 OBSERVAT.
1043 178 1353 228 PACHYMER.
1378 194 1380 196 ’

298 291 441 333 mentis
468 288 589 328 altera
617 287 683 327 vel
707 288 891 329 inventae
917 289 983 331 vel
1005 290 1175 332 affictae.
1233 290 1290 329 ita
1307 289 1493 331 videlicet
1519 293 1751 332 innocentes

298 349 464 400 eclipses
487 352 526 384 et
541 344 811 384 indifferentes
830 342 987 385 habitae
1006 353 1111 397 sunt,
1139 353 1185 386 ut
1204 346 1294 385 aliis
1318 347 1479 398 faustae,
1503 349 1589 388 aliis
1606 348 1752 388 noxiae

296 412 336 443 et
352 404 546 442 malorum
561 401 817 454 praenuntiae
835 402 1088 455 viderentur3
1117 403 1174 442 ita
1205 416 1270 443 eas
1296 402 1461 455 quisque
1491 404 1541 442 ad
1571 417 1640 444 sua
1656 410 1752 445 vota

299 459 508 500 convertit.

409 515 557 554 Multae
575 515 829 555 luminarium
847 514 1087 555 defectiones
1107 520 1317 554 annotatae
1346 519 1440 552 sunt
1461 514 1654 555 mortibus
1675 514 1754 555 im-

297 578 525 626 peratorum
538 603 548 620 ,
577 573 713 624 plures
730 579 823 624 post
844 578 1011 611 mortem
1032 579 1072 612 et
1095 572 1138 610 in
1157 571 1331 610 exordiis
1362 572 1492 610 notari
1510 577 1754 623 potuerunt3

297 630 445 668 multae
477 635 778 680 praecesserunt
810 628 940 667 clades
967 641 1203 679 regnorum,
1252 626 1456 667 vastitates
1498 627 1755 679 populorum,

298 686 494 724 bellorum
520 690 559 722 et
573 684 803 723 morborum
824 684 1062 738 perniciem,
1091 685 1224 736 plures
1248 689 1477 723 consecutae
1496 689 1609 721 sunt:
1639 688 1757 735 atque

300 749 345 781 ut
362 747 645 792 consequentes
668 755 809 780 causae
830 754 911 780 non
932 740 1118 779 dicantur
1139 741 1335 779 bonorum
1349 768 1361 789 ‚
1391 753 1491 791 quae
1507 738 1654 777 finibus
1671 752 1757 777 ma»

298 799 430 838 lorum
460 811 614 835 annexa
644 804 758 848 sunt,
796 797 853 836 ita
880 810 956 835 nec
983 797 1263 850 praecedentes
1288 795 1426 835 haberi
1458 795 1602 834 debent
1628 795 1757 834 fontes

298 856 494 894 malorum
515 854 768 905 velindices,
798 853 832 892 si
857 866 956 904 quae
983 867 1076 892 cum
1106 853 1187 892 illis
1207 857 1460 892 concurrant.
1517 851 1639 890 medii
1663 857 1759 890 sunt

300 911 345 951 hi
366 910 622 949 luminarium
649 910 828 948 defectus
854 910 960 948 inter
987 909 1090 949 bona
1119 915 1160 949 et
1189 910 1292 948 mala
1319 921 1451 948 rerum
1476 906 1757 959 humanarum5

301 968 434 1007 nullos
464 966 510 1004 in
541 980 604 1004 eas
628 966 806 1005 influxus
835 965 1005 1015 habent3
1045 971 1338 1005 connectuntur
1362 965 1522 1016 quidem
1553 963 1758 1014 cumillis,

302 1024 373 1064 sed
395 1036 509 1072 casn,
541 1035 623 1061 non
642 1022 875 1072 efficientia,
905 1034 1011 1061 mera
1035 1022 1322 1073 contingentia,
1350 1034 1435 1059 non
1454 1020 1693 1060 necessitate.

415 1079 663 1118 Necessariae
690 1084 784 1116 sunt
816 1091 952 1118 omnes
979 1078 1145 1130 eclipses
1166 1078 1260 1116 solis
1289 1083 1330 1117 et
1351 1077 1490 1128 lunae,
1521 1081 1559 1114 et
1574 1088 1759 1114 necessa·-

303 1136 375 1176 riis
403 1134 624 1173 intervallis
657 1134 886 1180 distinctae,
925 1133 1130 1173 ordinatae
1159 1134 1264 1173 inter
1293 1146 1399 1182 sese,
1430 1133 1543 1171 etita
1561 1131 1758 1182 quodam-

302 1192 423 1232 modo
444 1196 721 1229 concatenatae
739 1196 786 1229 ut
801 1190 882 1229 sint
898 1189 1127 1229 infallibiles
1147 1196 1187 1228 et
1204 1189 1473 1228 inevitabiles:
1501 1187 1666 1226 humani
1687 1200 1760 1226 au·-

304 1256 386 1288 tem
416 1260 548 1297 casus,
577 1252 725 1298 pestes,
758 1246 882 1295 bella,
920 1251 1067 1284 mortes
1089 1245 1313 1298 principum
1340 1246 1459 1297 plane
1490 1243 1760 1295 contingentes

307 1312 347 1343 et
378 1305 530 1342 solutae
560 1302 772 1341 cohaerent
797 1301 1065 1341 accidentibus
1089 1308 1128 1340 et
1161 1301 1486 1350 circumstantiis,
1525 1313 1624 1352 quae
1643 1305 1690 1338 ut
1709 1311 1762 1338 ex

305 1361 512 1400 hominum
527 1359 653 1397 libera
676 1359 877 1397 voluntate
895 1366 935 1397 et
946 1358 1111 1397 fortuito
1131 1371 1337 1397 causarum
1357 1369 1557 1396 concursu
1573 1355 1762 1408 pendent,

307 1418 365 1456 ita
390 1415 605 1455 mutationi
630 1422 723 1454 sunt
751 1414 970 1465 obnoxiae,
999 1421 1038 1453 et
1066 1414 1256 1454 anteverti
1280 1414 1346 1453 vel
1369 1412 1554 1466 impediri
1579 1416 1762 1464 possunt.

308 1487 427 1525 quam
450 1486 540 1524 ergo
562 1472 824 1522 incongruum
845 1477 884 1510 et
906 1471 1134 1510 irrationale
1154 1471 1281 1510 facere
1298 1483 1360 1509 res
1377 1468 1614 1509 necessarias
1629 1474 1669 1507 et
1686 1467 1761 1506 im·-

307 1529 514 1569 mutabiles
534 1542 670 1566 causas
691 1528 903 1566 effectuum
920 1527 1232 1579 contingentium
1254 1533 1292 1565 et
1311 1524 1586 1565 mutabilium?

421 1585 527 1624 XVI.
584 1585 680 1623 Tam
698 1584 815 1623 facile
835 1584 916 1623 dici
934 1591 1069 1636 posset
1088 1590 1218 1623 ortum
1236 1581 1332 1622 solis
1353 1589 1422 1622 aut
1441 1594 1624 1622 occasum
1646 1580 1763 1619 lunae

310 1656 465 1681 causam
497 1654 579 1679 esse
609 1641 827 1691 iurgiorum
855 1646 895 1679 et
928 1641 1248 1690 contentionum,
1287 1652 1386 1691 quae
1411 1639 1477 1678 vel
1505 1636 1681 1676 interdiu
1697 1636 1764 1676 vel

309 1706 434 1739 noctu
452 1698 706 1748 contingunt,
738 1709 854 1748 quam
874 1696 1040 1749 eclipses
1059 1698 1286 1736 morborum
1306 1701 1346 1734 et
1367 1694 1646 1743 calamitatum,
1663 1703 1764 1744 quae

308 1762 404 1809 post
429 1755 516 1793 illas
542 1753 656 1792 fiunt.
714 1759 821 1792 certe
852 1753 1109 1805 aequinoctiis
1134 1760 1174 1792 et
1202 1752 1401 1801 solstitiis,
1436 1764 1535 1803 quae
1568 1748 1765 1802 quater-in

309 1826 415 1850 anno
433 1812 517 1861 lege
543 1817 650 1848 certa
669 1809 773 1847 fiunt
800 1815 839 1847 et
865 1815 1087 1861 temporum
1116 1810 1223 1849 vices
1250 1822 1322 1848 sua
1341 1808 1570 1847 diversitate
1590 1807 1766 1845 formant

309 1875 351 1907 et
369 1867 638 1916 distinguunt,
670 1879 785 1903 causa
802 1872 934 1916 posset
951 1866 1123 1904 adscribi
1149 1879 1221 1904 cur
1238 1871 1364 1916 pestes
1381 1871 1420 1903 et
1441 1864 1565 1912 bella,
1595 1875 1666 1900 cur
1684 1861 1765 1899 cla-

301 1925 383 1962 des
401 1935 613 1973 regnorum
632 1927 671 1959 et
690 1921 902 1959 seditiones
921 1921 1162 1973 populorum
1181 1921 1378 1960 eveniant.
1434 1926 1514 1958 tam
1534 1920 1765 1956 innocentes

312 1979 516 2019 habendae
535 1983 627 2016 sunt
645 1976 941 2015 coniunctiones
959 1978 1051 2015 solis
1066 1983 1104 2016 et
1120 1978 1236 2016 lunae
1257 1975 1541 2015 defectionibus
1555 1974 1764 2022 obnoxiae,

316 2049 437 2088 quam
472 2047 569 2086 quae
595 2039 690 2071 sunt
719 2033 766 2070 ab
790 2033 845 2071 eis
874 2033 1080 2074 immunes.
1138 2032 1268 2072 omnia
1292 2032 1449 2083 quidem
1479 2029 1700 2083 plenilunia
1725 2035 1766 2068 et

315 2092 522 2131 novilunia
540 2102 698 2140 magnas
718 2088 912 2128 invehunt
930 2090 974 2127 in
996 2090 1128 2128 orbem
1148 2089 1385 2128 mutationes
1398 2116 1408 2134 ,
1441 2088 1511 2126 sed
1530 2086 1765 2125 necessarias

319 2156 358 2187 et
383 2148 432 2186 ad
451 2147 604 2185 felicem
629 2146 767 2184 mundi
787 2152 935 2184 statum
953 2146 1148 2198 sapienter
1165 2160 1186 2184 a
1207 2147 1281 2184 deo
1302 2143 1512 2184 ordinatas.
1552 2155 1624 2182 ver
1640 2148 1766 2181 aestas

320 2212 533 2243 autumnus
553 2203 676 2241 hiems
701 2215 750 2240 ex
776 2203 870 2241 solis
893 2209 933 2242 et
962 2203 1079 2240 lunae
1100 2203 1264 2241 diversis
1285 2198 1609 2238 conversionibus
1627 2198 1766 2236 oriun-

319 2268 404 2311 tur,
445 2266 484 2298 et
508 2260 557 2298 iis
585 2258 812 2298 necessariis
835 2259 884 2297 ad
910 2265 1134 2311 temporum
1163 2257 1479 2296 commoditatem
1501 2260 1542 2294 et
1557 2253 1766 2293 hominum

322 2317 576 2363 felicitatem,
614 2329 714 2367 quae
735 2327 889 2367 semper
905 2315 1039 2354 eadem
1056 2316 1162 2366 lege,
1194 2327 1310 2366 quam
1334 2312 1449 2350 initio
1469 2324 1601 2350 rerum
1618 2309 1766 2348 condi-

319 2380 385 2412 tor
415 2371 641 2420 constituit,
671 2385 830 2410 cursum
861 2377 1074 2410 tenuerunt
1100 2378 1137 2409 et
1163 2370 1363 2410 tenebunt.
1422 2368 1511 2419 quis
1536 2364 1765 2418 sapiensiis

322 2429 521 2467 adscribat
547 2429 792 2467 saeculorum
821 2427 1089 2466 calamitates?
1128 2427 1214 2479 quis
1245 2439 1380 2464 eorum
1415 2423 1698 2475 malignitatem
1719 2421 1764 2460 in

321 2485 485 2523 adversa
502 2497 711 2535 regnorum
728 2486 889 2523 fortuna
907 2484 1097 2524 accusat?
1124 2483 1213 2536 quis
1237 2480 1498 2535 proditionis,
1535 2478 1622 2531 quis
1637 2478 1764 2517 laesae

320 2540 532 2580 maiestatis
556 2541 822 2580 condemnat?
1441 2582 1444 2584 ,

432 2597 684 2635 Excusentur
708 2597 830 2648 igitur
856 2598 1000 2650 synodi
1024 2595 1278 2636 luminarium
1301 2593 1525 2647 eclipticae‚
1566 2601 1664 2642 quae
1681 2601 1764 2626 non

323 2654 454 2693 minus
472 2653 709 2691 necessariae
727 2665 854 2705 neque
872 2654 1004 2693 minus
1029 2654 1079 2692 ad
1097 2653 1245 2691 bonum
1260 2649 1439 2690 universi
1465 2663 1488 2687 a
1509 2647 1582 2686 deo
1603 2644 1765 2683 ordina-

322 2718 395 2749 tae.
453 2709 708 2747 absolvantur
735 2709 782 2746 ab
808 2710 994 2763 opinione
1020 2709 1322 2758 maleficentiae,
1353 2718 1452 2759 quae
1468 2716 1548 2743 non
1566 2701 1657 2754 plus
1676 2714 1765 2738 ma-

321 2766 512 2817 lignitatis
530 2765 697 2814 habent,
726 2779 823 2816 quae
853 2780 932 2806 non
957 2767 1052 2821 plus
1077 2766 1223 2808 virium
1251 2764 1301 2805 ad
1329 2756 1707 2803 mutationem-aeris
1725 2761 1765 2796 et

322 2822 536 2863 humorum
553 2822 714 2866 sortitae
737 2827 842 2863 sunt.
873 2850 875 2854 .
