1884 3262
716 177 820 220 LIB.
849 177 907 221 Π.
952 176 1157 222 NOTAE.
1563 178 1659 225 661

210 287 316 326 ultro
337 285 597 338 Pachymeres
617 286 765 324 fatetur
781 301 822 339 p.
834 285 917 329 305
934 299 973 326 v.
987 290 1028 337 7,
1059 286 1178 326 facile
1193 286 1456 339 impetrarunt
1475 286 1660 338 flagranti

211 344 317 395 apud
345 356 461 381 omne
492 341 753 381 Christianum
787 344 933 381 nomen
962 342 1059 382 novi
1085 344 1146 382 sui
1166 343 1382 382 conditoris
1408 343 1658 394 Constantini

209 399 343 450 Magni
361 399 510 450 gratia,
539 405 586 436 ut
608 398 650 437 in
677 412 836 437 censum
862 399 1056 438 maiorum
1082 400 1357 450 ecclesiarum,
1397 413 1497 451 quae
1518 397 1656 452 postea

207 456 454 506 frequentius
477 454 759 507 patriarchales
777 462 942 494 vocatae
961 462 1068 506 sunt,
1094 457 1347 495 reserrentur.
1406 469 1521 507 quem
1542 470 1658 495 nemo

207 512 307 564 ipsis
327 511 518 550 honorem
535 511 702 560 invidit,
731 512 859 563 quoad
879 512 951 550 sibi
971 513 1237 564 praescriptos
1256 513 1299 550 in
1322 512 1406 551 eius
1424 526 1499 550 usu
1516 513 1659 552 limites

207 581 465 621 perrumpere
481 573 551 605 aut
575 569 776 607 transilire
801 575 896 607 sunt
912 569 1057 608 conati.
1116 582 1207 606 cum
1229 569 1333 607 enim
1357 582 1468 606 sacia
1487 569 1659 607 Nicaena

209 625 383 676 synodus
402 625 535 663 locum
563 623 662 676 ipsis
683 631 870 676 quartum
890 625 995 663 inter
1024 625 1199 676 quinque
1228 625 1396 663 maiores
1414 625 1658 676 assignasset,

207 681 285 733 ipsi
308 693 475 733 aequum
499 687 700 719 censentes
720 695 861 720 novam
893 682 1054 719 Romam
1085 688 1124 720 et
1147 681 1304 733 imperii
1335 681 1464 719 sedem
1494 682 1656 720 alteram

207 738 326 775 etiam
354 737 397 775 in
421 736 681 776 ecclesiastica
711 738 898 788 dignitate
925 734 1079 789 ἅμέσως
1117 737 1320 776 admoveri
1344 738 1489 775 Romae
1515 738 1653 787 veteri,

205 793 310 832 nihil
329 807 412 831 non
440 799 652 831 moverunt
679 808 756 844 quo
780 800 1079 844 assequerentur
1105 801 1149 832 ut
1165 794 1432 832 Alexandrino
1456 799 1495 831 et
1510 793 1653 831 Antio-

206 849 333 888 cheno
363 849 621 902 patriarchis,
659 863 825 901 quorum
852 850 920 888 ille
948 850 1144 888 secundus
1168 849 1235 888 hic
1264 850 1401 903 tertius
1430 864 1451 888 a
1474 851 1650 888 Romano

203 905 428 958 patriarcha
445 906 493 944 ab
513 906 618 944 omni
638 913 746 944 retro
764 906 996 957 antiquitate
1014 906 1208 944 numerati
1226 908 1401 955 fuerant,
1429 919 1651 958 praepone-->

207 969 366 1012 rentur,
397 968 435 1000 et
463 961 677 1000 secundum
707 963 891 1014 protinus
920 978 941 999 a
972 976 1072 1014 papa
1102 963 1346 1000 auctoritatis
1367 962 1652 1000 ecclesiasticae

205 1020 373 1069 gradum
394 1019 634 1059 insisterent.
691 1024 808 1069 atque
834 1018 914 1055 hoc
943 1018 1074 1070 ipsum
1103 1018 1235 1070 palam
1262 1019 1394 1070 primo
1422 1024 1553 1070 petere
1568 1032 1651 1056 non

206 1075 291 1112 ausi
309 1081 464 1112 tantum
486 1081 781 1126 expugnarunt,
811 1087 925 1112 suum
944 1074 1051 1111 nacti
1071 1079 1227 1126 tempus
1244 1088 1325 1126 quo
1344 1079 1428 1112 erat
1448 1075 1652 1112 Constan-

202 1130 414 1182 tinopolim
442 1144 545 1168 anno
579 1130 723 1168 Christi
747 1133 825 1172 381
858 1130 1033 1181 synodus
1065 1136 1229 1180 coacta,
1267 1136 1318 1168 ut·
1332 1131 1379 1167 ab
1398 1143 1443 1168 ea
1463 1130 1651 1168 decerne-

201 1193 342 1225 rentur
358 1186 442 1224 sedi
463 1187 923 1238 Constantinopolitanae
942 1184 990 1225 τοὶ
1009 1188 1195 1238 πρεσβεῖα
1210 1188 1284 1238 τῆς
1310 1188 1439 1238 τιμῆς.
1493 1187 1534 1223 id
1554 1186 1651 1225 uni-

200 1243 346 1282 versim
366 1249 405 1281 et
421 1243 597 1293 ambigue
615 1242 766 1280 dictum
784 1255 873 1279 cum
893 1243 1011 1292 longo
1034 1248 1211 1294 tempore
1229 1256 1346 1280 nemo
1363 1248 1541 1294 putasset
1558 1255 1651 1294 per..

150 1312 152 1314 “
201 1300 328 1337 tinere
349 1299 399 1337 ad
418 1298 711 1348 abrogationem
744 1298 906 1336 Nicaeni
933 1297 1117 1347 canonis,
1152 1312 1228 1349 quo
1254 1304 1361 1346 erat,
1399 1303 1443 1335 ut
1462 1298 1650 1348 diximus,

199 1355 397 1394 secundus
417 1361 455 1392 et
474 1355 612 1393 tertius
632 1369 652 1392 a
675 1355 848 1392 Romana
865 1354 956 1392 sede
974 1354 1173 1404 dignitatis
1190 1355 1302 1392 locus
1318 1353 1588 1392 Alexandrino
1608 1360 1649 1391 et

199 1411 447 1449 Antiocheno
463 1410 618 1449 thronis
633 1410 711 1449 rite
733 1411 918 1459 sancitus,
945 1410 1102 1448 tandem
1115 1410 1157 1448 in
1179 1410 1488 1448 chalcedonensi
1509 1423 1647 1460 magna

199 1468 352 1520 synodo
379 1468 586 1506 Anatolius
606 1466 1068 1518 Constantinopolitanus
1086 1466 1309 1518 patriarcha
1328 1479 1469 1516 magno
1495 1466 1646 1503 ambitu

200 1524 396 1572 obtinuit,
426 1524 575 1562 frustra
595 1523 899 1562 reclamantibus
927 1522 1029 1560 sedis
1055 1523 1294 1574 apostolicae
1308 1522 1467 1572 legatis,
1496 1528 1542 1559 ut
1563 1528 1646 1559 sta-

197 1586 375 1619 tueretur
394 1579 853 1632 Constantinopolitanae
872 1579 953 1617 sedi
970 1579 1140 1630 primum
1161 1585 1252 1631 post
1278 1579 1490 1616 Romanam
1510 1578 1645 1616 locum

198 1650 283 1675 esse
301 1636 567 1675 tribuendum.
625 1650 700 1687 qua
726 1636 774 1674 de
792 1650 838 1674 re
862 1636 987 1673 factus
1009 1635 1153 1674 certior
1179 1637 1217 1674 S.
1245 1635 1322 1673 Leo
1343 1640 1443 1672 tunc
1461 1634 1644 1686 pontifex
1710 1655 1715 1660 ›

195 1693 398 1731 Romanus
427 1693 743 1744 intempestivam
773 1692 1024 1730 ambitionem
1054 1691 1162 1729 haud
1187 1691 1458 1743 perfunctorie
1477 1690 1642 1740 retudit,

196 1749 355 1802 scriptis
385 1749 437 1787 ad
465 1749 691 1787 Anatolium
720 1747 864 1798 literis,
902 1747 1044 1799 quibus
1066 1748 1124 1786 sic
1151 1747 1265 1786 illum
1298 1747 1490 1800 increpat.
1548 1753 1645 1798 post

198 1805 275 1843 illa
297 1807 436 1857 itaque
453 1804 724 1844 ordinationis
743 1812 839 1842 tuae
856 1818 936 1842 non
957 1804 1171 1855 inculpata
1181 1805 1409 1855 principia,
1431 1809 1528 1855 post
1552 1816 1642 1840 con-

195 1863 456 1900 secrationem
477 1862 719 1900 Antiocheni
744 1863 942 1913 episcopi,
973 1874 1097 1912 quam
1124 1860 1277 1898 tibimet
1306 1866 1446 1897 contra
1469 1860 1642 1896 canoni-

197 1932 288 1956 cam
312 1919 498 1970 regulam
525 1917 761 1966 vindicasti,
791 1916 902 1954 doleo
935 1919 1056 1954 etiam
1082 1918 1124 1954 in
1149 1916 1224 1959 Ιιοε
1254 1915 1504 1954 dilectionem
1523 1922 1639 1952 tuam

196 1989 277 2013 esse
283 1975 525 2026 prolapsam
546 1982 591 2012 ut
604 1975 904 2012 sacratissimas
929 1974 1199 2011 Nicamorum
1221 1986 1420 2011 canonum
1440 1973 1639 2008 constitu-

196 2033 323 2069 tiones
341 2033 543 2069 conareris
560 2033 796 2083 infringere,
827 2037 1025 2080 tanquam
1051 2036 1270 2080 opportune
1293 2043 1334 2065 se
1352 2028 1428 2064 tibi
1445 2027 1521 2063 hoc
1543 2034 1638 2063 tem·-

190 2101 273 2138 pus
292 2087 478 2125 obtulerit
496 2101 573 2139 quo
592 2085 757 2125 secundi
773 2086 938 2123 lionoris
947 2086 1209 2136 privilegium
1226 2083 1336 2121 sedes
1354 2081 1638 2121 Alexandrina

189 2141 414 2193 perdiderit
435 2151 471 2180 et
487 2144 739 2181 Antioclzena
757 2143 921 2180 ecclesia
947 2142 1233 2192 proprietatem
1254 2141 1394 2177 tertiae
1419 2137 1638 2189 dignitatis

196 2198 397 2247 amiserit,
426 2205 470 2236 ut
486 2198 552 2236 his
570 2199 667 2236 locis
685 2201 770 2236 iuri
784 2213 855 2236 suo
876 2196 1052 2235 subditis
1080 2211 1209 2234 omnes
1234 2195 1529 2246 metropolitani
1553 2196 1637 2245 epi-

195 2257 308 2306 scopi
331 2256 500 2306 proprio
523 2255 668 2293 honore
687 2257 913 2306 priventur.
968 2252 1117 2306 quibus
1142 2251 1345 2290 inauditis
1364 2258 1400 2288 et
1426 2264 1636 2302 nunquam

196 2318 288 2348 ante
320 2312 485 2348 tentatis
511 2313 573 2348 ita
600 2313 848 2363 praeveniris
875 2309 1093 2347 excessibus
1107 2340 1119 2358 ,
1149 2316 1195 2346 ut
1223 2315 1406 2345 sanctam
1426 2305 1635 2358 synodum,

197 2365 259 2404 ad
287 2366 596 2418 extinguendam
628 2368 760 2404 solum
790 2367 984 2404 haeresim
1018 2373 1054 2402 et
1086 2363 1146 2402 ad
1172 2365 1508 2416 confirmationem
1531 2361 1637 2414 fidei

201 2422 432 2462 Catholicae
460 2422 598 2460 studio
640 2423 978 2461 Clzristianissimi
1009 2423 1211 2473 principis
1244 2427 1526 2473 congregatam
1539 2449 1550 2467 ‚
1588 2420 1633 2456 in·

197 2480 442 2517 occasionem
472 2479 652 2517 ambitus
677 2479 841 2528 trahas,
877 2486 912 2515 et
939 2485 986 2516 ut
1012 2479 1301 2515 conniventiam
1330 2490 1447 2514 suam
1471 2475 1547 2512 tibi
1566 2472 1632 2511 det

195 2535 400 2586 impellas,
431 2543 626 2587 tanquam
643 2535 814 2585 refutari
828 2541 997 2586 nequeat
1014 2533 1126 2586 quod
1139 2534 1278 2572 illicite
1297 2533 1465 2571 voluerit
1485 2531 1632 2568 multi-

196 2591 317 2641 tudo,
351 2599 386 2628 et
404 2592 481 2629 illa
498 2593 768 2630 Nicaenorum
794 2605 991 2629 canonum
1014 2605 1085 2642 per
1113 2591 1310 2642 Spiritum
1331 2604 1416 2627 vere
1435 2589 1630 2625 Sanctum

196 2646 389 2686 ordinata
405 2647 579 2686 conditio
609 2649 653 2686 in
679 2648 821 2700 aliqua
843 2661 1024 2699 unquam
1042 2648 1098 2684 sit
1108 2654 1226 2698 parte
1238 2646 1422 2685 solubilis
1438 2650 1511 2681 etc.
1542 2654 1630 2693 per-

195 2703 253 2754 git
269 2703 374 2742 enim
393 2704 448 2741 ibi
477 2705 563 2742 fuse
590 2705 629 2746 S.
655 2704 835 2756 pontifex
865 2703 952 2756 pari
971 2704 1158 2754 gravitate
1174 2716 1298 2756 prave
1316 2705 1542 2739 attentatam
1568 2710 1630 2734 ca-

195 2758 339 2810 stigare
356 2761 584 2800 novitatem.
641 2774 687 2798 ac
705 2760 889 2812 quoniam
905 2759 1109 2799 Anatolius
1124 2760 1198 2798 sibi
1225 2760 1416 2798 faventem
1436 2757 1630 2792 Constan-

196 2815 452 2868 tinopolitani
478 2831 598 2871 supra
629 2818 832 2856 memorati
859 2817 1021 2856 canonis
1044 2816 1406 2869 interpretationem
1429 2808 1630 2849 ambitioni
