<?xml version="1.0" encoding="UTF-8"?>
<!DOCTYPE html PUBLIC "-//W3C//DTD XHTML 1.0 Transitional//EN"
    "http://www.w3.org/TR/xhtml1/DTD/xhtml1-transitional.dtd">
<html xmlns="http://www.w3.org/1999/xhtml" xml:lang="en" lang="en">
 <head>
  <title>
</title>
<meta http-equiv="Content-Type" content="text/html;charset=utf-8" />
  <meta name='ocr-system' content='tesseract 3.04.00' />
  <meta name='ocr-capabilities' content='ocr_page ocr_carea ocr_par ocr_line ocrx_word'/>
</head>
<body>
  <div class='ocr_page' id='page_1' title='image "./corpusscriptorum17niebuoft_0336.png"; bbox 0 0 1884 3262; ppageno 0'>
   <div class='ocr_carea' id='block_1_1' title="bbox 281 197 1322 247">
    <p class='ocr_par' dir='ltr' id='par_1_1' title="bbox 281 197 1322 247">
     <span class='ocr_line' id='line_1_1' title="bbox 281 197 1322 247; baseline 0.004 -4"><span class='ocrx_word' id='word_1_1' title='bbox 281 198 310 243; x_wconf 88' lang='grc'><strong>3</strong></span> <span class='ocrx_word' id='word_1_2' title='bbox 321 197 379 243; x_wconf 91' lang='grc'>18</span> <span class='ocrx_word' id='word_1_3' title='bbox 709 198 944 243; x_wconf 89' lang='lat' dir='ltr'>GEORGII</span> <span class='ocrx_word' id='word_1_4' title='bbox 971 199 1322 247; x_wconf 84' lang='lat' dir='ltr'>PACHYMERIS</span> 
     </span>
    </p>
   </div>
   <div class='ocr_carea' id='block_1_2' title="bbox 129 309 1798 1741">
    <p class='ocr_par' dir='ltr' id='par_1_2' title="bbox 129 309 1798 1741">
     <span class='ocr_line' id='line_1_2' title="bbox 279 309 1748 376; baseline 0.005 -22"><span class='ocrx_word' id='word_1_5' title='bbox 279 313 438 355; x_wconf 86' lang='grc' dir='ltr'><strong><em>σίλευσε</em></strong></span> <span class='ocrx_word' id='word_1_6' title='bbox 457 309 530 353; x_wconf 83' lang='grc' dir='ltr'>τὸν</span> <span class='ocrx_word' id='word_1_7' title='bbox 556 310 758 367; x_wconf 83' lang='grc' dir='ltr'><strong><em>πενθερὸν</em></strong></span> <span class='ocrx_word' id='word_1_8' title='bbox 786 309 1072 366; x_wconf 78' lang='grc' dir='ltr'><strong><em>διαδεξάμενος</em></strong></span> <span class='ocrx_word' id='word_1_9' title='bbox 1084 346 1097 365; x_wconf 91' lang='grc'>,</span> <span class='ocrx_word' id='word_1_10' title='bbox 1136 315 1203 357; x_wconf 83' lang='grc' dir='ltr'><strong><em>καὶ</em></strong></span> <span class='ocrx_word' id='word_1_11' title='bbox 1230 314 1348 372; x_wconf 93' lang='grc' dir='ltr'><strong><em>τρίτη</em></strong></span> <span class='ocrx_word' id='word_1_12' title='bbox 1364 314 1390 372; x_wconf 80' lang='grc' dir='ltr'><strong><em>ἦ</em></strong></span> <span class='ocrx_word' id='word_1_13' title='bbox 1408 320 1469 375; x_wconf 78' lang='grc' dir='ltr'>τῷ</span> <span class='ocrx_word' id='word_1_14' title='bbox 1486 314 1650 376; x_wconf 74' lang='grc' dir='ltr'><strong><em>μεγάλῳ</em></strong></span> <span class='ocrx_word' id='word_1_15' title='bbox 1672 335 1748 361; x_wconf 84' lang='grc' dir='ltr'>κυ-</span> 
     </span>
     <span class='ocr_line' id='line_1_3' title="bbox 279 378 1748 442; baseline 0.006 -22"><span class='ocrx_word' id='word_1_16' title='bbox 279 382 353 438; x_wconf 73' lang='grc' dir='ltr'>ρίῳ</span> <span class='ocrx_word' id='word_1_17' title='bbox 384 379 487 421; x_wconf 78' lang='grc' dir='ltr'><strong><em>κατὰ</em></strong></span> <span class='ocrx_word' id='word_1_18' title='bbox 523 378 600 433; x_wconf 83' lang='grc' dir='ltr'>τὴν</span> <span class='ocrx_word' id='word_1_19' title='bbox 630 378 746 422; x_wconf 88' lang='grc' dir='ltr'><strong><em>πόλιν</em></strong></span> <span class='ocrx_word' id='word_1_20' title='bbox 778 382 997 424; x_wconf 72' lang='grc' dir='ltr'><strong><em>ἐκδοθεῖσα</em></strong></span> <span class='ocrx_word' id='word_1_21' title='bbox 1023 382 1218 426; x_wconf 79' lang='grc' dir='ltr'><strong><em>Εὖδοκία.</em></strong></span> <span class='ocrx_word' id='word_1_22' title='bbox 1291 385 1334 434; x_wconf 73' lang='grc' dir='ltr'>ἐξ</span> <span class='ocrx_word' id='word_1_23' title='bbox 1362 386 1511 440; x_wconf 71' lang='grc' dir='ltr'><strong><em>ἐκείνης</em></strong></span> <span class='ocrx_word' id='word_1_24' title='bbox 1547 391 1645 442; x_wconf 76' lang='grc' dir='ltr'><strong><em>γοῦν</em></strong></span> <span class='ocrx_word' id='word_1_25' title='bbox 1673 391 1748 442; x_wconf 84' lang='grc' dir='ltr'>τῆς</span> 
     </span>
     <span class='ocr_line' id='line_1_4' title="bbox 277 445 1747 511; baseline 0.005 -21"><span class='ocrx_word' id='word_1_26' title='bbox 277 447 480 503; x_wconf 74' lang='grc' dir='ltr'><em>προτέρας</em></span> <span class='ocrx_word' id='word_1_27' title='bbox 502 445 523 490; x_wconf 79' lang='grc' dir='ltr'><em>ὃ</em></span> <span class='ocrx_word' id='word_1_28' title='bbox 546 452 618 502; x_wconf 82' lang='grc' dir='ltr'>τῆς</span> <span class='ocrx_word' id='word_1_29' title='bbox 638 450 841 499; x_wconf 86' lang='grc' dir='ltr'><strong><em>Παιονίας</em></strong></span> <span class='ocrx_word' id='word_1_30' title='bbox 859 449 934 507; x_wconf 81' lang='grc' dir='ltr'>ῥὴξ</span> <span class='ocrx_word' id='word_1_31' title='bbox 953 455 1010 508; x_wconf 81' lang='grc' dir='ltr'>τῷ</span> <span class='ocrx_word' id='word_1_32' title='bbox 1029 451 1119 507; x_wconf 80' lang='grc' dir='ltr'><strong><em>ῥηγὶ</em></strong></span> <span class='ocrx_word' id='word_1_33' title='bbox 1145 453 1213 493; x_wconf 82' lang='grc' dir='ltr'><strong><em>καὶ</em></strong></span> <span class='ocrx_word' id='word_1_34' title='bbox 1231 453 1356 507; x_wconf 79' lang='grc' dir='ltr'><strong><em>πατρὶ</em></strong></span> <span class='ocrx_word' id='word_1_35' title='bbox 1377 456 1583 509; x_wconf 81' lang='grc' dir='ltr'><strong><em>γεννηθεὶς</em></strong></span> <span class='ocrx_word' id='word_1_36' title='bbox 1604 462 1747 511; x_wconf 81' lang='grc' dir='ltr'><strong><em>γυναῖ-</em></strong></span> 
     </span>
     <span class='ocr_line' id='line_1_5' title="bbox 277 514 1746 577; baseline 0.005 -18"><span class='ocrx_word' id='word_1_37' title='bbox 277 534 329 559; x_wconf 88' lang='grc' dir='ltr'><strong><em>κα</em></strong></span> <span class='ocrx_word' id='word_1_38' title='bbox 348 514 453 558; x_wconf 81' lang='grc' dir='ltr'><strong><em>πάνυ</em></strong></span> <span class='ocrx_word' id='word_1_39' title='bbox 477 514 633 571; x_wconf 76' lang='grc' dir='ltr'><strong><em>ὡραίαν</em></strong></span> <span class='ocrx_word' id='word_1_40' title='bbox 654 518 696 559; x_wconf 75' lang='grc' dir='ltr'>ἐκ</span> <span class='ocrx_word' id='word_1_41' title='bbox 717 516 923 571; x_wconf 72' lang='grc' dir='ltr'><strong><em>Κομοῖνων</em></strong></span> <span class='ocrx_word' id='word_1_42' title='bbox 946 521 1011 561; x_wconf 79' lang='grc' dir='ltr'><strong><em>καὶ</em></strong></span> <span class='ocrx_word' id='word_1_43' title='bbox 1035 518 1320 574; x_wconf 77' lang='grc' dir='ltr'><strong><em>αἷχμὰλωτον,</em></strong></span> <span class='ocrx_word' id='word_1_44' title='bbox 1353 518 1408 571; x_wconf 78' lang='grc' dir='ltr'><strong><em>ὥς</em></strong></span> <span class='ocrx_word' id='word_1_45' title='bbox 1427 522 1622 577; x_wconf 74' lang='grc' dir='ltr'><strong><em>λέγουσιν,</em></strong></span> <span class='ocrx_word' id='word_1_46' title='bbox 1647 521 1746 565; x_wconf 67' lang='grc' dir='ltr'><strong><em>ξαν-’-</em></strong></span> 
     </span>
     <span class='ocr_line' id='line_1_6' title="bbox 277 583 1779 649; baseline 0.005 -23"><span class='ocrx_word' id='word_1_47' title='bbox 277 589 336 643; x_wconf 76' lang='grc' dir='ltr'>τῷ</span> <span class='ocrx_word' id='word_1_48' title='bbox 356 584 424 627; x_wconf 78' lang='grc' dir='ltr'><strong><em>διὰ</em></strong></span> <span class='ocrx_word' id='word_1_49' title='bbox 443 584 489 628; x_wconf 85' lang='grc' dir='ltr'>τὸ</span> <span class='ocrx_word' id='word_1_50' title='bbox 510 583 658 635; x_wconf 83' lang='grc' dir='ltr'><strong><em>κάλλος</em></strong></span> <span class='ocrx_word' id='word_1_51' title='bbox 678 584 964 640; x_wconf 76' lang='grc' dir='ltr'><em>ἁρμοσάμενος</em></span> <span class='ocrx_word' id='word_1_52' title='bbox 992 589 1204 645; x_wconf 75' lang='grc' dir='ltr'><strong><em>θυγατέρα</em></strong></span> <span class='ocrx_word' id='word_1_53' title='bbox 1222 593 1353 649; x_wconf 77' lang='grc' dir='ltr'><strong><em>γεννᾷ.</em></strong></span> <span class='ocrx_word' id='word_1_54' title='bbox 1421 588 1578 646; x_wconf 76' lang='grc' dir='ltr'><strong><em>ταύτην</em></strong></span> <span class='ocrx_word' id='word_1_55' title='bbox 1600 589 1656 641; x_wconf 85' lang='grc' dir='ltr'><strong><em>ὥς</em></strong></span> <span class='ocrx_word' id='word_1_56' title='bbox 1677 591 1779 640; x_wconf 58' lang='lat' dir='ltr'>sii-5</span> 
     </span>
     <span class='ocr_line' id='line_1_7' title="bbox 275 655 1745 713; baseline 0.005 -18"><span class='ocrx_word' id='word_1_57' title='bbox 275 657 369 708; x_wconf 83' lang='grc' dir='ltr'>γενῆ</span> <span class='ocrx_word' id='word_1_58' title='bbox 392 655 458 696; x_wconf 80' lang='grc' dir='ltr'><strong><em>καὶ</em></strong></span> <span class='ocrx_word' id='word_1_59' title='bbox 488 655 532 696; x_wconf 77' lang='grc' dir='ltr'>ἐκ</span> <span class='ocrx_word' id='word_1_60' title='bbox 564 659 647 697; x_wconf 83' lang='grc' dir='ltr'>τῶν</span> <span class='ocrx_word' id='word_1_61' title='bbox 674 657 934 710; x_wconf 82' lang='grc' dir='ltr'><strong><em>Λασκαρίων</em></strong></span> <span class='ocrx_word' id='word_1_62' title='bbox 963 657 1242 712; x_wconf 77' lang='grc' dir='ltr'><strong><em>καταγομένην</em></strong></span> <span class='ocrx_word' id='word_1_63' title='bbox 1265 655 1558 712; x_wconf 77' lang='grc' dir='ltr'><strong><em>συναρμόττειν</em></strong></span> <span class='ocrx_word' id='word_1_64' title='bbox 1579 656 1599 701; x_wconf 81' lang='grc' dir='ltr'>ὅ</span> <span class='ocrx_word' id='word_1_65' title='bbox 1619 663 1745 713; x_wconf 80' lang='grc' dir='ltr'><strong><em>βασι-</em></strong></span> 
     </span>
     <span class='ocr_line' id='line_1_8' title="bbox 222 720 1744 784; baseline 0.004 -20"><span class='ocrx_word' id='word_1_66' title='bbox 222 729 256 764; x_wconf 90' lang='lat' dir='ltr'>D</span> <span class='ocrx_word' id='word_1_67' title='bbox 279 722 371 772; x_wconf 78' lang='grc' dir='ltr'><strong><em>λεύς</em></strong></span> <span class='ocrx_word' id='word_1_68' title='bbox 392 720 581 774; x_wconf 71' lang='grc' dir='ltr'><strong><em>ἐβούλετο</em></strong></span> <span class='ocrx_word' id='word_1_69' title='bbox 607 727 665 782; x_wconf 72' lang='grc' dir='ltr'>τῷ</span> <span class='ocrx_word' id='word_1_70' title='bbox 682 724 772 782; x_wconf 79' lang='grc' dir='ltr'><strong><em>υἱῷ.</em></strong></span> <span class='ocrx_word' id='word_1_71' title='bbox 844 727 910 767; x_wconf 84' lang='grc' dir='ltr'><strong><em>καὶ</em></strong></span> <span class='ocrx_word' id='word_1_72' title='bbox 932 725 982 780; x_wconf 82' lang='grc' dir='ltr'>δὴ</span> <span class='ocrx_word' id='word_1_73' title='bbox 1005 727 1058 774; x_wconf 79' lang='grc' dir='ltr'>εἷς</span> <span class='ocrx_word' id='word_1_74' title='bbox 1080 727 1298 781; x_wconf 78' lang='grc' dir='ltr'><strong><em>πρεσβείαν</em></strong></span> <span class='ocrx_word' id='word_1_75' title='bbox 1319 726 1516 782; x_wconf 75' lang='grc' dir='ltr'><strong><em>ἐκλέγεται</em></strong></span> <span class='ocrx_word' id='word_1_76' title='bbox 1537 729 1625 784; x_wconf 79' lang='grc' dir='ltr'><strong><em>περὶ</em></strong></span> <span class='ocrx_word' id='word_1_77' title='bbox 1644 726 1744 770; x_wconf 83' lang='grc' dir='ltr'><strong><em>τού-</em></strong></span> 
     </span>
     <span class='ocr_line' id='line_1_9' title="bbox 274 791 1742 851; baseline 0.003 -18"><span class='ocrx_word' id='word_1_78' title='bbox 274 809 358 834; x_wconf 90' lang='grc' dir='ltr'><strong><em>των</em></strong></span> <span class='ocrx_word' id='word_1_79' title='bbox 377 792 448 834; x_wconf 85' lang='grc' dir='ltr'>τὸν</span> <span class='ocrx_word' id='word_1_80' title='bbox 472 791 552 833; x_wconf 85' lang='grc' dir='ltr'>ἀπὸ</span> <span class='ocrx_word' id='word_1_81' title='bbox 573 797 837 847; x_wconf 84' lang='grc' dir='ltr'><strong><em>πατριαρχῶν</em></strong></span> <span class='ocrx_word' id='word_1_82' title='bbox 861 799 1010 836; x_wconf 81' lang='grc' dir='ltr'><strong><em>τοῦτον</em></strong></span> <span class='ocrx_word' id='word_1_83' title='bbox 1038 797 1079 836; x_wconf 93' lang='grc' dir='ltr'><strong>Γ</strong></span> <span class='ocrx_word' id='word_1_84' title='bbox 1076 795 1252 849; x_wconf 85' lang='grc' dir='ltr'><strong><em>ερμανὸν</em></strong></span> <span class='ocrx_word' id='word_1_85' title='bbox 1282 797 1349 837; x_wconf 89' lang='grc' dir='ltr'><strong><em>καὶ</em></strong></span> <span class='ocrx_word' id='word_1_86' title='bbox 1373 795 1444 838; x_wconf 87' lang='grc' dir='ltr'>τόν</span> <span class='ocrx_word' id='word_1_87' title='bbox 1465 795 1593 851; x_wconf 75' lang='grc' dir='ltr'><strong><em>μέγαν</em></strong></span> <span class='ocrx_word' id='word_1_88' title='bbox 1613 797 1742 838; x_wconf 81' lang='grc' dir='ltr'><strong><em>δοῦκα</em></strong></span> 
     </span>
     <span class='ocr_line' id='line_1_10' title="bbox 273 858 1741 919; baseline 0.003 -17"><span class='ocrx_word' id='word_1_89' title='bbox 273 860 347 902; x_wconf 81' lang='grc' dir='ltr'>τὸν</span> <span class='ocrx_word' id='word_1_90' title='bbox 377 858 627 916; x_wconf 80' lang='grc' dir='ltr'><strong><em>Λάσκαριν,</em></strong></span> <span class='ocrx_word' id='word_1_91' title='bbox 674 861 827 917; x_wconf 68' lang='grc' dir='ltr'><strong><em>ἔξωρον</em></strong></span> <span class='ocrx_word' id='word_1_92' title='bbox 857 861 937 917; x_wconf 74' lang='grc' dir='ltr'>ἤδη</span> <span class='ocrx_word' id='word_1_93' title='bbox 967 862 1093 914; x_wconf 74' lang='grc' dir='ltr'><strong><em>ὄντα,</em></strong></span> <span class='ocrx_word' id='word_1_94' title='bbox 1119 863 1187 905; x_wconf 76' lang='grc' dir='ltr'>διὰ</span> <span class='ocrx_word' id='word_1_95' title='bbox 1221 863 1267 906; x_wconf 85' lang='grc' dir='ltr'>τὸ</span> <span class='ocrx_word' id='word_1_96' title='bbox 1299 863 1402 919; x_wconf 83' lang='grc' dir='ltr'><strong><em>πρὸς</em></strong></span> <span class='ocrx_word' id='word_1_97' title='bbox 1432 865 1581 906; x_wconf 74' lang='grc' dir='ltr'><strong><em>ἐκεῖνον</em></strong></span> <span class='ocrx_word' id='word_1_98' title='bbox 1611 864 1741 907; x_wconf 83' lang='grc' dir='ltr'><strong><em>αὗτοῦ</em></strong></span> 
     </span>
     <span class='ocr_line' id='line_1_11' title="bbox 272 927 1798 991; baseline 0.003 -21"><span class='ocrx_word' id='word_1_99' title='bbox 272 929 477 984; x_wconf 71' lang='grc' dir='ltr'><strong><em>συγγενές·</em></strong></span> <span class='ocrx_word' id='word_1_100' title='bbox 513 933 589 972; x_wconf 78' lang='grc' dir='ltr'>τοῦ</span> <span class='ocrx_word' id='word_1_101' title='bbox 624 929 702 986; x_wconf 78' lang='grc' dir='ltr'><strong><em>γὰρ</em></strong></span> <span class='ocrx_word' id='word_1_102' title='bbox 737 927 906 972; x_wconf 81' lang='grc' dir='ltr'>πάππου</span> <span class='ocrx_word' id='word_1_103' title='bbox 936 931 1008 973; x_wconf 87' lang='grc' dir='ltr'>τὸν</span> <span class='ocrx_word' id='word_1_104' title='bbox 1039 929 1165 974; x_wconf 86' lang='grc' dir='ltr'><strong><em>τόπον</em></strong></span> <span class='ocrx_word' id='word_1_105' title='bbox 1183 937 1241 991; x_wconf 78' lang='grc' dir='ltr'>τῷ</span> <span class='ocrx_word' id='word_1_106' title='bbox 1264 931 1354 989; x_wconf 79' lang='grc' dir='ltr'><strong><em>ῥηγὶ</em></strong></span> <span class='ocrx_word' id='word_1_107' title='bbox 1375 930 1550 988; x_wconf 76' lang='grc' dir='ltr'>ἐπλήρου</span> <span class='ocrx_word' id='word_1_108' title='bbox 1571 930 1649 975; x_wconf 78' lang='grc' dir='ltr'><strong><em>ὅσα</em></strong></span> <span class='ocrx_word' id='word_1_109' title='bbox 1674 933 1741 979; x_wconf 81' lang='grc' dir='ltr'><strong><em>καὶ</em></strong></span> <span class='ocrx_word' id='word_1_110' title='bbox 1754 945 1798 980; x_wconf 84' lang='lat'>10</span> 
     </span>
     <span class='ocr_line' id='line_1_12' title="bbox 273 996 1741 1058; baseline 0.003 -19"><span class='ocrx_word' id='word_1_111' title='bbox 273 996 451 1053; x_wconf 77' lang='grc' dir='ltr'><strong><em>ἀδελφὸς</em></strong></span> <span class='ocrx_word' id='word_1_112' title='bbox 471 1001 546 1040; x_wconf 83' lang='grc' dir='ltr'>τοῦ</span> <span class='ocrx_word' id='word_1_113' title='bbox 566 996 767 1055; x_wconf 80' lang='grc' dir='ltr'><strong><em>Λάσκαρι</em></strong></span> <span class='ocrx_word' id='word_1_114' title='bbox 788 999 1004 1052; x_wconf 78' lang='grc' dir='ltr'><strong><em>βασιλέως,</em></strong></span> <span class='ocrx_word' id='word_1_115' title='bbox 1075 1000 1120 1043; x_wconf 78' lang='grc' dir='ltr'>οἳ</span> <span class='ocrx_word' id='word_1_116' title='bbox 1137 1001 1187 1054; x_wconf 75' lang='grc' dir='ltr'>δὴ</span> <span class='ocrx_word' id='word_1_117' title='bbox 1211 1003 1278 1042; x_wconf 84' lang='grc' dir='ltr'><strong><em>καὶ</em></strong></span> <span class='ocrx_word' id='word_1_118' title='bbox 1300 999 1553 1050; x_wconf 72' lang='grc' dir='ltr'><strong><em>ἀπελθόντες</em></strong></span> <span class='ocrx_word' id='word_1_119' title='bbox 1572 1002 1669 1058; x_wconf 80' lang='grc' dir='ltr'><strong><em>πεζῇ</em></strong></span> <span class='ocrx_word' id='word_1_120' title='bbox 1687 1001 1741 1043; x_wconf 80' lang='grc' dir='ltr'>τὰ</span> 
     </span>
     <span class='ocr_line' id='line_1_13' title="bbox 271 1064 1742 1127; baseline 0.002 -19"><span class='ocrx_word' id='word_1_121' title='bbox 271 1070 346 1120; x_wconf 86' lang='grc' dir='ltr'>τῆς</span> <span class='ocrx_word' id='word_1_122' title='bbox 373 1067 590 1121; x_wconf 77' lang='grc' dir='ltr'><strong><em>πρεσβείας</em></strong></span> <span class='ocrx_word' id='word_1_123' title='bbox 618 1064 843 1122; x_wconf 78' lang='grc' dir='ltr'><strong><em>ἐπλήρουν,</em></strong></span> <span class='ocrx_word' id='word_1_124' title='bbox 882 1070 949 1110; x_wconf 81' lang='grc' dir='ltr'><strong><em>καὶ</em></strong></span> <span class='ocrx_word' id='word_1_125' title='bbox 977 1067 1052 1122; x_wconf 79' lang='grc' dir='ltr'>τὴν</span> <span class='ocrx_word' id='word_1_126' title='bbox 1077 1073 1153 1111; x_wconf 82' lang='grc' dir='ltr'>τοῦ</span> <span class='ocrx_word' id='word_1_127' title='bbox 1183 1068 1306 1126; x_wconf 77' lang='grc' dir='ltr'><strong><em>ρηγὸς</em></strong></span> <span class='ocrx_word' id='word_1_128' title='bbox 1335 1070 1548 1125; x_wconf 74' lang='grc' dir='ltr'><strong><em>θυγατέρα</em></strong></span> <span class='ocrx_word' id='word_1_129' title='bbox 1577 1074 1636 1126; x_wconf 76' lang='grc' dir='ltr'>τῷ</span> <span class='ocrx_word' id='word_1_130' title='bbox 1665 1069 1742 1127; x_wconf 77' lang='grc' dir='ltr'>υἱῷ</span> 
     </span>
     <span class='ocr_line' id='line_1_14' title="bbox 129 1131 1741 1194; baseline 0.002 -18"><span class='ocrx_word' id='word_1_131' title='bbox 129 1142 159 1176; x_wconf 87' lang='lat' dir='ltr'>P</span> <span class='ocrx_word' id='word_1_132' title='bbox 182 1142 250 1179; x_wconf 71' lang='lat'>215</span> <span class='ocrx_word' id='word_1_133' title='bbox 274 1138 350 1177; x_wconf 81' lang='grc' dir='ltr'>τοῦ</span> <span class='ocrx_word' id='word_1_134' title='bbox 383 1135 585 1189; x_wconf 74' lang='grc' dir='ltr'><strong><em>βασιλέως</em></strong></span> <span class='ocrx_word' id='word_1_135' title='bbox 615 1137 682 1177; x_wconf 86' lang='grc' dir='ltr'><strong><em>καὶ</em></strong></span> <span class='ocrx_word' id='word_1_136' title='bbox 710 1140 873 1189; x_wconf 83' lang='grc' dir='ltr'><strong><em>βασιλεῖ</em></strong></span> <span class='ocrx_word' id='word_1_137' title='bbox 894 1134 1060 1192; x_wconf 78' lang='grc' dir='ltr'><strong><em>νύμφην</em></strong></span> <span class='ocrx_word' id='word_1_138' title='bbox 1098 1137 1318 1194; x_wconf 74' lang='grc' dir='ltr'><strong><em>φέρουσιν,</em></strong></span> <span class='ocrx_word' id='word_1_139' title='bbox 1366 1131 1392 1194; x_wconf 76' lang='grc' dir='ltr'><strong><em>ᾖ</em></strong></span> <span class='ocrx_word' id='word_1_140' title='bbox 1418 1137 1470 1192; x_wconf 81' lang='grc' dir='ltr'>δὴ</span> <span class='ocrx_word' id='word_1_141' title='bbox 1502 1138 1568 1179; x_wconf 81' lang='grc' dir='ltr'><strong><em>καὶ</em></strong></span> <span class='ocrx_word' id='word_1_142' title='bbox 1592 1137 1741 1180; x_wconf 83' lang='grc' dir='ltr'><strong><em>Ἄνναν</em></strong></span> 
     </span>
     <span class='ocr_line' id='line_1_15' title="bbox 273 1201 1745 1262; baseline 0.001 -16"><span class='ocrx_word' id='word_1_143' title='bbox 273 1203 406 1257; x_wconf 69' lang='grc' dir='ltr'><strong><em>ὄνομα</em></strong></span> <span class='ocrx_word' id='word_1_144' title='bbox 425 1205 592 1258; x_wconf 80' lang='grc' dir='ltr'><strong><em>τίθησιν</em></strong></span> <span class='ocrx_word' id='word_1_145' title='bbox 616 1201 637 1245; x_wconf 83' lang='grc' dir='ltr'><em>ὃ</em></span> <span class='ocrx_word' id='word_1_146' title='bbox 662 1208 847 1259; x_wconf 85' lang='grc' dir='ltr'><strong><em>κρατῶν,</em></strong></span> <span class='ocrx_word' id='word_1_147' title='bbox 887 1206 952 1246; x_wconf 83' lang='grc' dir='ltr'><strong><em>καὶ</em></strong></span> <span class='ocrx_word' id='word_1_148' title='bbox 971 1212 1204 1261; x_wconf 76' lang='grc' dir='ltr'><strong><em>περιφανεῖς</em></strong></span> <span class='ocrx_word' id='word_1_149' title='bbox 1221 1205 1317 1254; x_wconf 69' lang='grc' dir='ltr'><strong><em>τοὺς</em></strong></span> <span class='ocrx_word' id='word_1_150' title='bbox 1337 1205 1496 1260; x_wconf 83' lang='grc' dir='ltr'><strong><em>γάμους</em></strong></span> <span class='ocrx_word' id='word_1_151' title='bbox 1515 1209 1624 1248; x_wconf 82' lang='grc' dir='ltr'><strong><em>τελεῖ</em></strong></span> <span class='ocrx_word' id='word_1_152' title='bbox 1639 1205 1745 1262; x_wconf 73' lang='grc' dir='ltr'><strong><em>αὐτῇ</em></strong></span> 
     </span>
     <span class='ocr_line' id='line_1_16' title="bbox 272 1272 1794 1330; baseline 0.002 -16"><span class='ocrx_word' id='word_1_153' title='bbox 272 1289 316 1314; x_wconf 90' lang='grc' dir='ltr'>τε</span> <span class='ocrx_word' id='word_1_154' title='bbox 335 1274 402 1314; x_wconf 84' lang='grc' dir='ltr'><strong><em>καὶ</em></strong></span> <span class='ocrx_word' id='word_1_155' title='bbox 422 1275 480 1329; x_wconf 81' lang='grc' dir='ltr'>τῷ</span> <span class='ocrx_word' id='word_1_156' title='bbox 504 1272 580 1330; x_wconf 72' lang='grc' dir='ltr'><strong><em>υἱῷ</em></strong></span> <span class='ocrx_word' id='word_1_157' title='bbox 600 1273 664 1313; x_wconf 74' lang='grc' dir='ltr'>ἐπὶ</span> <span class='ocrx_word' id='word_1_158' title='bbox 691 1276 764 1314; x_wconf 84' lang='grc' dir='ltr'>τοῦ</span> <span class='ocrx_word' id='word_1_159' title='bbox 792 1273 910 1314; x_wconf 89' lang='grc' dir='ltr'><strong><em>θείου</em></strong></span> <span class='ocrx_word' id='word_1_160' title='bbox 935 1275 1002 1314; x_wconf 83' lang='grc' dir='ltr'><strong><em>καὶ</em></strong></span> <span class='ocrx_word' id='word_1_161' title='bbox 1028 1272 1419 1329; x_wconf 75' lang='grc' dir='ltr'><strong><em>μεγάλουτεμένους</em></strong></span> <span class='ocrx_word' id='word_1_162' title='bbox 1442 1278 1516 1329; x_wconf 80' lang='grc' dir='ltr'>τῆς</span> <span class='ocrx_word' id='word_1_163' title='bbox 1538 1278 1614 1316; x_wconf 80' lang='grc' dir='ltr'>τοῦ</span> <span class='ocrx_word' id='word_1_164' title='bbox 1633 1277 1738 1317; x_wconf 79' lang='grc' dir='ltr'><strong><em>θεοῦ</em></strong></span> <span class='ocrx_word' id='word_1_165' title='bbox 1751 1282 1794 1318; x_wconf 83' lang='grc'>15</span> 
     </span>
     <span class='ocr_line' id='line_1_17' title="bbox 269 1337 1741 1398; baseline 0.001 -16"><span class='ocrx_word' id='word_1_166' title='bbox 269 1338 391 1395; x_wconf 86' lang='grc' dir='ltr'><strong><em>λόγου</em></strong></span> <span class='ocrx_word' id='word_1_167' title='bbox 414 1341 587 1396; x_wconf 83' lang='grc' dir='ltr'><strong><em>σοφίας,</em></strong></span> <span class='ocrx_word' id='word_1_168' title='bbox 619 1344 693 1382; x_wconf 84' lang='grc' dir='ltr'>τοῦ</span> <span class='ocrx_word' id='word_1_169' title='bbox 716 1338 970 1396; x_wconf 80' lang='grc' dir='ltr'><strong><em>πατριάρχου</em></strong></span> <span class='ocrx_word' id='word_1_170' title='bbox 988 1341 1140 1398; x_wconf 82' lang='grc' dir='ltr'><strong><em>Ἰωσὴφ</em></strong></span> <span class='ocrx_word' id='word_1_171' title='bbox 1160 1340 1468 1397; x_wconf 80' lang='grc' dir='ltr'><strong><em>εὐλογήσαντος.</em></strong></span> <span class='ocrx_word' id='word_1_172' title='bbox 1528 1344 1595 1384; x_wconf 79' lang='grc' dir='ltr'><strong><em>καὶ</em></strong></span> <span class='ocrx_word' id='word_1_173' title='bbox 1615 1337 1741 1391; x_wconf 74' lang='grc' dir='ltr'><strong><em>αὖθις</em></strong></span> 
     </span>
     <span class='ocr_line' id='line_1_18' title="bbox 268 1406 1740 1467; baseline 0.001 -17"><span class='ocrx_word' id='word_1_174' title='bbox 268 1413 344 1451; x_wconf 82' lang='grc' dir='ltr'>τοῦ</span> <span class='ocrx_word' id='word_1_175' title='bbox 365 1406 550 1457; x_wconf 76' lang='grc' dir='ltr'><strong><em>ἐπιόντος</em></strong></span> <span class='ocrx_word' id='word_1_176' title='bbox 576 1408 695 1457; x_wconf 68' lang='grc' dir='ltr'><strong><em>ἔτους</em></strong></span> <span class='ocrx_word' id='word_1_177' title='bbox 715 1409 846 1463; x_wconf 83' lang='grc' dir='ltr'><strong><em>μηνὸς</em></strong></span> <span class='ocrx_word' id='word_1_178' title='bbox 866 1412 1167 1464; x_wconf 82' lang='grc' dir='ltr'><strong><em>Μουνυχιῶνος</em></strong></span> <span class='ocrx_word' id='word_1_179' title='bbox 1198 1409 1321 1467; x_wconf 75' lang='grc' dir='ltr'><strong><em>ὀγδόῃ</em></strong></span> <span class='ocrx_word' id='word_1_180' title='bbox 1341 1414 1564 1463; x_wconf 81' lang='grc' dir='ltr'><strong><em>βασιλικῶς</em></strong></span> <span class='ocrx_word' id='word_1_181' title='bbox 1586 1410 1740 1459; x_wconf 73' lang='grc' dir='ltr'><strong><em>αὐτοὺς</em></strong></span> 
     </span>
     <span class='ocr_line' id='line_1_19' title="bbox 268 1475 1740 1535; baseline 0.001 -16"><span class='ocrx_word' id='word_1_182' title='bbox 268 1476 346 1520; x_wconf 80' lang='grc' dir='ltr'>σὺν</span> <span class='ocrx_word' id='word_1_183' title='bbox 369 1481 428 1535; x_wconf 77' lang='grc' dir='ltr'>τῷ</span> <span class='ocrx_word' id='word_1_184' title='bbox 451 1481 773 1533; x_wconf 85' lang='grc' dir='ltr'><strong><em>πατριαρχοῢντι</em></strong></span> <span class='ocrx_word' id='word_1_185' title='bbox 802 1475 823 1520; x_wconf 84' lang='grc' dir='ltr'><em>ὃ</em></span> <span class='ocrx_word' id='word_1_186' title='bbox 849 1478 1042 1530; x_wconf 70' lang='grc' dir='ltr'><strong><em>βασιλεὺς</em></strong></span> <span class='ocrx_word' id='word_1_187' title='bbox 1070 1481 1138 1520; x_wconf 85' lang='grc' dir='ltr'><strong><em>καὶ</em></strong></span> <span class='ocrx_word' id='word_1_188' title='bbox 1166 1479 1303 1534; x_wconf 82' lang='grc' dir='ltr'><strong><em>πατὴρ</em></strong></span> <span class='ocrx_word' id='word_1_189' title='bbox 1332 1485 1501 1532; x_wconf 86' lang='grc' dir='ltr'><strong><em>ταινιοῒ,</em></strong></span> <span class='ocrx_word' id='word_1_190' title='bbox 1528 1479 1600 1521; x_wconf 83' lang='grc' dir='ltr'><strong><em>καί</em></strong></span> <span class='ocrx_word' id='word_1_191' title='bbox 1620 1479 1659 1522; x_wconf 78' lang='grc' dir='ltr'>οἳ</span> <span class='ocrx_word' id='word_1_192' title='bbox 1683 1476 1740 1528; x_wconf 82' lang='grc' dir='ltr'><strong><em>ὥς</em></strong></span> 
     </span>
     <span class='ocr_line' id='line_1_20' title="bbox 268 1544 1738 1603; baseline 0.001 -16"><span class='ocrx_word' id='word_1_193' title='bbox 268 1550 435 1599; x_wconf 83' lang='grc' dir='ltr'><strong><em>βασιλεῖ</em></strong></span> <span class='ocrx_word' id='word_1_194' title='bbox 471 1545 523 1588; x_wconf 78' lang='grc' dir='ltr'>τὰ</span> <span class='ocrx_word' id='word_1_195' title='bbox 568 1551 642 1600; x_wconf 81' lang='grc' dir='ltr'>τῆς</span> <span class='ocrx_word' id='word_1_196' title='bbox 676 1547 901 1602; x_wconf 84' lang='grc' dir='ltr'><strong><em>θεραπείας</em></strong></span> <span class='ocrx_word' id='word_1_197' title='bbox 938 1546 1041 1601; x_wconf 82' lang='grc' dir='ltr'><strong><em>πρὸς</em></strong></span> <span class='ocrx_word' id='word_1_198' title='bbox 1075 1547 1123 1589; x_wconf 89' lang='grc' dir='ltr'>τὸ</span> <span class='ocrx_word' id='word_1_199' title='bbox 1161 1545 1467 1603; x_wconf 85' lang='grc' dir='ltr'><strong><em>μεγαλειότερον</em></strong></span> <span class='ocrx_word' id='word_1_200' title='bbox 1501 1544 1738 1590; x_wconf 82' lang='grc' dir='ltr'><strong><em>ἀποτάττει.</em></strong></span> 
     </span>
     <span class='ocr_line' id='line_1_21' title="bbox 217 1611 1793 1673; baseline 0.001 -17"><span class='ocrx_word' id='word_1_201' title='bbox 217 1622 247 1657; x_wconf 87' lang='grc' dir='ltr'><strong><em>Β</em></strong></span> <span class='ocrx_word' id='word_1_202' title='bbox 273 1612 410 1657; x_wconf 80' lang='grc' dir='ltr'><strong><em>τάττει</em></strong></span> <span class='ocrx_word' id='word_1_203' title='bbox 428 1615 472 1656; x_wconf 77' lang='grc' dir='ltr'>δὲ</span> <span class='ocrx_word' id='word_1_204' title='bbox 492 1611 624 1673; x_wconf 80' lang='grc' dir='ltr'><strong><em>τούτῳ</em></strong></span> <span class='ocrx_word' id='word_1_205' title='bbox 644 1616 709 1656; x_wconf 80' lang='grc' dir='ltr'><strong><em>καὶ</em></strong></span> <span class='ocrx_word' id='word_1_206' title='bbox 734 1616 829 1670; x_wconf 87' lang='grc' dir='ltr'><strong><em>τρία</em></strong></span> <span class='ocrx_word' id='word_1_207' title='bbox 848 1619 931 1657; x_wconf 81' lang='grc' dir='ltr'>τῶν</span> <span class='ocrx_word' id='word_1_208' title='bbox 952 1614 1154 1672; x_wconf 84' lang='grc' dir='ltr'><strong><em>ὂφφικίων</em></strong></span> <span class='ocrx_word' id='word_1_209' title='bbox 1183 1616 1297 1666; x_wconf 72' lang='grc' dir='ltr'><strong><em>ἰδίως</em></strong></span> <span class='ocrx_word' id='word_1_210' title='bbox 1328 1614 1384 1666; x_wconf 81' lang='grc' dir='ltr'><strong><em>ὥς</em></strong></span> <span class='ocrx_word' id='word_1_211' title='bbox 1413 1615 1635 1671; x_wconf 81' lang='grc' dir='ltr'><strong><em>ἀναγκαῖα,</em></strong></span> <span class='ocrx_word' id='word_1_212' title='bbox 1669 1616 1793 1658; x_wconf 59' lang='lat' dir='ltr'>namo</span> 
     </span>
     <span class='ocr_line' id='line_1_22' title="bbox 262 1681 1738 1741; baseline 0.001 -15"><span class='ocrx_word' id='word_1_213' title='bbox 262 1683 333 1726; x_wconf 85' lang='grc' dir='ltr'>τὸν</span> <span class='ocrx_word' id='word_1_214' title='bbox 354 1683 429 1738; x_wconf 73' lang='grc' dir='ltr'>μὲν</span> <span class='ocrx_word' id='word_1_215' title='bbox 450 1681 719 1740; x_wconf 77' lang='grc' dir='ltr'><strong><em>Λιβαόάριον</em></strong></span> <span class='ocrx_word' id='word_1_216' title='bbox 747 1683 960 1741; x_wconf 76' lang='grc' dir='ltr'><strong><em>πιγκέρνην</em></strong></span> <span class='ocrx_word' id='word_1_217' title='bbox 992 1684 1326 1741; x_wconf 81' lang='grc' dir='ltr'><strong><em>ἀποκαθίστησι,</em></strong></span> <span class='ocrx_word' id='word_1_218' title='bbox 1362 1684 1434 1728; x_wconf 81' lang='grc' dir='ltr'>τὸν</span> <span class='ocrx_word' id='word_1_219' title='bbox 1453 1685 1502 1728; x_wconf 77' lang='grc' dir='ltr'>δέ</span> <span class='ocrx_word' id='word_1_220' title='bbox 1513 1701 1556 1741; x_wconf 89' lang='grc' dir='ltr'>γε</span> <span class='ocrx_word' id='word_1_221' title='bbox 1577 1683 1738 1740; x_wconf 76' lang='grc' dir='ltr'><strong><em>Βρυέν-</em></strong></span> 
     </span>
    </p>
   </div>
   <div class='ocr_carea' id='block_1_3' title="bbox 258 1869 1745 2884">
    <p class='ocr_par' dir='ltr' id='par_1_3' title="bbox 258 1869 1745 2884">
     <span class='ocr_line' id='line_1_23' title="bbox 262 1869 1733 1918; baseline -0.003 -10"><span class='ocrx_word' id='word_1_222' title='bbox 262 1885 306 1908; x_wconf 86' lang='lat' dir='ltr'>ex</span> <span class='ocrx_word' id='word_1_223' title='bbox 328 1871 439 1918; x_wconf 88' lang='lat' dir='ltr'>prima</span> <span class='ocrx_word' id='word_1_224' title='bbox 461 1874 557 1906; x_wconf 86' lang='lat' dir='ltr'>ortus</span> <span class='ocrx_word' id='word_1_225' title='bbox 580 1870 638 1916; x_wconf 90' lang='lat' dir='ltr'>qui</span> <span class='ocrx_word' id='word_1_226' title='bbox 661 1882 750 1905; x_wconf 92' lang='lat' dir='ltr'>nunc</span> <span class='ocrx_word' id='word_1_227' title='bbox 772 1871 939 1915; x_wconf 79' lang='lat' dir='ltr'><strong>regnabat</strong></span> <span class='ocrx_word' id='word_1_228' title='bbox 950 1871 986 1905; x_wconf 86' lang='lat' dir='ltr'>in</span> <span class='ocrx_word' id='word_1_229' title='bbox 1009 1870 1195 1913; x_wconf 88' lang='lat' dir='ltr'>Pannonia,</span> <span class='ocrx_word' id='word_1_230' title='bbox 1217 1871 1308 1906; x_wconf 88' lang='lat' dir='ltr'>filius</span> <span class='ocrx_word' id='word_1_231' title='bbox 1323 1874 1359 1906; x_wconf 89' lang='lat' dir='ltr'>et</span> <span class='ocrx_word' id='word_1_232' title='bbox 1377 1871 1478 1905; x_wconf 87' lang='lat' dir='ltr'>heres</span> <span class='ocrx_word' id='word_1_233' title='bbox 1500 1869 1592 1914; x_wconf 88' lang='lat' dir='ltr'>regis</span> <span class='ocrx_word' id='word_1_234' title='bbox 1610 1869 1733 1915; x_wconf 78' lang='lat' dir='ltr'>patris,</span> 
     </span>
     <span class='ocr_line' id='line_1_24' title="bbox 262 1916 1731 1963; baseline -0.002 -10"><span class='ocrx_word' id='word_1_235' title='bbox 262 1930 403 1954; x_wconf 87' lang='lat' dir='ltr'>uxorem</span> <span class='ocrx_word' id='word_1_236' title='bbox 427 1930 448 1952; x_wconf 92' lang='lat' dir='ltr'>e</span> <span class='ocrx_word' id='word_1_237' title='bbox 471 1918 630 1952; x_wconf 88' lang='lat' dir='ltr'>Comanis</span> <span class='ocrx_word' id='word_1_238' title='bbox 653 1917 822 1963; x_wconf 86' lang='lat' dir='ltr'>captivam</span> <span class='ocrx_word' id='word_1_239' title='bbox 847 1918 949 1959; x_wconf 86' lang='lat' dir='ltr'>olim,</span> <span class='ocrx_word' id='word_1_240' title='bbox 973 1918 1035 1951; x_wconf 88' lang='lat' dir='ltr'>sed</span> <span class='ocrx_word' id='word_1_241' title='bbox 1058 1917 1223 1962; x_wconf 80' lang='lat' dir='ltr'>insignis,</span> <span class='ocrx_word' id='word_1_242' title='bbox 1245 1924 1284 1952; x_wconf 90' lang='lat' dir='ltr'>ut</span> <span class='ocrx_word' id='word_1_243' title='bbox 1308 1917 1404 1951; x_wconf 83' lang='lat' dir='ltr'>aiunt</span> <span class='ocrx_word' id='word_1_244' title='bbox 1419 1942 1430 1957; x_wconf 91' lang='lat'><strong>‚</strong></span> <span class='ocrx_word' id='word_1_245' title='bbox 1454 1918 1584 1950; x_wconf 86' lang='lat' dir='ltr'>formae</span> <span class='ocrx_word' id='word_1_246' title='bbox 1606 1916 1731 1950; x_wconf 84' lang='lat' dir='ltr'>merito</span> 
     </span>
     <span class='ocr_line' id='line_1_25' title="bbox 262 1962 1745 2009; baseline -0.003 -10"><span class='ocrx_word' id='word_1_247' title='bbox 262 1978 284 2000; x_wconf 83' lang='lat' dir='ltr'>e</span> <span class='ocrx_word' id='word_1_248' title='bbox 306 1965 469 1999; x_wconf 89' lang='lat' dir='ltr'>servitute</span> <span class='ocrx_word' id='word_1_249' title='bbox 491 1964 527 1997; x_wconf 89' lang='lat' dir='ltr'>in</span> <span class='ocrx_word' id='word_1_250' title='bbox 550 1975 690 2008; x_wconf 87' lang='lat' dir='ltr'>regnum</span> <span class='ocrx_word' id='word_1_251' title='bbox 715 1968 871 1997; x_wconf 81' lang='lat' dir='ltr'>evectam</span> <span class='ocrx_word' id='word_1_252' title='bbox 896 1964 1035 2005; x_wconf 82' lang='lat' dir='ltr'>habuit3</span> <span class='ocrx_word' id='word_1_253' title='bbox 1067 1975 1111 1998; x_wconf 87' lang='lat' dir='ltr'>ex</span> <span class='ocrx_word' id='word_1_254' title='bbox 1134 1975 1242 2009; x_wconf 89' lang='lat' dir='ltr'>eaque</span> <span class='ocrx_word' id='word_1_255' title='bbox 1265 1964 1383 2007; x_wconf 88' lang='lat' dir='ltr'>genuit</span> <span class='ocrx_word' id='word_1_256' title='bbox 1413 1962 1538 2005; x_wconf 81' lang='lat' dir='ltr'>filiam,</span> <span class='ocrx_word' id='word_1_257' title='bbox 1569 1972 1670 2007; x_wconf 88' lang='lat' dir='ltr'>quam</span> <span class='ocrx_word' id='word_1_258' title='bbox 1693 1966 1745 2007; x_wconf 80' lang='lat' dir='ltr'>ut</span> 
     </span>
     <span class='ocr_line' id='line_1_26' title="bbox 262 2007 1736 2056; baseline -0.003 -11"><span class='ocrx_word' id='word_1_259' title='bbox 262 2012 416 2046; x_wconf 88' lang='lat' dir='ltr'>Romano</span> <span class='ocrx_word' id='word_1_260' title='bbox 445 2010 648 2044; x_wconf 82' lang='lat' dir='ltr'>Lascaricae</span> <span class='ocrx_word' id='word_1_261' title='bbox 680 2009 792 2054; x_wconf 87' lang='lat' dir='ltr'>gentis</span> <span class='ocrx_word' id='word_1_262' title='bbox 824 2010 1051 2054; x_wconf 80' lang='lat' dir='ltr'>praenobilem</span> <span class='ocrx_word' id='word_1_263' title='bbox 1075 2012 1238 2054; x_wconf 87' lang='lat' dir='ltr'>sanguine</span> <span class='ocrx_word' id='word_1_264' title='bbox 1270 2010 1406 2056; x_wconf 87' lang='lat' dir='ltr'>dignam</span> <span class='ocrx_word' id='word_1_265' title='bbox 1429 2009 1615 2053; x_wconf 87' lang='lat' dir='ltr'>imperator</span> <span class='ocrx_word' id='word_1_266' title='bbox 1637 2007 1736 2041; x_wconf 80' lang='lat' dir='ltr'>duxit</span> 
     </span>
     <span class='ocr_line' id='line_1_27' title="bbox 265 2053 1736 2103; baseline -0.003 -12"><span class='ocrx_word' id='word_1_267' title='bbox 265 2069 366 2103; x_wconf 88' lang='lat' dir='ltr'>quam</span> <span class='ocrx_word' id='word_1_268' title='bbox 390 2056 460 2090; x_wconf 84' lang='lat' dir='ltr'>filio</span> <span class='ocrx_word' id='word_1_269' title='bbox 485 2059 520 2090; x_wconf 87' lang='lat' dir='ltr'>et</span> <span class='ocrx_word' id='word_1_270' title='bbox 542 2056 719 2101; x_wconf 82' lang='lat' dir='ltr'>designato</span> <span class='ocrx_word' id='word_1_271' title='bbox 743 2056 932 2090; x_wconf 82' lang='lat' dir='ltr'>successori</span> <span class='ocrx_word' id='word_1_272' title='bbox 967 2056 1196 2101; x_wconf 81' lang='lat' dir='ltr'>desponderet</span> <span class='ocrx_word' id='word_1_273' title='bbox 1219 2066 1294 2089; x_wconf 85' lang='lat' dir='ltr'>suo.</span> <span class='ocrx_word' id='word_1_274' title='bbox 1341 2056 1472 2099; x_wconf 83' lang='lat' dir='ltr'>legatos</span> <span class='ocrx_word' id='word_1_275' title='bbox 1494 2054 1600 2098; x_wconf 87' lang='lat' dir='ltr'>igitur</span> <span class='ocrx_word' id='word_1_276' title='bbox 1624 2053 1669 2087; x_wconf 86' lang='lat' dir='ltr'>ad</span> <span class='ocrx_word' id='word_1_277' title='bbox 1690 2053 1736 2087; x_wconf 88' lang='lat' dir='ltr'>il-</span> 
     </span>
     <span class='ocr_line' id='line_1_28' title="bbox 264 2099 1732 2148; baseline -0.003 -11"><span class='ocrx_word' id='word_1_278' title='bbox 264 2105 332 2137; x_wconf 83' lang='lat' dir='ltr'>lam</span> <span class='ocrx_word' id='word_1_279' title='bbox 365 2101 601 2148; x_wconf 71' lang='lat' dir='ltr'>postulandam</span> <span class='ocrx_word' id='word_1_280' title='bbox 640 2102 720 2136; x_wconf 85' lang='lat' dir='ltr'>illuc</span> <span class='ocrx_word' id='word_1_281' title='bbox 751 2102 947 2143; x_wconf 88' lang='lat' dir='ltr'>destinans,</span> <span class='ocrx_word' id='word_1_282' title='bbox 979 2102 1119 2136; x_wconf 80' lang='lat' dir='ltr'>idoneos</span> <span class='ocrx_word' id='word_1_283' title='bbox 1150 2101 1194 2135; x_wconf 88' lang='lat' dir='ltr'>ad</span> <span class='ocrx_word' id='word_1_284' title='bbox 1226 2101 1296 2135; x_wconf 90' lang='lat' dir='ltr'>tale</span> <span class='ocrx_word' id='word_1_285' title='bbox 1319 2101 1490 2146; x_wconf 75' lang='lat' dir='ltr'>negotium</span> <span class='ocrx_word' id='word_1_286' title='bbox 1513 2099 1650 2145; x_wconf 82' lang='lat' dir='ltr'>putavit</span> <span class='ocrx_word' id='word_1_287' title='bbox 1672 2111 1732 2134; x_wconf 87' lang='lat' dir='ltr'>ex-</span> 
     </span>
     <span class='ocr_line' id='line_1_29' title="bbox 263 2145 1733 2195; baseline -0.002 -13"><span class='ocrx_word' id='word_1_288' title='bbox 263 2148 496 2195; x_wconf 82' lang='lat' dir='ltr'>patriarcbam</span> <span class='ocrx_word' id='word_1_289' title='bbox 519 2149 727 2182; x_wconf 78' lang='lat' dir='ltr'>Germanum</span> <span class='ocrx_word' id='word_1_290' title='bbox 750 2148 914 2193; x_wconf 86' lang='lat' dir='ltr'>simulque</span> <span class='ocrx_word' id='word_1_291' title='bbox 936 2159 1092 2192; x_wconf 88' lang='lat' dir='ltr'>magnum</span> <span class='ocrx_word' id='word_1_292' title='bbox 1115 2148 1235 2181; x_wconf 88' lang='lat' dir='ltr'>ducem</span> <span class='ocrx_word' id='word_1_293' title='bbox 1257 2147 1458 2189; x_wconf 89' lang='lat' dir='ltr'>Lascarim,</span> <span class='ocrx_word' id='word_1_294' title='bbox 1480 2145 1646 2180; x_wconf 80' lang='lat' dir='ltr'>emeritae</span> <span class='ocrx_word' id='word_1_295' title='bbox 1665 2145 1733 2180; x_wconf 82' lang='lat' dir='ltr'>iam</span> 
     </span>
     <span class='ocr_line' id='line_1_30' title="bbox 264 2191 1733 2239; baseline -0.003 -10"><span class='ocrx_word' id='word_1_296' title='bbox 264 2197 347 2229; x_wconf 90' lang='lat' dir='ltr'>licet</span> <span class='ocrx_word' id='word_1_297' title='bbox 369 2206 410 2228; x_wconf 86' lang='lat' dir='ltr'>ac</span> <span class='ocrx_word' id='word_1_298' title='bbox 432 2205 552 2239; x_wconf 85' lang='lat' dir='ltr'>parum</span> <span class='ocrx_word' id='word_1_299' title='bbox 583 2197 686 2239; x_wconf 85' lang='lat' dir='ltr'>aptae</span> <span class='ocrx_word' id='word_1_300' title='bbox 723 2194 881 2238; x_wconf 79' lang='lat' dir='ltr'>gerendis</span> <span class='ocrx_word' id='word_1_301' title='bbox 904 2195 1007 2228; x_wconf 89' lang='lat' dir='ltr'>rebus</span> <span class='ocrx_word' id='word_1_302' title='bbox 1030 2194 1154 2228; x_wconf 90' lang='lat' dir='ltr'>aetatis</span> <span class='ocrx_word' id='word_1_303' title='bbox 1176 2194 1303 2228; x_wconf 86' lang='lat' dir='ltr'>virum:</span> <span class='ocrx_word' id='word_1_304' title='bbox 1337 2193 1398 2227; x_wconf 88' lang='lat' dir='ltr'>sed</span> <span class='ocrx_word' id='word_1_305' title='bbox 1420 2192 1512 2226; x_wconf 90' lang='lat' dir='ltr'>illum</span> <span class='ocrx_word' id='word_1_306' title='bbox 1543 2191 1666 2226; x_wconf 78' lang='lat' dir='ltr'>eximie</span> <span class='ocrx_word' id='word_1_307' title='bbox 1687 2191 1733 2226; x_wconf 84' lang='lat' dir='ltr'>ad</span> 
     </span>
     <span class='ocr_line' id='line_1_31' title="bbox 264 2237 1732 2286; baseline -0.002 -12"><span class='ocrx_word' id='word_1_308' title='bbox 264 2241 352 2275; x_wconf 85' lang='lat' dir='ltr'>hanc</span> <span class='ocrx_word' id='word_1_309' title='bbox 378 2240 514 2286; x_wconf 86' lang='lat' dir='ltr'>quidem</span> <span class='ocrx_word' id='word_1_310' title='bbox 536 2240 774 2274; x_wconf 76' lang='lat' dir='ltr'>tractationem</span> <span class='ocrx_word' id='word_1_311' title='bbox 797 2240 1042 2274; x_wconf 85' lang='lat' dir='ltr'>commendavit</span> <span class='ocrx_word' id='word_1_312' title='bbox 1065 2251 1186 2274; x_wconf 89' lang='lat' dir='ltr'>nomen</span> <span class='ocrx_word' id='word_1_313' title='bbox 1210 2242 1244 2273; x_wconf 84' lang='lat' dir='ltr'>et</span> <span class='ocrx_word' id='word_1_314' title='bbox 1267 2238 1562 2282; x_wconf 78' lang='lat' dir='ltr'>consanguinitas,</span> <span class='ocrx_word' id='word_1_315' title='bbox 1585 2248 1675 2282; x_wconf 84' lang='lat' dir='ltr'>quae</span> <span class='ocrx_word' id='word_1_316' title='bbox 1695 2237 1732 2271; x_wconf 84' lang='lat' dir='ltr'>in</span> 
     </span>
     <span class='ocr_line' id='line_1_32' title="bbox 262 2283 1732 2331; baseline -0.003 -11"><span class='ocrx_word' id='word_1_317' title='bbox 262 2298 381 2331; x_wconf 83' lang='lat' dir='ltr'>regem</span> <span class='ocrx_word' id='word_1_318' title='bbox 407 2286 545 2331; x_wconf 85' lang='lat' dir='ltr'>virginis</span> <span class='ocrx_word' id='word_1_319' title='bbox 568 2286 759 2331; x_wconf 86' lang='lat' dir='ltr'>poscendae</span> <span class='ocrx_word' id='word_1_320' title='bbox 782 2292 915 2331; x_wconf 85' lang='lat' dir='ltr'>patrem</span> <span class='ocrx_word' id='word_1_321' title='bbox 938 2287 1173 2320; x_wconf 81' lang='lat' dir='ltr'>auctoritatem</span> <span class='ocrx_word' id='word_1_322' title='bbox 1197 2285 1230 2320; x_wconf 89' lang='lat' dir='ltr'>ei</span> <span class='ocrx_word' id='word_1_323' title='bbox 1253 2285 1351 2331; x_wconf 81' lang='lat' dir='ltr'>quasi</span> <span class='ocrx_word' id='word_1_324' title='bbox 1375 2285 1433 2319; x_wconf 85' lang='lat' dir='ltr'>avi</span> <span class='ocrx_word' id='word_1_325' title='bbox 1456 2283 1652 2325; x_wconf 85' lang='lat' dir='ltr'>tribuebat,</span> <span class='ocrx_word' id='word_1_326' title='bbox 1674 2287 1732 2317; x_wconf 80' lang='lat' dir='ltr'>ut-</span> 
     </span>
     <span class='ocr_line' id='line_1_33' title="bbox 263 2328 1732 2378; baseline -0.003 -12"><span class='ocrx_word' id='word_1_327' title='bbox 263 2338 345 2378; x_wconf 85' lang='lat' dir='ltr'>pote</span> <span class='ocrx_word' id='word_1_328' title='bbox 367 2343 525 2376; x_wconf 84' lang='lat' dir='ltr'>germano</span> <span class='ocrx_word' id='word_1_329' title='bbox 550 2332 695 2376; x_wconf 83' lang='lat' dir='ltr'>Augusti</span> <span class='ocrx_word' id='word_1_330' title='bbox 718 2332 879 2367; x_wconf 84' lang='lat' dir='ltr'>Lascaris</span> <span class='ocrx_word' id='word_1_331' title='bbox 904 2332 1067 2377; x_wconf 83' lang='lat' dir='ltr'>genitoris</span> <span class='ocrx_word' id='word_1_332' title='bbox 1091 2333 1163 2366; x_wconf 88' lang='lat' dir='ltr'>eius</span> <span class='ocrx_word' id='word_1_333' title='bbox 1186 2333 1316 2366; x_wconf 79' lang='lat' dir='ltr'>matris.</span> <span class='ocrx_word' id='word_1_334' title='bbox 1363 2331 1399 2365; x_wconf 87' lang='lat' dir='ltr'>hi</span> <span class='ocrx_word' id='word_1_335' title='bbox 1419 2328 1579 2365; x_wconf 84' lang='lat' dir='ltr'>terrestri</span> <span class='ocrx_word' id='word_1_336' title='bbox 1608 2329 1732 2363; x_wconf 68' lang='lat' dir='ltr'>itinera</span> 
     </span>
     <span class='ocr_line' id='line_1_34' title="bbox 263 2374 1730 2423; baseline -0.003 -11"><span class='ocrx_word' id='word_1_337' title='bbox 263 2384 330 2422; x_wconf 79' lang='lat' dir='ltr'>q&#39;uo</span> <span class='ocrx_word' id='word_1_338' title='bbox 364 2379 621 2412; x_wconf 84' lang='lat' dir='ltr'>destinabantur</span> <span class='ocrx_word' id='word_1_339' title='bbox 652 2378 795 2423; x_wconf 84' lang='lat' dir='ltr'>perlati,</span> <span class='ocrx_word' id='word_1_340' title='bbox 828 2379 964 2423; x_wconf 86' lang='lat' dir='ltr'>negotio</span> <span class='ocrx_word' id='word_1_341' title='bbox 994 2391 1015 2413; x_wconf 92' lang='lat' dir='ltr'>e</span> <span class='ocrx_word' id='word_1_342' title='bbox 1046 2378 1217 2412; x_wconf 91' lang='lat' dir='ltr'>sententia</span> <span class='ocrx_word' id='word_1_343' title='bbox 1249 2378 1425 2419; x_wconf 82' lang='lat' dir='ltr'>confecto,</span> <span class='ocrx_word' id='word_1_344' title='bbox 1457 2375 1557 2410; x_wconf 89' lang='lat' dir='ltr'>brevi</span> <span class='ocrx_word' id='word_1_345' title='bbox 1587 2374 1730 2409; x_wconf 72' lang='lat' dir='ltr'>reduces</span> 
     </span>
     <span class='ocr_line' id='line_1_35' title="bbox 261 2420 1728 2469; baseline -0.003 -11"><span class='ocrx_word' id='word_1_346' title='bbox 261 2424 368 2458; x_wconf 75' lang='lat' dir='ltr'>filiam</span> <span class='ocrx_word' id='word_1_347' title='bbox 392 2425 567 2458; x_wconf 89' lang='lat' dir='ltr'>memorati</span> <span class='ocrx_word' id='word_1_348' title='bbox 588 2426 678 2467; x_wconf 86' lang='lat' dir='ltr'>regis</span> <span class='ocrx_word' id='word_1_349' title='bbox 701 2435 858 2469; x_wconf 81' lang='lat' dir='ltr'>sponsam</span> <span class='ocrx_word' id='word_1_350' title='bbox 881 2425 1053 2459; x_wconf 88' lang='lat' dir='ltr'>adducunt</span> <span class='ocrx_word' id='word_1_351' title='bbox 1074 2425 1143 2458; x_wconf 89' lang='lat' dir='ltr'>filio</span> <span class='ocrx_word' id='word_1_352' title='bbox 1165 2423 1404 2469; x_wconf 88' lang='lat' dir='ltr'>imperatoris,</span> <span class='ocrx_word' id='word_1_353' title='bbox 1434 2422 1500 2456; x_wconf 89' lang='lat' dir='ltr'>iam</span> <span class='ocrx_word' id='word_1_354' title='bbox 1524 2423 1560 2455; x_wconf 81' lang='lat' dir='ltr'>et</span> <span class='ocrx_word' id='word_1_355' title='bbox 1581 2420 1644 2466; x_wconf 76' lang='lat' dir='ltr'>ipsi</span> <span class='ocrx_word' id='word_1_356' title='bbox 1666 2421 1728 2454; x_wconf 86' lang='lat' dir='ltr'>im-</span> 
     </span>
     <span class='ocr_line' id='line_1_36' title="bbox 262 2465 1727 2516; baseline -0.003 -13"><span class='ocrx_word' id='word_1_357' title='bbox 262 2470 350 2516; x_wconf 89' lang='lat' dir='ltr'>perii</span> <span class='ocrx_word' id='word_1_358' title='bbox 371 2469 547 2516; x_wconf 82' lang='lat' dir='ltr'>participi.</span> <span class='ocrx_word' id='word_1_359' title='bbox 594 2469 720 2514; x_wconf 85' lang='lat' dir='ltr'>virgini</span> <span class='ocrx_word' id='word_1_360' title='bbox 743 2471 915 2515; x_wconf 89' lang='lat' dir='ltr'>Augustus</span> <span class='ocrx_word' id='word_1_361' title='bbox 949 2472 1061 2505; x_wconf 85' lang='lat' dir='ltr'>senior</span> <span class='ocrx_word' id='word_1_362' title='bbox 1087 2474 1206 2504; x_wconf 86' lang='lat' dir='ltr'>Annae</span> <span class='ocrx_word' id='word_1_363' title='bbox 1235 2481 1355 2503; x_wconf 86' lang='lat' dir='ltr'>nomen</span> <span class='ocrx_word' id='word_1_364' title='bbox 1378 2467 1547 2513; x_wconf 80' lang='lat' dir='ltr'>imposuit.</span> <span class='ocrx_word' id='word_1_365' title='bbox 1591 2472 1664 2501; x_wconf 86' lang='lat' dir='ltr'>tum</span> <span class='ocrx_word' id='word_1_366' title='bbox 1685 2465 1727 2499; x_wconf 88' lang='lat' dir='ltr'>il-</span> 
     </span>
     <span class='ocr_line' id='line_1_37' title="bbox 265 2511 1728 2562; baseline -0.004 -12"><span class='ocrx_word' id='word_1_367' title='bbox 265 2516 363 2550; x_wconf 86' lang='lat' dir='ltr'>lustri</span> <span class='ocrx_word' id='word_1_368' title='bbox 387 2527 510 2561; x_wconf 85' lang='lat' dir='ltr'>pompa</span> <span class='ocrx_word' id='word_1_369' title='bbox 535 2518 571 2549; x_wconf 88' lang='lat' dir='ltr'>et</span> <span class='ocrx_word' id='word_1_370' title='bbox 592 2516 842 2560; x_wconf 86' lang='lat' dir='ltr'>magnificentia</span> <span class='ocrx_word' id='word_1_371' title='bbox 863 2518 1052 2562; x_wconf 83' lang='lat' dir='ltr'>praecipua</span> <span class='ocrx_word' id='word_1_372' title='bbox 1084 2516 1219 2561; x_wconf 87' lang='lat' dir='ltr'>nuptias</span> <span class='ocrx_word' id='word_1_373' title='bbox 1251 2516 1323 2550; x_wconf 88' lang='lat' dir='ltr'>eius</span> <span class='ocrx_word' id='word_1_374' title='bbox 1359 2525 1433 2549; x_wconf 85' lang='lat' dir='ltr'>eum</span> <span class='ocrx_word' id='word_1_375' title='bbox 1457 2524 1518 2548; x_wconf 87' lang='lat' dir='ltr'>suo</span> <span class='ocrx_word' id='word_1_376' title='bbox 1541 2511 1612 2546; x_wconf 83' lang='lat' dir='ltr'>filio</span> <span class='ocrx_word' id='word_1_377' title='bbox 1635 2511 1728 2545; x_wconf 83' lang='lat' dir='ltr'>eele-</span> 
     </span>
     <span class='ocr_line' id='line_1_38' title="bbox 262 2558 1728 2607; baseline -0.003 -11"><span class='ocrx_word' id='word_1_378' title='bbox 262 2561 379 2596; x_wconf 81' lang='lat' dir='ltr'>b&#39;ravit</span> <span class='ocrx_word' id='word_1_379' title='bbox 403 2561 494 2607; x_wconf 87' lang='lat' dir='ltr'>apud</span> <span class='ocrx_word' id='word_1_380' title='bbox 518 2572 675 2605; x_wconf 85' lang='lat' dir='ltr'>magnum</span> <span class='ocrx_word' id='word_1_381' title='bbox 699 2563 858 2607; x_wconf 87' lang='lat' dir='ltr'>templum</span> <span class='ocrx_word' id='word_1_382' title='bbox 881 2565 1032 2597; x_wconf 87' lang='lat' dir='ltr'>Sanctae</span> <span class='ocrx_word' id='word_1_383' title='bbox 1055 2562 1160 2597; x_wconf 86' lang='lat' dir='ltr'>divini</span> <span class='ocrx_word' id='word_1_384' title='bbox 1182 2562 1277 2597; x_wconf 83' lang='lat' dir='ltr'>verbi</span> <span class='ocrx_word' id='word_1_385' title='bbox 1301 2559 1512 2606; x_wconf 83' lang='lat' dir='ltr'>Sapientiae,</span> <span class='ocrx_word' id='word_1_386' title='bbox 1535 2558 1624 2592; x_wconf 82' lang='lat' dir='ltr'>bene</span> <span class='ocrx_word' id='word_1_387' title='bbox 1646 2567 1728 2604; x_wconf 84' lang='lat' dir='ltr'>pre-</span> 
     </span>
     <span class='ocr_line' id='line_1_39' title="bbox 262 2603 1728 2655; baseline -0.004 -13"><span class='ocrx_word' id='word_1_388' title='bbox 262 2611 363 2642; x_wconf 76' lang='lat' dir='ltr'>cante</span> <span class='ocrx_word' id='word_1_389' title='bbox 393 2607 491 2642; x_wconf 84' lang='lat' dir='ltr'>novis</span> <span class='ocrx_word' id='word_1_390' title='bbox 523 2608 654 2651; x_wconf 80' lang='lat' dir='ltr'>sponsis</span> <span class='ocrx_word' id='word_1_391' title='bbox 686 2608 829 2653; x_wconf 85' lang='lat' dir='ltr'>Iosepho</span> <span class='ocrx_word' id='word_1_392' title='bbox 867 2610 1073 2655; x_wconf 79' lang='lat' dir='ltr'>patriarcha.</span> <span class='ocrx_word' id='word_1_393' title='bbox 1120 2619 1207 2643; x_wconf 89' lang='lat' dir='ltr'>anno</span> <span class='ocrx_word' id='word_1_394' title='bbox 1236 2607 1315 2642; x_wconf 86' lang='lat' dir='ltr'>inde</span> <span class='ocrx_word' id='word_1_395' title='bbox 1349 2610 1485 2646; x_wconf 85' lang='lat' dir='ltr'>secuto,</span> <span class='ocrx_word' id='word_1_396' title='bbox 1519 2603 1574 2638; x_wconf 91' lang='lat' dir='ltr'>die</span> <span class='ocrx_word' id='word_1_397' title='bbox 1603 2610 1728 2638; x_wconf 83' lang='lat' dir='ltr'>octava</span> 
     </span>
     <span class='ocr_line' id='line_1_40' title="bbox 263 2648 1725 2700; baseline -0.003 -13"><span class='ocrx_word' id='word_1_398' title='bbox 263 2653 391 2688; x_wconf 83' lang='lat' dir='ltr'>mensis</span> <span class='ocrx_word' id='word_1_399' title='bbox 414 2653 639 2694; x_wconf 84' lang='lat' dir='ltr'>Novembris,</span> <span class='ocrx_word' id='word_1_400' title='bbox 661 2654 757 2697; x_wconf 87' lang='lat' dir='ltr'>regie</span> <span class='ocrx_word' id='word_1_401' title='bbox 783 2655 898 2688; x_wconf 88' lang='lat' dir='ltr'>ambos</span> <span class='ocrx_word' id='word_1_402' title='bbox 921 2655 996 2700; x_wconf 88' lang='lat' dir='ltr'>ipse</span> <span class='ocrx_word' id='word_1_403' title='bbox 1018 2660 1138 2700; x_wconf 87' lang='lat' dir='ltr'>pater,</span> <span class='ocrx_word' id='word_1_404' title='bbox 1163 2658 1343 2700; x_wconf 84' lang='lat' dir='ltr'>praesente</span> <span class='ocrx_word' id='word_1_405' title='bbox 1365 2663 1407 2686; x_wconf 86' lang='lat' dir='ltr'>ac</span> <span class='ocrx_word' id='word_1_406' title='bbox 1428 2648 1537 2684; x_wconf 83' lang='lat' dir='ltr'>sacris</span> <span class='ocrx_word' id='word_1_407' title='bbox 1559 2653 1725 2694; x_wconf 80' lang='lat' dir='ltr'>operante</span> 
     </span>
     <span class='ocr_line' id='line_1_41' title="bbox 260 2694 1724 2746; baseline -0.004 -13"><span class='ocrx_word' id='word_1_408' title='bbox 260 2700 478 2746; x_wconf 83' lang='lat' dir='ltr'>patriarcha,</span> <span class='ocrx_word' id='word_1_409' title='bbox 512 2700 708 2741; x_wconf 81' lang='lat' dir='ltr'>coronavit,</span> <span class='ocrx_word' id='word_1_410' title='bbox 731 2699 959 2746; x_wconf 87' lang='lat' dir='ltr'>deincepsque</span> <span class='ocrx_word' id='word_1_411' title='bbox 981 2701 1173 2735; x_wconf 85' lang='lat' dir='ltr'>Andronico</span> <span class='ocrx_word' id='word_1_412' title='bbox 1196 2704 1235 2734; x_wconf 87' lang='lat' dir='ltr'>ut</span> <span class='ocrx_word' id='word_1_413' title='bbox 1257 2699 1323 2734; x_wconf 87' lang='lat' dir='ltr'>iam</span> <span class='ocrx_word' id='word_1_414' title='bbox 1345 2695 1540 2743; x_wconf 75' lang='lat' dir='ltr'>imperatori</span> <span class='ocrx_word' id='word_1_415' title='bbox 1562 2694 1724 2729; x_wconf 78' lang='lat' dir='ltr'>familiam</span> 
     </span>
     <span class='ocr_line' id='line_1_42' title="bbox 261 2741 1724 2791; baseline -0.004 -12"><span class='ocrx_word' id='word_1_416' title='bbox 261 2749 297 2779; x_wconf 88' lang='lat' dir='ltr'>et</span> <span class='ocrx_word' id='word_1_417' title='bbox 328 2745 548 2780; x_wconf 85' lang='lat' dir='ltr'>ministerium</span> <span class='ocrx_word' id='word_1_418' title='bbox 582 2745 679 2780; x_wconf 83' lang='lat' dir='ltr'>auxit</span> <span class='ocrx_word' id='word_1_419' title='bbox 707 2744 742 2778; x_wconf 91' lang='lat' dir='ltr'>in</span> <span class='ocrx_word' id='word_1_420' title='bbox 773 2746 906 2780; x_wconf 72' lang='lat' dir='ltr'>niodum</span> <span class='ocrx_word' id='word_1_421' title='bbox 943 2758 1123 2791; x_wconf 79' lang='lat' dir='ltr'>supremae</span> <span class='ocrx_word' id='word_1_422' title='bbox 1148 2745 1311 2791; x_wconf 64' lang='lat' dir='ltr'>&gt;dignitati</span> <span class='ocrx_word' id='word_1_423' title='bbox 1341 2741 1596 2778; x_wconf 83' lang='lat' dir='ltr'>convenientem</span> <span class='ocrx_word' id='word_1_424' title='bbox 1609 2766 1619 2782; x_wconf 87' lang='lat'><strong>‚</strong></span> <span class='ocrx_word' id='word_1_425' title='bbox 1649 2744 1724 2774; x_wconf 79' lang='lat' dir='ltr'>tres</span> 
     </span>
     <span class='ocr_line' id='line_1_43' title="bbox 258 2786 1724 2837; baseline -0.003 -12"><span class='ocrx_word' id='word_1_426' title='bbox 258 2792 460 2837; x_wconf 77' lang='lat' dir='ltr'>praeficiens</span> <span class='ocrx_word' id='word_1_427' title='bbox 483 2790 640 2836; x_wconf 82' lang='lat' dir='ltr'>palatinis</span> <span class='ocrx_word' id='word_1_428' title='bbox 665 2793 837 2835; x_wconf 78' lang='lat' dir='ltr'>Augustae</span> <span class='ocrx_word' id='word_1_429' title='bbox 869 2793 1040 2826; x_wconf 87' lang='lat' dir='ltr'>maiestati</span> <span class='ocrx_word' id='word_1_430' title='bbox 1061 2791 1264 2827; x_wconf 85' lang='lat' dir='ltr'>necessariis</span> <span class='ocrx_word' id='word_1_431' title='bbox 1294 2789 1428 2824; x_wconf 84' lang='lat' dir='ltr'>officiis.</span> <span class='ocrx_word' id='word_1_432' title='bbox 1474 2798 1550 2822; x_wconf 86' lang='lat' dir='ltr'>nam</span> <span class='ocrx_word' id='word_1_433' title='bbox 1572 2786 1724 2821; x_wconf 82' lang='lat' dir='ltr'>Libada-</span> 
     </span>
     <span class='ocr_line' id='line_1_44' title="bbox 260 2830 1724 2884; baseline -0.003 -12"><span class='ocrx_word' id='word_1_434' title='bbox 260 2837 347 2872; x_wconf 89' lang='lat' dir='ltr'>rium</span> <span class='ocrx_word' id='word_1_435' title='bbox 369 2837 588 2884; x_wconf 83' lang='lat' dir='ltr'>imperatoris</span> <span class='ocrx_word' id='word_1_436' title='bbox 609 2837 689 2872; x_wconf 88' lang='lat' dir='ltr'>novi</span> <span class='ocrx_word' id='word_1_437' title='bbox 722 2837 919 2883; x_wconf 81' lang='lat' dir='ltr'>pincernam</span> <span class='ocrx_word' id='word_1_438' title='bbox 951 2837 1147 2881; x_wconf 81' lang='lat' dir='ltr'>constituit,</span> <span class='ocrx_word' id='word_1_439' title='bbox 1177 2837 1381 2883; x_wconf 78' lang='lat' dir='ltr'>Bryenuium</span> <span class='ocrx_word' id='word_1_440' title='bbox 1410 2839 1525 2870; x_wconf 85' lang='lat' dir='ltr'>autem</span> <span class='ocrx_word' id='word_1_441' title='bbox 1546 2830 1724 2868; x_wconf 80' lang='lat' dir='ltr'>bonoravit</span> 
     </span>
    </p>
   </div>
  </div>
 </body>
</html>
