1884 3262
446 227 525 270 DE
559 226 840 271 MICHAELE
873 225 1252 271 PALAEOLOGO
1286 228 1339 270 L.
1379 226 1457 273 lV.
1592 226 1689 272 255

214 341 307 395 δαί,
345 340 393 385 οὗ
413 346 465 400 τῇ
499 342 690 403 ἐκκλησίᾳ
716 339 913 397 μετάνοια
941 340 1112 398 ὥρισται
1122 363 1138 399 ,·
1177 340 1225 385 οὗ
1250 339 1369 397 νόμοι
1396 337 1554 396 ταύτης
1579 344 1689 384 θεῖοι

213 410 518 468 προβέβληνται
530 432 546 467 ,-
585 412 662 467 οὐχ
679 410 796 467 ὖμεΐς
823 411 918 455 κατ’
945 414 1120 462 ἐκείνους
1141 411 1240 461 τοῦς
1259 410 1438 461 πολλοὺς
1458 407 1691 468 θεραπεύε-

211 498 282 536 τε,·
321 479 347 535 ἢ
373 488 460 531 τοῖς
477 485 692 535 βασιλεῦσι
711 479 992 538 διαφερόντως
1011 482 1116 538 πρὸς
1139 480 1238 530 τοὺς
1269 480 1451 530 πολλοὺς
1473 480 1513 523 οἱ
1529 483 1603 535 τῆς
1625 479 1692 522 ἔκ-

170 606 174 610 .
211 551 383 605 κλησιάς
400 548 631 608 πρόκεινται
652 548 796 605 νόμοι;
832 552 868 593 εἷ
890 550 931 592 δ’
958 545 1181 602 ovim-(222³
1205 551 1240 591 εἶ
1269 549 1328 604 μὴ
1363 548 1469 606 παρ’
1500 546 1599 602 ὖμῖν
1616 566 1692 603 με-

179 621 380 679 5τανοίας
400 621 578 675 θεσμοί,
615 619 800 674 ἀλλαχοῦ
822 623 904 662 τῶν
923 619 1145 674 ἐκκλησιῶν
1174 619 1272 671 εἶσί,
1304 619 1371 660 καὶ
1393 620 1691 674 προσδραμοῦ-

208 707 286 743 μαι
307 686 504 742 ταύταις,
543 690 610 732 καὶ
631 687 736 745 παρ’
754 689 912 731 ἐκείνων
932 685 1325 744 θεραπευθῆσομαι.
1394 685 1492 741 ἡμῖν
1515 688 1590 741 μὲν
1617 682 1692 730 οἶν

204 757 263 800 -τὰ
282 758 388 800 κατὰ
409 756 575 814 γνώμην
595 757 777 814 εἴρηται,
813 755 911 811 ὖμῖν
931 758 976 800 δὲ
998 757 1190 800 σκεπτέον
1208 756 1255 799 τὸ
1277 756 1469 810 ποιητέον
1489 760 1692 811 βουλευο-

209 827 347 881 μένοις
378 825 535 882 συνάμ’
569 827 720 885 ἐκείνῳ.
794 826 891 869 οὐδὲ
924 826 1002 883 γὰρ
1036 828 1104 869 καὶ
1135 825 1260 871 εἰσέτι
1291 825 1486 879 ἀνέξομαι
1517 822 1689 880 πάσχειν
1711 824 1742 859 Ρ
1769 825 1836 861 172

211 896 374 940 ἀνίατα.
444 895 571 939 καλὸν
588 896 666 952 γὰρ
688 894 713 950 ἢ
738 895 844 952 παρ’
866 893 964 950 ὑμῖν
993 898 1167 948 ἰᾶσθαι,
1206 893 1232 950 ἢ
1266 896 1397 950 ζητεῖν
1423 894 1504 938 ,τὸν
1533 892 1688 952 τρόπον

157 975 200 1008 10
213 970 285 1020 τῆς
303 967 529 1021 θεραπείας
552 963 796 1022 ἕτέρωθεν.”
864 970 1000 1008 ταῦτα
1022 969 1097 1007 τοῦ
1127 965 1332 1019 βασιλέως
1360 961 1689 1018 διαλαλῆσαντος

211 1042 297 1084 τοῖς
321 1035 597 1091 ἀρχιερεῦσιν,
637 1035 705 1076 κάὶ
737 1032 824 1076 οἷον
850 1033 953 1090 πρὸς
972 1033 1024 1076 τὰ
1043 1038 1117 1088 τῆς
1135 1031 1273 1088 μα’χης
1292 1032 1689 1090 ἀκροβολισαμένου,

209 1105 350 1146 ἐκεῖνοι
372 1103 442 1160 ἐφ’
468 1100 628 1161 ἑκάστῳ
660 1107 743 1146 τῶν
774 1103 1000 1159 λεγομένων
1028 1110 1115 1154 τοῖς
1136 1102 1387 1158 ἀχθομένοις
1407 1099 1689 1159 προσεοικότες

209 1174 327 1227 δῆλοι
347 1167 452 1228 ἦσαν
474 1172 528 1215 τὰ
558 1172 663 1228 πρὸς
690 1173 865 1226 βασιλέα
895 1177 971 1215 τοῦ
990 1170 1248 1229 πατριάρχου
1282 1169 1466 1222 συνόλως
1488 1171 1564 1215 οὐκ
1582 1171 1690 1215 ἀπο-

209 1239 442 1296 δεχόμενοι,
479 1243 547 1284 καὶ
567 1241 635 1284 διὰ
655 1246 778 1284 τοῦτο
806 1242 940 1284 πολλὰ
968 1243 1037 1300 καὶ
1063 1241 1182 1284 αὐτοὶ
1213 1241 1480 1299 προτιθέντες
1504 1243 1572 1284 καὶ
1598 1239 1687 1294 ἅμα

156 1320 198 1354 15
211 1312 463 1367 συνείροντες
480 1308 723 1368 θεραπεύειν
740 1310 895 1366 ἤθελον
917 1311 989 1354 τὸν
1009 1315 1162 1368 κρατοῖ
1166 1329 1255 1354 ντα.
1328 1310 1377 1354 οὗ
1411 1310 1494 1366 μὴν
1514 1311 1560 1353 δὲ
1580 1310 1687 1354 ἀλλὰ
1710 1313 1739 1347 Β

209 1381 277 1423 καὶ
303 1384 664 1434 καθυπισχνοῦντο
694 1378 824 1434 μόνον
849 1382 918 1422 καὶ
947 1379 1077 1423 αὐτοῦ
1102 1380 1307 1434 βασιλέως
1332 1379 1688 1436 προσπέμψαντος

208 1449 328 1492 αὐτοὶ
349 1449 400 1491 τὰ
412 1452 570 1505 μεγάλα
593 1447 899 1504 συλλήψεσθαι.
973 1448 1063 1506 (2)
1100 1447 1122 1492 ὃ
1153 1454 1253 1505 γοῦν
1280 1448 1478 1504 βασιλεὺς
1507 1450 1575 1491 καὶ
1607 1447 1684 1492 ι’ἱλ-
1707 1451 1737 1487 Ρ
1761 1452 1830 1488 173

208 1522 307 1569 λους
324 1519 400 1573 μὲν
419 1518 527 1561 καθ’
548 1519 619 1561 ἕνα
640 1520 858 1569 πλείστους
885 1517 1119 1562 ἀπέστειλεν
1139 1518 1263 1569 ἀξιῶν
1295 1517 1369 1562 ’τὸν
1398 1515 1591 1576 ἱεράρχην
1611 1522 1687 1562 λῦ-

210 1631 561 1676 putantes,.aequum
585 1631 658 1672 est,
682 1631 825 1675 patres,
857 1628 942 1663 dare
963 1639 1026 1663 vos
1049 1639 1187 1674 operam
1219 1630 1259 1662 ut
1290 1627 1475 1674 imperialis
1498 1627 1690 1672 dignitatis,

163 1713 168 1716 ,
211 1679 312 1721 prout
342 1677 397 1710 fas
427 1676 588 1721 piumque
621 1680 697 1717 est,
726 1675 818 1709 ratio
851 1675 1039 1718 habeatur,
1071 1687 1183 1721 neque
1217 1675 1392 1720 negligere
1414 1685 1477 1708 nos
1500 1678 1597 1709 tanto
1620 1675 1698 1710 iam·

208 1727 363 1767 tempore
390 1722 512 1756 misere
546 1732 730 1766 suspensos
762 1727 868 1766 atque
901 1725 1100 1755 aestuantes
1128 1720 1245 1767 inopia
1275 1720 1417 1755 consilii.
1465 1721 1547 1766 quid
1579 1721 1688 1755 enim-

208 1769 318 1803 vero?
341 1780 384 1803 an
406 1779 472 1802 non
504 1768 548 1802 ab
583 1768 730 1802 ecclesia
751 1768 995 1814 poenitentiam
1028 1767 1104 1802 dari
1139 1767 1359 1813 poscentibus
1387 1766 1566 1801 definitum
1601 1768 1687 1802 est?

208 1826 320 1849 nonne
353 1815 419 1848 hoc
451 1814 530 1848 olim
564 1813 637 1847 eius
669 1814 764 1858 leges
796 1813 934 1848 divinae
963 1815 1181 1848 sanxerunt?
1218 1825 1286 1847 non
1315 1813 1412 1847 iuxta
1442 1824 1501 1847 eas
1533 1813 1686 1859 quotidie

206 1861 351 1907 quisque
381 1864 532 1895 vestrum
566 1871 785 1905 quoscunque
814 1871 900 1906 opus
935 1866 990 1894 est
1020 1859 1176 1906 (plurimi
1209 1865 1322 1894 autem
1357 1860 1549 1894 offeruntur
1578 1860 1684 1906 tales)

206 1907 482 1953 praescribendis
516 1907 809 1941 satisfactionibus
838 1907 1001 1941 curatis?
1041 1918 1084 1940 an
1125 1907 1232 1952 peiori
1274 1906 1468 1940 conditione
1512 1906 1684 1952 principes

207 1954 318 1988 sunt?
357 1965 400 1988 an
431 1953 508 1987 illos
543 1961 628 1987 unos
660 1953 806 1987 ecclesia
836 1954 880 1987 ab
908 1953 1094 1987 universali
1126 1965 1190 1987 sua
1220 1953 1253 1986 in
1276 1953 1366 1986 filios
1388 1952 1600 1997 induigentia
1622 1964 1683 1986 ex-

207 2005 326 2042 ceptos
349 2000 572 2044 exclususque
595 2001 692 2041 vult,
732 2011 796 2034 nec
816 1999 927 2044 legum
952 2001 1106 2033 omnibus
1127 1999 1273 2033 latarum
1306 1998 1374 2033 frui
1396 1998 1564 2033 beneficio
1588 1999 1685 2044 pati-

205 2044 291 2081 tur?
314 2046 520 2092 respondete
542 2058 621 2080 num
645 2046 693 2080 ita
717 2046 782 2089 sit3
806 2045 1002 2087 declarate,
1027 2045 1185 2091 iuquam,
1209 2057 1276 2080 non
1300 2056 1377 2080 esse
1400 2045 1491 2090 apud
1516 2056 1576 2079 vos
1599 2057 1683 2090 pce-

206 2092 370 2127 nitentiae
394 2093 521 2134 locum,
547 2104 610 2126 nec
628 2091 740 2137 excipi
764 2104 785 2126 a
809 2092 907 2126 vobis
930 2091 1185 2138 resipiscentem
1213 2092 1274 2138 qui
1307 2103 1436 2136 poenas
1469 2091 1533 2125 sibi
1559 2091 1683 2125 sceleri

206 2139 383 2184 purgando
406 2138 539 2183 iniungi
561 2139 730 2173 salutares
754 2143 868 2184 petat:
902 2143 974 2173 tum
1007 2151 1101 2173 meae
1124 2143 1241 2184 partes
1264 2141 1366 2172 erunt
1387 2137 1469 2171 mihi
1493 2138 1684 2180 consulere,

208 2189 245 2218 et
268 2184 351 2220 alibi
382 2196 550 2230 quaerere
582 2196 654 2218 rem
687 2185 917 2219 necessariam
948 2184 1044 2219 cuius
1066 2185 1123 2219 hic
1146 2185 1246 2229 copia
1280 2195 1347 2218 non
1375 2183 1542 2228 suppetit.
1590 2183 1683 2219 aliae

207 2230 283 2265 aliis
321 2230 356 2264 in
390 2230 475 2264 locis
507 2230 674 2265 ecclesiae
706 2237 804 2265 sunt:
837 2242 898 2266 eas
930 2231 1054 2274 adibo,
1091 2231 1135 2265 ab
1166 2231 1209 2264 iis
1240 2229 1483 2275 poenitentiam
1506 2233 1621 2275 petam
1645 2233 1682 2271 et

207 2287 407 2321 consequar.
454 2278 596 2322 exposui
619 2277 717 2311 vobis
739 2289 857 2312 sensus
877 2277 1013 2312 intimos
1036 2276 1138 2312 animi
1161 2277 1250 2311 mei:
1281 2275 1561 2310 considerandum
1584 2277 1682 2311 vobis

206 2323 386 2368 relinquo,
417 2325 454 2356 et
491 2334 566 2356 cum
601 2322 675 2368 ipso
712 2324 912 2369 patriarcha
941 2323 1216 2364 consultandum,
1257 2322 1339 2368 quid
1371 2321 1450 2356 fieri
1484 2322 1679 2356 conveniat.

206 2381 274 2402 non
306 2368 393 2403 enim
425 2368 570 2413 amplius
598 2369 713 2414 patiar
744 2381 808 2414 pro
841 2370 998 2415 deposito
1036 2381 1091 2404 me
1123 2368 1238 2403 abiici.
1295 2368 1382 2411 iam,
1414 2368 1568 2415 inquam,
1600 2369 1681 2405 mihi

205 2415 308 2461 plane
330 2414 504 2449 decretum
529 2419 584 2449 est
606 2419 668 2449 aut
689 2415 847 2461 accipere
870 2416 1054 2450 curationis
1074 2415 1207 2450 modum
1230 2425 1251 2448 a
1272 2415 1370 2448 vobis
1388 2419 1450 2449 aut
1464 2414 1549 2450 alibi
1573 2426 1683 2461 quae-

207 2473 295 2495 rere.
343 2460 426 2495 talia
449 2460 622 2506 episcopis
643 2460 756 2495 locuto
781 2462 1003 2507 imperatore,
1036 2474 1077 2495 ac
1106 2473 1180 2506 perv
1195 2461 1281 2495 haec
1302 2460 1400 2506 quasi
1423 2461 1535 2506 prima
1557 2461 1680 2495 velita-

205 2507 299 2541 tione
321 2507 497 2552 auspicato
521 2507 708 2552 praelium,
740 2507 792 2541 illi
814 2507 857 2542 ad
880 2507 1013 2552 singula
1046 2519 1136 2553 quae
1157 2507 1249 2542 dicta
1271 2508 1412 2542 fuerant
1435 2507 1552 2542 dolore
1574 2507 1684 2552 signi-

206 2553 333 2596 ficato,
366 2553 604 2595 declararunt,
638 2565 727 2599 quae
757 2564 878 2588 severe
913 2565 956 2588 ac
987 2554 1074 2588 dure
1104 2553 1303 2600 patriarcha
1332 2565 1417 2598 erga
1438 2553 1682 2599 imperatorem

206 2604 346 2644 ageret,
371 2599 437 2633 sibi
460 2599 596 2633 minime
619 2599 782 2644 probari3
818 2611 860 2634 ac
898 2604 1083 2645 propterea
1113 2606 1192 2644 post
1228 2602 1334 2635 multa
1374 2599 1522 2634 invicem
1555 2599 1681 2634 collata

205 2646 469 2691 disceptataque
499 2649 639 2691 paratos
670 2657 709 2680 se
738 2646 965 2680 ostenderunt
994 2646 1038 2681 ad
1072 2646 1281 2682 offerendam
1311 2647 1468 2692 Augusto
1491 2646 1682 2691 poenitenti

205 2691 494 2726 reconciliationis
515 2692 617 2726 viam.
664 2703 731 2726 non
754 2697 868 2726 tamen
891 2697 975 2727 tunc
1004 2693 1115 2727 adhuc
1142 2693 1287 2727 ulterius
1311 2696 1555 2739 processerunt
1577 2704 1679 2738 quam

190 2741 246 2772 -ut
282 2737 525 2783 promitterent
556 2749 595 2773 se
627 2737 877 2773 intercessuros
916 2739 1023 2784 apud,
1045 2739 1276 2785 patriarcham
1307 2750 1410 2785 quam
1441 2738 1678 2773 efficacissime

205 2787 363 2830 possent,
387 2784 571 2819 suadentes
603 2789 643 2820 ut
677 2796 740 2830 pro
771 2796 809 2819 se
842 2784 919 2831 ipse
947 2785 992 2820 de
1022 2797 1112 2820 novo
1144 2786 1311 2830 allegaret
1343 2785 1388 2819 ad
1422 2795 1498 2819 eum
1523 2788 1678 2819 oratores

202 2830 394 2876 supplices,
418 2830 542 2876 quibus
564 2831 608 2866 ad
630 2830 881 2875 impetrandum
903 2831 993 2877 quod
1017 2836 1180 2878 rogarent
1201 2832 1270 2877 ipsi
1291 2843 1331 2866 se
1353 2842 1417 2876 pro
1439 2830 1531 2865 virili
1551 2842 1677 2877 coope-

203 2880 342 2911 raturos
362 2876 588 2923 recipiebant.
649 2878 709 2923 (2)
730 2877 840 2923 igitur
870 2877 1059 2923 imperator
1081 2890 1158 2913 cum
1190 2878 1275 2913 alios
1295 2876 1490 2923 singillatim
1515 2876 1678 2923 allegavit
