1884 3262
297 197 392 241 282
712 192 945 236 GEORGII
979 192 1324 236 PACHYMERIS

295 325 424 351 σαντα
448 307 592 361 ἐξῆπτε
610 304 657 347 τὸ
677 303 755 347 ἀπὸ
779 308 861 347 τῶν
878 308 1042 348 πολλῶν
1062 312 1204 359 μῖσος,
1236 303 1297 347 ὅτι
1317 322 1358 348 τε
1369 305 1587 360 ·ἆντίζηλος
1605 303 1665 359 εἴη
1687 306 1747 362 τῷ
1771 304 1776 311 ’

293 372 522 430 πατριάρχῃ
542 373 616 426 τὴν
638 373 786 415 ἐκείνου
810 373 1023 427 κατασχὼν
1045 375 1279 428 ἐκκλησίαν,
1314 375 1378 415 καὶ
1400 373 1462 416 ὅτι
1485 374 1564 416 ἀπὸ
1589 370 1743 428 θρόνου

292 448 366 498 τῆς
395 441 603 497 θυγατρὸς
629 445 686 498 τῷ
718 439 859 499 θρόνῳ
889 446 963 496 τῆς
988 442 1144 497 μητρὸς
1177 443 1196 497 (
1209 440 1315 483 οὕτω
1343 441 1419 497 γὰρ
1439 441 1514 491 τὰς
1535 441 1745 496 ἐκκλησίας

293 508 490 565 ἐκάλουν)
523 509 668 563 ἀνέδην
690 507 797 551 οὕτω
819 511 885 551 καὶ
904 509 1103 558 αὐθαδῶς
1123 507 1419 563 εἷσπηδήσειεν,
1454 508 1552 552 ὅθεν
1578 511 1642 552 καὶ
1669 511 1743 551 δυ-

293 580 357 620 σὶν
379 577 633 631 ἓνισχομένου
655 575 897 632 ἐγκλήμασιν
920 577 993 620 οὐκ
1009 574 1060 634 ἦν
1077 577 1188 627 ὅστις
1209 578 1368 633 ἀγαθὸν
1387 575 1516 620 ἐλάλει
1535 579 1624 633 περὶ
1644 578 1775 619 ἐκεί-5

293 663 388 698 νου,
424 649 506 688 τῶν
532 646 606 700 μὲν
634 645 929 701 προσκειμένων
956 651 1015 705 τῷ
1044 644 1300 702 πατριάρχῃ,
1329 650 1410 688 τῶν
1436 646 1480 688 δὲ
1508 647 1574 687 καὶ
1597 643 1743 698 ἑπομέ-

246 721 275 755 C
299 732 378 757 νων
398 714 497 763 ἴσως
516 720 606 762 ταῖς
625 711 802 769 γνώμαις
823 716 993 757 ἐκείνων.
1064 710 1170 769 ἦσαν
1193 716 1238 756 δὲ
1256 716 1323 756 καὶ
1353 718 1436 757 τῶν
1463 717 1658 769 περιττῶν
1677 714 1745 755 καὶ

293 785 348 832 εἷς
381 783 625 838 κακηγορίας
659 780 856 834 εὖκόλων,
902 783 947 825 οἳ
973 784 1040 825 καὶ
1070 784 1432 839 προσονειδίζοντες
1457 782 1743 838 Μαρμουτζᾶν

292 848 631 907 προσωνόμαζον,
666 848 968 906 προσάπτοντες
991 850 1120 905 ὄνομα
1145 851 1350 907 Περσικὸν
1371 852 1414 900 ἐξ
1433 851 1567 900 αἲτίας
1587 853 1661 904 τῆς
1682 847 1744 891 ὅτι

290 918 439 968 ἐκεῖνος
459 918 507 961 τὸ
529 918 642 974 γένος
661 918 707 960 τὸ
731 917 921 974 σύνεγγυς
942 917 1088 971 Λάζος
1109 915 1184 975 ἦν,
1218 920 1264 961 τὸ
1287 919 1328 961 δ’
1351 918 1548 961 ἀνέκαθεν
1571 919 1636 960 καὶ
1654 921 1742 960 Γα-
1755 927 1813 960 1οῖ

289 991 407 1042 βρᾶς.
475 986 574 1036 τέως
595 986 665 1029 τὸν
685 985 838 1042 τρόπον
855 986 1106 1044 μεμφόμενοι
1125 988 1196 1030 τὸν
1217 988 1365 1030 ἐκείνου
1385 989 1513 1042 δῆθεν
1530 990 1650 1029 τοῦτο
1669 985 1743 1038 μὲν

291 1053 347 1104 ὥς
374 1054 665 1111 ἀπερίσκεπτον
693 1056 760 1097 καὶ
784 1056 948 1112 θρασὺν
978 1056 1036 1111 μὴ
1066 1054 1220 1104 εἰδότος
1248 1050 1299 1110 ἧς
1328 1055 1375 1098 οὗ
1401 1055 1525 1109 μετὸν
1549 1055 1743 1105 ἐπιβαίνει

291 1127 432 1177 τιμῆς,
467 1127 591 1165 τοῦτο
611 1123 655 1165 δὲ
675 1125 740 1164 καὶ
761 1121 815 1172 ὥς
837 1124 899 1165 ἐπὶ
921 1125 1108 1183 κολακείᾳ
1128 1121 1451 1177 διαβαλλόμενον
1468 1127 1519 1179 τῇ
1539 1122 1642 1179 πρὸς
1660 1126 1741 1174 βα-

237 1201 269 1234 D
293 1190 404 1232 σιλέα
414 1223 427 1242 ,
458 1195 778 1246 προσεμωκῶντο
798 1191 844 1233 τὸ
863 1191 974 1246 γένος
993 1190 1048 1241 ὥς
1067 1194 1219 1234 ἐκεῖθεν
1239 1191 1284 1234 ὂν
1304 1189 1458 1234 ὁπόθεν
1479 1192 1544 1233 καὶ
1563 1190 1609 1233 τὸ
1627 1193 1742 1245 Περ-

291 1258 402 1301 σικὸν
425 1256 524 1300 εἶναι
546 1261 842 1314 διωμολογεῖτο.
897 1258 1008 1313 ὅμως
1027 1260 1154 1315 γέρων
1173 1259 1227 1302 ὢν
1248 1261 1314 1302 καὶ
1335 1261 1542 1302 παίδευσιν
1565 1258 1738 1314 ἀρχαίαν
1752 1267 1794 1300 15

287 1326 389 1379 ἔχων
423 1327 754 1381 ἕκκλησιαστικὴν
783 1330 824 1369 Γ
822 1332 998 1381 ερμανοῦ
1028 1332 1102 1370 τοῦ
1131 1329 1384 1384 μακαρίτου,
1419 1327 1550 1370 πολλὰ
1570 1331 1652 1370 τῶν
1668 1331 1743 1381 τῆς

287 1392 437 1443 τάξεως
466 1398 539 1449 τῆς
567 1396 779 1450 ἐκκλησίας
802 1396 983 1438 καθίστα
1012 1395 1113 1452 πρὸς
1130 1396 1177 1438 τὸ
1195 1393 1456 1451 ἀρχαιότερον
1474 1395 1742 1452 παρῃρημένοι

146 1470 175 1503 Ρ
202 1472 263 1506 191
290 1464 355 1504 καὶ
374 1460 509 1520 χρόνῳ
532 1464 598 1503 καὶ
619 1462 831 1516 ἇμελείαις.
903 1462 1021 1522 (14)
1063 1464 1109 1506 τὸ
1138 1465 1181 1506 δὲ
1204 1466 1339 1518 μεῖζον
1365 1462 1427 1506 ὅτι
1447 1465 1511 1505 καὶ
1530 1459 1744 1520 φιλολόγος

287 1529 341 1573 ὢν
361 1530 411 1573 τὰ
432 1527 611 1585 μάλιστα
635 1535 691 1590 τῷ
711 1529 931 1591 Ὁλοβώλῳ
950 1531 1093 1589 εὖᾳυεΐ
1106 1549 1147 1589 γε
1171 1531 1255 1575 ὄντι
1277 1533 1342 1575 καὶ
1363 1529 1504 1589 πλήρει
1525 1529 1652 1588 λόγων
1674 1532 1740 1573 καὶ

288 1687 413 1720 sionem
439 1686 626 1731 publicam,
659 1687 773 1721 multis
804 1687 869 1721 iam
901 1688 992 1722 illum
1014 1688 1219 1723 intumtibus
1242 1691 1281 1722 ut
1302 1688 1467 1722 intrusum
1491 1698 1552 1732 pro
1573 1697 1654 1720 vero
1679 1697 1742 1730 pa-

286 1732 454 1774 triarcba,
488 1737 640 1777 ereptam
672 1733 794 1767 iniuste
820 1734 954 1768 innoxio
978 1735 1153 1769 ecclesiam
1183 1739 1372 1777 tenentem,
1405 1738 1441 1767 et
1464 1745 1484 1767 e
1506 1734 1626 1767 throno
1647 1732 1741 1766 filiae

283 1778 318 1811 in
341 1778 496 1811 thronum
528 1778 645 1811 matris
679 1779 757 1822 (sic
784 1780 872 1812 enim
896 1780 1058 1813 ecclesias
1080 1781 1268 1824 vocabant)
1302 1779 1515 1825 impudenter
1548 1790 1589 1813 ac
1613 1783 1741 1812 temere

284 1822 414 1856 insilire
438 1834 566 1857 ausum.
612 1824 732 1868 quibus
755 1825 877 1858 sensim
904 1826 1122 1870 gliscentibus
1145 1826 1319 1867 sensibus,
1357 1824 1471 1858 evenit
1492 1824 1628 1858 tandem
1654 1823 1739 1857 adeo

286 1868 377 1901 illum
401 1870 603 1902 maculosum
627 1881 793 1914 apparere
817 1870 957 1915 duplicis
979 1871 1078 1904 istius
1108 1871 1186 1905 labe
1218 1871 1385 1913 criminis,
1417 1874 1456 1903 ut
1478 1881 1542 1903 non
1567 1872 1659 1903 esset
1682 1868 1741 1913 qui

287 1914 329 1947 (le
353 1925 394 1947 eo
418 1915 496 1948 boni
520 1914 703 1960 quidquam
724 1915 791 1948 iam
824 1916 914 1961 loqui
947 1917 1151 1958 sustineret,
1187 1916 1454 1961 conspirantibus
1476 1915 1512 1948 in
1533 1926 1634 1948 unum
1657 1914 1742 1948 odiis

287 1960 459 1993 ambarum
482 1960 683 2002 factionum,
706 1965 775 1994 tam
798 1960 870 1994 eius
892 1962 1051 1995 videlicet
1074 1974 1163 2007 quae
1185 1962 1324 1995 Arsenio
1345 1961 1508 2003 favebat,
1530 1972 1629 2006 quam
1653 1960 1741 1994 alte-

287 2005 360 2038 rius
383 2017 471 2050 quae
494 2017 573 2039 suas
596 2006 751 2051 privatas
773 2011 890 2040 secuta
915 2008 1062 2041 rationes
1086 2020 1106 2041 a
1129 2009 1300 2041 Germano
1330 2007 1547 2041 abhorrebat.
1593 2017 1657 2040 nec
1680 2006 1741 2038 de-

285 2053 383 2084 erant
417 2050 616 2085 maleferiati
647 2052 839 2086 blaterones
868 2053 904 2086 in
938 2053 1201 2087 maledicentiam
1235 2053 1372 2094 faciles,
1408 2052 1466 2097 qui
1498 2063 1560 2097 per
1595 2062 1741 2086 scomma.

288 2108 364 2130 eum
396 2096 620 2130 Marinutzam
652 2098 880 2142 nominarent,
912 2100 1108 2133 vocabulum
1139 2099 1205 2143 ipsi
1242 2098 1413 2132 Persicum
1438 2101 1616 2143 aptantes,
1650 2097 1741 2142 quod

286 2152 392 2185 genus
415 2153 512 2175 suum
534 2142 721 2195 proximum
743 2155 764 2177 a
786 2143 906 2186 Lais,
933 2145 1094 2178 remotius
1118 2156 1139 2178 a
1163 2145 1283 2178 Gabra
1305 2145 1389 2178 urbe
1411 2143 1564 2177 Persidis
1587 2144 1739 2183 duceret,

286 2188 383 2220 simul
405 2188 521 2221 eadem
545 2188 630 2222 dicti
653 2189 850 2223 contumelia.
873 2190 1063 2224 lacerantes
1090 2191 1161 2224 eius
1185 2201 1312 2230 mores,
1336 2189 1435 2235 quasi
1458 2189 1598 2223 bominis
1620 2189 1740 2223 incon-

286 2232 426 2266 siderati
449 2237 483 2266 et
506 2234 652 2268 barbare
676 2235 832 2277 audacis,
867 2235 926 2280 qui
949 2248 1052 2270 caeca
1075 2236 1126 2270 sui
1148 2242 1330 2281 provectus
1352 2235 1546 2279 ignorantia
1566 2235 1740 2269 inconces-

285 2288 357 2311 sum
381 2290 447 2312 non
471 2279 659 2314 dubitasset
683 2281 772 2314 sacri
805 2281 939 2315 honoris
969 2283 1139 2327 fastigium
1173 2282 1355 2323 invadere,
1386 2292 1453 2314 non
1488 2281 1562 2315 sine
1591 2280 1740 2314 admixta

284 2334 400 2357 amara
430 2324 589 2358 irrisione
621 2326 820 2360 adulationis
854 2326 926 2360 eius
961 2339 1043 2371 erga
1070 2327 1307 2372 imperatorem
1329 2327 1469 2360 infamia
1491 2327 1560 2360 late
1581 2329 1739 2360 manante

283 2368 491 2413 dissipatae,
524 2371 618 2404 velut
648 2372 824 2406 innuentes
853 2372 1018 2407 familiare
1047 2373 1083 2406 id
1117 2374 1166 2407 illi
1198 2378 1233 2406 et
1264 2373 1361 2406 domo
1385 2372 1523 2406 allatum
1551 2372 1664 2406 inesse
1685 2370 1742 2404 vi-

283 2414 391 2459 tium,
435 2419 555 2459 utpote
586 2417 707 2451 homini
736 2418 793 2463 qui
826 2429 905 2452 suos
935 2419 1077 2452 maiores
1110 2430 1152 2452 ex
1183 2431 1224 2452 ea
1255 2419 1341 2451 urbe
1373 2417 1531 2452 oriundos
1559 2419 1738 2458 fateretur,

284 2471 383 2504 quam
412 2471 524 2493 omnes
558 2462 684 2496 scirent
714 2475 788 2497 esse
821 2464 1003 2498 Persicam.
1050 2467 1161 2498 tamen
1193 2465 1224 2497 is
1256 2464 1312 2509 qui
1344 2464 1387 2497 ad
1421 2464 1559 2498 multam
1589 2464 1736 2496 aetatem

283 2505 408 2539 veteris
440 2505 692 2541 ecclesiasticae
725 2510 924 2543 eruditionis
950 2509 1122 2554 plurimum
1156 2510 1364 2544 adiunxisset
1386 2509 1537 2554 exemplo
1561 2512 1597 2542 et
1619 2510 1738 2542 aucto-

283 2550 384 2584 ritate
409 2552 570 2586 Germani
593 2554 731 2588 alterius
756 2555 818 2587 sibi
842 2555 1046 2600 cognominis
1069 2556 1308 2602 patriarchae,
1343 2555 1400 2599 qui
1423 2560 1555 2600 patrum
1577 2552 1737 2587 memoria

282 2596 499 2631 laudabiliter
532 2599 672 2632 eandem
703 2601 877 2634 ecclesiam
906 2602 1073 2645 rexisset,
1109 2604 1215 2636 multa
1238 2613 1280 2635 ex
1304 2600 1378 2634 eius
1411 2603 1561 2644 tempore
1582 2599 1618 2632 in
1640 2599 1737 2631 dete-

281 2641 353 2675 rius
387 2653 449 2686 per
478 2642 638 2678 incuriam
671 2647 830 2690 prolapsa
853 2646 895 2679 ad
919 2650 1066 2680 veterem
1101 2652 1321 2692 exactamque
1342 2657 1504 2680 revocare
1526 2643 1737 2688 disciplinam

283 2687 481 2732 castigando
506 2693 559 2723 est
581 2701 780 2733 aggressus,
804 2703 843 2725 eo
867 2702 1026 2726 successu
1049 2696 1087 2726 ut
1110 2705 1176 2727 non
1198 2703 1308 2738 pauca
1330 2692 1365 2725 in
1387 2690 1506 2725 melius
1527 2689 1736 2724 restitueret.

283 2733 383 2777 (14)
422 2734 456 2767 in
479 2734 533 2768 his
557 2736 704 2779 palmare
727 2737 794 2770 suit
816 2737 904 2782 quod
928 2748 987 2770 suo
1011 2738 1159 2782 ingenti,
1195 2739 1237 2772 de
1259 2749 1326 2782 quo
1349 2736 1451 2782 dixi„
1471 2740 1508 2770 et
1530 2746 1738 2775 cognoscen-

283 2778 400 2812 darum
436 2783 472 2813 et
504 2782 802 2825 promovendarum
836 2782 1064 2816 doctrinarum
1096 2786 1283 2828 obsequens
1306 2782 1434 2824 studio,
1467 2781 1659 2827 complexus
1681 2785 1738 2815 est

284 2823 399 2859 favore
431 2837 471 2859 ac
501 2827 687 2870 patrocinio
718 2827 918 2862 Holobolum
949 2828 1074 2873 ingenii
1095 2828 1297 2874 praestantis
1320 2827 1481 2862 hominem
1505 2832 1542 2861 et
1563 2828 1738 2862 literarum
1767 2844 1769 2847 ·
