1846 3262
207 204 230 250 1
241 205 263 250 1
272 204 301 248 2
631 202 867 250 GEORGII
895 203 1247 251 PACHYMERIS

203 316 512 372 συνεπομένους.
585 317 656 359 καί
681 335 759 360 τινι
779 318 883 373 πρὸς
899 322 957 377 τῷ
975 320 1092 373 τείχει
1111 324 1161 376 τῇ
1185 325 1258 364 τοῦ
1280 318 1515 378 ἀγάλματος
1541 339 1674 377 προσ-

204 388 384 435 καθίσας
402 388 532 441 μονῇ,
566 388 682 429 νυκτὶ
705 386 780 440 τὴν
803 390 969 444 πορείαν
988 388 1187 441 πιστεύει,
1212 391 1279 432 καὶ
1301 391 1436 446 φέρων
1457 389 1603 434 ἑαυτὸν
1623 396 1674 449 τῇ

154 471 187 505 1)
210 461 284 499 τοῦ
303 457 550 508 Πασχοισίου
566 459 674 512 μονῇ
696 457 863 510 δίδωσι,
899 462 1006 514 μονῇ
1024 457 1126 511 πρὸς
1143 456 1316 514 ἡσυχίαν
1337 459 1516 519 εὐθέτῳ,
1556 460 1675 504 ἔνθεν

204 526 279 580 μὲν
302 520 451 580 ἐχούσῃ
471 523 546 577 τὴν
565 523 813 578 θάλασσαν,
851 525 971 569 ἔνθεν
991 525 1032 568 δ’
1057 525 1247 583 ὑπεράνω
1269 528 1427 585 κειμένῃ
1448 533 1521 571 τοῦ
1543 547 1675 572 ποτα-

204 598 287 648 μοῦ
323 590 586 648 Δράκοντος,
618 595 683 635 καὶ
713 594 783 650 ἐφ’
812 592 984 650 ἡσυχίας
1017 596 1140 638 ἐκεῖσε
1171 601 1375 651 καθῆστο.
1445 599 1512 639 καὶ
1548 595 1569 640 ὃ
1600 599 1708 651 με’ν5

206 661 316 706 οὕτω
336 666 394 719 τῷ
417 659 531 719 τόπῳ
552 661 806 717 ἓνησυχάζων
826 663 992 714 οὐδενὸς
1010 669 1092 707 τῶν
1111 664 1380 720 καθηκόντων
1403 670 1452 722 τῇ
1473 683 1676 723 πατριαρ-

203 733 274 792 χίᾳ
301 729 475 785 ἥπτετο,
513 729 638 774 πάντ’
675 730 822 785 ἐάσας,
859 731 994 791 ἑαυτῷ
1017 735 1060 776 δὲ
1081 732 1195 793 μόνῳ
1219 738 1463 790 προσλαλῶν
1483 737 1551 777 καὶ
1573 739 1676 794 θεῷ.

207 801 247 844 οἱ
271 801 316 843 δὲ
336 805 409 844 τοῦ
428 797 604 857 κλήρου,
643 803 709 843 καὶ
730 800 819 844 ὅσοι
841 807 923 844 τῶν
944 802 1159 858 ἀρχιερέων
1181 808 1231 859 τῇ
1254 805 1408 862 Νικαία
1430 802 1672 858 ἐπεδήμουν,

154 876 187 911 Ε
213 869 342 913 δεινὸν
372 869 419 912 τὸ
448 870 612 923 συμβιὶν
637 868 809 926 ἡγοῦντο
839 873 906 913 καὶ
935 873 1279 927 προσεπέστελλον
1310 870 1572 926 ἱκετεύοντες,
1617 871 1676 927 μή

208 956 288 982 που
321 940 387 982 καὶ
416 939 607 991 βασιλείας
637 938 816 989 ἀκούσας
844 942 885 983 ἐν
918 943 1035 998 δεινῷ
1067 941 1113 984 τὸ
1148 943 1336 998 πραχθὲν
1363 939 1539 996 ποιήσοι.
1609 943 1676 988 καὶ
1689 954 1733 991 1ο

208 1007 342 1058 ἄλλως
367 1009 523 1049 δίκαιον
546 1007 667 1061 εἶναι,
707 1009 748 1051 εἴ
762 1011 822 1058 τίς
843 1027 921 1051 που
945 1012 1011 1051 καὶ
1034 1011 1204 1066 λυποίη,
1243 1010 1373 1052 αὐτοῦ
1395 1028 1475 1052 που
1498 1014 1571 1053 τοῦ
1595 1028 1677 1052 πα,

210 1078 441 1135 τριαρχείου
463 1081 684 1131 καθῆσθαι
703 1079 774 1120 καί
785 1094 826 1133 γε
851 1078 1019 1133 ἐλέγχειν
1043 1078 1111 1121 τὸν
1132 1079 1228 1121 κατ’
1253 1077 1440 1135 ἐπήρειαν
1463 1080 1678 1133 ἐνοχλοῦν-

210 1164 289 1199 τα,
325 1146 694 1202 προσαναφε’ροντα
715 1148 781 1188 καὶ
802 1151 859 1205 τῷ
878 1151 1063 1200 βασιλεῖ,
1102 1150 1136 1190 εἶ
1156 1148 1196 1190 δ’
1224 1148 1348 1198 αὐτὸς
1375 1149 1441 1190 καὶ
1462 1145 1591 1201 μόνος
1616 1147 1677 1203 εἴη

211 1214 414 1270 ἔνοχλῶν,
452 1214 577 1258 αὐτὸν
613 1219 821 1258 νουθετεῖν
855 1216 1022 1271 ἐλέγχειν
1051 1221 1324 1272 παρακαλεῖν,
1364 1213 1679 1271 συλλαμβανόν-

211 1301 295 1327 των
315 1284 381 1326 καὶ
401 1288 483 1326 τῶν
507 1283 722 1340 ἀρχιερέων
742 1282 927 1327 καθόσον
954 1281 1143 1340 ἰσχύοιεν.
1213 1286 1260 1330 τὸ
1293 1285 1335 1327 ‹5‘
1369 1285 1594 1340 ἀναχωρεῖν
1619 1284 1678 1341 μὴ
1691 1295 1733 1332 15

212 1356 437 1410 προφανῶς
469 1352 543 1403 ,τὰς
573 1355 707 1402 αἰτίας
743 1353 920 1408 λέγοντι,
951 1354 1009 1410 μὴ
1037 1352 1214 1407 μάταιον
1233 1358 1462 1410 νομιμισθῇ
1483 1354 1529 1397 τὸ
1554 1354 1678 1410 ἐγχεί-

213 1439 339 1480 ρημα,
391 1415 440 1475 ἦν
464 1421 509 1464 δὲ
529 1421 609 1479 ἄρα
633 1424 699 1464 καὶ
723 1421 971 1479 ἀμφοτέροις
991 1420 1172 1477 ἀνήνυτα
1193 1423 1245 1466 τὰ
1272 1420 1532 1478 πραττόμενα
1544 1454 1557 1474 ,
1595 1429 1681 1472 τοῖς

95 1497 125 1533 P
148 1497 194 1534 73
217 1490 260 1535 τ’
282 1489 560 1534 ἔπιστέλλουσι
577 1493 642 1534 καὶ
662 1495 720 1550 τῷ
739 1489 997 1547 ἡσυχάζοντι,
1035 1490 1195 1546 δοκήσει
1215 1497 1297 1535 τῶν
1317 1493 1391 1545 μὲν
1412 1495 1486 1535 τοῦ
1503 1490 1561 1546 μὴ
1580 1490 1681 1546 ἔχειν

212 1559 406 1604 ἀποσπᾶν
434 1560 588 1603 ἐκεῖθεν
618 1562 765 1604 ἐκεῖνον
789 1559 864 1603 κᾶν
891 1559 953 1604 ὅτι
974 1560 1145 1616 λέγοιεν,
1183 1565 1259 1603 τοῦ
1280 1562 1325 1604 δὲ
1345 1564 1418 1603 τοῦ
1439 1559 1583 1615 μὴ,ἓπὶ
1605 1559 1682 1618 ῥη-

213 1635 300 1680 τοῖς
324 1629 442 1672 ἷστᾶν
471 1629 525 1671 τὰ
552 1634 626 1686 τῆς
650 1628 946 1688 ἀναχωρήσεως
972 1630 1084 1673 αἴτια
1097 1663 1111 1683 ,
1148 1629 1220 1687 ἐφ’
1247 1624 1279 1690 ᾧ
1303 1626 1497 1679 πολλάκις
1518 1630 1585 1673 καὶ
1604 1633 1738 1674 {ie-20

305 1774 360 1810 16.
385 1773 504 1808 deerat
525 1770 588 1818 μὴ.

218 1898 335 1947 paucis
353 1899 607 1940 comitantibus3
634 1901 670 1933 et
693 1910 767 1933 cum
789 1899 825 1934 in
848 1898 992 1945 quodem
1018 1898 1132 1934 vicino
1155 1897 1326 1933 moenibus
1350 1897 1554 1933 monasterio
1576 1898 1682 1943 Agal-

217 1947 318 1982 matis
346 1951 469 1980 vocato
501 1947 635 1992 paulum
667 1946 899 1988 consedisset,
933 1950 1096 1980 nocturno
1128 1945 1252 1980 itinere
1275 1956 1312 1979 se
1336 1946 1476 1980 contulit
1499 1945 1542 1979 ad
1565 1956 1682 1979 mona-

218 1994 359 2027 sterium
393 1992 564 2026 Paschasii
596 1992 638 2026 ad
673 1991 886 2037 tranquillam
909 1992 1058 2037 quietem
1082 1998 1270 2037 opportune
1292 1992 1413 2036 situm,
1449 1991 1526 2025 hinc
1547 1990 1683 2036 quidem

221 2038 308 2074 mari
340 2042 573 2083 praetentum,
603 2038 695 2073 illinc
726 2039 883 2072 Dracone
914 2038 1070 2082 flumine,
1112 2039 1156 2072 ad
1187 2039 1281 2074 cuius
1312 2037 1420 2083 ripam
1454 2040 1683 2074 constructum

222 2089 318 2126 erat3
350 2084 465 2130 ibique
498 2084 535 2119 in
566 2084 670 2119 altum
701 2096 738 2119 se
769 2086 875 2119 otium
905 2084 1077 2126 condidit,
1112 2084 1234 2119 nullam
1259 2084 1417 2129 deinceps
1451 2093 1618 2129 usurpans
1641 2094 1684 2117 ex

220 2131 373 2178 propriis
397 2130 614 2175 patriarchae
642 2131 893 2173 functionibus,
926 2131 986 2165 sed
1019 2131 1150 2165 cunctis
1180 2130 1333 2173 omissis,
1365 2129 1429 2164 sibi
1461 2130 1519 2164 uni
1552 2129 1684 2174 deoque

223 2177 431 2223 colloquens.
480 2183 516 2212 at
548 2178 656 2212 clerus
689 2177 914 2220 Nicaeensis,
949 2181 984 2212 et
1013 2179 1182 2223 quotquot
1212 2175 1365 2222 episcopi
1387 2176 1422 2210 in
1444 2187 1487 2211 ea
1508 2176 1594 2210 urbe
1610 2180 1683 2210 tum

222 2223 320 2269 regia
341 2222 551 2267 negotiorum
585 2235 688 2259 causa
719 2224 997 2268 diversabantur.
1028 2224 1109 2258 moti
1132 2229 1170 2257 ut
1193 2234 1255 2268 par
1279 2225 1356 2256 erat
1377 2223 1603 2259 taminsueto
1625 2221 1683 2255 fa-

224 2274 303 2312 cto,
328 2269 539 2314 scripserunt
560 2270 603 2304 ad
625 2270 718 2305 illum
740 2269 909 2315 supplices
931 2270 1071 2312 literas,
1099 2275 1236 2304 orantes
1259 2274 1299 2303 ut
1321 2268 1467 2309 rediret,
1499 2274 1536 2302 et
1557 2278 1684 2313 sugges

223 2320 339 2350 rentes
362 2316 437 2350 fore
460 2321 499 2349 ut
521 2316 704 2361 imperator
727 2328 766 2350 re
787 2315 849 2350 tali
871 2315 988 2350 audita
1009 2316 1259 2350 offenderetur:
1290 2315 1409 2360 quodsi
1432 2314 1512 2360 quid
1534 2313 1604 2359 ipsi
1624 2324 1685 2349 eo-
1730 2313 1735 2316 ’

225 2373 299 2396 rum
323 2373 408 2406 quae
431 2362 561 2396 fiebant
584 2363 796 2408 displiceret,
837 2374 979 2407 aequum
1002 2362 1106 2397 fuisse
1129 2361 1219 2395 illum
1242 2361 1442 2396 insidentem
1465 2361 1586 2394 throno
1608 2370 1683 2403 suo,

224 2407 447 2454 patriarchali
477 2409 683 2443 auctoritate
713 2419 891 2454 perperam
921 2415 1033 2443 actum
1066 2407 1335 2454 reprehendere,
1368 2412 1405 2442 et
1427 2407 1457 2442 si
1484 2406 1539 2440 cui
1561 2417 1623 2451 per
1646 2417 1685 2439 se

225 2454 354 2488 mederi
383 2465 451 2488 non
479 2459 617 2499 posset,
650 2455 692 2489 ad
725 2455 962 2499 imperatorem
991 2455 1137 2489 referre:
1170 2454 1250 2499 quin
1272 2454 1345 2499 ipso
1369 2453 1406 2488 in
1426 2453 1633 2498 imperatore
1655 2450 1686 2486 si

226 2506 318 2534 esset
336 2499 439 2545 ‘quod
469 2505 708 2543 succenseret,
739 2505 890 2536 moneret
918 2501 1049 2546 ipsum,
1080 2500 1278 2545 obiurgaret
1305 2499 1407 2535 etiam
1428 2509 1492 2544 pro
1515 2502 1688 2544 potestate

226 2546 386 2580 divinitus
419 2554 582 2592 accepta,
623 2548 856 2593 hortandoque
891 2558 932 2581 ac
964 2547 1114 2592 rogando
1149 2551 1347 2587 revocaret,
1386 2544 1621 2589 cooperaturis
1650 2543 1688 2582 in

225 2592 261 2627 id
293 2592 402 2638 ipsum
435 2603 497 2637 pro
529 2592 620 2626 virili
652 2593 799 2628 caeteris
828 2592 1008 2639 episcopis.
1053 2593 1215 2627 secedere
1237 2604 1318 2627 vero
1341 2603 1407 2626 non
1429 2590 1585 2635 allegatis
1608 2590 1688 2624 ido-

227 2640 301 2673 neis
325 2643 441 2673 tantae
464 2639 623 2673 novitatis
647 2639 776 2680 causis,
811 2640 942 2673 videret
979 2640 1080 2674 etiam
1114 2643 1217 2684 atque
1239 2638 1341 2673 etiam
1365 2649 1409 2672 ne
1428 2648 1547 2682 parum
1570 2646 1688 2671 sanum

228 2685 338 2719 videri
370 2684 540 2720 consilium
571 2690 697 2730 posset.
744 2686 829 2720 haec
862 2688 898 2719 et
927 2685 1003 2725 eius
1032 2686 1222 2720 sententiae
1255 2684 1322 2720 alia
1356 2684 1459 2718 missa
1487 2682 1688 2728 perlatoque

228 2736 328 2773 sunt,
362 2731 480 2768 labore
511 2732 606 2766 iuxta
635 2731 864 2766 scribentibus
889 2737 925 2766 et
947 2732 978 2766 ei
1004 2733 1058 2766 cui
1082 2732 1266 2766 consultum
1285 2731 1382 2765 ibant
1403 2739 1543 2775 prorsus
1564 2727 1689 2763 inutili.

230 2789 307 2812 nam
331 2777 509 2812 necillum
532 2779 773 2813 abstraxerunt
793 2790 814 2812 a
838 2778 908 2812 suis
934 2778 1092 2819 latebris,
1125 2790 1189 2812 nec
1219 2777 1337 2812 saltem
1360 2787 1453 2821 spem
1477 2774 1562 2820 ipsis
1585 2773 1690 2809 relin-

230 2825 359 2868 quebat
383 2823 582 2869 proficiendi
603 2825 783 2870 quidquam
807 2824 842 2858 in
865 2830 1039 2870 posterum
1072 2824 1285 2859 taciturnitas
1317 2822 1551 2868 patriarchae,
1583 2820 1691 2856 obfir-

232 2873 323 2906 mate
346 2871 530 2916 perstanti:
554 2871 590 2906 in
611 2882 678 2907 non
699 2870 874 2918 prodendo
897 2882 982 2918 quas
1004 2871 1048 2906 ob
1071 2881 1193 2909 musas
1213 2869 1434 2911 secessissem
1467 2879 1558 2915 quae
1578 2866 1611 2904 ni
1632 2877 1691 2902 oo«
