1846 3262
411 220 487 263 DE
522 218 804 262 MICHAELE
836 216 1214 262 PALAEOLOGO
1248 217 1296 259 L.
1330 215 1404 259 HJ.
1557 213 1651 260 189

178 335 308 393 ἄρξας
321 369 336 389 ,
374 333 399 390 ἢ
419 331 467 378 τό
487 351 530 390 γε
557 333 720 390 τρίτον,
756 331 861 387 πρὸς
890 332 967 383 τὰς
981 336 1065 375 τῶν
1084 330 1294 388 προτέρων
1308 329 1514 384 βασιλέων
1531 328 1646 386 ‘²3⁸9-
1669 338 1703 372 E

176 407 314 462 γεσίας
343 401 712 457 ἆντιβαλλόμενος,
757 400 834 444 κᾶν
866 401 925 456 μὴ
963 399 1088 443 τόσον
1127 400 1328 456 εὐηργέτει
1357 399 1464 455 μηδ’
1504 397 1650 449 οὕτως.

176 475 278 524 τέως
302 473 350 516 δέ
367 490 410 530 γε
428 472 534 515 κατὰ
555 476 738 526 βασιλεῖς
756 468 1003 526 ἠναγκάζετο
1026 473 1214 525 χρῆσθαι
1231 476 1318 518 τοῖς
1332 467 1559 524 πράγμασι,
1594 468 1652 524 μὴ

179 545 247 586 καὶ
271 540 384 593 δόξοι
404 545 604 597 σκηνικῶς
621 540 667 584 τὸ
690 539 828 596 ἄρχειν
845 537 1107 593 ἐπιτηδεύων.
1166 536 1259 586 οὕτε
1277 537 1356 592 γὰρ
1374 537 1489 592 ἥλιος
1506 542 1653 581 ποθει-

144 622 166 657 5
180 611 249 662 νὸς
271 611 329 666 μὴ
349 611 424 661 τὰς
444 610 611 660 ἀκτῖνας
641 611 851 664 παρίσχων
873 612 996 650 τοῦτο
1028 607 1103 660 μὲν
1125 610 1175 662 γῇ
1199 610 1322 648 τοῦτο
1346 606 1388 648 δ’
1411 606 1654 663 ἀνθρώποις

176 682 243 724 καὶ
273 677 391 732 ζώοις
418 678 598 732 ἅπασιν,
644 676 738 722 οὕτε
764 676 960 731 βασιλεὺς
992 676 1038 719 τὸ
1069 674 1270 735 ἀληθινὸν
1293 675 1397 730 πρὸς
1419 674 1554 730 ἄρχειν
1574 676 1651 726 ἕξει

173 749 233 805 μὴ
251 749 350 798 τούς
370 746 577 803 ὑπηκόους
598 747 828 803 εὐεργετῶν.
898 745 1010 794 ὅστις
1030 745 1075 787 δὲ
1092 740 1320 797 βασιλεύων
1350 745 1540 799 γλίσχρος
1566 746 1651 787 ἐστὶ

173 817 277 874 πρὸς
299 818 346 861 τὸ
372 815 556 869 διδόναι,
588 817 736 866 ἐκεῖνος
756 814 909 870 σκηνὴν
926 814 1163 869 βασιλείας,
1212 812 1259 856 οὗ
1283 814 1495 864 βασιλείαν
1521 831 1650 867 μετα-

174 888 346 941 χειρίζει·
415 883 632 942 τεκμήριον
662 886 707 927 δὲ
738 883 759 927 ὃ
795 885 858 926 ἐπὶ
887 888 1039 938 σκηνῆς
1065 881 1327 939 Ἀγαμέμνων
1348 883 1416 924 καὶ
1441 880 1651 936 Οἰνόμαος
1673 897 1702 931 Ρ
1730 898 1795 933 126

122 967 166 1001 10
181 957 379 1004 Οἰδίπους
401 971 444 997 τε
476 956 544 997 καὶ
563 954 603 997 οἳ
631 955 674 1004 ἐξ
707 953 838 996 αὐτοῦ
857 952 1164 1009 καὶἌδραστος
1183 951 1377 1005 βασιλεὺς
1392 949 1566 1007 Ἄργους
1584 955 1651 994 καὶ

175 1025 215 1068 οἱ
233 1024 393 1076 λοιποί,
428 1025 499 1065 ‘lm
520 1022 579 1078 μὴ
611 1021 717 1066 καθ’
745 1022 917 1064 ἕκαστον
947 1022 1048 1077 λέγω
1067 1026 1149 1064 τῶν
1175 1022 1238 1062 ἐπὶ
1258 1024 1411 1076 σκηνῆς
1431 1021 1647 1074 βασιλέων.

173 1090 273 1136 πότε
305 1091 384 1148 γὰρ
416 1092 458 1143 ἐξ
490 1093 649 1135 ἐκείνων
679 1108 743 1142 τις
777 1087 819 1134 εὖ
851 1089 1013 1143 πάθοι,
1049 1087 1147 1133 πότε
1181 1090 1226 1132 δὲ
1254 1091 1320 1132 καὶ
1353 1089 1650 1146 εὐεργετηθείη,

173 1160 508 1217 ὗποκρινομὲνων
537 1160 589 1204 τὰ
619 1165 702 1204 τῶν
740 1159 945 1214 βασιλέων
976 1157 1179 1216 πρόσωπα
1190 1178 1206 1214 ,-
1251 1157 1348 1201 ἀλλ’
1381 1159 1545 1208 ἐκείνοις
1574 1161 1650 1213 μὲν

172 1229 258 1273 ἔστι
286 1231 354 1272 καὶ
385 1229 682 1286 ἀπολογεῖσθαι
715 1231 782 1272 καὶ
813 1229 887 1283 τὴν
914 1229 1073 1284 μέμψιν
1091 1225 1322 1285 διαφεύγειν
1343 1227 1418 1282 τὴν
1440 1232 1523 1271 τῶν
1547 1233 1650 1270 πολ-

117 1307 160 1343 15
174 1303 281 1342 λῶν·
328 1296 521 1353 σχήματα
552 1299 631 1356 γὰρ
663 1296 897 1354 προσώπων
924 1300 992 1341 καὶ
1027 1297 1075 1340 οὖ
1111 1295 1313 1352 πρόσωπα
1344 1296 1467 1346 ὄντας
1493 1295 1646 1353 ἀνάγκη

174 1369 240 1410 καὶ
276 1365 459 1422 σχήμασι
487 1366 630 1423 μόνοις
662 1367 898 1424 εὐεργετεῖν·
944 1364 1108 1417 τούτοις
1135 1366 1184 1408 δέ
1206 1383 1249 1422 γε
1278 1367 1340 1416 τίς
1362 1365 1559 1421 ἀπολογία
1577 1370 1643 1408 καὶ
1668 1386 1698 1421 B

170 1434 459 1480 ὕπολέλειπται
489 1437 546 1493 μὴ
581 1438 764 1480 διδοῦσιν
775 1456 791 1492 ,·
829 1437 865 1479 εἶ
892 1435 937 1479 δ’
972 1431 1069 1489 οὖν,
1109 1435 1214 1478 ἀλλὰ
1238 1437 1559 1491 σχηματίζονται
1579 1437 1646 1479 καὶ

263 1546 302 1581 6..
320 1543 464 1592 ἅρχὴνῒ

171 1628 248 1660 erat
269 1625 304 1661 ei
327 1625 387 1671 qui
410 1624 478 1659 sibi
516 1626 608 1658 esset
632 1624 788 1658 conscius
811 1624 968 1670 usurpati
999 1624 1122 1660 fraude
1144 1636 1208 1659 nec
1231 1624 1322 1659 iuste
1346 1625 1493 1671 possessi
1516 1625 1647 1672 princi-

168 1677 284 1719 patus.
329 1675 448 1717 potest
479 1674 515 1704 et
544 1670 650 1704 tertia
682 1670 871 1715 excogitari
905 1682 1030 1714 causa,
1066 1682 1155 1716 quae
1179 1671 1380 1706 Michafflem
1405 1672 1646 1718 Palaeologum

169 1718 214 1753 ad
244 1718 342 1763 large
377 1716 534 1763 plurimis
565 1717 847 1751 benefaciendum
878 1717 1032 1763 potuerit
1055 1717 1251 1763 impellere,
1274 1718 1454 1752 aemulatio
1478 1719 1588 1753 laudis
1607 1720 1644 1753 in

167 1764 235 1798 isto
258 1775 386 1809 genere
408 1763 606 1809 praeclarae
628 1762 762 1798 illorum
782 1763 939 1808 quiante
962 1763 1073 1809 ipsum
1094 1764 1365 1809 imperaverant3
1388 1776 1531 1810 quorum
1554 1765 1643 1799 effu-

167 1821 242 1845 sum
267 1809 415 1844 studium
437 1809 525 1844 bene
544 1809 694 1843 merendi
717 1809 957 1855 tribuendique
982 1822 1024 1843 ex
1048 1810 1154 1855 priori
1175 1811 1338 1845 memoria
1354 1822 1429 1845 cum
1455 1816 1641 1857 repeteret,

168 1867 338 1910 nunquam
361 1867 399 1890 se
422 1859 584 1901 putaret,
608 1856 823 1900 quantumvis
846 1858 943 1901 large
965 1858 1090 1902 passim
1113 1857 1270 1891 donando
1293 1862 1476 1892 conaretur
1491 1882 1502 1900 ,
1537 1858 1640 1892 decus

166 1902 233 1936 hoe
254 1913 406 1947 ipsorum
431 1913 472 1936 ac
507 1903 630 1936 samam
661 1913 813 1947 aequare
847 1902 1010 1937 imitando
1042 1907 1104 1937 aut
1134 1903 1282 1949 assequi.
1328 1904 1407 1938 mihi
1429 1904 1565 1949 quidem
1589 1905 1641 1938 sic

167 1948 326 1990 videtur,
356 1947 447 1982 illum
479 1959 522 1984 ex
556 1959 622 1993 quo
653 1947 872 1994 imperatoris
894 1960 1014 1983 nomen
1038 1955 1290 1996 assumpserat,
1312 1950 1474 1992 indixisse
1497 1951 1562 1985 sibi
1585 1951 1640 1985 in-

167 1993 381 2029 eluctabilem
404 1993 642 2028 necessitatem
662 1994 883 2040 imperatorio
908 2007 1000 2030 more
1022 1996 1166 2039 agendi,
1201 2008 1245 2030 ne
1277 2008 1344 2030 non
1367 2009 1449 2031 vere
1471 1996 1639 2042 imperare

166 2040 228 2075 sed
253 2040 348 2074 velut
370 2040 406 2074 in
431 2052 533 2075 scena
556 2040 718 2075 simulare
738 2040 977 2086 imperatorem
1000 2042 1185 2076 videretur.
1233 2047 1271 2076 ut
1295 2043 1383 2076 enim
1407 2043 1561 2077 amabilis
1586 2044 1638 2077 sol

166 2097 235 2120 non
258 2091 352 2120 esset
375 2086 441 2121 nisi
464 2086 578 2121 radios
601 2091 795 2132 spargeret,
818 2099 881 2133 per
903 2082 1108 2133 quosiuvat
1128 2094 1241 2123 terras
1263 2089 1414 2123 homines
1438 2094 1474 2122 et
1497 2091 1639 2123 cunctas

168 2132 377 2176 animantes,
401 2132 452 2167 ita
474 2132 533 2167 ille
560 2144 679 2167 verum
702 2134 811 2168 instat
833 2134 996 2180 principis
1019 2146 1088 2169 non
1111 2135 1234 2176 habet,
1258 2136 1316 2180 qui
1339 2135 1509 2169 cumulare
1531 2136 1639 2169 bene-

167 2177 257 2212 ficiis
280 2190 347 2212 non
370 2179 486 2213 studet
508 2190 568 2214 eos
591 2179 716 2225 quibus
738 2179 896 2225 imperat.
941 2192 1036 2222 mea,
1059 2181 1216 2226 inquam,
1241 2182 1429 2223 sententia,
1463 2181 1523 2226 qui
1544 2180 1637 2225 regis

167 2223 296 2258 habens
319 2236 440 2260 nomen
466 2236 590 2270 parcus
615 2230 652 2259 et
674 2226 795 2260 tardus
820 2226 866 2261 ad
889 2227 1078 2261 donandum
1101 2232 1174 2268 est,
1208 2226 1423 2261 simulacrum
1446 2233 1483 2261 et
1504 2228 1635 2262 larvam

167 2274 284 2314 gestat
305 2271 402 2314 regui
415 2296 427 2313 ‚
459 2270 595 2306 minime
626 2275 740 2306 autem
761 2284 876 2307 veram
899 2273 973 2308 eius
996 2274 1088 2308 tituli
1110 2273 1322 2307 maiestatem
1346 2274 1486 2308 obtinet.
1532 2285 1637 2319 argu-

167 2318 280 2350 mento
304 2315 374 2350 sint
395 2315 445 2351 illi
467 2316 626 2352 tralatitii
655 2328 833 2353 scenarum
864 2330 986 2364 reges,
1014 2322 1262 2364 Agamemnon,
1296 2319 1506 2361 Oenomaus,
1529 2319 1637 2354 Oedi-

166 2372 231 2406 pus
254 2365 290 2396 et
313 2361 412 2396 huius
435 2363 590 2408 posteri,
621 2363 789 2399 Adrastus
813 2376 948 2411 quoque
970 2366 1136 2409 Argorum
1158 2377 1242 2408 reX,
1274 2369 1310 2400 et
1331 2377 1375 2400 ne
1397 2365 1547 2410 singulos
1570 2378 1635 2400 nu-

166 2419 291 2442 merem
307 2432 319 2449 ,
351 2408 424 2442 eius
449 2410 576 2443 formae
606 2410 758 2453 caeteri3
790 2422 812 2445 a
835 2412 958 2457 quibus
981 2413 1055 2458 quis
1084 2423 1230 2457 unquam
1253 2415 1483 2456 spectatorum
1500 2412 1636 2458 patien-

165 2456 234 2487 tem
259 2453 341 2499 ipsis
364 2465 501 2499 operam
523 2455 665 2490 inhianti
692 2456 828 2492 silentio
851 2458 1013 2498 dantium,
1039 2459 1117 2492 dum
1139 2469 1178 2492 se
1200 2458 1380 2503 magnifice
1403 2463 1578 2493 ostentant
1598 2459 1635 2493 in

165 2510 319 2545 purpura
342 2511 410 2534 non
442 2511 527 2543 sua,
557 2504 694 2536 mutuae
722 2502 904 2549 quidquam
937 2504 1070 2550 accepit
1091 2504 1254 2548 gratiae?
1287 2516 1386 2550 quem
1413 2517 1513 2539 unum
1536 2506 1636 2539 iuve-

163 2549 247 2579 runt
268 2557 309 2580 re
331 2546 430 2581 uua?
453 2546 507 2581 cui
530 2548 692 2583 commodi
715 2548 896 2594 quidquam
920 2556 981 2585 aut
1013 2550 1093 2585 doni
1113 2550 1337 2586 tribuerunt?
1368 2554 1472 2597 atque
1499 2551 1533 2585 hi
1556 2551 1634 2597 qui-

163 2590 240 2625 dem
264 2592 516 2627 excusationem
538 2593 667 2628 habeut
686 2595 885 2639 purgandae
908 2596 950 2630 ad
979 2597 1138 2642 populum
1159 2597 1406 2632 illiberalitatis
1428 2609 1510 2632 suae
1534 2599 1633 2642 plau-

163 2636 315 2680 sibilem,
350 2639 440 2684 quod
471 2639 648 2684 personati
677 2641 905 2677 tautummodo
931 2645 1011 2677 sunt
1045 2643 1235 2689 principes;
1262 2655 1371 2689 quare
1401 2644 1486 2689 ipsis
1510 2644 1554 2678 ad
1577 2647 1634 2677 ut-

162 2693 307 2729 cumque
338 2684 588 2730 defungendum
619 2685 775 2731 precario
805 2686 870 2722 isto
902 2688 1046 2734 quodam
1080 2689 1196 2724 officio
1229 2690 1407 2725 simulatae
1440 2690 1483 2724 ad
1513 2690 1630 2724 horam

160 2732 344 2774 potestatis
367 2731 502 2766 abunde
533 2731 582 2767 sit
611 2731 769 2767 simulata
791 2731 872 2769 item
903 2739 940 2769 et
970 2746 1057 2781 vano
1079 2747 1243 2781 expressa
1265 2741 1365 2781 gestu
1387 2735 1628 2771 beneficentia.

162 2778 200 2808 at
221 2775 296 2810 istis
319 2776 378 2822 qui
399 2788 498 2812 veros
521 2788 560 2812 se
579 2789 682 2822 reges
704 2782 847 2823 putant,
878 2780 959 2827 quid
992 2781 1036 2816 ad
1059 2780 1287 2817 defensionem
1317 2781 1540 2827 relinquitur,
1562 2782 1630 2817 nisi

159 2819 369 2875 largiantur,
396 2835 464 2869 quo
486 2823 595 2859 minus
617 2825 652 2858 in
674 2824 883 2861 larvatorum
905 2838 1042 2873 quoque
1073 2839 1191 2872 regum
1225 2839 1400 2862 numerum
1422 2839 1464 2863 ac
1487 2840 1627 2874 gregem

160 2867 397 2914 compingendi
417 2869 514 2906 sint?
540 2881 683 2916 prorsus
705 2882 789 2906 vero
812 2874 1016 2909 exturbandi
1038 2873 1206 2921 longeque
1227 2875 1449 2910 submovendi
1478 2886 1500 2910 a
1523 2887 1626 2911 ceusu
