1884 3262
409 205 484 248 DE
517 202 795 247 MICHAELE
829 198 1202 245 PALAEOLOGO
1236 199 1285 243 L.
1319 197 1374 243 V.
1528 194 1626 240 393

179 335 297 375 σιμος
320 315 448 363 ἐδόκει
474 315 502 374 ἦ
530 315 736 373 παρουσία
762 315 911 359 ἐκείνου
922 346 937 368 ,
972 308 1197 369 ἀνεζητεΐτὸ
1225 328 1270 355 τε
1299 309 1367 354 καὶ
1383 308 1629 365 παρίστατο,
1652 313 1680 349 P
1703 315 1770 350 267

179 389 228 433 οὗ
248 388 331 443 μὴν
356 388 400 430 δὲ
421 386 523 431 ὥστε
545 388 675 428 δοκεῖν
694 383 862 440 εὐμενὴς
881 383 934 426 τὰ
951 382 1054 440 πρὸς
1078 380 1250 436 βασιλέα
1269 378 1338 423 διὰ
1357 378 1403 422 τὸ
1418 376 1482 428 -ὦς
1503 379 1631 431 δῆθεν

179 461 253 512 τῆς
269 456 433 510 ἀτιμίας
455 455 602 509 ἐκείνης
622 451 812 509 ὖπόγυον.
883 450 982 494 ὅθεν
1004 451 1071 493 καὶ
1090 446 1349 504 ἐρωτώμενος
1371 446 1445 490 οὐκ
1467 445 1633 500 ἀπεκρί-

181 542 270 568 νετο
282 556 295 577 ,
331 526 399 567 καὶ
426 520 678 576 ἔλπιζόμενος
695 521 748 564 τὰ
766 519 870 576 πρὸς
884 516 1006 575 χάριν
1031 517 1177 573 λέγειν,
1214 515 1361 565 ἐκεῖνος
1382 515 1633 572 παλινῳδίαν

149 591 272 638 5οἷον
304 593 405 647 πρὸς
434 592 486 635 τὰ
515 588 712 647 πρότερον
740 585 1030 643 ποιησάμενος,
1067 585 1143 638 τὴν
1174 584 1358 626 ἐναντίαν
1389 587 1446 640 τῷ
1477 585 1640 635 βασιλεῖ

183 663 308 716 δῆλος
335 656 386 715 ῆν
412 661 588 715 βαδίζων
618 656 673 707 ὥς
701 656 759 712 μὴ
789 656 1051 704 συνοίσοντος
1074 652 1260 706 οὐδαμοῦ
1287 655 1362 694 τοῦ
1392 652 1448 700 εἷς
1471 648 1635 705 ζήτησιν

182 729 457 784 προκειμένου.
528 729 596 770 καὶ
623 725 750 775 εὐθὺς
779 725 932 781 αἴρεται
960 723 1034 777 μὲν
1060 725 1118 780 τῷ
1142 724 1307 774 βασιλεῖ
1328 717 1349 762 ὃ
1374 715 1537 772 θυμός,
1569 718 1635 759 καὶ

183 797 263 851 βοὴ
294 793 368 851 ἦν,
405 797 471 839 καὶ
499 794 553 845 ὡς
582 792 755 843 δύσνους
787 793 845 836 ἀεὶ
870 793 1012 849 καὶτῷ
1033 787 1264 847 φρονήματι
1287 783 1633 843 ἀλλοπρόσαλλος,

184 867 250 907 καὶ
265 863 328 908 ὅτι
347 865 394 908 οὗ
415 864 516 918 παρ’
541 862 668 917 ι’ίλλην
688 862 822 904 αι’τιάν
840 859 935 903 ἀλλ’
958 859 1060 902 αὐτὸ
1079 862 1201 901 τοῦτο
1222 856 1268 899 τὸ
1290 855 1349 898 ἀεὶ
1369 856 1550 896 δυσνοεῖν
1568 854 1635 896 καὶ
1657 859 1687 892 Β

131 933 232 978 1οτὸ
264 933 328 975 ἐπὶ
360 937 434 988 τῆς
461 931 569 989 ῥινὸς
599 931 825 982 πέπονθεν,
860 927 1138 982 αἷνιττομένης
1165 929 1239 978 τῆς
1269 927 1411 977 ποινῆς
1433 923 1635 964 ἐντεῦθεν.

186 999 208 1044 ὅ
239 1002 284 1044 δὲ
316 999 480 1058 ἀκράτῳ
507 997 632 1042 πάθει
661 998 893 1055 φιλοτιμίας
919 997 986 1038 καὶ
1015 993 1114 1051 δόξῃ
1137 989 1477 1048 καταφρονήσεως
1495 989 1635 1043 θυμὸν

184 1068 354 1125 ἄκαιρον
382 1069 503 1123 μίξας
534 1067 609 1122 τὴν
638 1070 712 1120 τῆς
737 1069 880 1119 ποινῆς
910 1065 1043 1106 αἰτίαν
1071 1061 1384 1118 ἓπαρρησιἀζεν·
1432 1056 1458 1112 ἧ
1489 1057 1532 1100 δ’
1567 1053 1632 1112 ἦν,

186 1135 242 1187 ὥς
275 1137 422 1179 ἐκεῖνον
448 1137 592 1191 λέγειν,
628 1132 655 1189 ἡ
683 1133 786 1190 πρὸς
816 1132 888 1175 τὸν
919 1134 1049 1175 παῖδα
1079 1128 1270 1184 Ἰωάννην
1290 1126 1547 1179 καὶβασιλία
1568 1124 1636 1169 εἰὶ-

185 1222 287 1248 νοια.
342 1206 408 1247 καὶ
425 1202 446 1247 ὖ
466 1205 540 1258 μέν
557 1201 662 1245 εἶπεν
672 1236 686 1256 ,
721 1202 759 1244 οἱ
778 1202 823 1244 δὲ
842 1202 929 1254 περὶ
950 1200 1022 1243 τὸν
1039 1198 1209 1253 βασιλέα
1229 1195 1284 1248 ὥς
1304 1199 1433 1252 δῆθεν
1449 1194 1638 1238 εὐνοοῦν-

134 1281 176 1317 15
188 1289 252 1322 τες
284 1274 341 1323 εἷς
362 1271 483 1328 χάριν
511 1267 634 1321 ιἰίλλος
666 1270 843 1313 ἄλλοθέν
874 1272 1005 1312 ποθεν
1031 1265 1330 1322 ἐκπηδήσαντες
1355 1266 1532 1306 διασπᾶν
1555 1261 1638 1318 ὥρ-

185 1358 288 1395 μων.
358 1340 452 1383 ἀλλ’
487 1338 508 1382 ὃ
535 1339 726 1394 βασιλεὺς
743 1336 798 1388 ὥς
820 1340 950 1393 δῆθεν
971 1331 1407 1393 φιλανθρωπευόμενος
1431 1328 1634 1382 διεκώλυε,
1661 1333 1691 1367 C

188 1409 328 1466 καιρὸν
352 1411 407 1459 εἷς
425 1409 626 1463 ἐκδίκησιν
645 1408 758 1459 θείς,
790 1404 846 1456 ὥς
865 1406 1007 1456 ἔδειξεν
1025 1403 1210 1459 ὕστερον.
1280 1400 1300 1445 ὁ
1317 1402 1392 1457 μὲν
1413 1396 1484 1443 οὖν
1502 1397 1639 1457 ῥήτωρ

186 1476 263 1532 τὴν
291 1481 366 1520 τοῦ
396 1481 645 1531 κρατοῦντος
676 1475 800 1530 ὀργὴν
829 1471 1068 1517 ὑποπτεύων
1097 1476 1146 1529 τῇ
1171 1471 1361 1529 ἐκκλησίᾳ
1386 1467 1638 1525 προστρέχει,

188 1547 255 1588 καὶ
274 1544 374 1602 παρ’
399 1543 526 1599 αὐτῆς
546 1543 682 1600 ἤλπιζε
702 1542 922 1596 σώζεσθαι.
990 1539 1012 1585 ὅ
1035 1541 1080 1584 δὲ
1100 1540 1238 1596 λαβὼν
1261 1541 1414 1583 ἐκεῖθεν
1433 1537 1643 1595 περιορίζει

280 1678 313 1712 6.
333 1670 406 1722 ἦν]
429 1672 482 1711 ὥν
503 1675 546 1710 Ρ.

188 1789 380 1825 videbatur.
424 1789 483 1825 ille
502 1789 632 1825 accitus
655 1788 807 1831 adstitit,
831 1788 892 1823 sed
914 1787 1092 1834 implacido
1115 1787 1151 1822 in
1173 1784 1358 1833 principem
1380 1784 1512 1828 animo,
1534 1796 1555 1820 a
1573 1795 1640 1831 qno

189 1847 228 1870 se
249 1840 399 1881 spretum
422 1836 544 1871 omissa
566 1836 736 1870 delatione
758 1834 915 1870 sessionis
937 1834 1074 1881 penitus
1095 1833 1341 1879 indignabatur.
1389 1843 1472 1877 ergo
1494 1831 1642 1866 iuterro-

190 1887 291 1927 gatus
314 1881 422 1927 primo
445 1885 582 1928 praeter
606 1882 790 1927 opinionem
813 1881 918 1915 siluit.
965 1885 1108 1925 urgente
1129 1890 1210 1914 vero
1233 1879 1460 1924 imperatore,
1482 1877 1542 1932 qui
1565 1888 1642 1912 enm

190 1927 384 1962 confidebat
404 1928 439 1962 in
461 1939 576 1970 suam,
599 1934 638 1961 nt
660 1933 780 1970 antea,
803 1925 1004 1961 sententiam
1026 1927 1236 1967 locuturum,
1257 1925 1314 1959 ille
1338 1935 1403 1958 non
1426 1923 1641 1958 dissimulans

190 1973 366 2019 poenitere
387 1984 426 2007 se
447 1973 543 2019 prius
566 1978 738 2014 actorum,
771 1977 808 2007 et
831 1972 1017 2006 contrarias
1044 1971 1243 2018 imperatori
1265 1974 1382 2016 partes
1405 1969 1564 2014 deinceps
1585 1980 1643 2003 se-

190 2022 344 2052 cuturum
374 2030 458 2064 prae
486 2030 524 2053 se
553 2020 685 2061 ferens,
717 2019 822 2053 libere
851 2017 1036 2053 affirmavit
1065 2017 1236 2062 negotium
1267 2017 1358 2062 quod
1388 2015 1642 2061 proponebatur

190 2064 445 2109 haudquaquam
479 2065 553 2099 fore
583 2064 668 2099 utile
700 2064 821 2099 videri.
866 2064 1039 2110 perculsus
1061 2061 1323 2109 inopinatissimo
1346 2062 1435 2095 dicto
1457 2061 1642 2106 imperator

191 2109 389 2153 excanduit,
416 2110 669 2156 increpavitque
690 2110 852 2144 bominem
875 2109 1005 2153 magnis
1028 2108 1248 2143 clamoribus:
1285 2118 1404 2151 nempe
1423 2106 1516 2140 illum
1540 2105 1641 2140 voci-

191 2156 306 2189 ferans
327 2157 556 2200 exprobrabat
578 2156 754 2190 non'nunc
776 2156 919 2201 primum
941 2155 1007 2189 sibi
1029 2155 1213 2195 infensum,
1239 2153 1427 2196 ambiguum
1449 2151 1641 2186 iamdudum

192 2204 230 2235 et
249 2200 285 2234 in
306 2201 477 2236 contraria
496 2201 709 2243 versatilem,
742 2213 807 2236 non
841 2201 907 2235 alia
927 2201 1036 2245 magis
1059 2210 1161 2234 causa
1194 2209 1256 2244 per
1279 2199 1436 2243 opposita
1459 2196 1641 2241 circumagi

192 2256 294 2291 quam
315 2246 481 2281 malevola
501 2247 640 2281 libidine
661 2247 726 2281 sibi
746 2247 922 2288 obstandi,
953 2257 1052 2291 quem
1074 2245 1218 2291 pessime
1240 2243 1379 2277 odisset.
1424 2244 1517 2277 ferre
1548 2242 1639 2276 illum

193 2291 293 2325 istius
324 2301 407 2326 suae
440 2291 658 2336 malignitatis
687 2292 849 2336 stigmata
877 2292 912 2325 in
943 2303 1047 2334 naso,
1079 2290 1128 2324 illi
1150 2289 1308 2324 videlicet
1330 2289 1408 2322 olim
1430 2288 1578 2322 abscisso
1601 2287 1639 2321 in

192 2347 334 2382 poenam
357 2337 592 2371 aversianimi
615 2348 636 2371 a
657 2338 819 2392 principe.
867 2348 908 2371 ea
929 2338 1046 2370 rhetor
1078 2335 1216 2371 audiens
1237 2335 1346 2369 elatus
1368 2334 1554 2368 inconsulta
1574 2333 1638 2375 ira,

194 2393 295 2428 quam
326 2382 463 2417 ambitio
493 2383 658 2428 impotens
687 2384 842 2428 opimone
874 2386 1086 2427 contemptus
1118 2380 1254 2414 irritata
1281 2379 1373 2414 ultra
1402 2379 1641 2426 fas'propulit‚

193 2438 309 2462 veram
338 2427 436 2462 istius
467 2440 555 2473 quae
585 2428 650 2462 sibi
678 2440 765 2462 nunc
795 2430 1058 2473 exprobraretur
1081 2437 1210 2472 poenae
1241 2436 1375 2460 causam
1398 2431 1451 2460 est
1473 2425 1642 2460 liberrime

194 2475 386 2518 professus,
424 2473 514 2507 clare
547 2473 661 2508 dicens
683 2485 720 2508 se
742 2485 825 2508 naso
849 2474 1039 2515 multatum,
1076 2472 1167 2518 quod
1189 2471 1307 2506 Ioanni
1329 2482 1454 2517 puero,
1492 2470 1642 2515 legitimo

194 2518 406 2564 imperatori,
445 2519 546 2553 fidem
577 2522 612 2552 et
640 2519 907 2553 benevolentiam
930 2518 1077 2552 debitam
1120 2521 1299 2552 raestaret.
1344 2518 1428 2551 haec
1450 2528 1526 2551 eum
1548 2516 1643 2550 locu-

195 2568 283 2606 tum,
315 2564 374 2609 qui
398 2564 490 2599 circa
511 2565 745 2609 imperatorem
769 2567 886 2606 erant,
917 2564 975 2600 alii
997 2564 1086 2598 aliun
1112 2575 1131 2598 e
1153 2565 1389 2608 erumpentes,
1422 2562 1511 2609 quod
1534 2561 1584 2596 sic
1607 2561 1642 2596 ei

196 2609 383 2653 gratificari
404 2620 442 2644 se
466 2614 647 2655 putarent,
669 2609 767 2655 quasi
789 2609 994 2655 discerpturi
1013 2610 1193 2656 petierunt.
1237 2619 1352 2643 verum
1378 2620 1436 2643 eos
1457 2609 1642 2653 imperator

197 2655 361 2690 affectata
381 2651 620 2690 moderationis
648 2655 763 2700 specie
791 2655 982 2701 probibuit,
1017 2664 1159 2700 poenam
1181 2665 1246 2688 non
1269 2654 1478 2694 condonans,
1517 2653 1577 2687 sed
1605 2652 1640 2686 in

196 2700 288 2735 aliud
309 2704 442 2747 tempus
463 2700 642 2742 differens,
662 2706 703 2735 ut
723 2705 842 2746 postea
864 2700 1032 2746 apparuit.
1075 2701 1192 2736 rhetor
1215 2703 1328 2735 autem
1351 2700 1434 2734 iram
1456 2698 1641 2744 imperato-

197 2745 245 2779 ris
265 2746 395 2780 veritus
417 2747 460 2781 ad
483 2746 660 2781 ecclesiam
683 2746 852 2792 confugit,
874 2758 972 2782 sacro
994 2757 1032 2781 se
1054 2746 1148 2791 asylo
1174 2746 1217 2781 ad
1237 2746 1379 2780 salutem
1403 2755 1538 2778 usurum
1560 2754 1640 2789 spe-

197 2801 287 2825 rans.
330 2795 368 2825 at
401 2792 587 2838 imperator
616 2792 747 2827 blandis
767 2792 845 2826 inde
867 2792 957 2826 illum
982 2792 1191 2826 suasionibus
1222 2794 1408 2825 extractum
1434 2788 1580 2869 perpulit
1601 2793 1642 2822 ut

197 2835 294 2880 quasi
315 2837 418 2872 aiiimi
439 2838 550 2883 gratia
571 2838 607 2872 in
629 2838 865 2873 monasterium
889 2837 1070 2883 Hyacinthi
1092 2849 1130 2874 se
1152 2837 1339 2882 conferret,
1363 2846 1488 2871 commo
1512 2844 1566 2870 um
1588 2833 1639 2869 vi—
