1884 3262
411 207 486 250 DE
518 205 794 250 nflanELE
826 182 1201 252 PALAEoL'OGo
1234 207 1282 251 L.
1313 205 1391 252 v1.
1543 206 1642 254 531

180 316 445 375 παρίσταταί
476 319 515 362 οῗ
544 319 758 369 ἀνωίστως
776 316 949 373 πάμπαν
975 319 1105 374 μηδὲν
1129 315 1263 362 εῗδὸτι.
1313 317 1448 375 ’ἔτυχε
1471 319 1516 363 δὲ
1540 320 1645 377 πρὸς

194 384 266 431 τὸν
286 394 420 442 τοῖχον
441 386 546 444 δρῶν
565 386 782 442 βασιλεύς,
819 389 886 430 καὶ
905 387 957 430 τὰ
976 386 1080 430 καθ’
1103 385 1229 430 αὑτὸν
1262 381 1341 446 (ἦν
1362 387 1440 444 γὰρ
1459 389 1524 431 καὶ
1545 388 1643 439 τοῦς

195 456 412 511 λογισμοὺς
455 454 710 512 ἐρρωμένος)
754 453 809 506 ὥς
849 453 926 510 εἶχε
958 453 1258 508 διανοούμενος.
1323 457 1468 499 ἵστατο
1489 460 1589 512 γοῦν
1617 454 1641 500 ὅ

194 522 468 580 πρεσβύτερος
497 523 610 579 παρὰ
641 521 802 580 θάτερα
819 555 833 577 ,
880 523 932 566 τὰ
958 522 1051 579 ἅγια
1082 525 1196 579 δῶρα
1225 527 1387 579 κρατῶν
1417 526 1459 566 ἐν
1483 525 1638 580 χερσίν,

162 594 263 638 5καὶ
283 592 357 646 τὴν
376 591 451 634 ἀπ’
473 593 622 634 ἐκείνου
642 593 707 634 καὶ
726 589 855 646 μόνου
872 590 1119 647 ἐπιστροφὴν
1137 590 1238 644 πρὸς
1255 589 1381 634 αὐτὸν
1401 594 1641 647 καραδοκῶν

194 659 266 716 ἐφ’
298 660 435 702 ἱκανὸν
467 664 630 703 σιωπῶν
656 660 815 704 ἵστατο.
886 657 908 703 ὃ
941 660 986 702 δὲ
1014 659 1089 702 εἴτε
1115 676 1152 701 τι
1182 663 1368 702 τοιοῦτον
1391 657 1639 714 ὑπονοήσας,

193 728 270 770 εἴτε
289 730 356 770 καὶ
373 727 505 777 ἄλλως
529 727 703 771 ἐπελθὸν
724 727 860 786 αὐτῷ,
897 728 1108 783 ε’πεγκλίνει
1126 727 1228 783 πρὸς
1250 726 1322 769 τὸν
1349 725 1634 784 πρεσβύτερον,
1659 735 1688 770 Β

193 797 260 838 καὶ
289 794 363 849 ἅμ’
395 794 472 838 εἶδε.
497 797 563 838 καὶ
592 794 680 849 ἅμα
708 799 855 850 συνῆκε
875 795 922 838 τὸ
940 797 1079 849 δρᾶμα
1087 828 1100 848 ,
1137 796 1203 838 καὶ
1233 795 1294 848 τί,
1329 797 1453 853 φησί,
1487 800 1639 851 10:710,-

192 867 267 906 τοῦ
293 867 390 920 γοῦν
412 862 620 920 ἴερὲωςώς
638 862 740 919 ’ὑπὲρ
761 863 890 906 αὐτοῦ
912 861 1117 917 εὐξάμενοι
1141 862 1334 920 φέρουσιν
1365 865 1420 914 εἷς
1438 861 1641 920 βοήθειαν

141 944 185 978 10
196 933 262 974 καὶ
283 932 335 974 τὰ
358 933 472 988 δῶρα
490 931 542 974 τὰ
565 933 620 981 εἷς
638 930 773 987 ὖγείαν
792 932 1034 974 συνοίσοντα
1055 930 1260 987 λε’γοντος,
1288 931 1413 981 αὐτὸς
1434 930 1641 987 διακόψας

195 1000 448 1055 ἀναθαρρεῖ,
484 1001 550 1042 καὶ
582 1003 656 1054 τῆς
686 1000 823 1054 κλίνης
842 998 1071 1055 ἄνέγρεται,
1108 1001 1174 1041 καὶ
1197 1000 1309 1053 ζητεῖ
1319 997 1468 1055 ζώνην,
1504 1002 1570 1042 καὶ
1592 1001 1638 1043 τὸ

194 1067 307 1122 ἅγιον
339 1067 495 1118 διέξεισι
523 1065 753 1121 σύμβολον,
784 1068 851 1109 καὶ
876 1066 923 1110 τό
958 1071 988 1091 “
998 1064 1108 1123 κύριε
1138 1066 1266 1123 ῥῦσαί
1287 1084 1339 1121 με
1368 1069 1411 1110 ἐκ
1433 1071 1508 1123 τῆς
1529 1067 1642 1125 ὥρας

193 1135 380 1197 ταυτης”
404 1133 548 1188 εἰπών,
584 1137 650 1177 καὶ
669 1134 721 1177 τὰ
743 1132 878 1178 εἰκότα
893 1132 1210 1189 ποτνιασάμενος
1229 1135 1331 1191 πρὸς
1350 1135 1420 1179 τὸν
1440 1134 1632 1190 ὕψιστον,
1659 1142 1691 1177 G

194 1203 268 1258 τὴν
304 1202 420 1259 ἁγίαν
446 1201 676 1258 μετάληψιν
706 1202 882 1258 δέχεται,
918 1204 982 1244 καὶ
1012 1203 1145 1245 πεσών
1163 1198 1290 1252 αὖθις
1307 1206 1374 1245 καὶ
1391 1204 1530 1259 καιρὸν
1553 1205 1639 1247 ἔπι-

141 1282 185 1317 15
196 1271 303 1325 σχών
323 1271 396 1326 τὴν
415 1271 554 1326 ψυχὴν
581 1271 739 1327 ἀφίησι.
808 1272 873 1312 καὶ
893 1271 943 1325 δὴ
961 1268 1200 1325 τελευτήσας
1220 1271 1295 1325 οὐχ
1313 1265 1436 1326 ἦττον
1455 1279 1541 1322 τοῖς
1558 1276 1640 1315 τῶν

196 1344 241 1382 Τ
238 1337 397 1394 οχάρων
415 1338 441 1394 ἢ
462 1343 543 1382 τῶν
566 1340 719 1381 οἰκείων
736 1338 943 1394 τετίμηται
962 1336 1168 1394 δάκρυσιν.
1238 1332 1287 1381 οὗ
1319 1339 1391 1381 τὸν
1422 1339 1561 1395 νεκρὸν
1590 1340 1638 1383 τὸ

194 1406 318 1462 τάχος
339 1407 378 1449 οἳ
400 1409 453 1457 εἷς
475 1410 595 1449 τοῦτο
613 1406 832 1461 ταχθέντες
850 1408 1129 1456 συστείλαντες
1147 1406 1293 1455 νυκτὸς
1313 1406 1424 1464 παρὰ
1449 1407 1523 1462 τὴν
1546 1407 1641 1451 νέαν

195 1473 347 1530 μονήν,
373 1473 489 1531 ἐγγύς
507 1492 586 1517 που
605 1479 686 1517 τῶν
705 1477 787 1517 ἐκεῖ
798 1474 1002 1529 κειμένην,
1028 1476 1351 1529 μετακομίζουσι.
1419 1476 1486 1517 καὶ
1509 1474 1640 1526 οὕτως

196 1544 410 1599 ἀπέρχεται
436 1542 627 1596 βασιλεὺς
660 1540 782 1598 ζήσας
808 1543 882 1595 μὲν
911 1541 964 1584 τὰ
985 1540 1202 1596 σύμπαντα
1217 1541 1287 1597 ἴτη
1305 1540 1553 1597 πεντήκοντα
1571 1545 1638 1586 καὶ

140 1619 186 1654 20
198 1611 325 1664 ὀκτώ,
361 1609 607 1665 βασιλεύσας
638 1612 682 1653 δὲ
709 1608 870 1666 ἡμερῶν
895 1611 1074 1653 δεουσῶν
1093 1610 1216 1653 εἴκοσι
1233 1610 1285 1653 τὰ
1302 1610 1425 1653 εἴκοσι
1442 1611 1635 1668 τέσσαρα.
1657 1618 1692 1654 D

194 1678 404 1723 ὑποδεῖται
436 1680 510 1734 μὲν
538 1679 617 1736 γὰρ
654 1678 705 1722 τὰ
740 1683 814 1734 τῆς
850 1679 1059 1734 βασιλείας
1094 1677 1252 1737 ἐρυθρὰ
1286 1677 1639 1734 Ἑκατομβαιῶνος

196 1810 279 1846 nihil
302 1809 410 1845 minus
429 1809 630 1855 cogitantem
645 1809 829 1855 Augustum
850 1808 1004 1843 accessit.
1050 1811 1124 1844 erat
1144 1819 1249 1852 aeger
1269 1811 1351 1844 tunc
1371 1809 1460 1843 forte
1481 1808 1573 1844 vultu
1593 1806 1638 1845 ad

195 1857 358 1903 'parietem
381 1867 522 1898 averso,
552 1855 644 1889 curis
665 1860 704 1890 ut
727 1856 916 1901 apparebat
933 1854 1153 1890 familiaribus
1179 1855 1347 1889 intentus:
1384 1854 1524 1899 vigebat
1549 1855 1637 1890 enim

196 1903 323 1944 animo,
356 1913 418 1936 nec
440 1901 483 1936 de
502 1901 669 1936 iudicandi
691 1900 764 1935 eius
788 1905 847 1935 aut
866 1899 1087 1934 ratiocinandi
1108 1899 1226 1934 solerti
1253 1899 1432 1935 acrimonia
1453 1899 1636 1946 quidquam

196 1949 331 1983 morbus
352 1947 575 1982 imminuerat.
619 1947 736 1981 stabat
756 1946 861 1991 igitur
879 1946 912 1981 in
935 1945 1107 1980 contraria
1126 1952 1224 1991 parte
1244 1946 1423 1992 presbyter
1436 1956 1533 1980 sacra
1546 1946 1636 1981 dona

196 2005 295 2030 manu
328 1993 515 2035 sustinens,
553 1995 588 2027 et
619 1993 698 2026 dum
727 1991 784 2026 ille
806 2003 843 2027 se
865 1995 985 2037 sponte
1013 1994 1251 2032 converteret,
1282 1995 1338 2026 sat
1358 1993 1459 2034 longo
1481 1996 1636 2036 tempore

196 2039 330 2075 silentio
360 2044 553 2084 expectans.
596 2038 732 2072 tandem
761 2037 963 2084 imperator,
996 2037 1067 2072 sive
1087 2048 1153 2083 quo
1174 2036 1343 2071 excitatus
1366 2035 1463 2080 signo
1485 2035 1561 2070 sive
1581 2036 1636 2070 in-

196 2086 324 2120 stinctu
345 2085 500 2129 propriae
521 2083 642 2118 mentis
664 2084 871 2125 admonitus,
905 2082 964 2117 ubi
994 2082 1116 2117 faciem
1136 2082 1293 2116 aliorsum
1314 2080 1528 2122 retorsisset,
1561 2080 1635 2115 viso

198 2131 396 2176 presbytero
417 2129 531 2164 statim
551 2128 716 2163 intellexit
736 2140 892 2174 quorsum
914 2128 943 2162 is
964 2128 1125 2162 venisset.
1169 2126 1397 2171 interrogavit
1419 2130 1531 2160 tamen
1555 2125 1635 2172 quid

199 2175 266 2210 sibi
289 2187 328 2208 eo
351 2179 471 2209 ornatu
495 2187 534 2208 eo
557 2180 649 2208 statu
671 2174 786 2209 vellet.
829 2174 952 2219 illoque
981 2173 1205 2221 respondente
1233 2183 1310 2206 sese
1330 2174 1410 2216 post
1429 2182 1548 2217 preces
1571 2182 1635 2217 pro

201 2221 273 2255 eius
302 2220 410 2254 salute
442 2220 534 2253 fusas
563 2219 663 2253 etiam
693 2219 788 2254 utilia
808 2219 840 2253 ei
860 2218 1004 2254 iuvando
1026 2218 1199 2253 afferenda
1220 2227 1318 2251 sacra
1339 2217 1426 2251 dona
1448 2216 1634 2262 putavisse,

198 2277 340 2312 quornm
364 2265 534 2310 perceptio
555 2264 596 2298 ad
620 2265 727 2298 morbi
746 2276 880 2310 quoque
898 2264 1045 2298 valitura
1065 2262 1293 2308 expulsionem
1311 2262 1419 2303 foret,
1441 2273 1508 2296 non
1531 2273 1636 2308 expe·

200 2316 292 2346 ctato
323 2311 400 2345 <lum
423 2310 456 2343 id
479 2315 585 2344 totum
609 2310 876 2355 pronuntiasset,
908 2320 1011 2353 aeger
1031 2309 1147 2342 statim
1169 2307 1321 2342 excitans
1343 2319 1381 2342 se
1398 2306 1508 2353 ipsum
1529 2318 1634 2353 supra

197 2357 322 2391 lectum
344 2354 493 2400 exurgit,
515 2366 632 2389 zonam
655 2355 822 2400 postulat,
843 2359 992 2389 sanctum
1014 2353 1196 2398 symbolum
1218 2352 1428 2398 pronuntiat,
1450 2353 1577 2388 addens
1597 2356 1636 2387 et

197 2402 280 2438 illud
301 2402 438 2435 “libera
459 2412 512 2434 me
534 2401 664 2434 domine
685 2402 728 2434 ab
751 2401 835 2434 hora
857 2399 953 2439 hac,'’
974 2403 1044 2433 tum
1059 2399 1179 2444 quibus
1193 2410 1256 2443 par
1270 2404 1344 2433 erat
1361 2398 1567 2432 demissionis
1584 2398 1632 2432 si-

200 2448 276 2493 gnis
297 2446 491 2481 altissimum
511 2449 722 2491 praesentem
742 2449 923 2479 veneratus
947 2455 1077 2479 sacram
1099 2443 1355 2478 communionem
1376 2443 1518 2489 accipit,
1540 2449 1574 2478 et
1597 2443 1634 2477 iu

199 2493 359 2529 lectulum
379 2492 532 2537 relapsus
553 2490 672 2535 exiguo
694 2495 866 2535 superstes
890 2490 1066 2523 intervallo
1079 2514 1090 2533 ,
1112 2490 1210 2535 paulo
1232 2492 1309 2535 post
1330 2489 1474 2523 animam
1497 2488 1634 2523 emittit.

201 2539 297 2573 cuius
320 2549 395 2572 mox
416 2537 548 2581 cognita
569 2547 658 2570 mors
680 2547 745 2569 nou
768 2535 875 2570 minus
895 2535 1123 2569 Tocharorum
1145 2546 1244 2581 quam
1265 2535 1331 2580 ipsi
1350 2535 1553 2569 subditorum
1572 2533 1635 2568 bo-

201 2589 322 2619 norata
341 2583 485 2617 lacrimis
508 2584 571 2617 est.
619 2581 691 2615 eius
712 2581 856 2614 cadaver
879 2581 1037 2614 festinato
1060 2580 1286 2627 compositum,
1311 2581 1431 2624 quibus
1446 2579 1482 2613 id
1505 2577 1636 2623 negotii

201 2631 316 2664 datum
348 2631 478 2669 fuerat,
514 2631 614 2661 noctu
638 2627 679 2660 ad
703 2637 823 2660 novum
845 2625 1081 2660 monasterium
1101 2626 1137 2661 in
1159 2627 1217 2660 ina
1236 2625 1360 2660 vicinia
1381 2625 1483 2659 situm
1513 2625 1636 2668 depor-

202 2677 289 2709 tant.
334 2675 385 2709 sic
408 2674 483 2707 binc
506 2672 663 2718 migravit
683 2672 882 2716 imperator,
914 2675 1089 2716 postquam
1111 2672 1255 2706 vixisset
1276 2671 1406 2705 omnino
1428 2680 1536 2703 annos
1555 2672 1635 2703 octo

202 2725 239 2754 et
261 2719 525 2765 quinquaginta,
545 2719 746 2772 imperasset
766 2723 877 2751 autem
900 2721 1044 2763 quatuor
1065 2719 1100 2751 et
1121 2717 1259 2762 viginti,
1281 2715 1424 2761 demptis
1445 2714 1564 2749 diebus
1584 2713 1638 2748 vi-

202 2765 297 2811 ginti.
341 2777 417 2801 nam
438 2764 571 2811 imperii
589 2763 720 2810 insigne
741 2773 922 2810 purpuram
942 2762 1052 2798 induit
1071 2763 1179 2810 prima
1199 2763 1254 2799 die
1272 2759 1434 2805 Ianuarii,
1455 2766 1496 2795 ut
1513 2759 1638 2795 dictum
