1846 3262
429 154 512 219 *DE
545 175 828 219 MICHAELE
863 173 1241 218 PALAEOLoGo
1278 173 1323 215 L.
1358 171 1412 214 11.
1570 171 1661 216 103

181 283 402 334 προηγοΐτο
421 275 443 320 ὅ
467 276 573 320 κατὰ
592 276 868 332 κληρονομίαν
885 272 1092 328 βασιλεύς.
1142 272 1198 325 ὥς
1222 273 1267 317 δ’
1293 273 1431 331 ἐκείνῳ
1449 273 1660 328 παρίστων

181 349 249 389 καὶ
281 346 328 389 τὸ
361 348 524 389 παιδίον
554 344 884 403 διερμηνεύοντες
915 342 1149 387 κατανεύειν
1170 343 1219 387 τὸ
1238 347 1511 398 ταινιωθ··ῆναι
1535 340 1663 395 μόνον

181 416 348 467 ἐκεῖνον,
378 417 446 458 καὶ
465 415 592 458 αὐτὸν
612 414 792 471 ἀγαπᾶν,
828 415 896 456 καὶ
915 413 966 467 δὴ
985 418 1119 455 ταῦτα
1137 412 1239 466 πρὸς
1256 412 1329 456 τὸν
1348 411 1536 467 ἀρχιερέα
1554 416 1659 465 ψελ-

179 486 288 536 λίζον
308 484 439 540 ἔλεγεν
461 482 516 534 ὥς
539 484 803 539 καταδέχοιτο
816 516 830 534 ,
867 484 902 525 εἲ
922 479 1051 536 μόνον
1074 480 1176 524 αὐτὸ
1198 479 1279 540 ζῴη
1299 482 1429 536 μηδὲν
1451 481 1594 523 παθὸν
1617 481 1660 523 ἴκ

147 563 290 603 5τινος
331 555 504 608 (πολλοὶ
530 553 609 609 γὰρ
641 554 707 596 καὶ
736 551 928 607 ἠπείλουν
956 552 1334 607 προεξανίστασθαι
1365 552 1400 593 εἶ
1424 550 1648 604 ἀντέχοιτο,
1674 557 1702 592 Ρ
1725 558 1770 591 66

181 623 247 664 καὶ
267 622 314 665 τὸ
339 622 538 665 Κελτικὸν
568 619 846 678 πελεκυφόρον
875 620 1086 676 περιεστός
1106 620 1269 672 ἕτοιμον
1289 614 1339 673 ἦν
1364 621 1429 661 καὶ
1451 619 1557 661 κατὰ
1577 636 1659 676 φυ-

180 691 310 746 λακὴν
340 693 408 734 καὶ
436 691 532 734 κατ’
559 691 744 734 ἐπίθεσιν
765 687 983 747 πράττειν,
1022 688 1101 746 εἴγ’
1124 686 1311 745 ὄρισθειή
1340 688 1454 755 παρὰ
1474 693 1557 731 τῶν
1583 690 1657 730 δι·-

179 759 364 813 ναμένων
388 758 623 816 μάλιστα),
663 757 684 802 ὅ
713 758 922 815 ἆρχιερεύς
950 757 1067 814 ὀλίγα
1087 762 1171 800 τῶν
1194 757 1308 813 παρὰ
1329 761 1403 799 τοῦ
1423 758 1569 807 παιὸὸς
1590 762 1658 800 λε-

177 829 359 884 γομένων
377 830 603 886 φροντίζων
623 827 712 878 ἑνὸς
726 823 777 882 ἦν
793 832 868 871 τοῦ
887 825 988 883 ὑπὲρ
1009 828 1160 870 ε’κείνου
1180 826 1439 882 ἀντέχεσθαι.
1474 826 1564 869 ἀλλ’
1583 826 1656 868 ἀν-

124 911 170 945 10
182 898 330 952 τίσχειν
369 900 425 947 εἷς
463 898 579 947 τέλος
610 897 686 941 οὐκ
714 895 819 952 εἶχε·
865 898 1010 939 πολλοὶ
1035 896 1115 953 γὰρ
1151 897 1559 952 καὶχπροσωνείὸιζον
1588 898 1655 938 καὶ

178 966 483 1023 προυτρέποντο
518 971 787 1021 νεμεσῶντες,
819 967 854 1008 εἲ
880 964 1008 1020 μόνος
1039 965 1164 1016 αὐτὸς
1191 963 1316 1020 ὁμόσε
1338 963 1554 1014 τοσούτοις
1565 982 1651 1019 χω-
1678 973 1705 1005 Β

177 1037 282 1091 ροίη.
355 1034 449 1078 τότε
477 1040 695 1093 τοιγαροῦν
727 1033 957 1093 ὑπογράφει
986 1034 1167 1084 κάκεῖνος
1195 1035 1391 1084 πεισθείς.
1425 1038 1430 1045 ’
1463 1033 1568 1089 πλὴν
1600 1036 1656 1084 εἷς

175 1096 361 1159 πιθανὴν
394 1107 599 1148 δοκοῦσαν
627 1106 876 1162 παραίτησιν
908 1104 955 1147 τὸ
988 1102 1272 1161 ὁμοιοτρόπως
1291 1103 1542 1161 προσέθετο’
1579 1108 1654 1144 τοῦ

176 1171 320 1227 ὁμοίου
349 1173 427 1230 γὰρ
457 1175 520 1216 ἐπὶ
543 1176 764 1230 χειρίστοις
790 1173 1106 1228 λαμβανομένου
1134 1173 1248 1231 παρὰ
1270 1177 1327 1232 τῷ
1354 1176 1528 1229 ποιητῇ,
1568 1172 1653 1222 ἐξέ-

120 1255 162 1291 15
175 1259 302 1298 φηνεν
331 1243 479 1294 ἐκεῖνος
519 1244 564 1287 ἐκ
602 1241 755 1286 τούτου
784 1243 831 1285 τὸ
862 1243 1160 1299 ἀναγκαστικὸν
1193 1244 1261 1286 καὶ
1290 1239 1546 1299 κακότροπον
1580 1245 1653 1295 τῆς

171 1309 443 1369 ὑπογραφῆς,
480 1310 536 1362 ὥς
562 1312 636 1355 οὔκ
661 1314 702 1355 ἓν
725 1316 829 1369 καλῇ
854 1310 1019 1362 πάντως
1038 1314 1169 1354 πίστει
1188 1314 1256 1355 καὶ
1276 1309 1413 1367 χάριτι
1442 1310 1518 1366 τὴν
1543 1302 1653 1366 πρᾶ-

172 1383 233 1431 ξιν
255 1381 527 1437 προσέμενος,
559 1381 656 1424 ἀλλ’
681 1383 724 1432 ἐξ
751 1380 928 1437 ἀνάγκης
947 1383 1013 1423 καὶ
1033 1383 1106 1440 βίᾳ
1129 1386 1204 1424 τοῦ
1225 1378 1470 1429 συνειδότος.
1541 1377 1563 1421 ὃ
1598 1378 1650 1432 δὴ

171 1449 219 1492 τὸ
254 1447 396 1503 ὅμοῖον
425 1449 654 1508 ὖπὲφηνεν·
681 1450 823 1506 ὃμοῖος
852 1450 931 1508 γὰρ
959 1444 1137 1505 πόλεμος
1166 1452 1233 1494 καὶ
1265 1449 1408 1505 ὅμοῖον
1434 1452 1562 1505 γῆρας
1589 1451 1647 1507 τῷ
1673 1458 1703 1492 C

171 1524 320 1576 ποιητῇ
342 1519 565 1574 λελὲχαται.

114 1599 161 1633 20
302 1587 409 1631 Ἐπεὶ
431 1593 531 1645 γοῦν
549 1588 601 1632 τὰ
620 1593 694 1644 τῆς
709 1590 921 1642 βασιλείου
944 1594 1108 1646 τελετῆς
1124 1588 1299 1646 ἤνυσται
1320 1587 1386 1630 καὶ
1402 1585 1481 1629 ἴδει
1498 1592 1648 1643 χωρεῖν

170 1655 269 1707 τοὺς
292 1658 550 1715 στεφθέντας
574 1658 675 1715 πρὸς
698 1659 751 1702 τὰ
772 1657 1006 1716 ἀνάκτορα,
1043 1662 1300 1716 προηγοῦντο
1326 1657 1401 1712 μὲν
1424 1656 1463 1698 οἱ
1483 1655 1530 1698 τὸ
1553 1654 1647 1698 ‹11⁶¹-

168 1739 246 1777 mas
264 1743 409 1777 omnium
431 1744 542 1778 ferret
564 1744 622 1789 qui
645 1744 855 1780 hereditario
878 1745 1064 1791 imperaret
1085 1746 1173 1780 iure.
1220 1748 1302 1778 tunc
1325 1743 1383 1789 qui
1406 1746 1563 1787 agentem
1581 1742 1645 1775 hac

168 1790 361 1824 constantia
384 1790 722 1825 Thessalonicensem
755 1791 1042 1835 circumstabant,
1077 1793 1323 1827 admonuerunt
1347 1794 1386 1824 ut
1406 1793 1553 1823 mentem
1577 1789 1644 1823 ad-

168 1840 321 1869 verteret
346 1836 389 1869 ad
412 1837 605 1871 innuentem
627 1837 693 1883 ipsi
714 1849 779 1882 pro
804 1850 869 1881 quo
891 1845 960 1873 tam
985 1839 1189 1885 pugnaciter
1224 1837 1380 1871 certabat
1412 1846 1572 1881 puerum,
1609 1838 1644 1868 et

166 1885 275 1926 gestu·
299 1882 504 1918 indicantem
539 1884 642 1929 aequi
674 1885 821 1930 bonique
844 1897 882 1919 se
905 1886 1084 1920 consulere
1106 1890 1148 1919 ut
1168 1884 1260 1919 solus
1282 1883 1509 1926 palaeologus
1543 1892 1642 1915 coro-

168 1930 330 1970 naretur;
365 1940 434 1974 quo
458 1930 540 1964 nihil
562 1930 619 1964 ille
641 1936 754 1965 motus
781 1931 912 1966 audivit
932 1932 1035 1966 etiam
1057 1943 1135 1966 mox
1159 1943 1246 1965 voce
1267 1929 1477 1964 balbutiente
1499 1927 1564 1962 sibi
1588 1927 1641 1961 di-

166 1978 299 2008 centem
317 1975 499 2019 Ioannem‚
534 1977 698 2011 sufficere
718 1977 782 2011 sibi
806 1982 888 2012 tunc
911 1978 1047 2024 quidem
1070 1979 1099 2012 si
1122 1981 1218 2012 tutus
1242 1977 1374 2011 viveret
1397 1979 1432 2009 et
1455 1985 1596 2008 securus
1620 1986 1641 2007 a

164 2020 212 2055 vi.
260 2021 358 2055 multi
379 2022 466 2057 enim
488 2023 703 2058 minabantur
726 2035 765 2058 se
786 2024 896 2069 ipsum
921 2026 964 2059 de
990 2025 1100 2059 medio
1130 2025 1342 2066 sublaturos,
1381 2021 1408 2055 si
1441 2021 1640 2062 resisteret;

163 2067 356 2113 aderatque
377 2068 552 2103 Celtarum
576 2081 716 2104 secures
737 2071 945 2115 gestantium
968 2071 1190 2106 circumstans
1213 2071 1347 2111 cohors,
1372 2066 1514 2112 ancipiti
1538 2067 1639 2100 o'bse-

165 2114 244 2158 quio
268 2115 312 2148 ad
335 2121 452 2149 nutum
477 2116 704 2160 potentiorum
734 2121 881 2162 parata,
914 2118 970 2152 vel
991 2117 1083 2152 tueri
1106 2128 1245 2163 puerum
1267 2116 1323 2149 vel
1345 2115 1486 2156 tollere,
1518 2124 1560 2146 ac
1583 2113 1640 2145 sa-

164 2171 244 2193 cere
277 2161 410 2196 omnino
441 2161 606 2208 quidquid
637 2163 825 2198 iuberetur.
872 2165 932 2198 sed
957 2164 1192 2199 contemnebat
1211 2163 1298 2196 istas
1319 2171 1455 2207 quoque
1477 2163 1515 2192 ut
1539 2157 1638 2204 pueri

163 2217 346 2251 expressas
368 2211 459 2241 metu
481 2220 584 2243 voces
614 2215 775 2254 perstans
799 2210 991 2256 intrepidus
1012 2211 1047 2245 in
1071 2214 1194 2255 coepta
1216 2206 1460 2243 intercessione
1483 2204 1639 2239 Thessa-

162 2252 356 2295 lonicensis,
379 2253 414 2287 in
438 2265 505 2288 uno
528 2266 663 2300 semper
684 2256 776 2290 fixus
799 2268 839 2290 eo
863 2258 953 2302 quod
977 2257 1123 2291 dixerat.
1162 2267 1280 2289 verum
1301 2252 1484 2298 persistere
1507 2250 1551 2285 ad
1577 2262 1638 2284 ex-

163 2302 308 2332 tremum
332 2310 399 2332 non
421 2300 546 2334 valuit:
580 2307 718 2336 coortus
742 2302 828 2336 enim
853 2308 908 2337 est
930 2303 1055 2338 clamor
1079 2303 1113 2337 in
1137 2313 1212 2336 eum
1236 2301 1454 2347 plurimorum
1479 2296 1637 2332 certatim

161 2356 232 2389 qua
253 2345 456 2380 monentium
480 2358 548 2392 qua
568 2347 830 2393 increpantium,
861 2350 982 2394 ecquid
1007 2349 1153 2394 puderet
1175 2359 1277 2382 unum
1299 2350 1360 2387 tot
1374 2349 1410 2379 et
1436 2344 1561 2378 talibus
1585 2343 1636 2376 vi-

161 2390 210 2424 ris
233 2402 346 2425 coram
370 2391 406 2425 in
431 2403 471 2426 os
499 2393 666 2428 obsistere
689 2395 936 2441 adversumque
959 2396 1049 2430 niti?
1095 2395 1209 2429 victus
1239 2393 1346 2438 igitur
1377 2391 1523 2436 denique
1553 2390 1636 2424 sub-

160 2436 321 2490 scripsit,
344 2438 405 2471 sed
430 2438 473 2472 iis
495 2440 610 2474 verbis
634 2452 724 2485 quae
747 2446 841 2476 recte
863 2442 1132 2487 intelligentibus
1156 2443 1324 2476 extortam
1346 2437 1459 2472 manui
1482 2435 1634 2470 subscri-

159 2486 330 2528 ptionem,
368 2496 434 2518 non
467 2485 576 2519 animo
607 2487 810 2521 sententiam
840 2488 1049 2522 indicarent:
1088 2487 1273 2532 adscripsit
1304 2484 1392 2520 enim
1416 2483 1572 2517 similiter
1595 2494 1633 2515 se

159 2529 344 2570 assentiri,
384 2542 510 2564 memor
543 2533 634 2577 apud
663 2537 800 2578 poetam
830 2534 939 2568 simile
969 2534 1014 2569 ad
1046 2533 1184 2579 pessimi
1216 2530 1499 2578 significationem
1527 2528 1631 2562 trahi.

157 2586 266 2620 quare
296 2576 349 2610 sic
378 2576 543 2612 innuebat
566 2590 604 2612 se
626 2583 782 2614 coactum
814 2586 968 2614 extrema
990 2580 1217 2622 necessitate,
1254 2583 1374 2614 contra
1394 2581 1558 2615 mentem,
1593 2580 1632 2608 ut

158 2622 282 2655 bonum
305 2624 517 2670 approbasse
539 2624 667 2667 visum,
701 2626 792 2670 quod
814 2626 936 2660 malum
958 2627 1153 2669 iudicabat,
1182 2626 1391 2660 reclamante
1411 2621 1632 2669 persuasione

157 2667 261 2701 animi
285 2680 327 2702 ac
356 2668 418 2703 vim
441 2669 695 2705 ineluctabilem
719 2678 909 2714 excusante*
927 2673 1157 2716 conscientia3
1187 2672 1335 2717 ideoque
1355 2670 1389 2704 id
1412 2668 1569 2703 similiter
1592 2677 1631 2700 se

156 2714 272 2748 facere
295 2715 442 2759 dixisse,
467 2717 532 2751 hoc
555 2723 610 2751 est
631 2721 798 2763 pessime,
822 2731 889 2765 quo
912 2731 1023 2758 sensu,
1037 2718 1147 2754 simile
1168 2719 1294 2754 bellum
1316 2721 1354 2752 et
1374 2715 1482 2750 simile
1503 2712 1631 2748 senium

155 2760 326 2794 Homerus
347 2761 480 2796 dixerit.
1254 2778 1263 2785 ·

170 2851 179 2859 .
246 2807 298 2840 Ut
329 2819 412 2852 ergo
442 2808 672 2843 coronationis
707 2811 896 2847 ceremonia
927 2816 1070 2857 peracta
1101 2814 1177 2854 est,
1210 2815 1246 2851 et
1267 2807 1455 2856 procedere
1479 2805 1513 2838 in
1534 2806 1630 2850 pala-

153 2856 237 2887 tium
259 2856 433 2899 Augustos
456 2856 619 2902 oportuit,
644 2855 862 2902 praeiverunt
885 2859 944 2904 qui
966 2859 1124 2894 coronati
1146 2855 1281 2894 fuerant
1304 2853 1529 2897 Palaeologus
1552 2863 1627 2886 cum
