1884 3262
442 195 518 238 DE
549 193 824 237 MICHAELE
858 191 1227 263 PALAEOLOGO
1262 192 1311 236 L.
1344 190 1420 236 VI.
1558 188 1657 236 493

205 308 275 351 καὶ
295 310 348 365 τῇ
366 311 521 364 κεφαλῇ
544 307 757 350 ἓντιθεῖσιν
786 305 842 356 ὥς
869 304 957 361 ἅμα
978 302 1110 363 ταύτῃ
1134 302 1448 359 καυσουμὲνοις,
1485 300 1572 346 εἶτα
1589 305 1658 346 καὶ

204 377 280 430 τὴν
309 375 402 431 ῥῖνα
428 374 614 429 τεμόντες
644 375 830 435 μαχαίρᾳ
860 372 1046 429 ἡμιθανῆ
1075 373 1154 418 εἶ’τῗ
1191 369 1446 427 οὖνῆμιδαῆ
1476 371 1656 429 ἀφιᾶσιν.

206 443 313 486 ἀλλὰ
337 448 469 486 ταῦτα
490 445 563 498 μὲν
587 443 731 499 μικρὸν
750 441 921 499 ὕστερον
933 474 947 495 ,
984 441 1049 485 ὅτε
1069 446 1120 498 τῇ
1137 439 1248 484 πόλει
1267 438 1544 495 ἐπιδεδήμηκε.

343 509 449 554 Τότε
470 512 537 563 δέ,
571 513 852 560 Ποσειδεῶνος
869 508 1128 566 ἑκκαιδεκάτῃ
1148 509 1251 563 μετὰ
1269 508 1343 563 τὴν
1362 513 1436 562 τῆς
1453 505 1654 550 θεοτόκου

170 577 352 634 5ἔορτήν
363 611 376 632 ,
413 577 636 634 ἐξεληλάκει
669 579 743 633 μὲν
773 575 988 632 βασιλεύς,
1041 575 1264 632 ἐξεληλάκει
1296 577 1341 618 δὲ
1381 574 1650 631 πατριάρχης,

202 652 277 690 τοῦ
317 645 714 703 πατριαρχεύσαντος
748 646 898 702 Ἰωσὴφ
936 645 1196 702 πεμφθέντος
1230 646 1286 694 εἷς
1325 643 1371 686 τὸ
1405 646 1646 696 Κοσμίδιον.
1671 650 1703 683 C

203 714 301 758 ἀλλ’
335 713 356 758 ὃ
380 716 454 769 μὲν
481 715 668 769 πέμψας,
713 716 781 756 καὶ
815 714 888 757 τὸν
915 716 1131 770 Σφαντζῆν
1159 712 1316 768 ἀγαγὼν
1345 715 1387 754 Γ
1383 709 1531 767 αβριήλ
1541 744 1555 764 ,
1605 710 1651 754 ὃν

203 782 453 837 αὐτανέψιον
474 782 572 825 ὅντα
592 787 667 825 τοῦ
685 781 765 837 ἤδη
788 783 1080 839 τυφλωθίντος
1101 779 1287 824 Ἰωάννου
1318 778 1395 834 εἶχε
1410 781 1484 833 μὲν
1502 777 1650 835 πρότε-

203 868 275 906 ρον
301 852 343 892 ἐν
375 855 425 908 τῇ
450 855 524 894 τοῦ
553 851 917 907 παρακοιμωμένου
946 854 1019 907 τῆς
1055 849 1233 905 μεγάλης
1267 846 1491 905 σφενδόνης
1526 852 1647 904 τιμῇ,

147 930 193 963 1ο
203 917 374 975 ὕστερον
394 919 440 962 δ’
466 918 533 961 ἐπ’
557 920 707 967 αἰτίαις
730 917 964 975 ἐξετύφλου,
991 916 1204 969 συνδυάζει
1223 923 1405 973 συγγενεῖ
1419 933 1461 972 γε
1485 915 1570 959 ὄντι
1589 920 1648 974 τῷ

196 985 387 1043 Ἰωάννῃ,
420 988 487 1029 καὶ
505 986 608 1040 μεθ’
632 985 781 1028 ἑαυτοῦ
809 985 1055 1042 ἐπαγόμενος
1076 986 1150 1040 τὴν
1171 985 1272 1041 πρὸς
1290 980 1365 1039 τὴν
1384 982 1648 1038 Νικομήδους

199 1056 267 1097 καὶ
287 1055 339 1097 τὰ
358 1057 446 1110 περὶ
467 1055 615 1109 ἐκείνην
637 1053 798 1108 ἤλαυνε.
834 1052 1088 1110 πατριάρχης
1113 1054 1156 1096 δὲ
1174 1053 1246 1095 τὸν
1264 1052 1368 1095 κατὰ
1387 1052 1461 1107 τὴν
1470 1051 1646 1104 κιβωτὸν

197 1126 272 1176 τῆς
289 1120 507 1177 θαλάσσης
536 1120 739 1177 τράχηλον
764 1120 1162 1178 διαπεραιωσάμενος
1181 1120 1285 1164 εὐθὺ
1302 1121 1478 1170 Νικαίας
1503 1119 1636 1175 ὥρμα.
1661 1133 1694 1167 D

197 1192 264 1232 καὶ
285 1189 338 1244 δὴ
361 1188 382 1233 ὅ
401 1191 475 1244 μὲν
497 1190 689 1244 βασιλεὺς
714 1190 812 1241 τοὺς
841 1191 1021 1248 τυφλοὺς
1049 1189 1178 1246 ἄγων,
1211 1187 1292 1246 ὅπῃ
1319 1190 1386 1231 καὶ
1407 1190 1642 1244 περιορίσειε

143 1267 186 1303 15
198 1256 421 1301 ὃιεσκόπει·
460 1256 481 1301 ὅ
507 1259 551 1301 δὲ
568 1257 755 1313 Ἰωάννης
767 1259 841 1312 τὴν
860 1259 1003 1312 ποινὴν
1025 1258 1081 1312 μὴ
1104 1258 1239 1314 φέρων
1263 1258 1330 1299 καὶ
1351 1256 1644 1307 ἀναξιοπαθῶν

196 1324 301 1375 ὅλως
318 1326 366 1369 οὐ
390 1326 546 1382 τροφὴν
564 1328 765 1381 προσίετο,
789 1326 836 1370 οὗ
854 1324 967 1370 πόσει
987 1333 1208 1381 προσεῖχεν,
1229 1325 1302 1368 οὐκ
1324 1324 1425 1366 ἄλλο
1436 1341 1475 1366 τι
1489 1328 1569 1367 τῶν
1589 1326 1645 1373 εἷς

194 1392 419 1448 ἔπιμέλειαν
437 1398 521 1437 τῶν
551 1394 784 1451 ὀφθαλμῶν
803 1395 867 1438 εἴα
897 1395 1106 1452 γίνεσθαι,
1134 1392 1260 1449 μόνον
1290 1393 1335 1435 δὲ
1353 1392 1464 1442 κενὸς
1490 1390 1645 1449 φόρτος

195 1460 404 1518 ἀγόμενος,
436 1461 516 1520 ὅπῃ
538 1461 743 1518 τετυχήκει
765 1467 838 1519 γῆς
858 1462 884 1518 ἢ
906 1465 971 1505 καὶ
992 1462 1156 1518 πέτρας,
1190 1461 1265 1516 τὴν
1285 1460 1464 1517 κεφαλὴν
1484 1477 1643 1516 προσα-
1665 1491 1669 1495 -

195 1527 356 1586 ράττων
383 1528 438 1580 ὥς
451 1529 744 1586 τεθνηξόμενος
766 1527 831 1586 ἦν.
871 1533 939 1574 καὶ
958 1529 1055 1585 τάχ’
1079 1530 1128 1573 ἂν
1147 1531 1190 1572 ἐκ
1211 1526 1367 1572 τούτων
1390 1529 1433 1570 ἐκ
1454 1529 1643 1571 πλείστου

138 1598 235 1645 20οἶ
256 1597 460 1652 ξυνέβαινε
482 1598 529 1642 τὸ
556 1605 724 1652 θανεῖν,
760 1601 795 1642 εἲ
813 1599 871 1654 μὴ
898 1601 964 1642 καὶ
991 1598 1104 1655 παρὰ
1122 1603 1204 1642 τῶν
1224 1594 1514 1655 φυλαττόντων
1533 1597 1640 1639 ε’πεί-
1663 1606 1694 1641 Ε

186 1683 295 1720 χετο.
349 1667 456 1722 πλὴν
475 1667 522 1710 τὸ
545 1667 638 1709 κατ’
660 1667 794 1723 ὀλίγον
811 1670 878 1710 καὶ
903 1666 1094 1722 συχνάκις
1111 1665 1316 1723 γινόμενον
1338 1667 1393 1715 εἷς
1409 1663 1506 1708 ὅσον
1528 1670 1641 1707 πλεῖ-

188 1749 289 1777 στον
317 1736 676 1793 συγκεφαλαιωθέν
707 1736 755 1779 τὸ
795 1740 938 1780 θανεῖν
965 1738 1108 1792 ἐπῆγε,
1154 1735 1376 1778 κάντεῦθεν
1402 1731 1639 1789 ἀπήλλακτο

187 1887 389 1934 rumpendos
410 1892 575 1934 spargunt
597 1900 780 1936 presseque
811 1889 1002 1925 admovent.
1047 1901 1130 1925 naso
1152 1887 1196 1924 ad
1226 1892 1411 1923 extremum
1434 1886 1535 1922 cultri
1561 1887 1637 1922 acie

187 1939 368 1978 tmncato,
401 1936 666 1970 semiustulatum
698 1937 850 1982 semique
882 1943 1049 1970 mortuum
1084 1935 1251 1969 infelicem
1281 1935 1464 1969 dimittunt.
1518 1944 1635 1968 verum

186 1979 274 2014 haec
295 1980 393 2024 paulo
417 1985 494 2026 post
516 1987 594 2015 sunt
616 1986 714 2025 acta,
736 1994 873 2017 reverso
895 1983 959 2016 iam
983 1982 1017 2015 in
1039 1982 1154 2015 urbem
1177 1980 1391 2026 imperatore.

279 2026 379 2060 Tunc
404 2032 515 2060 autem
549 2027 671 2061 mensis
699 2027 844 2072 Augusti
876 2028 1125 2071 sextadecima,
1160 2027 1319 2072 postridie
1351 2025 1431 2059 festi
1457 2024 1633 2069 deiparae,

186 2068 345 2105 discessit
373 2071 450 2105 inde
477 2072 681 2118 imperator,
714 2074 871 2108 discessit
902 2080 938 2108 et
967 2073 1181 2118 patriarcha,
1219 2072 1363 2117 Iosepho
1394 2070 1634 2115 expatriarcha

186 2115 281 2160 prius
302 2116 402 2151 misso
423 2117 468 2151 ad
488 2118 703 2152 Cosmidium.
750 2119 886 2153 curavit
915 2125 1026 2153 autem
1053 2118 1236 2163 imperator
1266 2116 1496 2150 adducendum
1526 2117 1570 2150 ad
1595 2127 1634 2150 se

187 2160 381 2195 Gabrielem
404 2163 597 2207 Sphantzen
611 2189 620 2206 ,
643 2167 798 2210 nepotem
829 2177 870 2199 ex
893 2177 1009 2199 sorore
1038 2163 1174 2197 Ioannis
1196 2174 1303 2208 nuper
1324 2161 1507 2195 excaecati.
1552 2161 1634 2195 huic

187 2206 372 2250 Sphantzi‚
406 2219 503 2253 quem
538 2214 640 2243 antea
670 2210 895 2244 honoraverat
930 2211 1146 2256 praefectura
1185 2208 1322 2242 maioris
1351 2207 1471 2251 sigilli,
1513 2213 1634 2252 postea.

186 2251 351 2296 quasdam
371 2252 413 2286 ob
437 2253 553 2298 culpas
575 2265 673 2288 veras
696 2260 756 2289 aut
778 2257 911 2290 affictas
934 2259 1070 2289 eruerat
1102 2253 1225 2288 oeulos.
1272 2253 1335 2286 hoc
1358 2264 1458 2298 porro
1480 2256 1633 2298 tempore

187 2296 413 2331 consociatum
444 2299 592 2332 eumdem
624 2311 697 2334 cum
720 2313 781 2334 suo
804 2302 967 2335 avunculo
991 2301 1136 2340 Ioanne,
1169 2309 1266 2344 quem
1289 2299 1370 2333 item
1392 2299 1632 2340 accersiverat,

186 2341 310 2376 ducere
333 2354 447 2376 secum
469 2343 576 2385 voluit
597 2344 661 2379 hoc
684 2346 822 2388 itinere,
848 2358 914 2391 quo
935 2345 1162 2381 Nicomediam
1186 2355 1305 2378 versus
1327 2350 1364 2379 et
1387 2344 1417 2378 ei
1438 2344 1633 2378 adiacentes

185 2387 264 2422 urbi
285 2387 440 2433 regiones
472 2389 644 2424 tendebat.
690 2392 885 2436 patriarcba
911 2403 991 2425 vero
1023 2397 1117 2424 trans
1149 2390 1248 2424 maris
1269 2391 1385 2424 fauces
1407 2390 1449 2424 ad
1474 2390 1631 2424 Cibotum

186 2438 324 2467 evectus
344 2438 440 2468 recta
472 2435 644 2470 contendit
677 2436 851 2471 Nicaeam.
897 2442 934 2470 at
964 2437 1147 2481 imperator
1177 2436 1260 2469 duos
1293 2447 1411 2471 caecos
1445 2435 1632 2470 circumdu-

185 2489 286 2520 cens,
307 2478 365 2512 ubi
388 2490 447 2513 eos
471 2480 535 2514 sub
558 2483 634 2514 tuta
663 2483 816 2516 custodia
839 2482 1074 2524 concluderet,
1108 2482 1304 2526 quaerebat.
1339 2487 1506 2516 caeterum
1530 2482 1631 2516 Ioan-

185 2534 246 2558 nes
277 2524 465 2558 incredibili
493 2526 661 2560 moestitia
694 2527 917 2561 calamitatem
938 2529 1071 2569 ferens,
1100 2538 1199 2572 quam
1221 2539 1259 2562 se
1281 2527 1369 2561 haud
1392 2529 1545 2562 meritum
1568 2540 1630 2573 pu·

184 2569 303 2612 tabat,
327 2581 390 2604 nec
413 2570 523 2604 cibum
546 2571 744 2606 admittebat
766 2584 829 2606 nec
850 2579 979 2617 potum,
1004 2584 1067 2607 nec
1089 2573 1193 2607 cruda
1215 2573 1395 2607 etiamnum
1417 2573 1556 2607 vulnera
1572 2585 1629 2607 re-

184 2626 265 2649 cens
287 2615 484 2650 effossorum
507 2616 676 2651 oculorum
699 2629 779 2651 cura
801 2619 906 2652 foveri
929 2618 1121 2652 necessaria
1141 2619 1282 2653 sinebat.
1326 2620 1528 2665 portabatur
1550 2622 1629 2653 tan-

185 2662 257 2694 tum
279 2660 371 2695 iners
393 2662 541 2707 pondus;
577 2667 612 2696 et
643 2663 842 2708 ubicumque
864 2664 1108 2710 deponeretur,
1131 2665 1174 2698 ad
1197 2670 1326 2710 petram
1360 2671 1420 2698 aut
1442 2665 1484 2698 ad
1508 2664 1626 2706 solum,

183 2710 288 2750 prout
320 2713 535 2750 occurrerat,
572 2707 731 2742 allidebat
765 2713 887 2762 caput,
924 2714 1062 2744 mortem
1096 2711 1225 2745 omnino
1258 2711 1407 2744 velocem
1440 2720 1625 2755 quaerens;

183 2761 283 2795 quam
305 2751 404 2797 longe
424 2754 519 2798 prius
540 2753 750 2796 invenisset,
783 2755 848 2789 nisi
869 2756 1018 2790 studiose
1041 2766 1061 2789 a
1084 2756 1278 2790 custodibus
1301 2760 1474 2790 teneretur
1496 2767 1539 2790 ne
1561 2767 1624 2789 no—

183 2802 277 2832 ceret
295 2797 372 2845 ipse
392 2798 470 2835 sibi.
514 2811 578 2834 nec
599 2803 712 2835 tamen
735 2811 818 2836 cura
839 2800 1015 2848 quantavis
1035 2801 1168 2838 illorum
1182 2801 1363 2848 prohibere
1384 2801 1622 2849 ad-extremum
