1884 3262
269 226 376 286 {³46
654 222 986 279 oBSERVAr.
1019 184 1356 277 PAQHYMERJ

276 338 396 378 nullo
427 333 576 373 civium
607 332 802 372 sentiente
826 345 987 371 murum
1014 331 1151 371 infesti
1177 332 1293 371 scalis
1322 332 1490 372 admotis
1519 343 1731 384 superave-

275 400 383 435 rant.
442 390 538 429 hinc
555 395 665 443 patet
695 389 791 442 quid
818 389 917 428 velit
935 388 1015 427 hoc
1042 389 1133 427 loco
1150 395 1307 438 noster,
1337 388 1431 428 dum
1451 389 1506 427 ait
1521 402 1657 441 pacem
1681 388 1731 427 ab

271 447 482 501 ¹Ephesino
509 453 549 485 et
579 445 668 485 aliis
695 443 976 493 ἄντιστατικῶς
1002 445 1205 484 dumtaxat
1234 444 1466 496 admissam,
1503 443 1729 484 confitendo

276 505 468 545 nimirum
499 516 586 542 eam
609 502 752 541 malam
784 515 890 550 esse,
936 501 1005 540 sed
1028 501 1227 540 maiorum
1253 501 1450 540 malorum
1478 501 1733 540 vitandorum

279 575 399 601 causa
431 566 539 598 recte
567 559 779 598 toleratam·
809 557 1007 598 arbitrari.
1075 557 1120 596 in
1155 571 1233 609 quo
1261 557 1456 608 detegitur
1485 558 1649 596 ultimus
1671 570 1733 595 re-

271 624 421 669 ceptus
444 615 718 655 schismaticae
737 615 1018 663 contumaciae,
1047 619 1087 652 et
1104 613 1333 653 declaratur
1350 627 1468 665 quam
1488 627 1625 665 parum
1652 613 1734 652 sin-

278 688 367 714 cela
385 673 462 711 fide
480 672 659 725 plerique
673 678 772 711 tunc
795 672 1038 711 Graecorum
1055 670 1173 710 istam
1190 684 1281 710 cum
1299 671 1439 709 Latina
1457 669 1621 709 ecclesia
1638 683 1734 708 con-

280 730 456 770 cordiam
476 729 558 767 sint
575 729 762 795 amplexi.
1718 754 1720 757 -

393 781 663 837 ἆποστολή
693 800 731 838 p.
762 784 842 826 124-
864 796 904 822 v.
924 787 964 826 7.
1021 784 1127 821 inter
1165 796 1302 821 causas
1337 796 1437 834 quae
1457 760 1734 834 imperatorem

274 842 555 892 ¹Palaeologum
575 846 790 880 moverunt
808 840 860 878 ad
881 839 1149 878 absistendum
1174 845 1316 892 coepta
1338 838 1633 891 oppugnatione
1654 838 1735 876 Ga—

278 900 382 938 latae
402 898 724 948 obsidionemque
741 896 992 945 solvendam,
1023 902 1228 934 enumerat
1253 909 1431 948 sparsam
1454 896 1596 934 famam
1614 893 1736 938 auxi-

279 957 426 997 liorum
445 969 466 992 a
483 954 573 992 sede
594 954 819 1022 Apostolica
847 953 926 991 iam
947 952 1231 991 submissorum
1259 951 1427 990 obsessis
1452 951 1675 990 validorum
1695 955 1736 988 et

140 1025 165 1058 p
190 1023 257 1059 372
279 1013 357 1051 iam
379 1011 692 1050 adventantium.
749 1005 952 1061 ἄποστολή
978 1009 1101 1059 igitm
1132 1008 1210 1047 hoc
1238 1009 1329 1047 loco
1356 1007 1460 1047 nihil
1487 1008 1595 1048 aliud
1616 1019 1736 1059 quam

278 1069 410 1109 sedem
432 1066 701 1133 Apostolicam
718 1066 933 1104 Romanam
954 1070 1082 1104 sonat.

394 1119 663 1173 ἀπόφασις
698 1136 739 1174 p.
771 1124 855 1165 268
875 1134 914 1160 v.
939 1121 1003 1164 14.
1061 1120 1352 1168 denuntiarunt
1379 1118 1630 1172 patriarchae
1655 1118 1734 1157 da·-

280 1181 523 1221 mnationem
538 1178 665 1230 ipsius
685 1184 724 1217 et
744 1177 1028 1229 depositionem
1045 1177 1195 1215 iudicio
1219 1177 1363 1228 synodi
1379 1177 1589 1217 decretam.
1627 1175 1735 1214 unde

282 1234 548 1287 intelligitur
537 1248 581 1272 m
601 1235 721 1273 titulo
739 1247 824 1286 cap.
844 1233 971 1283 sexti,
1002 1233 1068 1284 qui
1086 1233 1143 1272 sic
1158 1233 1296 1272 habet:
1326 1229 1435 1280 ὅπως
1455 1230 1735 1283 συναχθέντων

282 1309 365 1335 των
383 1288 610 1359 ἀρχιερέων
616 1287 662 1331 w*
682 1288 830 1331 τέλειον
856 1286 1021 1342 μήνυμα
1047 1288 1116 1330 καὶ
1144 1288 1209 1332 ἐπὶ
1241 1284 1368 1343 τούτῳ
1397 1305 1423 1340 η
1446 1284 1646 1337 ἀπόφασις
1677 1286 1736 1340 γέ·

282 1364 396 1404 γονε,
427 1360 564 1386 vocem
585 1342 788 1398 ἀπόφασις
808 1345 1100 1384 damnationem
1121 1358 1273 1385 sonare.
1330 1345 1414 1383 scio
1432 1358 1513 1382 non
1533 1358 1614 1383 esse
1630 1343 1736 1382 hanc

280 1406 483 1455 vulgarem
503 1402 620 1442 huius
641 1402 825 1443 vocabuli
845 1401 1057 1442 notionem.
1113 1407 1246 1440 tamen
1269 1400 1421 1453 aliquid
1441 1400 1568 1439 simile
1585 1399 1736 1451 signifi-

283 1475 372 1501 care
391 1460 605 1508 interdum,
623 1459 839 1498 ostendunt
855 1459 942 1498 loca
961 1457 1216 1498 classicorum
1244 1464 1472 1508 auctorum,
1501 1457 1734 1508 vulgaribus

286 1518 407 1557 etiam
431 1515 572 1555 lexicis
604 1516 740 1556 relata.
797 1515 896 1554 mihi
925 1515 1077 1554 sufficit
1104 1514 1348 1567 Hesychius,
1389 1514 1498 1567 apud
1514 1528 1629 1565 quem
1645 1514 1733 1564 lego

289 1570 519 1624 ἀπόφασις,
547 1572 697 1623 κρίσις,
726 1574 892 1623 ψῆφος,
921 1573 1024 1623 δίκη.
1083 1578 1124 1610 et
1140 1578 1254 1610 vetus
1270 1571 1426 1610 lexicon
1446 1570 1634 1623 anonymi
1653 1570 1735 1610 edi-

285 1636 373 1669 tum
392 1644 415 1667 a
434 1628 627 1668 Vulcanio
647 1625 852 1678 ἀπόφασις
867 1628 1071 1669 sententia.

399 1681 634 1739 απροσπο
650 1701 663 1724 ι
679 1687 837 1736 οῦμαι
866 1698 905 1736 p.
934 1684 1017 1726 496
1040 1696 1080 1724 v.
1105 1682 1145 1725 4.
1201 1683 1369 1722 verbum
1401 1682 1508 1722 istud
1529 1682 1623 1720 alibi
1651 1695 1734 1721 non

275 1742 437 1794 ,reperi.
484 1747 537 1779 et
550 1740 785 1790 Vaticanus,
818 1746 863 1779 ut
884 1740 1018 1779 solet
1007 1754 1050 1778 m
1084 1740 1286 1789 obscuris,
1325 1746 1364 1778 et
1390 1738 1471 1778 hoc
1501 1744 1542 1778 et
1581 1752 1735 1778 comma

274 1811 380 1837 'cum
412 1810 457 1835 eo
485 1802 616 1835 totum
649 1796 794 1836 omisit.
850 1803 1045 1836 caeterum
1075 1795 1193 1835 huius
1226 1797 1338 1834 notio
1375 1802 1421 1835 ut
1451 1795 1651 1836 contraria
1679 1798 1737 1851 τῷ

286 1853 584 1907 προσποιοῦμαι
616 1852 752 1902 debet,
795 1852 964 1905 opinor,
992 1852 1134 1904 accipi.
1190 1858 1329 1891 notum
1347 1859 1477 1892 autem
1497 1851 1593 1902 quid
1609 1863 1735 1903 προσ·

279 1913 493 1955 ,ποιεῖσθαι
520 1908 592 1958 sit,
629 1921 845 1957 assumere,
884 1908 1116 1958 adiungere,
1164 1908 1375 1947 admovere
1398 1908 1494 1954 sibi;
1532 1913 1576 1946 ut
1605 1907 1735 1946 solent

277 1965 489 2019 :principes
510 1977 575 2002 eos
596 1977 696 2016 quos
711 1978 782 2003 sua
799 1964 923 2014 gratia
943 1964 1083 2015 dignos
1098 1969 1254 2015 putant.
1293 1977 1386 2015 ergo
1400 1960 1736 2017 α’προσποιεῖσθαι

279 2022 366 2075 ‚erit
381 2019 594 2060 excludere
613 2035 662 2059 ac
680 2020 858 2060 reiicere.
914 2020 1022 2071 quod
1042 2019 1121 2058 huc
1138 2020 1239 2059 belle
1266 2021 1458 2069 quadrat,
1487 2026 1535 2058 ut
1553 2021 1734 2073 Aeropes-

287 2078 363 2117 lita
378 2078 517 2117 favore
541 2090 587 2115 ac
605 2076 870 2116 familiaritate
884 2076 1135 2128 imperatoris
1152 2075 1395 2127 significetur
1408 2076 1613 2116 excidisse.
1643 2106 1645 2110 -

404 2130 636 2186 gonatas
671 2133 715 2171 iu
745 2133 908 2172 notione
935 2133 1046 2172 vocis
1070 2129 1200 2185 ἅρμα,
1239 2146 1317 2184 qua
1347 2146 1510 2172 currum
1537 2132 1735 2183 designari

290 2190 424 2229 sciunt
449 2202 605 2240 omnes,
641 2189 856 2229 innovasse
884 2189 1123 2229 recentiores
1154 2189 1325 2228 Graecos
1350 2189 1524 2240 aliquid,
1562 2195 1602 2228 et
1623 2189 1735 2229 allini

281 2246 365 2289 xsibi
384 2246 615 2284 Latinorum
631 2258 708 2284 usu
727 2259 864 2298 passos
890 2259 973 2284 esse
998 2252 1047 2284 ut
1070 2251 1309 2284 armaturam
1330 2252 1369 2283 et
1395 2247 1658 2294 instrumenta
1675 2245 1735 2283 in-

292 2299 448 2341 ferendi
462 2308 531 2341 aut
551 2301 813 2353 propulsandi
832 2301 914 2341 vim
938 2315 981 2340 ea
1001 2301 1200 2353 significat
1202 2308 1292 2345 ent.
1319 2301 1436 2342 docet
1453 2301 1623 2341 Thomas
1638 2291 1734 2340 Ma·-

291 2358 415 2408 gister
431 2357 475 2395 id
492 2357 784 2425 reprehendens
802 2357 864 2396 his
882 2358 1034 2398 verbis:
1069 2373 1176 2411 αρμα
1188 2354 1283 2398 ἐν
1251 2375 1282 2413 ῳ
1299 2358 1342 2399 οἱ
1357 2357 1473 2398 ι’πποι
1491 2355 1734 2411 ζευγνυνται.

294 2413 336 2454 οἱ
362 2411 406 2453 δὲ
430 2412 498 2454 ἐπὶ
530 2410 666 2456 όπλων
691 2410 961 2468 λαμβάνοντες
988 2429 1036 2455 ου
1063 2417 1195 2462 καλως
1208 2417 1386 2467 χρῶνται.
1443 2413 1673 2466 percrebuit
1690 2413 1732 2452 id

293 2475 427 2509 tamen
453 2469 570 2517 satis,
598 2476 646 2509 ut
676 2471 863 2510 adversus
883 2470 1075 2510 eiusmodi
1109 2484 1310 2508 censuiam
1340 2469 1444 2508 tueri
1468 2483 1510 2508 se
1538 2470 1732 2535 quispiam

295 2523 489 2577 exemplis
517 2532 644 2576 queat.
708 2526 848 2566 omitto
891 2540 990 2578 quae
1019 2526 1246 2568 testimonia
1283 2525 1368 2565 eius
1399 2527 1573 2565 notionis
1609 2526 1733 2564 refeit

284 2579 509 2628 meursius,
545 2595 720 2634 quaeque
749 2583 857 2636 apud
878 2583 1091 2635 scriptores
1115 2583 1228 2622 etiam
1247 2596 1330 2621 non
1353 2595 1630 2634 usquequaque
1644 2581 1734 2620 bar-

285 2637 411 2676 baros
432 2635 548 2675 facile
565 2645 787 2678 occurrent.
842 2639 1033 2679 admoneo
1059 2645 1215 2678 tantum
1239 2638 1539 2690 Pachymerem‚
1574 2644 1733 2676 utcun-

296 2706 373 2745 que
395 2692 492 2731 alias
512 2693 801 2744 antiquarium,
829 2693 950 2734 huius
969 2697 1236 2762 νεωτερισμοῦ
1250 2695 1376 2734 teneri
1389 2694 1609 2735 manifeste.
1648 2694 1729 2733 duo

296 2749 380 2788 eius
397 2748 589 2789 annotavi
607 2749 725 2788 loca
713 2763 757 2788 m
774 2750 916 2802 quibus
934 2764 1074 2791 vocem
1098 2747 1254 2806 ἅρματα
1284 2752 1320 2790 si
1332 2750 1419 2804 quis
1443 2763 1585 2790 currus
1603 2749 1732 2791 inter-

295 2811 537 2858 pretaietur,
567 2805 615 2844 ab
632 2805 715 2845 eius
735 2812 866 2845 mente
884 2806 1095 2846 aberraret.
1125 2822 1169 2859 p.
1200 2806 1279 2851 184
1302 2821 1346 2847 v.
1366 2810 1392 2849 3
1429 2806 1486 2845 sic
1515 2806 1654 2847 scribit
1682 2806 1731 2846 de

298 2862 442 2902 Ioanne
459 2862 567 2901 Duca
580 2861 820 2916 imperatore
832 2859 1065 2918 κατωχύρου
1089 2861 1137 2905 τὰ
1157 2860 1333 2919 φρούρια
1348 2862 1443 2919 σίτῳ
1457 2861 1574 2905 '‘al‘'
1545 2875 1731 2918 αρμασιν.
