1884 3262
463 210 538 252 DE
568 210 842 252 MICHAELE
873 208 1245 253 PALAEOLOGO
1276 210 1321 254 L.
1349 210 1404 252 V.
1561 208 1659 254 377

200 324 430 380 ὑπερβολὴν
450 324 570 379 ὀργῆς
591 324 663 366 τὸν
679 327 879 376 Χοῦμνον
897 318 1232 378 προστησάμενος
1247 319 1435 378 Ἰωάννην
1450 320 1505 373 ὥς
1523 340 1660 379 παρα-

199 393 452 449 πρεσβευτὴν
482 394 632 434 ἐκείνου
662 391 878 441 διώκοντος
907 392 1066 447 ἔκρινεν.
1137 391 1283 448 εἷσάγει
1309 409 1351 434 τε
1381 391 1454 446 τὴν
1487 409 1662 446 κατηγο-

203 466 294 520 ρίαν
314 461 335 505 ὃ
358 465 554 514 Xer-mog
578 463 639 503 ἐπὶ
665 459 864 512 συνόδου,
894 462 960 502 καὶ
983 459 1004 502 ὃ
1025 460 1374 515 κατηγορούμενος
1402 461 1477 515 τὴν
1504 458 1662 503 ὑπόθε-

202 548 267 574 σιν
283 529 566 586 παρεγράφετο
586 532 651 571 καὶ
674 530 747 584 τὴν
766 531 1011 584 κατηγορίαν
1030 527 1084 578 ὥς
1101 527 1356 585 ὑπερήμερον
1373 526 1660 584 παρεκρούετο,

169 601 450 655 5κατηγορίαν
483 598 606 653 λέγων
639 597 794 653 ταύτην
823 599 889 639 καὶ
915 595 1053 651 ’μόνου
1086 602 1161 639 τοῦ
1187 598 1413 651 βασιλέως,
1460 598 1584 640 αὐτὸν
1614 597 1659 640 δ’
1685 604 1714 639 Β

203 669 279 723 οὐχ
313 666 399 711 οἷόν
430 684 471 709 τε
502 666 600 709 εἶναι
631 667 735 721 μετὰ
765 664 966 708 δεσπότου
994 668 1220 721 κρίνεσθαι.
1289 666 1411 707 ταῦτ’
1444 666 1575 719 ἔλεγεν
1602 669 1666 708 ἐπὶ

202 735 378 779 συνόδου
403 738 572 785 σταθεὶς
591 735 658 777 ἐπ’
682 735 811 778 αὐτοῦ
830 739 904 777 τοῦ
926 732 1053 777 τόπου
1075 728 1122 776 οὗ
1141 734 1187 778 τὸ
1209 731 1406 789 πρότερον
1436 734 1664 788 ἐκαθέζετο,

203 811 276 849 τοῦ
300 803 500 858 Χοῦμνου
530 804 656 857 μέσον
685 804 902 858 ἱσταμένου
928 805 995 846 καὶ
1024 809 1370 859 κατηγοροῦντος,
1399 807 1482 845 τῶν
1505 804 1548 845 δὲ
1567 820 1667 858 συγ-

205 878 403 929 κλητικῶν
423 869 656 929 ἀρχόντων,
690 878 767 928 τοῦ
788 871 967 928 μεγάλου
999 873 1225 927 λογοθὲτου
1253 876 1327 914 τοῦ
1355 870 1662 926 Ἀκροπολίτου,

153 951 195 983 10
207 948 279 986 τοῦ
303 943 527 996 λογοθέτου
547 946 628 984 τῶν
650 944 857 984 οἶκειακῶν
878 945 952 983 τοῦ
964 939 1256 997 Ἰατροπούλου
1276 941 1342 982 καὶ
1361 940 1519 992 ἄλλων,
1550 957 1666 984 συνε-

206 1010 451 1067 δριαζόντων
472 1014 522 1066 τῇ
541 1008 701 1068 συνόδῳ
721 1013 788 1052 καὶ
809 1007 1018 1052 θελόντων
1035 1011 1180 1063 κρίνειν
1209 1007 1262 1058 ὥς
1283 1010 1326 1050 ἐκ
1344 1006 1566 1064 προσώπου
1591 1014 1668 1052 τοῦ

204 1080 406 1135 βασιλέως
426 1079 710 1135 πεμφθέντων.
766 1076 859 1121 τότε
880 1079 1015 1120 τοίνυν
1037 1078 1075 1119 οἷ
1093 1079 1167 1131 μὲν
1191 1077 1387 1133 ἀρχιερεῖς
1407 1082 1664 1134 παρῃτοῦντο
1690 1085 1721 1119 C

205 1148 280 1202 τὴν
297 1148 450 1201 κρίσιν,
491 1147 549 1202 μὴ
583 1147 683 1202 ἔχειν
714 1149 860 1203 κρίνειν
888 1147 1069 1202 λέγοντες
1094 1146 1283 1201 κληρικόν
1310 1146 1587 1202 πατριάρχου,
1634 1150 1670 1189 εἲ

206 1216 263 1271 μὴ
283 1217 407 1265 αὐτὸς
429 1216 689 1269 ἐπιτρίψειεν,
762 1214 782 1259 ὃ
803 1217 847 1258 δὲ
867 1214 1122 1271 πατριάρχης
1145 1215 1238 1257 οὐδ’
1264 1214 1368 1264 ὅλως
1390 1216 1540 1268 ἐδίδου,
1579 1215 1665 1257 ἀλλ’

155 1297 195 1330 15
209 1286 316 1335 ἅπαξ
338 1283 467 1339 εὑρών
488 1285 678 1339 συνεργὸν
707 1283 953 1339 ὑπερμαχεῖν
983 1284 1142 1339 ἤθελεν.
1211 1283 1390 1339 ἀπραξία
1413 1286 1436 1326 δ
1444 1283 1456 1299 ²
1481 1285 1669 1327 ἐντεῦθεν

208 1352 504 1408 κατηκολούθει
523 1355 589 1395 καὶ
613 1352 773 1411 συνόδῳ
794 1356 860 1395 καὶ
880 1351 1097 1408 ἄρχουσιν,
1138 1350 1192 1402 ὥς
1222 1355 1341 1395 εἰπεῖν
1361 1351 1432 1395 τὸν
1449 1353 1575 1408 μέγαν
1597 1357 1670 1394 λο-

206 1423 384 1479 γοθὲτην
410 1421 500 1464 τότε
526 1420 855 1478 καταφερόμενον
885 1426 958 1476 τῆς
987 1419 1163 1464 συνόδου
1199 1419 1254 1470 ὥς
1285 1420 1366 1463 ἀπὸ
1397 1421 1507 1478 ῥινὸς
1528 1420 1671 1464 aaa&

209 1488 475 1547 χαρτοφῦλαξ
507 1490 580 1544 τὴν
606 1489 812 1542 σύνοδον,
865 1492 932 1532 καὶ
966 1492 1010 1532 τί
1039 1490 1225 1545 ποιητέον
1259 1489 1333 1531 οὐκ
1362 1487 1468 1535 οἶδα.
1538 1488 1670 1540 οὕτως
1692 1497 1723 1532 Ι)

211 1559 564 1614 ἀποκρουσθέντες
582 1557 836 1615 ὖπέστρεᾳόν
866 1575 908 1601 τε
928 1559 1029 1611 πρὸς
1057 1558 1253 1610 βασιλέα,
1290 1559 1354 1599 καὶ
1376 1557 1403 1600 ἃ
1426 1557 1673 1613 συμβεβήκει

155 1644 200 1678 20
213 1625 448 1683 ἀπήγγελον.
503 1630 590 1683 περὶ
611 1628 747 1680 με’ντοι
768 1632 842 1670 τοῦ
867 1627 972 1670 καθ’
994 1626 1120 1670 αὑτὸν
1140 1625 1160 1669 ὁ
1179 1624 1448 1683 χαρτοφῦλαξ
1470 1625 1672 1669 ὑποστελ-

212 1694 403 1751 λόμενος,
433 1694 487 1746 ὥς
508 1697 566 1752 μὴ
587 1698 726 1752 δοκοίη
750 1694 1017 1754 προσκρούειν
1043 1700 1100 1756 τῷ
1130 1700 1312 1750 βασιλεῖ,
1343 1694 1535 1739 ἀπελθὼν
1557 1695 1672 1751 ἠντι-

212 1839 268 1864 sas
298 1827 439 1862 nocendi
472 1839 640 1874 quaerens
671 1840 712 1862 eo
743 1828 819 1862 irae
840 1827 1053 1863 vehementia
1085 1828 1195 1862 elatus
1219 1830 1274 1861 est
1288 1853 1298 1869 ‚
1321 1829 1362 1861 ut
1382 1826 1539 1873 apposito
1562 1827 1595 1861 ei
1615 1838 1675 1861 ac·

212 1880 369 1910 cusatore
399 1875 526 1909 Ioanne
549 1874 702 1908 Chumno
731 1874 839 1909 dicam
863 1875 950 1909 male
979 1875 1094 1908 obitae
1114 1873 1293 1918 legationis
1315 1874 1505 1918 impegerit.
1551 1873 1676 1908 detulit

211 1927 324 1955 autem
348 1921 520 1954 Chumnus
542 1920 585 1954 ad
620 1921 783 1964 synodum
815 1921 851 1954 id
884 1921 1019 1954 crimen.
1067 1926 1186 1954 contra
1214 1919 1307 1965 quod
1341 1919 1473 1953 Veccus
1503 1920 1675 1964 praescri—

211 1967 295 2000 ben·
318 1966 518 2012 exceptione
539 1966 618 2000 falsi
640 1967 744 2001 etiam
779 1967 983 2001 delationem
1006 1967 1114 2011 ipsam
1147 1971 1185 2000 ut
1208 1968 1376 2000 seram'et
1401 1965 1675 2010 intempestivam

210 2012 427 2046 reiiciendam
451 2012 696 2056 contendebat,
720 2013 848 2047 addens
870 2013 954 2047 satis
977 2024 1145 2058 apparere
1168 2023 1234 2046 non
1259 2012 1402 2046 Chumni
1423 2013 1674 2045 accusationem

210 2059 310 2093 istam
343 2059 403 2092 sed
432 2058 646 2103 imperatoris
676 2070 771 2093 esse:
804 2059 868 2093 sibi
901 2064 1014 2093 autem
1048 2058 1139 2092 haud
1175 2062 1306 2092 tantum
1334 2062 1515 2102 suppetere
1547 2057 1674 2091 virium

212 2115 376 2149 opumve,
398 2109 438 2138 ut
468 2105 605 2148 litigare
639 2117 713 2138 cum
745 2105 878 2139 domino
908 2105 1062 2140 auderet.
1108 2106 1194 2139 haec
1228 2103 1318 2148 apud
1353 2103 1516 2147 synodum
1539 2105 1674 2137 locutus

214 2156 268 2183 est
283 2175 292 2191 ‚
316 2150 502 2194 persistens
528 2151 562 2184 in
593 2150 668 2196 ipso
701 2151 775 2185 loco
808 2151 865 2184 ubi
888 2153 981 2196 prius
1004 2151 1164 2191 sederat,
1197 2150 1371 2190 Chumno‚
1396 2149 1454 2193 qui
1477 2149 1674 2190 accusabat,

214 2195 250 2228 in
272 2196 383 2230 medio
409 2200 530 2230 stante.
578 2196 765 2231 intererant
795 2199 923 2240 synodo
959 2199 1001 2230 ab
1025 2197 1230 2240 imperatore
1265 2194 1357 2228 m3ssi
1380 2194 1546 2228 senatorii
1567 2194 1676 2239 magi-

215 2245 365 2278 stratus,
400 2241 600 2286 Acropolita
622 2254 763 2286 magnus
790 2243 967 2287 logotheta
1000 2247 1036 2276 et
1058 2242 1251 2286 latropulus
1275 2241 1448 2285 logotheta
1471 2239 1678 2274 domestico-

215 2297 312 2328 rum,
334 2286 459 2332 aliique
480 2288 629 2321 nonnulli
653 2289 866 2323 considentes
898 2300 964 2322 una
998 2299 1072 2322 cum
1096 2287 1260 2333 patribus.
1309 2286 1346 2319 hi
1369 2297 1471 2331 porro
1493 2286 1678 2331 imperato-

215 2332 266 2366 ris
290 2343 393 2366 causa
417 2344 621 2378 magnopere
644 2335 858 2376 nitebantur,
881 2341 921 2368 ut
942 2334 1067 2368 delatio
1091 2333 1304 2377 acciperetur
1327 2335 1362 2365 et
1383 2331 1541 2365 iudicium
1563 2332 1676 2377 fieret.

216 2389 332 2411 verum
352 2378 391 2411 id
414 2378 563 2423 episcopi
586 2381 800 2422 recusabant,
825 2381 920 2413 nefas
943 2391 1018 2414 esse
1040 2379 1192 2412 dicentes
1212 2378 1371 2412 clericum
1386 2377 1604 2423 patriarchae
1621 2378 1678 2412 iu-

217 2423 324 2457 dicari
346 2423 412 2457 nisi
434 2423 508 2469 ipso
532 2425 758 2468 permittente.
805 2426 999 2470 patriarcha
1030 2436 1112 2458 vero
1143 2424 1178 2458 id
1208 2435 1286 2458 sese
1307 2424 1543 2469 permissurum
1567 2425 1679 2468 palam

216 2470 382 2513 negabat:
414 2475 533 2503 nactus
566 2472 653 2506 enim
676 2473 779 2505 semel
811 2472 853 2504 ad
877 2471 967 2516 quod
999 2470 1142 2515 optabat
1163 2469 1371 2510 adiutorem,
1404 2481 1478 2503 eum
1502 2470 1592 2503 omni
1615 2470 1679 2504 sibi

218 2526 285 2560 ope
319 2527 360 2549 ac
394 2515 608 2550 contentione
642 2518 730 2550 tueri
761 2518 971 2551 decreverat.
1027 2516 1081 2549 hic
1112 2516 1220 2549 nodus
1258 2515 1394 2559 negotio
1426 2515 1570 2550 iniectus
1603 2527 1678 2549 cum

217 2567 335 2606 patres
358 2561 497 2605 synodi,
528 2568 600 2595 tum
623 2573 708 2608 quos
739 2563 806 2596 dixi
831 2563 1072 2606 magistratus,
1096 2561 1229 2605 ignaros
1252 2562 1333 2606 quid
1357 2566 1499 2605 agerent
1527 2562 1678 2595 tenebat.

216 2611 257 2640 ut
279 2607 413 2641 tandem
439 2618 623 2651 exsurgens
645 2608 841 2652 synodoque
863 2608 1031 2642 excedens
1054 2619 1193 2651 magnus
1213 2607 1386 2650 logotheta
1407 2607 1536 2641 diceret
1557 2607 1682 2640 “char-

218 2653 380 2697 tophylax
403 2647 564 2696 synodum
589 2655 654 2688 sibi
677 2655 854 2688 obnoxiam
877 2665 958 2687 naso
983 2664 1050 2698 quo
1074 2655 1150 2687 vult
1169 2654 1296 2695 trahit3
1331 2654 1419 2687 unde
1444 2664 1516 2686 cum
1541 2653 1595 2686 hic
1617 2663 1680 2686 no-

219 2697 273 2731 bis
295 2710 362 2732 non
385 2699 469 2732 satis
493 2704 625 2734 constet
647 2700 729 2745 quid
749 2701 864 2734 facere
885 2702 1055 2744 oporteat,
1078 2699 1112 2733 id
1136 2700 1326 2745 quaesituri
1351 2699 1431 2734 alibi
1455 2697 1678 2732 recedimus.'’

219 2743 270 2777 ita
293 2744 419 2789 repulsi
441 2745 615 2780 redierunt
638 2747 681 2780 ad
704 2746 957 2791 imperatorem,
989 2749 1026 2779 et
1056 2757 1145 2791 quae
1168 2746 1382 2788 contigerant
1403 2748 1596 2778 narrarunt.
1643 2747 1680 2777 at

221 2789 466 2836 chartophylax
498 2792 588 2836 apud
622 2803 660 2826 se
693 2791 909 2826 considerans
943 2803 1012 2837 quo
1044 2797 1137 2826 statu
1168 2802 1226 2826 res
1257 2798 1371 2825 essent
1395 2801 1501 2830 suae,
1526 2789 1680 2823 contrahi

222 2834 330 2869 animo
356 2836 490 2881 coepit;
515 2842 551 2872 et
573 2850 617 2872 ne
639 2845 770 2873 temere
789 2836 1005 2873 lacessivisse
1026 2837 1267 2883 imperatorem
1288 2841 1394 2883 atque
1414 2836 1450 2869 in
1472 2835 1546 2870 eius
1568 2835 1679 2870 offen-
