1884 3262
398 226 474 268 DE
508 225 784 269 MICHAELE
817 223 1190 296 PALAEOLQGO
1225 224 1272 267 L.
1307 224 1384 267 VI.
1531 219 1631 269 477

168 343 243 382 τοῦ
272 339 328 389 εἷς
358 339 568 396 συμφέρον
595 343 822 396 προβῆναι,
859 337 989 392 αὐτὴν
1020 336 1126 381 καθ’
1154 334 1284 392 αὖτὴν
1310 335 1508 393 ἀσφαλῶς
1525 335 1627 393 ἔχειν

167 408 330 458 ἐκείνοις
360 406 561 464 πράξασι,
610 406 960 463 συγκροτουμὲνην
1001 408 1069 449 καὶ
1107 405 1188 448 άπὸ
1227 410 1397 462 γραφῶν
1434 404 1628 449 ἄλλοθεν.

166 477 300 519 πίπτει
330 482 428 532 γοῦν
455 479 511 526 εἷς
536 483 675 533 χεῖρας
704 476 838 532 ἐκείνῳ
869 475 922 517 τὰ
947 479 1006 533 τῷ
1036 471 1268 531 σοφωτάτῳ
1291 476 1505 531 Βλεμμίδῃ
1525 492 1628 530 γρα-

166 545 295 601 φέντα
317 543 418 600 πρός
437 562 478 588 τε
497 545 568 587 τὸν
587 544 760 598 βασιλέα
785 540 1028 598 Θεόδωρον,
1065 542 1195 598 ἀρχὴν
1217 542 1361 596 ἔχοντα
1379 542 1428 586 τὸ
1465 541 1524 585 “ὅ
1554 545 1625 598 ζη-

131 617 249 659 5τῶν
275 614 317 655 ἓν
347 613 395 656 οὗ
425 618 553 671 καιρῷ
586 615 653 655 καὶ
684 609 906 665 λαμβάνων
934 612 976 653 ἓν
1004 610 1197 668 καιρῷ,”
1234 612 1299 652 καὶ
1335 611 1389 652 τὰ
1425 610 1528 666 πρὸς
1553 611 1625 654 τὸν

141 682 424 737 “Βου’λγαρίας
457 679 677 734 Ἰάκωβον,
725 680 772 722 τὸ
809 679 936 722 “Ξ’στι
974 697 1045 732 μοι
1084 677 1224 728 πάθος
1263 677 1360 734 ὅπερ
1403 680 1625 734 ἕξαγγελῶ·

163 749 268 803 πρὸς
303 749 519 805 άκέστορα,
541 749 619 805 γὰρ
651 748 794 804 ἷερὸν”
828 749 1042 803 προοίμιον
1077 747 1269 803 φέροντα.
1342 749 1526 800 ἐμπίπτει
1557 750 1623 789 καὶ
1647 753 1677 787 C

162 819 307 871 βίβλος
329 817 433 873 ἄλλη
455 822 530 859 τοῦ
556 817 807 872 Μαρωνείας
828 814 1012 870 Νικήτα,
1051 814 1098 858 ὃν
1118 814 1143 870 ἦ
1164 816 1238 869 μὲν
1259 813 1414 870 μεγάλη
1433 817 1624 870 ἐκκλησία

164 887 207 928 ἓν
222 887 370 940 τιμίοις
391 887 458 928 καὶ
479 884 556 939 εἶχε
572 883 895 941 χαρτοφύλακα,
929 883 1100 939 ὕστερον
1119 885 1162 926 δὲ
1181 882 1206 937 ἦ
1227 882 1494 939 μεγαλόπολις
1516 886 1624 927 Θεσ-

110 967 154 1001 10
166 955 358 1009 σαλονίκη
397 954 585 1010 ἀρχιερέα
625 951 894 1007 ἐπλούτησεν,
933 954 973 995 ἓν
1005 952 1115 1001 ὅλοις
1147 952 1262 994 πέντε
1291 950 1425 1014 λόγοις
1457 952 1509 995 τὰ
1542 957 1624 995 τῶν

162 1024 292 1066 θείων
331 1027 502 1078 γραφῶν
541 1020 641 1078 ὑπὲρ
673 1025 748 1075 τῆς
782 1019 942 1076 εἰρήνης
977 1025 1060 1062 τῶν
1090 1022 1308 1074 ἐκκλησιῶν
1343 1020 1622 1064 ἀνελίττουσα.

162 1093 231 1134 καὶ
266 1088 437 1139 ταύταις
478 1090 598 1132 οἱονεὶ
638 1090 844 1143 θεμελίοις
878 1086 1138 1145 χρησάμενος
1175 1095 1330 1143 συνεΐρε
1360 1088 1413 1130 τὰ
1440 1093 1622 1142 πλεῖστα,

162 1157 267 1202 κατὰ
285 1158 436 1201 σκοπὸν
454 1159 528 1211 μὲν
546 1161 629 1200 τῶν
648 1159 810 1207 ἐκείνοις
827 1157 1112 1212 γεγραμμένων
1127 1155 1293 1209 βάλλειν
1312 1157 1480 1210 ἐθέλων,
1512 1157 1623 1211 ὅμως

162 1228 291 1270 δὲκαὶ
312 1228 466 1281 λίχνοιις
485 1233 575 1276 ταῖς
596 1233 776 1282 γραφαῖς
797 1224 935 1281 ὁρμῶν
957 1226 1258 1281 ἐπιμελέστερον
1288 1224 1510 1281 ἀνηρεύνα,
1549 1229 1615 1268 καὶ
1642 1231 1673 1265 D

109 1292 288 1342 157roivt’
316 1295 433 1337 ἴθυνε
458 1295 562 1351 πρὸς
584 1294 655 1337 τὸν
678 1298 844 1349 πρῶτον
867 1293 1019 1336 σκοπὸν
1048 1295 1221 1346 ἐκεῖνον,
1261 1291 1318 1343 ὥς
1348 1294 1416 1335 ἐπ’
1443 1295 1626 1351 ἀσφαλεῖ

161 1361 533 1420 πεπραγμάτευται.
603 1363 708 1418 πλὴν
730 1361 805 1405 οὐκ
827 1361 893 1404 ἐπ’
913 1362 1062 1417 ὀλίγοις
1077 1364 1174 1404 ἰ’στα
1194 1368 1279 1411 τοῖς
1297 1361 1504 1417 ἇριδήλοις
1524 1363 1622 1413 τοὺς

162 1430 328 1487 λόγους,
360 1430 465 1473 ἀλλὰ
492 1432 558 1473 καὶ
587 1431 649 1472 ἐπὶ
679 1437 764 1479 τοῖς
785 1431 843 1484 μὴ
861 1428 1111 1485 ἅρμόττουσι
1131 1427 1433 1484 λιχνευόμενος,
1472 1430 1532 1480 οἷς
1552 1433 1620 1473 καὶ

161 1500 367 1555 ἀντιλογία
390 1497 552 1554 εἴλογος
571 1499 726 1556 ἐφῆπτο
741 1531 754 1550 ,
791 1497 941 1541 ταύτόν
959 1498 1002 1541 τ’
1026 1498 1172 1553 ἔπασχε
1192 1505 1276 1548 τοῖς
1296 1501 1522 1548 κακοσίτοις
1534 1532 1547 1551 ,
1579 1500 1625 1542 οἳ

156 1569 364 1624 χρησίμην
391 1567 548 1623 τροφὴν
580 1569 647 1609 καὶ
675 1572 734 1625 τῷ
762 1565 957 1625 στομάχῳ
988 1567 1135 1626 ῥᾳδίαν
1155 1574 1369 1622 κατασχεῖν
1387 1566 1620 1624 προσφερό-

105 1649 296 1693 Ξομενοι,
337 1633 509 1692 ὕστερον
542 1637 608 1679 καὶ
640 1642 724 1686 τοῖς
752 1635 813 1692 μὴ
844 1636 1062 1693 χρησίμοις
1101 1633 1382 1691 ἕπιχήναντες,
1431 1637 1620 1690 ἓξὲμεσαν

252 1756 307 1790 18.
329 1751 393 1801 τ’]
418 1755 481 1791 u?

158 1857 316 1903 simisque
347 1858 453 1892 omnis
483 1857 616 1903 generis
651 1868 771 1892 sacrae
794 1857 1011 1904 antiquitatis
1033 1856 1207 1902 suffragiis
1229 1857 1368 1903 egregie
1390 1858 1621 1894 commendata

159 1904 373 1949 probaretur.
421 1905 593 1950 procincto
627 1908 740 1938 autem
771 1905 882 1939 Vecco
913 1904 956 1938 ad
982 1905 1047 1938 hoc
1069 1904 1282 1938 tractandam
1312 1911 1544 1948 argumentum
1567 1905 1620 1939 in-

159 1949 316 1984 ciderunt
346 1951 436 1984 forte
463 1950 495 1984 in
529 1960 645 1984 manus
678 1961 765 1995 quae
796 1949 1063 1995 sapientissimus
1092 1950 1292 1984 Blemmidas
1315 1951 1357 1984 ad
1380 1950 1619 1995 imperatorem

158 1995 376 2029 Theodorum
401 1996 588 2041 scripserat
610 1995 675 2029 hoc
697 1995 793 2030 initio
828 1996 916 2039 “qui
947 1995 1082 2041 quaerit
1108 2007 1174 2030 non
1197 1995 1232 2030 in
1256 2002 1408 2041 tempore
1432 2000 1468 2030 et
1491 1996 1619 2042 accipit

157 2040 190 2074 in
213 2041 414 2087 tempore‚’‘
440 2047 475 2075 et
498 2041 587 2076 aliud
611 2041 654 2075 ad
678 2041 835 2075 Iacobum
859 2042 1043 2086 Bulgariae
1067 2041 1213 2075 eiusdem
1237 2042 1301 2076 viri
1326 2041 1499 2085 scriptum,
1524 2044 1620 2076 cuius

157 2089 211 2119 est
234 2087 297 2120 hoc
316 2087 488 2121 exordium
521 2088 670 2121 “laboro
694 2089 809 2121 morbo
831 2099 928 2133 quem
953 2088 1123 2132 aperiam=
1160 2099 1234 2121 cum
1258 2099 1356 2121 sacro
1380 2088 1465 2120 enim
1488 2088 1617 2122 medico

157 2141 267 2166 sermo
300 2132 380 2166 mihi
413 2132 507 2167 est.”
552 2139 732 2178 praeterea
758 2145 843 2179 opus
866 2133 957 2167 aliud
982 2133 1195 2167 Maronensis
1219 2133 1363 2167 Nicetae
1386 2132 1449 2165 viri
1471 2144 1617 2167 venera-

157 2176 256 2220 bilis,
281 2178 339 2223 qui
361 2189 403 2211 ex
426 2190 566 2223 magnae
589 2178 751 2213 ecclesiae
773 2179 1037 2224 chartophylace
1058 2190 1201 2223 magnae
1223 2177 1534 2212 Thessalonicensis
1557 2191 1617 2213 ec-

159 2222 285 2256 clesiae
315 2223 589 2269 archiepiscopus
621 2225 754 2266 suerat,
788 2236 855 2270 quo
886 2236 989 2270 opere
1020 2224 1116 2258 libris
1146 2224 1295 2270 quinque
1318 2223 1575 2268 explicabantur
1595 2236 1616 2260 e

157 2267 281 2302 divinis
314 2268 491 2314 scripturis
521 2281 609 2314 quae
635 2270 678 2303 ad
713 2282 830 2315 pacem
860 2270 1074 2304 ecclesiarum
1106 2269 1369 2303 constituendam
1393 2269 1614 2314 pertinerent.

157 2313 242 2347 haec
263 2312 368 2356 igitur
394 2314 521 2348 Veccus
544 2320 704 2349 accurate
725 2317 792 2351 sibi
816 2317 904 2350 lecta
927 2315 1122 2360 scriptionis
1144 2327 1244 2360 quam
1267 2315 1496 2349 meditabatur
1515 2316 1614 2361 quasi

156 2358 376 2393 fundamenta
397 2359 535 2401 habuit;
558 2361 680 2405 quibus
703 2361 837 2396 aliunde
859 2361 1019 2405 colligens
1041 2361 1211 2395 adstruxit
1232 2361 1393 2407 plurima,
1422 2372 1483 2407 pro
1507 2373 1612 2409 scopo

155 2404 290 2438 intuens
312 2404 394 2438 illud
416 2405 526 2449 ipsum
549 2407 637 2450 quod
659 2406 798 2441 istorum
819 2406 1127 2441 commentariorum
1161 2411 1317 2441 auctores
1339 2407 1402 2441 sibi
1424 2418 1613 2453 proposue-

156 2454 246 2483 rant.
294 2451 501 2484 contendens
525 2455 636 2485 autem
660 2453 702 2485 ad
726 2452 826 2486 istum
848 2453 949 2486 finem
971 2452 1094 2497 cupido
1118 2453 1262 2498 quodam
1283 2453 1412 2498 impetu
1428 2453 1612 2496 scribendi,

156 2495 303 2540 indeque
326 2500 560 2541 perscrutatus
585 2496 717 2541 singula
740 2498 956 2542 diligentius,
992 2500 1114 2532 cuncta
1137 2498 1261 2533 direxit
1288 2499 1331 2533 ad
1353 2499 1496 2545 primum
1518 2499 1610 2534 illum

156 2552 294 2586 scopum
325 2542 575 2576 demonstrandi
603 2547 698 2576 recte
732 2554 774 2576 ac
806 2555 925 2577 secure
946 2544 978 2577 in
1004 2544 1066 2576 hac
1089 2545 1285 2579 concordiae
1305 2545 1509 2580 tractatione
1532 2551 1611 2580 acta

156 2598 233 2620 esse
255 2587 375 2621 omnia,
422 2599 537 2632 verum
561 2594 661 2633 capto
684 2589 788 2622 semel
809 2589 934 2633 impetu
967 2588 1135 2623 scribendi
1158 2602 1223 2625 non
1246 2590 1280 2624 in
1303 2590 1420 2635 paucis
1442 2590 1505 2624 illis
1529 2603 1613 2625 con·-

155 2632 246 2666 stitit
267 2644 355 2678 quae
378 2633 653 2668 demonstrantur
673 2634 866 2668 evidenter:
898 2638 934 2668 at
964 2634 1138 2679 prolapsus
1170 2636 1335 2670 aviditate
1367 2637 1510 2681 quadam
1544 2636 1611 2670 alia

155 2677 206 2711 bis
238 2679 386 2712 attexuit
415 2691 481 2713 non
511 2678 766 2720 convenientia,
800 2680 987 2726 quibusque
1009 2691 1073 2714 non
1101 2681 1174 2715 sine
1197 2682 1331 2716 ratione
1361 2681 1609 2716 contradictum

156 2726 229 2766 est,
263 2723 370 2758 simile
400 2725 482 2770 quid
514 2735 637 2770 passus
662 2725 704 2759 iis
732 2725 789 2770 qui
818 2725 933 2764 crudi.
968 2729 1005 2760 et
1033 2727 1206 2762 stomacho
1226 2728 1380 2768 infirmo,
1417 2727 1474 2761 ubi
1499 2727 1614 2762 cibum

154 2767 269 2802 utilem
292 2775 328 2803 et
350 2771 460 2804 facilis
481 2770 720 2810 concoctionis*
737 2775 982 2816 perceperunt,
1016 2773 1084 2806 alia
1115 2784 1218 2818 super
1246 2774 1406 2818 ingerunt
1428 2784 1493 2806 non
1517 2773 1609 2807 salu—

154 2812 246 2855 bria,
283 2815 382 2859 gulae
404 2816 563 2851 inhiantis
586 2816 751 2851 aviditate
772 2817 896 2860 tracti,
925 2817 1014 2852 unde
1037 2823 1212 2854 contracta
1235 2830 1361 2853 nausea
1381 2819 1607 2864 profuturum,

152 2857 181 2892 si
203 2858 308 2893 solum
329 2861 469 2906 fuisset,
491 2862 706 2907 alimentum,
727 2874 796 2898 una
817 2874 891 2898 cum
913 2864 1011 2899 noxio
1033 2865 1164 2910 pariter
1185 2868 1354 2900 evomunt.
1398 2863 1478 2910 quid
1493 2868 1606 2900 autem
