1846 3262
187 199 218 244 6
771 199 1071 244 SUMMARIA.

188 308 255 344 τὸν
274 307 359 345 νέον
374 305 554 352 Ἰωάννην
582 305 712 344 ἐποίει.
758 307 821 344 καὶ
842 305 943 350 ὅπως
956 309 1207 352 κατοικίζοντο
1219 305 1361 345 Ἰταλοί.
1419 310 1477 346 86.
1501 308 1548 346 τοὶ
1566 306 1662 347 κατὰ

189 353 281 397 τοὺς
299 356 352 395 εἰς
370 355 436 392 τὸν
459 353 593 390 πάπαν
611 354 675 391 καὶ
694 352 782 397 τοὺς
797 352 960 397 Ἰταλούς
980 354 1152 402 πρέσβεις
1170 355 1240 391 τοῦ
1256 353 1444 402 βασιλέως.

288 425 395 459 ΤΗΣ
428 424 633 460 ΤΡΙΤΗΣ.
691 426 725 464 1.
759 437 862 465 οπως
887 421 1073 460 ἐσκόπει
1057 439 1077 461 ο
1106 424 1288 482 βασιλεῦς
1301 424 1349 460 τοὶ
1374 421 1471 460 κατὰ
1497 422 1564 459 τόν
1589 436 1661 459 πα·

190 468 369 515 τριάρχην
386 468 576 513 Ἀρσένιον.
655 471 688 506 2.
725 467 826 512 οπως
845 471 1089 515 μετακληθεὶς
1110 467 1130 506 6
1150 468 1377 529 πατριάρχης
1394 471 1446 512 εἰς
1463 470 1532 526 τήν
1550 469 1660 505 πόλιν

190 516 393 560 εἰσάγεται,
417 517 480 552 καὶ
501 516 626 560 στέφει
644 512 760 558 αὖθις
779 516 845 554 τὸν
866 517 1029 564 βασιλέα.
1097 519 1131 553 3.
1169 513 1272 558 ὅπως
1293 515 1313 554 6
1331 513 1502 564 βασιλευς
1521 518 1664 561 διεπρε-

191 563 342 610 σβεύετο
362 562 454 605 πρὸς
479 562 673 621 Τοχάρους
687 577 709 599 κ
724 563 785 608 ’δη
802 565 943 605 ποιοῖν,
968 564 1030 599 καὶ
1049 562 1145 608 πρὸς
1167 565 1365 605 Αἰθίοπας.
1433 563 1467 599 4.
1497 563 1580 608 περὶ
1597 576 1664 598 κα-

191 607 530 668 μηλοπαρδάλεως,
556 606 691 646 ὁποῖόν
734 622 800 646 στι.
869 611 903 646 5.
941 623 1042 650 οπως
1064 609 1289 655 αὐξηθέντες
1306 610 1490 650 Αἰθίοπες
1505 610 1551 644 τὰ
1569 607 1664 645 κατὰ

194 657 340 700 Συρίαν
361 656 624 712 διεπράξαντο.
671 657 733 693 καὶ
753 655 800 692 τοὶ
821 669 917 692 κατα
936 656 1004 692 τὸν
1023 657 1167 703 Νόγαν.
1239 659 1272 693 6.
1306 669 1408 698 οπως
1429 657 1466 692 οὶ
1483 659 1580 701 τρεῖς
1598 657 1666 702 βα-

194 705 328 744 σιλίὸες
347 700 527 748 ἀνδράσιν
546 700 791 761 ἡρμόσθησαν
814 703 877 739 καὶ
903 700 1061 744 ὁποίοις
1130 704 1164 739 7.
1197 716 1245 738 τα
1263 701 1358 739 κατά
1378 701 1448 748 τήν
1466 702 1666 738 δέσποιναν

191 747 416 794 Αλαμάναν’
415 749 552 786 Ἀνναν
625 750 660 784 8.
693 748 740 786 τοὶ
759 747 854 785 κατὰ
876 749 942 785 τὸν
961 746 1123 791 ἀδελφὸν
1133 747 1263 805 ’Ἅννης
1278 752 1345 796 τῆς
1366 751 1576 808 δεσποίνης
1579 752 1667 785 Μοι-

195 795 266 852 φρὲ
289 796 351 832 καὶ
372 797 441 832 τὸν
458 797 539 841 Κάρ
544 798 665 832 ουλον.
734 797 769 832 9.
806 792 908 838 ὅπως
936 798 1079 831 σανίσιν
1108 794 1329 839 άνυψοῦντο
1346 810 1394 832 τα
1408 795 1506 842 πρός
1531 809 1588 852 τῃ
1591 798 1667 831 θα-

194 842 311 901 λάσσῃ
328 843 447 899 τείχη,
471 844 534 879 καὶ
554 841 618 878 διὰ
635 843 681 878 τί.
727 842 790 878 καὶ
808 843 890 886 περὶ
906 841 1119 886 ἑτοιμασίας
1134 845 1203 878 τοῦ
1220 842 1408 890 βασιλέως.
1480 845 1535 878 10
1566 854 1668 882 οπως

194 888 261 926 τὸν
277 887 452 945 Ἰωάννην
471 888 491 925 6
510 888 681 946 βασιλεύς
703 887 870 948 ἐκποδών
895 903 1017 925 ποιων
1038 888 1251 947 ἐξετύφλου.
1325 892 1381 925 11.
1415 888 1463 924 τά
1489 901 1534 924 πε
1559 888 1573 924 i
1597 888 1670 924 τοῦ

189 935 403 983 “Ολοβώλου
432 934 638 980 Μανουήλ,
662 936 726 971 καὶ
752 936 820 982 τῆς
850 936 927 972 τῶν
937 935 1093 992 Ἡλοιπῶν
1121 933 1360 994 νποβλὲψεως
1378 936 1443 971 διὰ
1464 934 1531 971 τὸν
1549 932 1669 970 Imav-

193 995 277 1042 νην.
343 984 397 1018 12.
419 997 466 1019 τα
483 981 578 1019 κατὰ
592 982 682 1024 τούς
701 982 909 1028 Ζυγηνούς,
932 979 1036 1023 ὅπως
1053 979 1310 1038 ἀπεστάτησαν
1325 981 1501 1041 βασιλέως
1520 980 1584 1037 διᾴ
1602 979 1670 1017 τὸν

193 1026 383 1074 Ἰωάννην.
454 1031 509 1065 13.
545 1027 727 1075 ἀπολογία
752 1032 828 1065 τῶν
849 1031 1024 1073 Ζυγηνων
1043 1028 1137 1070 πρὸς
1155 1026 1335 1085 ἀλλήλους
1352 1027 1446 1071 ὑπὲρ
1463 1029 1533 1064 τοῦ
1555 1024 1599 1064 ὃν
1618 1026 1670 1068 ὥς

190 1075 369 1134 Ἰωάννην
391 1072 630 1133 ὑπεδέξαντο.
697 1076 750 1111 14.
787 1089 888 1116 οπως
907 1073 1090 1131 διετέθη“
1073 1089 1093 1111 ο
1111 1074 1340 1133 πατριάρχης
1358 1074 1495 1119 μαθών
1511 1072 1557 1110 τοὶ
1578 1085 1670 1118 συμ-

196 1122 335 1179 βάντα,
360 1121 423 1157 καὶ
450 1119 551 1163 ὅπως
574 1120 641 1158 τὸν
662 1121 813 1178 βασιλέα
832 1121 1030 1166 ἀφώρισεν.
1103 1124 1158 1158 15.
1192 1120 1295 1162 ὅπως
1314 1121 1379 1158 διά
1400 1123 1475 1157 τῶν
1491 1119 1670 1164 τριήρεων

195 1166 500 1214 ἠνδραγάθονν
484 1183 503 1205 ο
524 1169 594 1205 τοῦ
611 1167 743 1204 στόλου
763 1170 830 1213 τῆς
844 1167 1052 1213 ‘Pannonicos
1070 1165 1171 1210 λαός.
1242 1170 1296 1204 16.
1335 1166 1436 1210 ὅπως
1457 1167 1494 1203 οἱ
1511 1166 1670 1225 αδελφοὶ

196 1218 267 1252 τοῦ
283 1215 458 1263 βασιλέως
478 1229 546 1256 τας
566 1217 642 1250 τῶν
661 1216 821 1250 δυτικοδν
841 1214 1141 1260 ἐνεχειρίσθησαν
1159 1213 1371 1259 διοικήσεις.
1428 1215 1483 1250 17.
1508 1227 1554 1251 τα
1576 1211 1672 1250 κατὰ

198 1260 264 1299 τὸν
282 1261 619 1320 παρακοιμώμενος
632 1260 839 1319 Μακρηνὸν
857 1261 1043 1318 Ἰωάννην.
1118 1263 1172 1297 18.
1206 1263 1396 1317 πρεσβεῖαι
1414 1259 1509 1319 πρὸς
1527 1257 1672 1302 πάπαν,

197 1309 263 1345 καὶ
294 1306 395 1350 ὅπως
421 1307 441 1345 6
473 1307 643 1363 βασιλεύς
669 1306 716 1343 τὰ
737 1309 819 1352 περὶ
838 1306 904 1344 τὸν
922 1307 1038 1352 Αἶμον
1057 1308 1303 1349 διατεθείκει,
1328 1305 1443 1349 αὐτὸς
1466 1305 1672 1345 ἐπιτάττων

197 1359 278 1398 τοῖς
298 1359 517 1414 στρατηγοῖς
535 1356 610 1390 τῶν
631 1352 826 1398 δυνάμεων
850 1355 946 1391 οἶκοι
962 1354 1190 1398 καθήμενος.
1261 1355 1316 1390 19.
1348 1351 1448 1394 ὅπως
1470 1352 1672 1397 υπερχόμε-

199 1415 265 1444 νος
305 1400 326 1437 6
360 1401 531 1448 βασιλεὺς
571 1399 638 1436 τόν
677 1400 911 1446 πατριάρχην
932 1399 1015 1459 τὴν
1049 1402 1120 1436 τοῦ
1157 1399 1371 1446 οἷφορισμοῦ
1404 1399 1508 1436 λύσιν
1544 1399 1673 1444 ἐζήτει.

200 1451 259 1485 20.
292 1461 393 1490 οπως
422 1450 611 1506 συνῆλθον
637 1445 676 1482 ἐν
697 1450 821 1494 ταυτῷ
845 1446 942 1483 κατὰ
972 1448 1171 1488 συνθεσίας
1194 1446 1229 1482 οἱ
1248 1447 1425 1483 δέσποται
1435 1443 1610 1503 Ἰωάννης
1632 1458 1673 1482 τε

201 1495 264 1531 καὶ
281 1493 433 1539 Μιχαὴλ
452 1492 472 1531 6
494 1496 560 1539 τῆς
580 1491 731 1534 δύσεως.
797 1483 856 1528 21.
895 1491 997 1535 ὅπως
1019 1492 1039 1530 ὁ
1070 1493 1251 1549 δεσπότης
1263 1491 1438 1538 Ἰωάννης
1455 1491 1675 1549 άπαλλαγεις

201 1555 277 1578 των
294 1543 457 1577 δυτικῶν
477 1545 555 1578 τοῖς
575 1537 660 1575 κατ’
678 1537 864 1596 ἀνατολὴν
881 1540 1032 1596 ἐχθροῖς
1051 1538 1290 1598 προσβάλλει.
1321 1540 1383 1575 καὶ
1403 1537 1551 1595 μερικὸς
1568 1539 1674 1575 ἔπαι-

202 1601 267 1631 νος
289 1587 439 1624 τούτου.
509 1589 567 1623 22.
592 1585 692 1629 ὅπως
708 1584 826 1623 ἐνόσει
846 1585 1083 1632 ἀπολλύμενα
1105 1586 1152 1622 τὰ
1169 1585 1264 1622 κατά
1277 1584 1579 1632 Μαρνανδήνους
1592 1611 1602 1630 ,
1624 1584 1673 1621 τοὶ

204 1684 243 1715 ιιι
268 1679 371 1714 Italis
397 1677 606 1713 domicilium
628 1678 832 1714 attributum
851 1678 974 1723 fuerit.
1020 1678 1078 1714 36.
1102 1678 1147 1712 de
1171 1678 1299 1724 legatis
1318 1678 1368 1713 ad
1386 1689 1520 1723 papam
1543 1682 1578 1713 et
1600 1678 1675 1713 Ita-

204 1727 255 1761 los
278 1727 322 1760 ab
346 1726 553 1770 imperatore
576 1725 699 1760 missis.

301 1794 480 1829 TERTH.
528 1795 561 1830 1.
592 1794 676 1838 quid
706 1792 839 1828 consilii
860 1792 989 1836 ceperit
1019 1793 1208 1837 imperator
1229 1793 1322 1828 circa
1342 1793 1583 1837 patriarcham
1607 1794 1675 1827 Ar-

207 1842 351 1876 senium.
398 1841 433 1875 2.
457 1844 496 1874 ιιι
517 1846 696 1874 revocatus
717 1840 921 1885 patriarcha
943 1840 1097 1874 invectus
1119 1841 1156 1874 in
1178 1841 1297 1873 urbem
1319 1841 1375 1882 sit,
1399 1845 1436 1874 et
1461 1841 1534 1874 illic
1556 1850 1675 1874 rursus

206 1887 424 1922 coronaverit
453 1886 707 1931 imperatorem.
754 1887 788 1922 3.
812 1890 851 1920 ut
877 1886 1066 1930 imperator
1088 1887 1300 1931 legationem
1323 1887 1455 1920 miserit
1472 1886 1520 1919 ad
1540 1886 1675 1919 Tocha-

205 1945 262 1968 ros
285 1933 496 1978 affinitatem
526 1944 602 1966 cum
625 1934 669 1967 iis
692 1932 918 1974 contrahens,
952 1937 986 1966 et
1011 1933 1066 1965 ‘ad
1089 1933 1289 1976 Aethiopas.
1336 1931 1370 1967 4.
1394 1933 1438 1966 de
1461 1933 1676 1977 camelopar-

207 1981 303 2020 dali,
327 1980 431 2025 quale
455 1979 588 2013 animal
611 1980 667 2014 sit.
715 1980 750 2014 5.
774 1983 813 2013 ut
837 1979 931 2013 aucti
953 1979 1084 2012 viribus
1107 1979 1292 2022 Aethiopes
1316 1979 1354 2012 in
1377 1979 1477 2022 Syria
1503 1990 1576 2012 rem
1593 1989 1676 2023 ges-

210 2026 338 2068 serint,
364 2029 398 2060 et
422 2025 464 2059 de
489 2025 608 2070 N.0ga
656 2027 689 2060 6.
713 2030 753 2060 ut
776 2031 846 2060 tres
867 2025 1014 2070 reginae
1037 2025 1192 2059 traditae
1215 2025 1312 2066 viris,
1338 2030 1371 2059 et
1394 2025 1514 2070 quibus
1528 2025 1676 2068 suerint.

209 2074 245 2108 7.
272 2073 315 2106 de
339 2071 481 2105 domina
505 2073 609 2105 Anna
636 2062 848 2106 Alamannus.
894 2071 925 2105 8.
951 2071 994 2104 de
1011 2074 1130 2115 fratre
1154 2072 1314 2105 dominae
1338 2073 1461 2105 Annae
1480 2071 1677 2114 Mansredo,

211 2125 245 2154 et
268 2119 312 2153 de
341 2118 475 2152 Garolo.
523 2119 556 2153 9.
581 2123 620 2152 ut
643 2113 778 2151 moenia
802 2117 913 2157 urbis
939 2129 1008 2162 qua
1030 2129 1127 2151 mare
1150 2123 1320 2162 spectant,
1345 2122 1527 2172 suggestu·
1538 2118 1678 2151 tabula-

210 2177 287 2199 rum
310 2169 416 2198 aucta
439 2164 525 2205 sint,
551 2170 585 2198 et
608 2176 711 2208 quam
735 2165 788 2198 ob'
801 2175 952 2197 causam.
991 2169 1064 2198 tum
1090 2165 1133 2198 de
1165 2170 1300 2198 caetero
1324 2164 1544 2207 imperatoris
1566 2175 1679 2207 appa-

209 2217 303 2246 rata.
353 2214 408 2246 10.
431 2216 471 2244 ιιι
495 2216 646 2243 amotum
670 2211 713 2245 ab
738 2211 871 2254 imperii
902 2211 1070 2244 consortio
1107 2211 1272 2243 Ioannem
1305 2211 1494 2252 imperator
1518 2221 1679 2244 excaeca-

212 2259 312 2292 verit.
362 2258 417 2291 11.
442 2257 486 2291 de
510 2257 674 2290 Holobolo
697 2257 879 2298 Mareade,
904 2262 938 2291 et
961 2257 1004 2290 de
1026 2258 1271 2301 suspicionibus
1294 2258 1448 2301 odiisque
1472 2257 1508 2290 in
1530 2257 1680 2301 reliquos

216 2303 355 2338 Ioannis
378 2315 497 2337 causa.
546 2305 601 2337 12.
626 2304 671 2337 de
697 2303 847 2348 Zygenis
870 2303 942 2338 sice
963 2304 1161 2343 montanis‚·
1183 2309 1222 2337 ut
1245 2304 1281 2336 in
1304 2304 1547 2347 imperatorem
1570 2302 1681 2336 rebel-

213 2351 322 2384 larint
350 2350 490 2383 Ioannis
512 2361 629 2383 causa.
681 2351 735 2385 13.
761 2350 923 2394 allegata
945 2356 1186 2384 montanorum
1213 2350 1303 2383 inter
1326 2361 1401 2386 scse
1433 2360 1495 2393 pro
1518 2359 1680 2392 eo-quem

212 2402 251 2431 ιιι
269 2398 429 2430 Ioannem
453 2401 630 2440 acceptum
650 2396 744 2440 apud
760 2407 796 2430 se
820 2396 1005 2430 habebant.
1056 2397 1110 2431 114.
1133 2401 1172 2430 ut
1196 2398 1341 2440 affectus
1350 2397 1462 2440 suerit
1476 2395 1681 2439 patriarcha

215 2443 339 2477 audita
359 2443 600 2477 excaecatione
615 2443 776 2482 laamas,-
802 2447 836 2476 et
852 2447 891 2476 ut
910 2443 1153 2486 imperatorem
1176 2442 1528 2476 excommunicaverit.
1577 2442 1630 2476 15.
1641 2445 1681 2474 ιιι

213 2489 357 2523 navales
379 2488 613 2522 Romanorum
635 2489 754 2533 copiae
776 2488 972 2522 triremibus
994 2490 1078 2522 bene
1099 2500 1172 2522 rem
1188 2490 1372 2534 gesserint.
1419 2489 1473 2523 16.
1497 2491 1535 2520 ut
1550 2487 1681 2529 fratri-

217 2536 276 2570 bus
299 2535 518 2579 imperatoris
542 2535 713 2569 Occiduae
736 2535 935 2578 provinciae
970 2536 1170 2569 commissae
1187 2536 1334 2578 fuerint.
1392 2535 1447 2570 17.
1475 2533 1519 2567 de
1550 2534 1681 2567 Ioanne

223 2582 386 2616 Macreno
419 2581 572 2626 Augusti
602 2582 746 2615 cubiculi
773 2584 961 2624 praefecto.
1022 2582 1076 2615 18.
1113 2582 1307 2626 legationes
1340 2581 1388 2614 ad
1410 2591 1562 2624 papam3
1585 2585 1620 2614 ct
1642 2583 1681 2613 ut

218 2629 405 2672 imperator
427 2639 498 2661 rem
519 2627 567 2660 ad
589 2628 762 2662 Haemum
785 2628 904 2662 absens
928 2632 961 2661 et
982 2627 1075 2662 domi
1091 2629 1242 2662 residens
1259 2629 1343 2662 bene
1357 2627 1517 2672 gesserit.
1564 2628 1620 2660 19
1643 2630 1680 2659 ιιι

215 2674 422 2719 patriarcha
452 2679 618 2708 convento
651 2679 685 2709 et
718 2675 916 2718 suppliciter
947 2680 1073 2719 rogato
1107 2675 1298 2718 imperator
1327 2672 1683 2708 excommunicationis

218 2721 462 2754 absolutionem
485 2721 636 2774 petierit.
679 2721 735 2755 20.
760 2725 799 2763 ιιι
822 2721 864 2753 de
886 2731 970 2764 pace
993 2722 1213 2754 convenerint
1232 2721 1324 2754 inter
1345 2731 1380 2753 se
1398 2719 1498 2752 ambo
1521 2718 1684 2762 despotae

220 2768 366 2800 Ioannes
391 2771 425 2800 et
450 2767 601 2801 Michael
622 2766 660 2799 in
685 2759 867 2800 Occidente
890 2766 1082 2802 dominans.
1127 2769 1185 2802 21
1210 2771 1249 2800 ut
1277 2767 1420 2809 despota
1437 2766 1582 2798 Ioannes
1603 2775 1683 2808 per-

214 2815 359 2855 functus
384 2813 600 2857 expeditione
624 2812 660 2845 in
687 2813 870 2855 Occiduos,
905 2823 979 2845 cum
1004 2813 1155 2847 hostibus
1177 2814 1214 2847 in
1237 2813 1373 2846 Oriente
1394 2812 1439 2846 sit
1462 2821 1684 2855 congressus,-

222 2865 257 2893 ει
290 2859 434 2893 laudum
468 2859 543 2894 eius
565 2858 757 2894 distinctior
786 2859 1016 2904 praedicatio.
1061 2860 1118 2894 22.
1142 2864 1181 2894 ιιι
1209 2860 1356 2905 pessimo
1378 2858 1416 2892 in
1435 2862 1530 2893 statu
1546 2857 1684 2901 fuerint
