1884 3262
360 207 457 251 286
746 201 978 245 GEORGII
1012 200 1358 245 PACHYMERIS

361 316 486 360 ἐδόκει
511 316 632 357 καλὸν
657 313 914 356 ἀποστέλλειν
942 316 1007 357 καὶ
1029 315 1210 371 ἐρωτᾶν,
1245 313 1319 357 κᾶν
1341 316 1375 357 εἲ
1392 313 1607 370 ὁμολογοίη
1627 313 1653 369 ἢ
1673 316 1737 356 καὶ
1755 313 1812 367 μὴ

362 385 570 439 ὁμολογῶν
601 381 842 434 ἇλίσκοιτο,.
869 383 1066 439 ἐπιφέρειν
1085 383 1159 437 τὴν
1185 384 1325 437 δίκην,
1355 384 1388 424 εἰ
1406 382 1448 424 δ’
1472 379 1566 434 οὗν,
1605 384 1670 424 καὶ
1692 384 1815 424 ἐσαῦ-

362 459 431 501 θις
452 451 720 502 σκέπτεσθαι,
760 449 780 492 ὃ
799 452 990 504 βασιλεὺς
1006 449 1185 494 αὐτόθεν
1207 450 1318 504 ἠξίου
1338 452 1631 504 σχεδιασθῆναι
1649 450 1720 492 τὸν
1740 453 1814 504 τῆς

361 518 538 562 συνόδου
564 516 819 575 ἀφορισμόν,
856 520 922 561 καὶ
957 518 1087 569 οὕτως
1116 516 1376 567 ἀπελθόντας
1403 518 1474 567 οὓς
1492 517 1542 560 ὒν
1568 519 1634 560 καὶ
1655 516 1813 568 τάξυιεν

361 588 556 643 ἔρεσθαι,
593 589 661 629 καὶ
694 589 727 629 εἲ
757 584 997 643 ὁμολογοίη,
1040 587 1303 642 ἐπενηνέχθαι
1335 586 1381 629 τὸ
1409 583 1634 642 πρόστιμον
1660 588 1846 628 δίκαιονό

343 655 409 699 ’ὂν
445 654 546 711 ὑπὲρ
585 655 785 709 βασιλέως
817 660 875 714 τῷ
902 656 1006 698 κατὰ
1032 656 1231 710 βασιλέως
1262 661 1349 704 τοῖς
1376 654 1686 709 ἓπιθησομένοις
1710 670 1816 708 συμ-

311 732 339 764 Β
363 722 596 781 πράττοντι,
633 726 667 765 εἰ
690 723 731 765 δ’
760 720 845 775 οὖν,
881 726 946 766 καὶ
967 724 1023 778 μὴ
1045 723 1355 780 ὁμολογοῦντος,
1393 723 1463 765 τὸν
1483 722 1632 776 δεσμὸν
1654 726 1817 765 κεῖσθαι

362 795 429 835 καὶ
457 793 775 848 ἔπαναρτᾶσθαί
799 792 836 834 οἳ
865 793 966 849 πρὸς
989 791 1051 835 ὅτι
1084 794 1151 835 καὶ
1181 789 1341 834 σύνοιδε
1373 793 1462 847 περὶ
1494 789 1676 842 τούτων,
1711 788 1816 832 ὥστε

362 861 572 915 ἐνέχεσθαι
599 860 673 914 μέν
681 893 694 912 ,
732 862 766 903 εἶ
794 860 893 910 τέως
922 859 1127 903 ἁλίσκοιτο
1157 863 1413 915 κακουργῶν,
1450 861 1483 901 εἲ
1501 858 1545 901 δ’
1570 854 1668 909 οὖν,
1705 855 1817 900 ἐλεύ-

361 934 489 985 θερον
516 927 613 971 εἶναι
643 932 718 970 τοῦ
744 927 901 983 βάρους
922 927 977 978 ὥς
1000 929 1149 977 ἀδίκως
1170 925 1503 982 διαβαλλόμενον.
1573 930 1706 969 ταῦτα
1741 929 1815 968 τοῦ
1830 930 1873 968 10

362 997 560 1051 βασιλέως
579 995 989 1052 προσαπαιτήσαντος
1016 999 1082 1039 καὶ
1106 995 1130 1050 ἡ
1149 1001 1231 1039 τῶν
1253 995 1467 1052 ἀρχιερέων
1482 995 1646 1049 πληθὺς
1668 1011 1819 1050 συγκα-

314 1071 346 1105 D
369 1067 537 1108 τένευον.
609 1064 732 1123 (16)
770 1067 836 1107 καὶ
870 1066 919 1120 δὴ
950 1063 1196 1119 σχεδιάζεται
1226 1065 1299 1118 μὲν
1326 1064 1372 1105 τὸ
1398 1068 1471 1118 τῆς
1500 1065 1614 1118 δίκης
1631 1061 1815 1118 γράμμα,

366 1134 592 1189 ἐκλέγονται
622 1134 664 1175 δὲ
697 1133 770 1188 τὴν
801 1135 994 1188 ταχίστην
1018 1134 1060 1175 ἔκ
1079 1134 1152 1187 μὲν
1174 1137 1290 1189 σφῶν
1311 1131 1448 1174 αὐτῶν
1471 1129 1569 1183 δύο,
1610 1129 1631 1173 ὅ
1651 1147 1692 1172 τε
1709 1133 1818 1172 Νεο-

366 1202 598 1257 καισαρείας
618 1199 1056 1253 ἈίῙονοκωνστάντινος,
1095 1202 1213 1257 φίλος
1233 1200 1288 1243 ὢν
1306 1201 1372 1242 καὶ
1388 1203 1545 1254 μᾶλλον
1566 1199 1720 1256 ἐκείνῳ,
1751 1199 1818 1240 καὶ

367 1268 387 1311 ὃ
419 1272 685 1324 ΖΙἸωκησσοῦ,
734 1267 989 1326 προεδρεύων
1028 1267 1120 1311 τότε
1159 1273 1234 1322 τῆς
1268 1268 1478 1322 ἐκκλησίας
1508 1264 1873 1324 ΙΙροικοννήσου·15

368 1337 474 1380 κατὰ
498 1335 618 1390 λόγον
647 1335 887 1390 ἐπιδόσεως,
925 1338 966 1379 ἔκ
987 1336 1033 1379 δέ
1047 1354 1089 1392 γε
1111 1341 1192 1379 τῶν
1217 1340 1415 1392 κληρικιῦν
1434 1334 1455 1378 ὃ
1477 1335 1522 1378 τὸ
1545 1333 1731 1390 τηνικάδε
1755 1335 1820 1376 ἐπὶ

367 1410 448 1448 τῶν
478 1405 673 1460 σεκρέτων
706 1403 914 1460 Γαληνός,
952 1407 1017 1447 καὶ
1038 1405 1113 1447 σὺν
1137 1404 1275 1453 αὐτοῖς
1295 1403 1371 1459 ἐγώ
1393 1404 1610 1459 τέταρτος,
1647 1404 1718 1462 βία
1746 1403 1820 1455 μὲν

363 1474 639 1527 συνυπαχθεὶς
676 1475 742 1514 καὶ
781 1472 953 1516 κελεύσει
986 1477 1200 1528 βασιλικῇ,
1248 1472 1348 1521 τέως
1377 1471 1417 1514 δ’
1449 1470 1511 1514 ὅτι
1542 1470 1643 1526 παρ’
1673 1472 1821 1512 ἐκεῖνον

314 1552 344 1586 Ε
372 1542 531 1596 ἱκοίμην
541 1573 554 1593 ,
584 1542 649 1582 καὶ
668 1541 714 1583 τὸ
733 1542 855 1598 μέρος
873 1539 1288 1598 προσαποδεχόμενος.
1356 1539 1541 1595 πέμπτην
1557 1539 1631 1594 μὲν
1647 1536 1738 1581 τότε
1755 1540 1823 1581 καὶ

367 1609 549 1663 εἶκοστὴν
580 1607 678 1663 εἶχεν
711 1607 731 1651 ὃ
756 1608 1075 1666 Ἀνθεστηριών,
1124 1611 1190 1651 καὶ
1223 1607 1334 1663 ἡμεῖς
1364 1613 1439 1663 τῆς
1467 1607 1561 1662 νηὸς
1595 1604 1877 1660 ἕπιβάντες,20

365 1679 481 1720 δυσὶν
512 1675 680 1733 ἡμέραις
713 1676 882 1735 ὕστερον
911 1675 1182 1735 προσσχόντες
1207 1682 1257 1734 τῇ
1283 1674 1394 1736 νήσῳ
1417 1680 1473 1736 τῷ
1501 1673 1730 1733 πατριάρχῃ
1749 1676 1821 1729 ἔμ-

367 1786 494 1830 gotium
518 1795 717 1830 capessere,
754 1786 973 1820 concordibus
998 1786 1171 1830 suffragiis
1194 1787 1420 1820 decreverunt
1441 1784 1622 1818 mittendos
1646 1784 1704 1829 qui
1727 1795 1821 1817 reum

365 1832 636 1875 interrogarent,
662 1835 696 1864 et
720 1831 791 1865 sive
815 1833 981 1865 fateretur
1004 1833 1149 1873 crimen,
1184 1832 1258 1866 sive
1282 1831 1494 1876 quantumvis
1516 1831 1667 1864 infitians
1689 1830 1822 1863 idoneis

366 1881 479 1911 tamen
502 1876 634 1910 indiciis
658 1877 765 1910 teneri
788 1878 870 1911 facti
893 1878 1095 1912 conscientia
1130 1877 1404 1920 convinceretur,
1437 1876 1593 1910 continuo
1625 1875 1822 1908 afficeretur

367 1922 542 1966 condignis
571 1922 703 1967 poenis:
741 1923 770 1956 si
798 1934 879 1956 vero
912 1935 973 1957 nec
1002 1924 1140 1968 propria
1171 1922 1382 1956 confessione
1415 1933 1479 1955 nec
1509 1921 1754 1956 sufficientibus
1777 1920 1822 1954 ad

369 1969 499 2013 plenam
523 1968 753 2013 probationem
775 1969 980 2012 argumentis
1002 1980 1080 2002 reus
1102 1969 1238 2003 sceleris
1261 1967 1366 2002 delati
1390 1966 1506 2012 peragi
1528 1970 1659 2012 posset,
1692 1966 1822 2000 delibe-

368 2018 519 2048 raturum
552 2013 672 2047 iterum
705 2014 747 2047 de
777 2025 881 2048 causa
910 2015 1082 2058 synodum.
1129 2015 1192 2048 hoc
1215 2014 1298 2048 satis
1319 2013 1515 2057 imperatori
1537 2024 1603 2046 non
1627 2014 1680 2046 est
1701 2012 1821 2053 visum,

369 2060 431 2093 sed
454 2059 556 2104 petiit
577 2059 642 2093 iam
665 2071 752 2093 nunc
776 2060 928 2093 absolute
952 2060 1304 2093 excommunicationis
1326 2058 1525 2092 sententiam
1546 2059 1582 2092 in
1603 2057 1776 2092 Arsenium
1800 2069 1822 2091 a

371 2105 497 2148 synodo
521 2105 587 2138 rite
610 2105 695 2138 ferri
716 2116 775 2138 reo
799 2117 908 2139 coram
931 2105 1147 2139 intimandam
1171 2117 1191 2139 a
1214 2104 1383 2138 mittendis
1406 2104 1448 2137 ad
1471 2104 1604 2149 ipsun13
1629 2115 1670 2137 ac
1692 2104 1720 2137 si
1743 2102 1822 2148 qui-

373 2152 448 2184 dem
470 2150 528 2183 ille
550 2151 716 2184 fateretur
739 2151 867 2192 scelus,
900 2151 1098 2196 supplicium
1122 2152 1153 2184 ei
1176 2151 1289 2184 statim
1311 2151 1518 2190 inferretur,
1553 2149 1643 2194 quod
1667 2149 1739 2193 pati
1762 2160 1822 2183 ae-

370 2208 470 2241 quum
495 2199 548 2229 est
570 2195 628 2240 qui
650 2196 781 2230 sicariis
799 2197 977 2241 parricidis
998 2197 1136 2231 caedem
1155 2196 1367 2241 imperatoris
1388 2195 1571 2239 machinari
1592 2194 1684 2229 ausis
1706 2205 1823 2228 assen-

372 2242 457 2274 serit
480 2242 653 2275 conscius:
693 2242 744 2275 sin
767 2242 794 2276 is
817 2245 976 2286 negaret,
1009 2247 1121 2277 tamen
1144 2246 1183 2276 ut
1206 2254 1248 2275 ex
1270 2241 1437 2275 delatione
1469 2241 1512 2274 de
1537 2241 1611 2286 ipso
1636 2252 1657 2274 a
1680 2239 1823 2274 consciis

369 2287 540 2320 morituris
574 2288 666 2320 clare
697 2288 790 2321 facta
822 2288 896 2332 plus
930 2288 1028 2322 nimio
1063 2292 1240 2333 suspectus
1263 2286 1595 2321 excommunicationi
1617 2285 1822 2328 subiaceret,

369 2332 479 2377 quoad
505 2335 563 2366 aut
587 2332 684 2377 plene
708 2333 883 2367 convictus
912 2334 1108 2379 puniretur,
1136 2337 1194 2367 aut
1217 2334 1244 2367 si
1268 2335 1359 2367 forte
1382 2332 1592 2376 contingeret
1613 2331 1823 2366 sufficienter

370 2377 528 2422 purgari,
563 2389 650 2411 noxa
682 2378 771 2411 omni
794 2379 995 2413 liberaretur
1017 2384 1178 2424 tanquam
1207 2379 1331 2413 iniuste
1354 2377 1550 2412 calumniam
1572 2387 1702 2422 passus.
1747 2386 1821 2410 eam

371 2423 565 2467 petitionem
595 2424 808 2467 imperatoris
839 2428 955 2470 patres
984 2426 1102 2469 synodi
1133 2425 1286 2470 plerique
1317 2424 1475 2458 arbitrati
1504 2434 1662 2468 aequam,
1704 2424 1743 2455 ut
1771 2421 1822 2455 ita

370 2468 470 2502 fieret
494 2473 691 2502 annuerunt.
738 2470 840 2514 (16)
871 2471 1092 2516 perscriptum
1122 2470 1228 2515 igitur
1250 2470 1408 2504 festinato
1433 2468 1670 2503 criminationis
1693 2467 1822 2500 instru-

372 2518 518 2547 mentum
542 2518 614 2555 est,
646 2513 681 2548 et
703 2514 801 2548 electi
826 2516 983 2550 celeriter
1010 2517 1069 2561 qui
1092 2528 1185 2550 reum
1210 2515 1446 2557 convenirent,
1470 2526 1490 2548 e
1512 2513 1666 2559 patribus
1687 2512 1821 2557 quidem

374 2560 456 2601 «luo,
480 2559 574 2604 prior
596 2559 772 2604 episcopus
795 2561 1054 2596 Neocaesareae
1076 2561 1429 2602 Monoconstantinus,
1452 2560 1590 2594 multum
1612 2557 1739 2592 amicus
1756 2559 1822 2591 Ar·-

374 2605 486 2645 senio,
520 2605 606 2638 alter
629 2605 867 2649 Mocessenus,
901 2610 982 2649 tunc
1005 2608 1171 2642 ecclesiae
1193 2606 1396 2641 Proconnesi
1418 2604 1576 2650 specialis
1598 2602 1822 2637 concessionis

374 2650 547 2694 privilegio
574 2651 787 2694 praesidens,
817 2664 836 2685 e
867 2649 1000 2686 clericis
1030 2665 1134 2697 vero,
1168 2654 1223 2687 cui
1246 2657 1328 2686 tunc
1357 2655 1491 2685 secreta
1513 2649 1689 2683 commissa
1711 2652 1822 2688 erant,

372 2696 543 2737 Galenus,
566 2699 601 2730 et
624 2708 696 2730 cum
721 2697 770 2730 his
793 2709 856 2741 ego
882 2702 1045 2742 quartus,
1068 2699 1102 2732 vi
1124 2699 1257 2744 quidem
1279 2698 1315 2732 in
1336 2697 1371 2731 id
1394 2696 1534 2730 adactus
1555 2694 1672 2739 utique
1686 2694 1826 2728 iubente

370 2741 592 2786 imperatore,
615 2745 726 2776 tamen
744 2744 834 2787 quod
855 2742 945 2777 illum
969 2744 1022 2777 cui
1043 2744 1219 2779 studebam
1242 2742 1536 2789 quomodocunque
1557 2741 1702 2774 revisum
1723 2739 1821 2781 irem,

371 2798 414 2820 ex
438 2791 536 2831 parte
557 2787 776 2831 perlibenter.
813 2788 933 2833 quinta
956 2792 992 2822 et
1015 2789 1174 2832 vigesima
1196 2790 1252 2823 die
1274 2788 1352 2822 Iulii
1374 2786 1496 2821 mensis
1519 2796 1639 2819 navem
1663 2795 1823 2819 conscen-

371 2832 481 2867 dimus
504 2833 706 2875 solventem:
739 2833 840 2868 biduo
864 2838 942 2880 post
965 2834 1008 2869 ad
1030 2834 1171 2870 insulam
1194 2833 1327 2881 appulsi
1349 2831 1577 2879 patriarcham
1601 2830 1764 2873 adiimus,
1787 2832 1825 2863 et
