1884 3262
417 209 492 251 DE
517 208 794 252 MICHAELE
821 207 1192 252 PALAEOLOGO
1224 208 1271 250 L.
1295 206 1370 249 IV.
1527 203 1626 251 297

169 326 248 382 γὰρ
280 322 514 379 ι’·ψίθρονον
542 323 658 379 παρὰ
689 323 786 373 τούς
812 322 964 372 ἄλλους
995 322 1119 378 λέγειν
1145 321 1248 378 πρὸς
1273 321 1423 364 ἐκεῖνον
1448 319 1500 363 τὰ
1519 319 1626 363 αὐτὰ

171 395 307 436 ἐδίδου
320 425 334 445 ,
365 394 433 436 καὶ
463 392 510 435 τὸ
534 393 784 447 χειροτονίας
804 391 903 434 ὄντα
925 391 996 434 τὸν
1014 384 1208 446 Σάρδεων
1227 389 1278 445 ἣν
1295 388 1533 442 &iducis-coe,-
1553 388 1627 431 οὔκ

171 461 326 516 ἐδέχετο
337 494 350 514 ,
381 466 553 504 τοιαῦτα
573 465 634 518 τῷ
650 458 881 517 πατριάρχῃ
900 466 1130 513 παραινεῖν,
1169 458 1387 518 rigorum&
1409 457 1538 500 αὐτοῦ
1559 459 1628 500 δε-

168 532 288 585 χθεὶς
307 529 492 586 ἀγαπᾶν,
531 527 758 578 δεικνύντος
779 528 829 572 ἂν
850 528 910 583 εἴη
933 525 989 576 ὥς
1009 527 1109 569 ἄλλο
1129 544 1168 569 τι
1187 524 1425 583 βαθύτερον
1443 524 1627 582 ὑπορύσ-

139 606 259 641 5σων
290 603 460 641 τοιαῦτα
495 598 600 653 λέγοι
632 615 678 640 τε
710 599 777 639 καὶ
804 593 1077 650 συμβουλεύοι
1107 595 1146 638 οἱ
1173 595 1334 652 ἀφεῖναι
1360 595 1432 637 τὸν
1459 593 1627 650 θρόνον.
1651 599 1681 633 C

171 669 206 710 εἰ
222 664 281 721 μή
301 684 338 709 τι
361 666 461 709 ἄλλο
481 665 584 723 γάρ,
611 666 709 708 ἀλλ’
733 661 807 708 οὖν
825 665 871 707 τὸ
895 669 970 719 τῆς
986 664 1247 719 μεταθέσεως
1265 662 1314 705 ἂν
1336 665 1403 705 καὶ
1425 662 1530 718 παρ’
1552 662 1626 705 ἅλ-

172 740 259 785 λοις
286 733 344 785 ὥς
373 735 550 791 ἔγκλημα
590 739 648 792 τῷ
685 733 990 791 μετατιθεμένῳ
1028 731 1196 788 ἰσχυρὸν
1234 729 1383 784 ἐδόκει,
1427 729 1531 773 ὥστε
1562 733 1628 773 καὶ

172 805 360 860 ἐκχωρεῖν
403 801 725 859 ἀναγκάζεσθαι·
772 802 869 844 ἀλλῖ
911 796 986 844 οὖν
1020 801 1155 859 ἐκείνῳ
1193 800 1306 855 παρὰ
1335 797 1525 842 τοιούτου
1554 804 1630 841 τοῦ

177 871 253 914 ἀπ’
280 871 452 929 Ἐφέσου
476 869 720 928 Νικηφόρον
750 870 826 925 τὴν
853 867 1154 927 ἀρχιερωσύνην
1182 866 1351 922 λαβόντι
1377 869 1630 923 προσίστατο

121 949 164 982 10
176 939 227 983 ἂν
254 941 310 983 τὰ
336 938 518 995 μεγάλα,
566 938 621 989 ὥς
654 939 701 981 οὗ
730 942 891 993 μᾶλλον
921 941 1069 981 ἐκεῖνον
1100 935 1379 989 καταδικάζειν
1407 936 1432 990 ἢ
1466 934 1629 987 ἔαυτόν,

174 1013 348 1052 τοιαῦτα
374 1008 543 1064 λέγοντι.
613 1007 639 1050 ἃ
658 1007 710 1063 δὴ
730 1009 797 1050 καὶ
817 1007 891 1050 τὸν
910 1010 1245 1062 πατριαρχοῦντα
1267 1003 1359 1047 τότε
1380 1002 1562 1058 λαβόντα
1582 1005 1634 1046 τὰ

174 1076 277 1133 παρ’
300 1077 448 1120 ἐκείνου
467 1073 709 1132 γράμματα,
750 1075 884 1130 ἐπειδὴ
906 1075 976 1118 τὸν
998 1074 1203 1134 Θρᾳκικὸν
1223 1074 1370 1122 ἐκεῖνος
1386 1075 1630 1129 περαιωθεὶς
1651 1081 1682 1115 D

175 1143 397 1200 Βόσπορον
417 1144 495 1199 ἅμ’
516 1145 699 1197 ἐπίβαινε
721 1149 794 1199 τῆς
819 1143 919 1194 νεώς
939 1145 1007 1186 καὶ
1034 1142 1121 1196 ἅμα
1143 1142 1305 1185 τοιαῦτ’
1327 1141 1431 1184 ἄττα
1454 1141 1635 1197 κινητικὰ

175 1213 278 1270 πρὸς
307 1215 552 1268 παραίτησιν
580 1213 775 1269 ἔγραφεν,
814 1214 870 1262 εἷς
898 1212 973 1255 οὐκ
995 1211 1160 1267 ἀγαθὰς
1181 1208 1377 1260 ὖπονοίας
1400 1211 1535 1264 ἐνῆγε,
1566 1212 1635 1252 καὶ

124 1291 166 1327 15
178 1280 233 1332 ὥς
262 1281 335 1324 οὐκ
363 1281 413 1342 ἂν
441 1282 594 1343 ἐκεῖνος·
614 1278 780 1340 τολμῴη
811 1285 984 1324 τοιαῦτα
1006 1277 1176 1336 γράφειν
1196 1280 1263 1321 καὶ
1284 1278 1354 1322 τὸν
1377 1282 1543 1334 πρῶτον
1561 1296 1637 1320 κα-

176 1353 407 1407 θυβρίζειν,
443 1351 478 1393 εἰ
506 1347 566 1405 μή
593 1350 635 1406 y’
665 1350 844 1393 ἄλλοθεν
869 1348 949 1404 εἶχε
976 1348 1023 1392 τὸ
1049 1349 1264 1404 ἐγχωροῦν.
1335 1346 1436 1396 τίως
1457 1347 1502 1389 δὲ
1518 1348 1637 1406 πείρᾳ

177 1419 226 1462 τὸ
253 1423 423 1477 πρᾶγμα
454 1418 596 1467 διδοὺς
630 1418 823 1476 παραυτὰ
850 1418 954 1475 πρὸς
978 1416 1050 1460 τὸν
1081 1415 1252 1471 βασιλέα
1271 1414 1440 1470 πέμπειν
1460 1412 1516 1464 ὥς
1536 1413 1635 1470 εἶχεν
1658 1420 1691 1454 Ε

178 1573 231 1608 sio
253 1572 429 1607 videbatur
451 1575 494 1609 ab
516 1573 692 1609 eminentis
713 1572 828 1609 throni
850 1570 1003 1607 antistite
1026 1573 1204 1617 profecta,
1240 1573 1275 1605 et
1297 1569 1440 1605 maxime
1462 1572 1640 1615 purgatam

180 1620 225 1654 ab
252 1620 339 1652 omni
369 1620 558 1664 suspicione
588 1620 735 1665 partium
766 1621 913 1653 suturam
936 1618 1077 1652 eandem
1101 1621 1175 1652 erat
1198 1622 1476 1657 consentaneum,
1510 1616 1640 1649 idcirco

181 1664 273 1710 quod
297 1675 370 1698 cum
395 1666 556 1700 Arsenius
579 1665 761 1700 Sardensis
785 1664 1026 1698 ordinationem
1050 1664 1229 1697 admittere
1253 1674 1315 1708 pro
1337 1661 1484 1705 legitima
1506 1660 1640 1694 renuis-

179 1714 254 1751 set,
287 1711 397 1755 palam
429 1712 486 1746 hic
516 1713 560 1746 ab
592 1711 780 1745 Arseniaua
814 1711 963 1744 factione
986 1709 1207 1743 alienissimus
1231 1708 1425 1754 putabatur.
1472 1706 1555 1751 quin
1574 1707 1640 1739 hac

179 1757 255 1802 ipsa
275 1767 318 1789 ex
341 1768 444 1790 eausa
466 1758 699 1791 insinuabatur
722 1756 1084 1800 commendabaturque
1107 1756 1278 1789 Germano
1301 1754 1395 1786 velut
1417 1751 1582 1786 sincerum
1606 1756 1643 1786 et

180 1813 223 1836 ex
246 1813 329 1835 vero
352 1802 464 1837 studio
488 1805 678 1848 prefectum
700 1802 875 1836 consilium
897 1801 977 1836 talis
1001 1801 1174 1841 auctoris,
1209 1800 1262 1834 cui
1285 1799 1446 1844 privatim
1469 1798 1554 1831 utile
1577 1809 1641 1842 ap-

180 1852 319 1894 pareret
339 1854 498 1893 perstare
514 1849 552 1883 in
578 1849 812 1895 patriarchatu
836 1849 1063 1888 Germanum,
1097 1859 1117 1881 a
1140 1857 1207 1892 quo
1230 1845 1347 1890 utique
1369 1856 1433 1890 pro
1458 1855 1543 1878 vero
1566 1843 1642 1888 epi-

178 1905 284 1939 scopo
307 1901 559 1937 agnosceretur.
606 1905 714 1940 quare
735 1900 776 1928 ut
796 1894 829 1927 is
849 1899 962 1927 tamen
983 1893 1058 1938 ipse
1079 1898 1198 1926 contra
1220 1891 1377 1936 proprias
1398 1890 1562 1924 utilitates
1585 1900 1642 1922 se·-

180 1951 311 1973 cessum
332 1940 411 1974 inde
433 1941 644 1982 consuleret,
678 1952 787 1986 prona
810 1945 888 1973 erat
909 1940 1103 1973 coniectura
1130 1937 1372 1972 occultioribus
1398 1946 1474 1970 eum
1500 1935 1642 1981 quibus-

180 1986 258 2019 dam
290 1988 329 2019 et
359 1986 504 2021 diversis
535 1988 578 2020 ab
607 1987 650 2020 iis
678 1998 768 2031 quae
790 1986 896 2030 vulgo
918 1985 1145 2029 allegarentur
1166 1981 1354 2018 rationibus
1376 1980 1515 2016 moveri.
1562 1992 1640 2015 nam

180 2030 270 2076 quod
292 2032 336 2065 ab
360 2032 434 2066 aliis
455 2033 566 2077 excipi
588 2032 714 2066 soleret
733 2036 852 2066 contra
876 2032 1081 2066 Germanum
1104 2030 1146 2064 de
1167 2030 1390 2063 translatione
1410 2027 1522 2070 sedis,
1546 2026 1639 2072 apud

180 2077 384 2111 Sardensem
406 2085 608 2112 momentum
630 2079 756 2112 habere
777 2078 903 2112 nullum
925 2077 1138 2111 manifestum
1162 2081 1258 2117 erat,
1292 2085 1366 2108 cum
1390 2074 1477 2106 hunc
1500 2077 1639 2106 consta-

180 2126 236 2156 ret
258 2123 302 2157 ab
325 2135 367 2157 eo
391 2125 585 2169 patriarcha
611 2135 707 2158 suam
736 2124 865 2169 ipsius,
902 2135 1002 2168 quam
1024 2134 1087 2168 pro
1109 2122 1258 2166 legitima
1281 2121 1462 2159 tuebatur,
1502 2118 1639 2151 ordina·-

181 2168 304 2202 tionem
325 2170 518 2213 accepisse,
557 2181 657 2216 quem
679 2181 794 2204 omnes
815 2169 942 2203 scirent
963 2170 1007 2203 ab
1031 2168 1204 2213 Ephesiae
1232 2166 1313 2199 sede
1337 2164 1374 2198 in
1397 2163 1639 2197 Constantino-

181 2213 367 2258 politanam
397 2215 503 2249 ruisse
531 2217 746 2250 translatum.
793 2215 959 2260 quomodo
990 2214 1078 2248 enim
1107 2214 1136 2247 is
1165 2224 1208 2246 ex
1240 2212 1309 2245 ista
1341 2208 1575 2243 translationis
1596 2218 1639 2242 ex

181 2258 478 2304 Adrianopolituno
500 2262 622 2296 throno
645 2273 748 2295 causa
772 2260 935 2295 Germani
958 2258 1199 2306 promotionem
1222 2260 1339 2302 posset
1359 2255 1493 2288 irritam
1514 2255 1642 2288 ducere

181 2304 301 2345 videri,
323 2305 381 2349 qui
404 2306 587 2352 Nicephori
609 2307 787 2341 transitum
811 2318 855 2340 ex
878 2306 1052 2351 Ephesius
1073 2305 1109 2338 in
1131 2302 1390 2350 patriarchalem
1414 2300 1508 2334 urbis
1527 2300 1641 2334 sedem

118 2361 120 2363 ’
183 2361 248 2384 non
279 2350 385 2384 solum
415 2362 477 2396 pro
511 2353 672 2386 canonico
701 2358 910 2396 agnoverat,
946 2352 1007 2385 sed
1036 2352 1136 2384 etiam
1161 2360 1180 2383 a
1202 2347 1263 2382 tali
1284 2351 1428 2392 accepta
1450 2357 1511 2380 sua
1533 2346 1641 2390 ipsius

180 2395 442 2439 inauguratione
464 2397 498 2431 in
521 2398 723 2432 Sardensem
746 2398 884 2439 sedem,
916 2397 1012 2431 cuius
1035 2408 1072 2430 se
1095 2406 1210 2428 verum
1243 2393 1436 2438 iustumque
1457 2392 1641 2437 profitere-

183 2448 241 2475 tur
272 2452 520 2486 possessorem,
550 2443 693 2477 reiicere
723 2444 881 2488 nequiret
912 2443 994 2486 quin
1017 2454 1055 2476 se
1084 2441 1158 2485 ipse
1181 2441 1366 2474 damnaret.
1410 2449 1518 2483 quare
1546 2436 1640 2471 aliud

181 2487 358 2532 quidpiam
376 2487 532 2533 idemque
554 2500 709 2532 magnum
732 2500 797 2533 par
828 2493 905 2523 erat
936 2487 1122 2522 existimari
1152 2485 1282 2520 vidisse
1315 2483 1540 2525 San-denseta,
1576 2493 1644 2528 quo

183 2532 228 2566 ad
257 2538 327 2566 tam
357 2533 562 2579 inopinatam
593 2536 842 2578 suggestionem
874 2534 1114 2578 impelleretur.
1159 2532 1239 2566 talis
1261 2541 1344 2576 ergo
1367 2529 1543 2575 epistolam
1566 2539 1645 2562 sen-

181 2577 311 2612 tentiae
333 2590 422 2624 quae
444 2580 693 2614 abdicationem
718 2580 971 2624 patriarchatus
991 2579 1199 2618 consuleret,
1229 2576 1392 2621 scriptam
1426 2575 1470 2609 ad
1501 2586 1540 2608 se
1573 2578 1646 2607 tra-

183 2623 273 2657 iecto
306 2624 457 2670 Bosporo
488 2637 509 2661 a
540 2637 661 2659 navem
683 2625 727 2659 ad
749 2625 934 2659 discessum
966 2623 1212 2659 oenacendente
1234 2621 1417 2662 Sardemi,
1450 2621 1644 2654 Germanas

184 2668 374 2713 accipiens,
406 2671 443 2705 in
465 2672 660 2717 perplexam
688 2671 861 2715 ingressus
881 2670 1107 2715 suspicionem
1127 2674 1200 2711 est,
1229 2667 1351 2702 merito
1373 2670 1536 2711 reputans
1558 2676 1644 2697 nun-

184 2726 285 2758 quam
306 2716 414 2750 fuisse
434 2711 583 2751 futurum
607 2723 647 2751 ut
667 2716 729 2750 ille
745 2718 888 2750 auderet
919 2717 987 2752 ista
1009 2717 1169 2750 scribere>
1183 2727 1224 2748 ac
1246 2714 1390 2760 primum
1412 2722 1450 2745 se
1473 2715 1646 2744 auctorem

185 2760 277 2793 fem
298 2762 426 2795 consilii
458 2763 691 2797 contumeliosi
721 2763 955 2807 patriarchae,
989 2773 1090 2807 quem
1118 2761 1230 2806 palam
1261 2760 1424 2805 probaret
1451 2756 1646 2801 imperator,

209 2804 217 2812 “
238 2805 251 2838 ἰ
272 2805 350 2840 huic
371 2807 462 2842 haud
483 2808 654 2854 ingratum
676 2808 711 2841 id
736 2819 812 2842 esse
833 2807 1077 2853 perspexisset.
1125 2818 1207 2850 ergo
1239 2804 1501 2850 experimentum
1523 2801 1647 2854 dubiae

186 2851 237 2884 1·ῠί
269 2863 392 2898 capere
422 2860 552 2889 certum
588 2854 725 2897 volens,
763 2853 937 2899 epistolam
965 2865 1039 2889 eam
1071 2852 1188 2888 statim
1211 2851 1255 2886 ad
1275 2851 1513 2895 imperatorem
1531 2846 1645 2889 mittit,
