1884 3262
426 251 502 293 DE
538 250 819 296 MICHAELE
854 253 1240 299 PALAEOLOGO
1278 257 1326 300 L.
1361 256 1440 301 IV.
1575 258 1677 304 259

193 368 270 414 θες
301 363 374 417 ὅν,
419 365 495 408 κᾶν
525 370 577 423 τῇ
607 366 800 428 ἐκκλησία
828 372 1038 412 τελεῖσθαι
1048 388 1081 421 ,·
1110 371 1180 413 καὶ
1208 369 1336 422 αὐτὸς
1356 370 1530 427 ἀθετοιή
1550 370 1673 415 πάλιν
1696 379 1724 413 Β
1759 408 1763 412 ,

194 432 250 483 ὥς
283 431 516 489 αὐτάρκους
544 439 767 486 δοκοῦντος
797 440 874 479 τοῦ
902 440 1115 493 τρισαγίου
1142 437 1219 481 οὖν
1244 444 1305 499 τῷ
1333 439 1589 501 μνημοσῦνῳ
1617 444 1674 492 εἷς

193 502 315 558 εῧχῆς
340 502 621 560 ἐκπλήρωσιν·
656 507 725 548 καὶ
754 508 922 556 δικαίως
947 506 1000 549 ἂν
1028 506 1388 564 ἀπολογησόμενος
1407 512 1528 553 εἶκαὶ
1547 515 1674 555 τοῦτο

191 573 327 628 τελοίη
359 571 469 616 οὕτω
495 578 570 616 τοῦ
600 573 804 628 βασιλέως
833 574 1024 629 ἔχοντος,
1075 580 1165 626 πῶς
1196 575 1250 619 ἂν
1276 579 1444 629 δικαίως
1462 580 1674 635 ἒγκαλοῖτο

158 644 400 697 ὁκαθυᾳεὶς
427 646 503 685 τοῦ
539 641 718 698 παντός,·
762 643 809 687 τὸ
839 645 886 687 δὲ
910 644 1010 695 τοὺς
1040 650 1117 688 τοῦ
1146 646 1329 690 σουλτὰν
1350 648 1415 690 ἐπὶ
1434 652 1494 707 τῷ
1510 652 1675 710 λουτρῷ

190 708 392 753 λούεσθαι
414 711 543 755 αὐτὸν
562 712 638 766 μὲν
656 710 763 768 μήτ’
794 713 941 756 εἷδέναι
962 711 1068 769 μήτε
1094 712 1281 761 κελεύειν.
1351 715 1488 767 ητέως
1505 719 1674 770 δικαίως

190 778 243 822 ἂν
263 780 502 824 ἕκκλειόιντο
522 779 688 824 πάντων
706 782 847 824 ε’κεῖνοι
866 787 951 826 τῶν
972 787 1174 839 λοετρῶν,
1212 784 1290 840 οὐχ
1308 778 1435 839 ἧττον
1457 784 1481 841 ἢ
1501 791 1579 830 τοῦ
1597 793 1674 843 τῆς

189 850 426 904 ἐκκλησίας,
464 848 522 900 ὥς
545 855 627 893 τῶν
644 849 781 894 ἄλλων
800 851 904 908 πρὸς
924 858 1012 903 τοῖς
1029 850 1270 909 χαράγμασι
1295 859 1370 896 τοῦ
1395 860 1583 912 σταυροῦ
1601 859 1670 900 καὶ
1695 857 1726 891 C

191 917 356 962 εἶκόνων
384 917 687 976 εὖμοιροῦντων
722 918 862 976 ἁγίων.
945 923 982 964 εἴ
1012 923 1058 964 δὲ
1083 917 1219 965 τᾶλλα
1250 924 1392 979 σφίσιν
1419 924 1576 968 ἀνεῖται
1604 928 1672 969 καὶ

135 996 179 1030 10
192 986 378 1041 ἀσεβέσιν
408 983 547 1041 οὖσιν,
598 990 654 1038 εἷς
683 990 727 1030 τί
759 994 834 1032 τοῦ
855 995 930 1045 τῆς
948 991 1165 1046 ἐκκλησίας
1182 995 1418 1047 λουτρῶνος
1438 994 1674 1051 ἐκδιωχθή-

188 1073 360 1111 σονται,·
395 1056 444 1100 τὸ
465 1058 511 1099 δὲ
528 1061 588 1114 τῷ
608 1057 789 1100 σουλτάν
811 1060 880 1101 καὶ
901 1067 990 1108 τοῖς
1008 1059 1137 1103 υἱέσιν
1160 1058 1216 1111 ὥς
1280 1065 1518 1117 ’ριστιανοῖς
1537 1081 1672 1121 προσ-

188 1126 393 1182 φέρεσθαι
414 1125 632 1181 ἀρχιερέως
648 1127 724 1180 μέν
743 1133 1060 1184 μαρτυροῦντος
1083 1134 1158 1173 τοῦ
1188 1133 1415 1182 Πισσιδιάς
1440 1130 1672 1177 ἀνεύθυνον

187 1193 325 1249 οἶμαι·
361 1196 397 1238 εἰ
417 1195 462 1238 δ’
484 1194 621 1246 ἄλλως
641 1197 865 1252 ἐλέγχοιντο
884 1197 1069 1252 ἔχοντες,
1108 1199 1261 1243 ε’κειίὀυ
1279 1202 1349 1243 καὶ
1373 1199 1529 1255 μόνου,
1567 1202 1668 1246 ἀλλ’

187 1263 263 1307 οὐκ
289 1263 388 1318 ἔμόν
414 1263 462 1307 τὸ
489 1265 820 1320 πλημμέλημα.”
891 1266 990 1309 ἀλλ’
1020 1268 1096 1323 οὐχ
1133 1269 1254 1312 ἱκανὰ
1284 1273 1420 1313 ταῦτα
1449 1279 1537 1322 τοῖς
1561 1271 1671 1330 ἀμφὶ

132 1342 174 1377 15
187 1333 258 1376 τὸν
275 1333 450 1387 βασιλέα
473 1332 642 1377 ἐδόκουν
660 1335 736 1384 τὰς
756 1334 938 1386 εὐθύνας
961 1338 1175 1387 ἐξελέσθαι
1191 1343 1251 1397 τῷ
1272 1337 1522 1398 πατριάρχῃ,
1560 1340 1669 1384 ἀλλὰ
1692 1344 1725 1379 D

186 1400 364 1446 σύνοδον
380 1402 508 1459 ἤθελε
532 1411 766 1460 συγκροτεῖν
789 1406 832 1455 ἐξ
850 1403 1045 1448 ἁπάντων
1067 1411 1151 1449 τῶν
1173 1406 1394 1463 ἀρχιερέων
1405 1441 1419 1460 ,
1448 1406 1668 1465 παρόντων

187 1473 374 1515 ἐνταῦθα
402 1474 471 1514 καὶ
502 1477 769 1529 πατριαρχῶν
801 1472 902 1526 δύο,
941 1479 1016 1517 τοῦ
1046 1493 1090 1518 τε
1119 1475 1427 1534 Ἀλεξανδρείας
1452 1477 1668 1523 Νικολάου

186 1543 255 1583 καὶ
285 1545 361 1584 τοῦ
388 1540 635 1596 Ἀντιοχείας
652 1541 890 1595 Εὗθυμιόυ.
961 1544 1063 1587 ὅθεν
1087 1547 1153 1588 καὶ
1184 1550 1420 1598 βασιλικαῖς
1439 1551 1671 1603 συλλαβαῖς

184 1611 469 1664 μετεστέλλετο
490 1610 589 1660 τοὺς
607 1610 806 1667 ἀρχιερεῖς
826 1611 1113 1668 πανταχόθεν,
1151 1612 1257 1658 ὥστε
1278 1618 1573 1674 παρῳχηκυιάς
1593 1622 1670 1673 τῆς

129 1678 332 1735 Ξοὲορτῆς
374 1678 665 1735 ἀνυπερθέτως
711 1680 900 1724 ἀπαντᾶν
943 1680 1126 1735 πάντας,
1174 1686 1380 1739 μηδεμιᾶς
1416 1683 1667 1742 προφάσεως

186 1746 509 1807 ἀποχρησούσης
544 1748 647 1807 πρὸς
679 1751 942 1808 παραίτησιν.
1013 1750 1102 1806 ἅμα
1142 1757 1240 1809 γοῦν
1269 1755 1407 1814 τελείῳ
1440 1749 1510 1813 ἦρι
1537 1754 1665 1812 συνή-

183 1941 332 1975 duxisse.
379 1953 495 1976 verum
519 1942 662 1977 eundem
685 1954 724 1978 se
747 1943 783 1978 id
806 1948 930 1990 postea
951 1945 1165 1990 improbasse
1186 1956 1449 1992 revocasseque‚
1471 1947 1562 1992 quod
1587 1949 1663 1982 suf-

182 1988 286 2022 ficere
316 1986 491 2022 videretur
517 1990 695 2033 trisagium
727 2002 801 2024 cum
826 1992 1143 2026 commemoratione
1167 1992 1210 2026 ad
1236 1992 1400 2027 orationis
1425 1994 1662 2039 expletionem.

182 2039 363 2078 praeterea
387 2034 416 2068 si
452 2034 522 2069 alia
550 2035 633 2070 facti
664 2036 763 2071 huius
799 2037 952 2072 defensio
984 2039 1142 2082 deesset,
1180 2038 1239 2072 illa
1259 2050 1300 2073 se
1322 2039 1374 2072 uti
1395 2038 1487 2074 iusta
1509 2041 1663 2083 potuisse

180 2091 283 2125 quam
306 2085 509 2125 suggereret
532 2093 694 2127 praesens
731 2089 842 2117 status
863 2085 1100 2130 imperatoris;
1131 2084 1189 2130 qui
1219 2096 1288 2130 quo
1319 2085 1397 2119 iure
1420 2086 1522 2131 queri
1546 2093 1666 2132 posset

181 2127 353 2161 exclusum
376 2139 414 2161 se
436 2127 604 2172 particula
626 2130 774 2174 quadam
797 2130 1105 2166 ecclesiasticarum
1130 2131 1288 2176 precum,
1324 2134 1505 2176 postquam
1527 2133 1664 2177 patien-

180 2178 237 2206 ter
260 2180 297 2206 et
313 2173 461 2208 demisse
482 2175 711 2220 acquievisset
731 2177 1093 2219 excommunicationi,
1116 2188 1185 2222 qua
1207 2177 1352 2211 omnium
1377 2188 1553 2212 sacrorum
1575 2190 1661 2224 par-

180 2218 383 2264 ticipatione
404 2222 611 2255 arceretur?
634 2222 678 2256 ad
700 2222 853 2257 Sultanis
875 2225 1016 2258 comites
1034 2224 1129 2270 quod
1151 2224 1328 2264 attineret,
1351 2222 1440 2257 lotos
1465 2235 1525 2258 eos
1548 2226 1661 2259 eccle-

180 2265 254 2299 siae
276 2265 398 2299 balneo
420 2267 554 2300 nescire
576 2278 637 2311 se,
672 2280 782 2314 neque
805 2269 842 2302 id
865 2269 1018 2304 iussisse.
1066 2273 1237 2304 caeterum
1259 2269 1289 2302 si
1310 2269 1462 2314 allegata
1484 2270 1575 2305 ratio
1596 2282 1662 2306 va-

180 2312 288 2353 leret,
311 2312 539 2346 excludendos
560 2324 620 2347 eos
642 2325 720 2349 esse
742 2315 875 2350 cunctis
901 2318 1035 2362 pariter
1055 2316 1150 2350 urbis
1173 2315 1316 2358 balneis,
1339 2327 1406 2349 non
1429 2316 1540 2351 minus
1557 2328 1659 2363 quam

178 2358 237 2391 illo
261 2358 352 2403 quod
390 2358 435 2392 ad
463 2359 640 2393 ecclesiam
668 2362 858 2406 pertineret
872 2387 884 2404 ‚
921 2374 996 2397 cum
1020 2362 1110 2397 aliae
1136 2372 1273 2406 quoque
1294 2361 1449 2397 thermae
1464 2387 1475 2404 ‚
1497 2369 1659 2408 praeter-

180 2415 281 2450 quam
305 2404 412 2447 signis
434 2405 546 2439 crucis
567 2405 758 2450 insculptae
786 2408 877 2451 sint,
909 2409 1020 2443 sacris
1053 2408 1155 2442 etiam
1176 2407 1379 2452 imaginibus
1401 2414 1577 2445 ornentur.
1626 2411 1658 2445 si

181 2457 295 2484 autem
318 2450 352 2484 id
375 2462 443 2485 non
464 2452 579 2486 obstat
602 2452 780 2498 quominus
800 2454 858 2497 iis,
878 2454 1097 2500 quantumvis
1122 2465 1227 2488 verae
1247 2453 1421 2499 religionis
1441 2456 1657 2500 expertibus,

180 2508 262 2531 usus
284 2497 503 2542 permittatur
525 2497 667 2533 aliorum
689 2500 920 2544 lavacrorum,
952 2502 1034 2547 quid
1066 2504 1122 2534 est
1155 2511 1217 2535 cur
1238 2501 1450 2546 repellantur
1470 2503 1514 2536 ab
1539 2503 1654 2536 eccle-

181 2544 253 2578 siae
274 2543 423 2578 balneo?
456 2544 603 2588 denique
630 2556 705 2579 cum
727 2546 872 2580 Sultane
904 2550 941 2581 et
964 2547 1038 2581 eius
1060 2546 1138 2581 filiis
1161 2550 1323 2592 tanquam
1346 2558 1423 2581 cum
1446 2548 1654 2582 Christianis

180 2590 294 2635 egisse
313 2589 615 2635 irreprehensibile
636 2591 762 2634 videri,
784 2592 942 2637 quoniam
963 2593 999 2627 id
1023 2597 1165 2628 auctore
1186 2593 1309 2627 idoneo
1331 2594 1465 2634 fecerit,
1478 2595 1652 2640 ,episcopo

180 2635 339 2671 videlicet
361 2637 509 2671 Pisidiae
531 2637 621 2671 tales
650 2637 730 2671 illos
752 2649 830 2672 esse
858 2644 1024 2674 testante.
1065 2639 1187 2685 quodsi
1207 2639 1276 2674 iam
1301 2643 1501 2674 ostendatur
1522 2651 1655 2685 nequa-

179 2693 281 2727 quam
304 2682 398 2728 ipsos
420 2683 527 2717 fuisse
551 2680 789 2726 Christianos,
820 2685 869 2718 illi
897 2685 963 2719 soli
995 2686 1216 2728 ascribenda,
1249 2697 1316 2720 non
1347 2686 1428 2720 mihi
1461 2686 1535 2720 eius
1566 2686 1654 2721 facti

180 2728 282 2773 culpa
299 2730 420 2764 fuerit.
466 2729 527 2764 sed
556 2729 623 2764 hae
651 2730 866 2766 defensiones
897 2731 1096 2778 imperatori
1126 2743 1193 2766 non
1215 2732 1420 2766 videbantur
1439 2731 1653 2767 sufficientes

180 2775 226 2807 ad
248 2775 460 2820 purgandum
481 2776 731 2822 patriarcham:
762 2789 881 2812 verum
904 2778 1060 2813 decrevit
1090 2790 1299 2823 congregare
1320 2779 1484 2823 synodum
1503 2778 1651 2813 omnium

180 2820 391 2864 antistitum,
430 2822 487 2856 cui
517 2822 726 2858 interessent
757 2822 824 2858 duo
863 2825 1101 2870 patriarchae,
1141 2824 1388 2859 Alexandrinus
1419 2823 1586 2858 Nicolaus
1615 2827 1657 2859 et

179 2866 410 2903 Antiochenus
430 2869 646 2914 Euthymius.
691 2869 811 2915 itaque
841 2871 946 2916 regiis
975 2871 1087 2905 literis
1110 2871 1312 2906 convocavit
1334 2870 1486 2915 undique
1508 2881 1654 2915 praesu-

177 2911 228 2946 les
251 2917 292 2947 ut
313 2919 393 2960 post
414 2915 540 2950 festum
562 2915 635 2950 sine
667 2927 763 2951 mora
793 2917 1032 2961 convenirent,
1070 2917 1160 2952 nullo
1187 2921 1372 2962 praetextu
1394 2918 1439 2952 ad
1461 2916 1654 2952 recusatio·
