<?xml version="1.0" encoding="UTF-8"?>
<!DOCTYPE html PUBLIC "-//W3C//DTD XHTML 1.0 Transitional//EN"
    "http://www.w3.org/TR/xhtml1/DTD/xhtml1-transitional.dtd">
<html xmlns="http://www.w3.org/1999/xhtml" xml:lang="en" lang="en">
 <head>
  <title>
</title>
<meta http-equiv="Content-Type" content="text/html;charset=utf-8" />
  <meta name='ocr-system' content='tesseract 3.04.00' />
  <meta name='ocr-capabilities' content='ocr_page ocr_carea ocr_par ocr_line ocrx_word'/>
</head>
<body>
  <div class='ocr_page' id='page_1' title='image "./corpusscriptorum17niebuoft_0223.png"; bbox 0 0 1846 3262; ppageno 0'>
   <div class='ocr_carea' id='block_1_1' title="bbox 428 187 1650 235">
    <p class='ocr_par' dir='ltr' id='par_1_1' title="bbox 428 187 1650 235">
     <span class='ocr_line' id='line_1_1' title="bbox 428 187 1650 235; baseline 0.003 -4"><span class='ocrx_word' id='word_1_1' title='bbox 428 187 506 231; x_wconf 95' lang='lat' dir='ltr'><strong>DE</strong></span> <span class='ocrx_word' id='word_1_2' title='bbox 539 187 819 233; x_wconf 88' lang='lat' dir='ltr'><strong>MICHAELE</strong></span> <span class='ocrx_word' id='word_1_3' title='bbox 851 187 1226 234; x_wconf 84' lang='lat' dir='ltr'><strong>PALAEOLOGO</strong></span> <span class='ocrx_word' id='word_1_4' title='bbox 1256 189 1303 235; x_wconf 92' lang='lat' dir='ltr'><strong>L.</strong></span> <span class='ocrx_word' id='word_1_5' title='bbox 1337 187 1414 233; x_wconf 87' lang='lat' dir='ltr'><strong>III.</strong></span> <span class='ocrx_word' id='word_1_6' title='bbox 1547 190 1650 235; x_wconf 73' lang='lat'><strong>205</strong></span> 
     </span>
    </p>
   </div>
   <div class='ocr_carea' id='block_1_2' title="bbox 109 301 1793 1743">
    <p class='ocr_par' dir='ltr' id='par_1_2' title="bbox 177 301 1702 569">
     <span class='ocr_line' id='line_1_2' title="bbox 180 301 1702 361; baseline 0 -14"><span class='ocrx_word' id='word_1_7' title='bbox 180 301 359 347; x_wconf 77' lang='grc' dir='ltr'><strong><em>ἁλοῦσαι</em></strong></span> <span class='ocrx_word' id='word_1_8' title='bbox 385 308 585 360; x_wconf 74' lang='grc' dir='ltr'><strong><em>φρουροῖς</em></strong></span> <span class='ocrx_word' id='word_1_9' title='bbox 612 301 914 361; x_wconf 72' lang='grc' dir='ltr'><strong><em>ἠσφαλίζοντο,</em></strong></span> <span class='ocrx_word' id='word_1_10' title='bbox 961 304 1029 347; x_wconf 77' lang='grc' dir='ltr'><strong><em>καὶ</em></strong></span> <span class='ocrx_word' id='word_1_11' title='bbox 1055 302 1271 358; x_wconf 88' lang='grc' dir='ltr'><strong><em>Ῥωμαίοις</em></strong></span> <span class='ocrx_word' id='word_1_12' title='bbox 1297 306 1579 360; x_wconf 77' lang='grc' dir='ltr'><strong><em>προσεκτῶντο</em></strong></span> <span class='ocrx_word' id='word_1_13' title='bbox 1606 304 1651 347; x_wconf 80' lang='grc' dir='ltr'><strong><em>αἱ</em></strong></span> <span class='ocrx_word' id='word_1_14' title='bbox 1671 312 1702 346; x_wconf 86' lang='grc' dir='ltr'><strong>Β</strong></span> 
     </span>
     <span class='ocr_line' id='line_1_3' title="bbox 177 366 1653 429; baseline -0.001 -12"><span class='ocrx_word' id='word_1_15' title='bbox 177 372 385 422; x_wconf 83' lang='grc' dir='ltr'><strong><em>Λατίνοις</em></strong></span> <span class='ocrx_word' id='word_1_16' title='bbox 414 369 697 418; x_wconf 78' lang='grc' dir='ltr'><strong><em>δουλεύουσαι.</em></strong></span> <span class='ocrx_word' id='word_1_17' title='bbox 769 374 813 423; x_wconf 74' lang='grc' dir='ltr'><strong>ἐξ</strong></span> <span class='ocrx_word' id='word_1_18' title='bbox 840 366 899 416; x_wconf 79' lang='grc' dir='ltr'><strong>ὧν</strong></span> <span class='ocrx_word' id='word_1_19' title='bbox 931 370 1176 429; x_wconf 79' lang='grc' dir='ltr'><strong><em>ἁλισκομένη</em></strong></span> <span class='ocrx_word' id='word_1_20' title='bbox 1202 374 1277 429; x_wconf 74' lang='grc' dir='ltr'><strong>μὲν</strong></span> <span class='ocrx_word' id='word_1_21' title='bbox 1296 372 1473 429; x_wconf 65' lang='grc' dir='ltr'><strong><em>ἔγνωστο</em></strong></span> <span class='ocrx_word' id='word_1_22' title='bbox 1494 371 1653 426; x_wconf 84' lang='grc' dir='ltr'><strong><em>Νάξος,</em></strong></span> 
     </span>
     <span class='ocr_line' id='line_1_4' title="bbox 180 438 1655 502; baseline 0.002 -19"><span class='ocrx_word' id='word_1_23' title='bbox 180 440 403 497; x_wconf 77' lang='grc' dir='ltr'><strong><em>αἱρουμένη</em></strong></span> <span class='ocrx_word' id='word_1_24' title='bbox 430 441 477 484; x_wconf 80' lang='grc' dir='ltr'><strong>δὲ</strong></span> <span class='ocrx_word' id='word_1_25' title='bbox 502 438 653 498; x_wconf 90' lang='grc' dir='ltr'><strong><em>Πάρος</em></strong></span> <span class='ocrx_word' id='word_1_26' title='bbox 680 438 876 496; x_wconf 72' lang='grc' dir='ltr'><strong><em>ἠκούετο,</em></strong></span> <span class='ocrx_word' id='word_1_27' title='bbox 921 443 990 484; x_wconf 80' lang='grc' dir='ltr'><strong><em>καὶ</em></strong></span> <span class='ocrx_word' id='word_1_28' title='bbox 1020 442 1142 491; x_wconf 87' lang='grc' dir='ltr'><strong><em>Κέως</em></strong></span> <span class='ocrx_word' id='word_1_29' title='bbox 1170 443 1240 484; x_wconf 80' lang='grc' dir='ltr'><strong><em>καὶ</em></strong></span> <span class='ocrx_word' id='word_1_30' title='bbox 1271 440 1496 499; x_wconf 82' lang='grc' dir='ltr'><strong><em>Κάρυστος</em></strong></span> <span class='ocrx_word' id='word_1_31' title='bbox 1524 441 1655 502; x_wconf 75' lang='grc' dir='ltr'><strong><em>Ὠρεῷ</em></strong></span> 
     </span>
     <span class='ocr_line' id='line_1_5' title="bbox 178 507 1652 569; baseline 0.002 -17"><span class='ocrx_word' id='word_1_32' title='bbox 178 509 285 552; x_wconf 84' lang='grc' dir='ltr'><strong><em>κατὰ</em></strong></span> <span class='ocrx_word' id='word_1_33' title='bbox 314 509 485 567; x_wconf 72' lang='grc' dir='ltr'><strong><em>καιροὺς</em></strong></span> <span class='ocrx_word' id='word_1_34' title='bbox 507 511 638 560; x_wconf 78' lang='grc' dir='ltr'><strong><em>ἰδίους</em></strong></span> <span class='ocrx_word' id='word_1_35' title='bbox 660 507 1049 565; x_wconf 83' lang='grc' dir='ltr'><strong><em>συνελαμβάνοντο,</em></strong></span> <span class='ocrx_word' id='word_1_36' title='bbox 1086 511 1154 552; x_wconf 82' lang='grc' dir='ltr'><strong><em>καὶ</em></strong></span> <span class='ocrx_word' id='word_1_37' title='bbox 1175 510 1251 553; x_wconf 74' lang='grc' dir='ltr'><strong>σὺν</strong></span> <span class='ocrx_word' id='word_1_38' title='bbox 1274 510 1416 562; x_wconf 68' lang='grc' dir='ltr'><strong><em>ἄλλοις</em></strong></span> <span class='ocrx_word' id='word_1_39' title='bbox 1436 511 1543 569; x_wconf 73' lang='grc' dir='ltr'><strong><em>ἄκρα</em></strong></span> <span class='ocrx_word' id='word_1_40' title='bbox 1562 515 1652 555; x_wconf 86' lang='grc' dir='ltr'><strong>Πε-</strong></span> 
     </span>
    </p>

    <p class='ocr_par' dir='ltr' id='par_1_3' title="bbox 143 576 1652 704">
     <span class='ocr_line' id='line_1_6' title="bbox 143 576 1652 637; baseline 0.002 -16"><span class='ocrx_word' id='word_1_41' title='bbox 143 576 433 635; x_wconf 80' lang='grc' dir='ltr'><strong><em>5λοποννῆσου</em></strong></span> <span class='ocrx_word' id='word_1_42' title='bbox 473 579 582 636; x_wconf 78' lang='grc' dir='ltr'><strong><em>ἀμφὶ</em></strong></span> <span class='ocrx_word' id='word_1_43' title='bbox 608 581 915 635; x_wconf 81' lang='grc' dir='ltr'><strong><em>Μονεμβασίαν</em></strong></span> <span class='ocrx_word' id='word_1_44' title='bbox 952 579 1030 623; x_wconf 72' lang='grc' dir='ltr'><strong>σὺν</strong></span> <span class='ocrx_word' id='word_1_45' title='bbox 1058 576 1235 637; x_wconf 81' lang='grc' dir='ltr'><strong><em>Σπάρτῃ</em></strong></span> <span class='ocrx_word' id='word_1_46' title='bbox 1267 581 1337 623; x_wconf 81' lang='grc' dir='ltr'><strong><em>καὶ</em></strong></span> <span class='ocrx_word' id='word_1_47' title='bbox 1360 581 1652 637; x_wconf 81' lang='grc' dir='ltr'><strong><em>Λακεδαίμονι</em></strong></span> 
     </span>
     <span class='ocr_line' id='line_1_7' title="bbox 172 644 699 704; baseline 0.002 -14"><span class='ocrx_word' id='word_1_48' title='bbox 172 645 254 691; x_wconf 72' lang='grc' dir='ltr'><strong><em>ὕπὸ</em></strong></span> <span class='ocrx_word' id='word_1_49' title='bbox 272 646 488 700; x_wconf 87' lang='grc' dir='ltr'><strong><em>Ῥωμαίοις</em></strong></span> <span class='ocrx_word' id='word_1_50' title='bbox 504 644 699 704; x_wconf 58' lang='grc' dir='ltr'><strong><em>ἐγένοντο,</em></strong></span> 
     </span>
    </p>

    <p class='ocr_par' dir='ltr' id='par_1_4' title="bbox 172 714 1793 914">
     <span class='ocr_line' id='line_1_8' title="bbox 259 714 1793 778; baseline 0.003 -20"><span class='ocrx_word' id='word_1_51' title='bbox 259 756 261 758; x_wconf 74' lang='grc'><strong><em>,</em></strong></span> <span class='ocrx_word' id='word_1_52' title='bbox 315 718 393 763; x_wconf 87' lang='grc'><strong>16.</strong></span> <span class='ocrx_word' id='word_1_53' title='bbox 469 715 577 760; x_wconf 86' lang='grc' dir='ltr'><strong><em>Τότε</em></strong></span> <span class='ocrx_word' id='word_1_54' title='bbox 595 718 734 760; x_wconf 78' lang='grc' dir='ltr'><strong><em>τοίνυν</em></strong></span> <span class='ocrx_word' id='word_1_55' title='bbox 750 723 838 766; x_wconf 82' lang='grc' dir='ltr'><strong><em>τοῖς</em></strong></span> <span class='ocrx_word' id='word_1_56' title='bbox 857 714 1053 774; x_wconf 75' lang='grc' dir='ltr'><strong><em>ἀδελφοῖς</em></strong></span> <span class='ocrx_word' id='word_1_57' title='bbox 1071 716 1293 773; x_wconf 72' lang='grc' dir='ltr'><strong><em>ἐγχειρίσας</em></strong></span> <span class='ocrx_word' id='word_1_58' title='bbox 1309 716 1363 760; x_wconf 78' lang='grc' dir='ltr'><strong><em>τὰ</em></strong></span> <span class='ocrx_word' id='word_1_59' title='bbox 1382 714 1530 760; x_wconf 86' lang='grc' dir='ltr'><strong><em>δυσικά</em></strong></span> <span class='ocrx_word' id='word_1_60' title='bbox 1541 751 1555 772; x_wconf 88' lang='grc'><strong><em>,</em></strong></span> <span class='ocrx_word' id='word_1_61' title='bbox 1588 723 1648 778; x_wconf 77' lang='grc' dir='ltr'><strong><em>τῷ</em></strong></span> <span class='ocrx_word' id='word_1_62' title='bbox 1672 726 1702 762; x_wconf 88' lang='grc' dir='ltr'>Ρ</span> <span class='ocrx_word' id='word_1_63' title='bbox 1728 725 1793 762; x_wconf 83' lang='grc'><strong>137</strong></span> 
     </span>
     <span class='ocr_line' id='line_1_9' title="bbox 172 783 1650 844; baseline 0.002 -16"><span class='ocrx_word' id='word_1_64' title='bbox 172 785 248 840; x_wconf 73' lang='grc' dir='ltr'><strong>μέν</strong></span> <span class='ocrx_word' id='word_1_65' title='bbox 278 783 458 843; x_wconf 78' lang='grc' dir='ltr'><strong><em>δεσπότῃ</em></strong></span> <span class='ocrx_word' id='word_1_66' title='bbox 479 783 650 844; x_wconf 81' lang='grc' dir='ltr'><strong><em>Ἰωάννῃ</em></strong></span> <span class='ocrx_word' id='word_1_67' title='bbox 670 786 747 836; x_wconf 84' lang='grc' dir='ltr'><strong>τὰς</strong></span> <span class='ocrx_word' id='word_1_68' title='bbox 768 785 1013 836; x_wconf 79' lang='grc' dir='ltr'><strong><em>ἀνατολικᾶς</em></strong></span> <span class='ocrx_word' id='word_1_69' title='bbox 1037 785 1254 843; x_wconf 77' lang='grc' dir='ltr'><strong><em>παραδοὺς</em></strong></span> <span class='ocrx_word' id='word_1_70' title='bbox 1272 784 1467 839; x_wconf 86' lang='grc' dir='ltr'><strong><em>δυνάμεις</em></strong></span> <span class='ocrx_word' id='word_1_71' title='bbox 1484 785 1650 842; x_wconf 82' lang='grc' dir='ltr'><strong><em>συνάμα</em></strong></span> 
     </span>
     <span class='ocr_line' id='line_1_10' title="bbox 172 854 1651 914; baseline 0.002 -17"><span class='ocrx_word' id='word_1_72' title='bbox 172 858 233 914; x_wconf 80' lang='grc' dir='ltr'><strong><em>τῷ</em></strong></span> <span class='ocrx_word' id='word_1_73' title='bbox 253 859 450 914; x_wconf 71' lang='grc' dir='ltr'><strong><em>Σκυθικῷ</em></strong></span> <span class='ocrx_word' id='word_1_74' title='bbox 475 855 529 898; x_wconf 80' lang='grc' dir='ltr'><strong><em>τὰ</em></strong></span> <span class='ocrx_word' id='word_1_75' title='bbox 550 855 655 898; x_wconf 81' lang='grc' dir='ltr'><strong><em>κατὰ</em></strong></span> <span class='ocrx_word' id='word_1_76' title='bbox 675 859 751 912; x_wconf 80' lang='grc' dir='ltr'><strong>γῆν</strong></span> <span class='ocrx_word' id='word_1_77' title='bbox 771 854 1023 911; x_wconf 85' lang='grc' dir='ltr'><strong><em>προσέταττε</em></strong></span> <span class='ocrx_word' id='word_1_78' title='bbox 1049 855 1254 910; x_wconf 87' lang='grc' dir='ltr'><strong><em>μετιέναι,</em></strong></span> <span class='ocrx_word' id='word_1_79' title='bbox 1290 857 1359 898; x_wconf 81' lang='grc' dir='ltr'><strong><em>καὶ</em></strong></span> <span class='ocrx_word' id='word_1_80' title='bbox 1385 855 1438 898; x_wconf 81' lang='grc' dir='ltr'><strong><em>τὰ</em></strong></span> <span class='ocrx_word' id='word_1_81' title='bbox 1470 861 1554 900; x_wconf 84' lang='grc' dir='ltr'><strong>τῶν</strong></span> <span class='ocrx_word' id='word_1_82' title='bbox 1570 856 1651 900; x_wconf 85' lang='grc' dir='ltr'><strong><em>Ἰλ-</em></strong></span> 
     </span>
    </p>

    <p class='ocr_par' dir='ltr' id='par_1_5' title="bbox 111 923 1698 1257">
     <span class='ocr_line' id='line_1_11' title="bbox 111 923 1649 983; baseline 0.003 -18"><span class='ocrx_word' id='word_1_83' title='bbox 111 931 162 976; x_wconf 38' lang='lat'><strong>,10</strong></span> <span class='ocrx_word' id='word_1_84' title='bbox 174 927 327 980; x_wconf 85' lang='grc' dir='ltr'><strong><em>λυριῶν</em></strong></span> <span class='ocrx_word' id='word_1_85' title='bbox 357 923 553 978; x_wconf 78' lang='grc' dir='ltr'><strong><em>μεθέπειν</em></strong></span> <span class='ocrx_word' id='word_1_86' title='bbox 589 925 656 967; x_wconf 78' lang='grc' dir='ltr'><strong><em>καὶ</em></strong></span> <span class='ocrx_word' id='word_1_87' title='bbox 698 927 968 980; x_wconf 82' lang='grc' dir='ltr'><strong><em>Τριβαλλῶν,</em></strong></span> <span class='ocrx_word' id='word_1_88' title='bbox 1013 925 1081 966; x_wconf 82' lang='grc' dir='ltr'><strong><em>καὶ</em></strong></span> <span class='ocrx_word' id='word_1_89' title='bbox 1108 924 1162 967; x_wconf 80' lang='grc' dir='ltr'><strong><em>τὰ</em></strong></span> <span class='ocrx_word' id='word_1_90' title='bbox 1188 928 1264 966; x_wconf 83' lang='grc' dir='ltr'><strong><em>τοῦ</em></strong></span> <span class='ocrx_word' id='word_1_91' title='bbox 1291 927 1474 980; x_wconf 82' lang='grc' dir='ltr'><strong><em>Πηνειοῦ</em></strong></span> <span class='ocrx_word' id='word_1_92' title='bbox 1504 925 1649 983; x_wconf 86' lang='grc' dir='ltr'><strong><em>πέραν,</em></strong></span> 
     </span>
     <span class='ocr_line' id='line_1_12' title="bbox 169 990 1648 1052; baseline 0.002 -17"><span class='ocrx_word' id='word_1_93' title='bbox 169 992 247 1047; x_wconf 87' lang='grc' dir='ltr'><strong>τὴν</strong></span> <span class='ocrx_word' id='word_1_94' title='bbox 268 993 380 1042; x_wconf 82' lang='grc' dir='ltr'><strong><em>ῗδίως</em></strong></span> <span class='ocrx_word' id='word_1_95' title='bbox 392 990 571 1035; x_wconf 87' lang='grc' dir='ltr'><strong><em>Ἑλλάδα</em></strong></span> <span class='ocrx_word' id='word_1_96' title='bbox 590 993 831 1049; x_wconf 73' lang='grc' dir='ltr'><strong><em>λεγομένην,</em></strong></span> <span class='ocrx_word' id='word_1_97' title='bbox 864 993 1149 1050; x_wconf 83' lang='grc' dir='ltr'><strong><em>κατατρέχειν,</em></strong></span> <span class='ocrx_word' id='word_1_98' title='bbox 1185 997 1245 1052; x_wconf 78' lang='grc' dir='ltr'><strong><em>τῷ</em></strong></span> <span class='ocrx_word' id='word_1_99' title='bbox 1273 991 1452 1052; x_wconf 80' lang='grc' dir='ltr'><strong><em>δεσπότῃ</em></strong></span> <span class='ocrx_word' id='word_1_100' title='bbox 1470 995 1648 1051; x_wconf 83' lang='grc' dir='ltr'><strong><em>Μιχαὴλ</em></strong></span> 
     </span>
     <span class='ocr_line' id='line_1_13' title="bbox 169 1057 1648 1121; baseline 0.001 -16"><span class='ocrx_word' id='word_1_101' title='bbox 169 1065 452 1114; x_wconf 84' lang='grc' dir='ltr'><strong><em>πολεμοῦντα·</em></strong></span> <span class='ocrx_word' id='word_1_102' title='bbox 489 1061 586 1104; x_wconf 70' lang='grc' dir='ltr'><strong><em>οὐδὲ</em></strong></span> <span class='ocrx_word' id='word_1_103' title='bbox 607 1062 686 1120; x_wconf 76' lang='grc' dir='ltr'><strong>γὰρ</strong></span> <span class='ocrx_word' id='word_1_104' title='bbox 704 1057 756 1117; x_wconf 77' lang='grc' dir='ltr'><strong>ἦν</strong></span> <span class='ocrx_word' id='word_1_105' title='bbox 777 1061 892 1121; x_wconf 75' lang='grc' dir='ltr'><strong><em>αὐτῷ</em></strong></span> <span class='ocrx_word' id='word_1_106' title='bbox 921 1063 1254 1121; x_wconf 74' lang='grc' dir='ltr'><strong><em>προφασίζεσθαι</em></strong></span> <span class='ocrx_word' id='word_1_107' title='bbox 1275 1061 1339 1105; x_wconf 86' lang='grc' dir='ltr'><strong>ὅτι</strong></span> <span class='ocrx_word' id='word_1_108' title='bbox 1366 1062 1447 1114; x_wconf 69' lang='grc' dir='ltr'><strong>ἔξω</strong></span> <span class='ocrx_word' id='word_1_109' title='bbox 1468 1081 1549 1107; x_wconf 89' lang='grc' dir='ltr'><strong>που</strong></span> <span class='ocrx_word' id='word_1_110' title='bbox 1572 1069 1648 1119; x_wconf 80' lang='grc' dir='ltr'><strong>τῆς</strong></span> 
     </span>
     <span class='ocr_line' id='line_1_14' title="bbox 168 1128 1698 1191; baseline 0.003 -19"><span class='ocrx_word' id='word_1_111' title='bbox 168 1130 369 1187; x_wconf 84' lang='grc' dir='ltr'><strong><em>πατρίδος</em></strong></span> <span class='ocrx_word' id='word_1_112' title='bbox 398 1128 517 1180; x_wconf 71' lang='grc' dir='ltr'><strong><em>ὄντος</em></strong></span> <span class='ocrx_word' id='word_1_113' title='bbox 548 1134 623 1174; x_wconf 82' lang='grc' dir='ltr'><strong><em>τοῦ</em></strong></span> <span class='ocrx_word' id='word_1_114' title='bbox 650 1131 855 1185; x_wconf 79' lang='grc' dir='ltr'><strong><em>βασιλέως</em></strong></span> <span class='ocrx_word' id='word_1_115' title='bbox 884 1130 1076 1174; x_wconf 81' lang='grc' dir='ltr'><strong><em>δικαιοΐτ’</em></strong></span> <span class='ocrx_word' id='word_1_116' title='bbox 1098 1130 1150 1174; x_wconf 73' lang='grc' dir='ltr'><strong>ἂν</strong></span> <span class='ocrx_word' id='word_1_117' title='bbox 1168 1130 1352 1182; x_wconf 79' lang='grc' dir='ltr'><strong><em>κάκεῖνος</em></strong></span> <span class='ocrx_word' id='word_1_118' title='bbox 1370 1131 1422 1175; x_wconf 80' lang='grc' dir='ltr'><strong>τοὶ</strong></span> <span class='ocrx_word' id='word_1_119' title='bbox 1444 1132 1549 1191; x_wconf 84' lang='grc' dir='ltr'><strong><em>μέρη</em></strong></span> <span class='ocrx_word' id='word_1_120' title='bbox 1567 1151 1644 1176; x_wconf 85' lang='grc' dir='ltr'><strong><em>κα-</em></strong></span> <span class='ocrx_word' id='word_1_121' title='bbox 1666 1146 1698 1181; x_wconf 88' lang='grc' dir='ltr'>Β</span> 
     </span>
     <span class='ocr_line' id='line_1_15' title="bbox 167 1198 1646 1257; baseline 0.003 -16"><span class='ocrx_word' id='word_1_122' title='bbox 167 1198 308 1254; x_wconf 87' lang='grc' dir='ltr'><strong><em>τέχειν.</em></strong></span> <span class='ocrx_word' id='word_1_123' title='bbox 356 1198 430 1242; x_wconf 78' lang='grc' dir='ltr'><strong>τὸν</strong></span> <span class='ocrx_word' id='word_1_124' title='bbox 452 1199 500 1242; x_wconf 86' lang='grc' dir='ltr'><strong>δέ</strong></span> <span class='ocrx_word' id='word_1_125' title='bbox 515 1217 557 1256; x_wconf 84' lang='grc' dir='ltr'><strong>γε</strong></span> <span class='ocrx_word' id='word_1_126' title='bbox 577 1198 944 1257; x_wconf 83' lang='grc' dir='ltr'><strong><em>σεβαστοκράτορα</em></strong></span> <span class='ocrx_word' id='word_1_127' title='bbox 964 1203 1285 1244; x_wconf 84' lang='grc' dir='ltr'><strong><em>Κωνσταντΐνον</em></strong></span> <span class='ocrx_word' id='word_1_128' title='bbox 1301 1202 1447 1244; x_wconf 75' lang='grc' dir='ltr'><strong><em>ναυσὶν</em></strong></span> <span class='ocrx_word' id='word_1_129' title='bbox 1466 1201 1646 1257; x_wconf 74' lang='grc' dir='ltr'><strong><em>ἐμβιβά-</em></strong></span> 
     </span>
    </p>

    <p class='ocr_par' dir='ltr' id='par_1_6' title="bbox 114 1267 1646 1604">
     <span class='ocr_line' id='line_1_16' title="bbox 114 1267 1645 1330; baseline 0.003 -18"><span class='ocrx_word' id='word_1_130' title='bbox 114 1276 157 1312; x_wconf 86' lang='grc'><strong>15</strong></span> <span class='ocrx_word' id='word_1_131' title='bbox 170 1282 249 1318; x_wconf 89' lang='grc' dir='ltr'><strong>σας</strong></span> <span class='ocrx_word' id='word_1_132' title='bbox 273 1267 339 1310; x_wconf 70' lang='grc' dir='ltr'><strong><em>ἐπὶ</em></strong></span> <span class='ocrx_word' id='word_1_133' title='bbox 368 1270 675 1323; x_wconf 84' lang='grc' dir='ltr'><strong><em>Μονεμβασιάς</em></strong></span> <span class='ocrx_word' id='word_1_134' title='bbox 702 1269 914 1324; x_wconf 73' lang='grc' dir='ltr'><strong><em>ἐκπέμπει,</em></strong></span> <span class='ocrx_word' id='word_1_135' title='bbox 953 1269 1169 1327; x_wconf 76' lang='grc' dir='ltr'><strong><em>παραδούς</em></strong></span> <span class='ocrx_word' id='word_1_136' title='bbox 1196 1269 1364 1330; x_wconf 75' lang='grc' dir='ltr'><strong><em>κάκείνῳ</em></strong></span> <span class='ocrx_word' id='word_1_137' title='bbox 1398 1269 1496 1314; x_wconf 80' lang='grc' dir='ltr'><strong><em>ὅσον</em></strong></span> <span class='ocrx_word' id='word_1_138' title='bbox 1522 1267 1575 1327; x_wconf 79' lang='grc' dir='ltr'><strong>ἦν</strong></span> <span class='ocrx_word' id='word_1_139' title='bbox 1600 1273 1645 1316; x_wconf 70' lang='grc' dir='ltr'><strong>ἐκ</strong></span> 
     </span>
     <span class='ocr_line' id='line_1_17' title="bbox 167 1335 1645 1397; baseline 0.001 -15"><span class='ocrx_word' id='word_1_140' title='bbox 167 1337 430 1393; x_wconf 82' lang='grc' dir='ltr'><strong><em>Μαγεδῶνος</em></strong></span> <span class='ocrx_word' id='word_1_141' title='bbox 445 1335 684 1392; x_wconf 87' lang='grc' dir='ltr'><strong><em>Ῥωμαίων,</em></strong></span> <span class='ocrx_word' id='word_1_142' title='bbox 721 1340 789 1381; x_wconf 82' lang='grc' dir='ltr'><strong><em>καὶ</em></strong></span> <span class='ocrx_word' id='word_1_143' title='bbox 810 1338 858 1381; x_wconf 85' lang='grc' dir='ltr'><strong><em>τὸ</em></strong></span> <span class='ocrx_word' id='word_1_144' title='bbox 878 1339 1086 1394; x_wconf 84' lang='grc' dir='ltr'><strong><em>Περσικὸν</em></strong></span> <span class='ocrx_word' id='word_1_145' title='bbox 1104 1337 1216 1382; x_wconf 81' lang='grc' dir='ltr'><strong><em>ἅπαν</em></strong></span> <span class='ocrx_word' id='word_1_146' title='bbox 1231 1353 1241 1363; x_wconf 90' lang='grc'><em>·</em></span> <span class='ocrx_word' id='word_1_147' title='bbox 1276 1338 1325 1382; x_wconf 84' lang='grc' dir='ltr'><strong><em>τὸ</em></strong></span> <span class='ocrx_word' id='word_1_148' title='bbox 1348 1339 1427 1397; x_wconf 80' lang='grc' dir='ltr'><strong>γὰρ</strong></span> <span class='ocrx_word' id='word_1_149' title='bbox 1446 1339 1645 1385; x_wconf 83' lang='grc' dir='ltr'><strong><em>Ἰταλικὸν</em></strong></span> 
     </span>
     <span class='ocr_line' id='line_1_18' title="bbox 165 1403 1643 1466; baseline 0.005 -18"><span class='ocrx_word' id='word_1_150' title='bbox 165 1405 225 1461; x_wconf 91' lang='grc' dir='ltr'><strong><em>μὴ</em></strong></span> <span class='ocrx_word' id='word_1_151' title='bbox 263 1403 444 1462; x_wconf 78' lang='grc' dir='ltr'><strong><em>ἁρμόζον</em></strong></span> <span class='ocrx_word' id='word_1_152' title='bbox 483 1407 589 1463; x_wconf 82' lang='grc' dir='ltr'><strong><em>πρὸς</em></strong></span> <span class='ocrx_word' id='word_1_153' title='bbox 623 1404 763 1462; x_wconf 80' lang='grc' dir='ltr'><strong><em>μάχην</em></strong></span> <span class='ocrx_word' id='word_1_154' title='bbox 794 1406 996 1462; x_wconf 76' lang='grc' dir='ltr'><strong><em>Ἰταλικὴν</em></strong></span> <span class='ocrx_word' id='word_1_155' title='bbox 1034 1405 1055 1450; x_wconf 83' lang='grc' dir='ltr'>ὃ</span> <span class='ocrx_word' id='word_1_156' title='bbox 1099 1404 1303 1463; x_wconf 79' lang='grc' dir='ltr'><strong><em>δεσπότης</em></strong></span> <span class='ocrx_word' id='word_1_157' title='bbox 1335 1409 1643 1466; x_wconf 77' lang='grc' dir='ltr'><strong><em>συνεπεφέρετο.</em></strong></span> 
     </span>
     <span class='ocr_line' id='line_1_19' title="bbox 167 1473 1644 1534; baseline 0.005 -19"><span class='ocrx_word' id='word_1_158' title='bbox 167 1477 353 1528; x_wconf 76' lang='grc' dir='ltr'><strong><em>συνῆσαν</em></strong></span> <span class='ocrx_word' id='word_1_159' title='bbox 372 1475 416 1517; x_wconf 78' lang='grc' dir='ltr'><strong>δὲ</strong></span> <span class='ocrx_word' id='word_1_160' title='bbox 433 1479 492 1533; x_wconf 79' lang='grc' dir='ltr'><strong><em>τῷ</em></strong></span> <span class='ocrx_word' id='word_1_161' title='bbox 509 1476 585 1530; x_wconf 74' lang='grc' dir='ltr'><strong>μὲν</strong></span> <span class='ocrx_word' id='word_1_162' title='bbox 605 1473 783 1532; x_wconf 83' lang='grc' dir='ltr'><strong><em>δεσπότῃ</em></strong></span> <span class='ocrx_word' id='word_1_163' title='bbox 801 1477 946 1518; x_wconf 79' lang='grc' dir='ltr'><strong><em>πολλοὶ</em></strong></span> <span class='ocrx_word' id='word_1_164' title='bbox 962 1475 1037 1530; x_wconf 77' lang='grc' dir='ltr'><strong>μὲν</strong></span> <span class='ocrx_word' id='word_1_165' title='bbox 1058 1477 1126 1518; x_wconf 80' lang='grc' dir='ltr'><strong><em>καὶ</em></strong></span> <span class='ocrx_word' id='word_1_166' title='bbox 1148 1476 1266 1519; x_wconf 79' lang='grc' dir='ltr'><strong><em>ἄλλοι</em></strong></span> <span class='ocrx_word' id='word_1_167' title='bbox 1287 1480 1372 1520; x_wconf 84' lang='grc' dir='ltr'><strong>τῶν</strong></span> <span class='ocrx_word' id='word_1_168' title='bbox 1388 1476 1644 1534; x_wconf 83' lang='grc' dir='ltr'><strong><em>μεγιστάνων</em></strong></span> 
     </span>
     <span class='ocr_line' id='line_1_20' title="bbox 166 1540 1646 1604; baseline 0.005 -20"><span class='ocrx_word' id='word_1_169' title='bbox 166 1543 236 1585; x_wconf 84' lang='grc' dir='ltr'><strong><em>καὶ</em></strong></span> <span class='ocrx_word' id='word_1_170' title='bbox 269 1540 291 1585; x_wconf 83' lang='grc' dir='ltr'><em>ὃ</em></span> <span class='ocrx_word' id='word_1_171' title='bbox 318 1543 661 1599; x_wconf 85' lang='grc' dir='ltr'><strong><em>Καντακουζηνός</em></strong></span> <span class='ocrx_word' id='word_1_172' title='bbox 690 1543 868 1599; x_wconf 84' lang='grc' dir='ltr'><strong><em>Μιχαὴλ</em></strong></span> <span class='ocrx_word' id='word_1_173' title='bbox 893 1541 914 1587; x_wconf 81' lang='grc' dir='ltr'><em>ὃ</em></span> <span class='ocrx_word' id='word_1_174' title='bbox 938 1545 1005 1586; x_wconf 80' lang='grc' dir='ltr'><strong><em>καὶ</em></strong></span> <span class='ocrx_word' id='word_1_175' title='bbox 1023 1543 1150 1601; x_wconf 80' lang='grc' dir='ltr'><strong><em>μέγας</em></strong></span> <span class='ocrx_word' id='word_1_176' title='bbox 1172 1546 1215 1588; x_wconf 75' lang='grc' dir='ltr'><strong>ἓν</strong></span> <span class='ocrx_word' id='word_1_177' title='bbox 1236 1543 1397 1604; x_wconf 78' lang='grc' dir='ltr'><strong><em>ὖστέρῳ</em></strong></span> <span class='ocrx_word' id='word_1_178' title='bbox 1417 1552 1646 1591; x_wconf 82' lang='grc' dir='ltr'><strong><em>κονοσταῦ-</em></strong></span> 
     </span>
    </p>

    <p class='ocr_par' dir='ltr' id='par_1_7' title="bbox 109 1611 1696 1743">
     <span class='ocr_line' id='line_1_21' title="bbox 109 1611 1696 1674; baseline 0.003 -20"><span class='ocrx_word' id='word_1_179' title='bbox 109 1614 261 1664; x_wconf 68' lang='grc' dir='ltr'><strong><em>Ξολος,</em></strong></span> <span class='ocrx_word' id='word_1_180' title='bbox 300 1612 341 1654; x_wconf 82' lang='grc' dir='ltr'><strong>οἶ</strong></span> <span class='ocrx_word' id='word_1_181' title='bbox 366 1611 527 1668; x_wconf 77' lang='grc' dir='ltr'><strong><em>ἀνεψιοὶ</em></strong></span> <span class='ocrx_word' id='word_1_182' title='bbox 555 1613 707 1656; x_wconf 75' lang='grc' dir='ltr'><strong><em>ἐκείνου</em></strong></span> <span class='ocrx_word' id='word_1_183' title='bbox 737 1617 1072 1670; x_wconf 83' lang='grc' dir='ltr'><strong><em>Ταρχανειῶται,</em></strong></span> <span class='ocrx_word' id='word_1_184' title='bbox 1102 1615 1169 1656; x_wconf 79' lang='grc' dir='ltr'><strong><em>καὶ</em></strong></span> <span class='ocrx_word' id='word_1_185' title='bbox 1194 1612 1312 1657; x_wconf 69' lang='grc' dir='ltr'><strong><em>ἄλλοι</em></strong></span> <span class='ocrx_word' id='word_1_186' title='bbox 1339 1616 1480 1674; x_wconf 82' lang='grc' dir='ltr'><strong><em>συχνοὶ</em></strong></span> <span class='ocrx_word' id='word_1_187' title='bbox 1501 1616 1545 1658; x_wconf 75' lang='grc' dir='ltr'><strong>ἐκ</strong></span> <span class='ocrx_word' id='word_1_188' title='bbox 1565 1621 1641 1672; x_wconf 84' lang='grc' dir='ltr'><strong>τῆς</strong></span> <span class='ocrx_word' id='word_1_189' title='bbox 1663 1627 1696 1662; x_wconf 84' lang='lat' dir='ltr'><strong>c</strong></span> 
     </span>
     <span class='ocr_line' id='line_1_22' title="bbox 165 1677 1641 1743; baseline 0.004 -20"><span class='ocrx_word' id='word_1_190' title='bbox 165 1677 324 1731; x_wconf 77' lang='grc' dir='ltr'><strong><em>δόσεως</em></strong></span> <span class='ocrx_word' id='word_1_191' title='bbox 353 1685 412 1741; x_wconf 79' lang='grc' dir='ltr'><strong><em>τῷ</em></strong></span> <span class='ocrx_word' id='word_1_192' title='bbox 440 1685 609 1736; x_wconf 83' lang='grc' dir='ltr'><strong><em>βασιλεῖ</em></strong></span> <span class='ocrx_word' id='word_1_193' title='bbox 638 1679 1031 1739; x_wconf 82' lang='grc' dir='ltr'><strong><em>προσχωρήσαντες,</em></strong></span> <span class='ocrx_word' id='word_1_194' title='bbox 1067 1686 1127 1742; x_wconf 72' lang='grc' dir='ltr'><strong><em>τῷ</em></strong></span> <span class='ocrx_word' id='word_1_195' title='bbox 1149 1682 1199 1725; x_wconf 89' lang='grc' dir='ltr'><strong>δέ</strong></span> <span class='ocrx_word' id='word_1_196' title='bbox 1220 1699 1263 1738; x_wconf 86' lang='grc' dir='ltr'><strong>γε</strong></span> <span class='ocrx_word' id='word_1_197' title='bbox 1286 1682 1641 1743; x_wconf 79' lang='grc' dir='ltr'><strong><em>σεβαστοκράτορι</em></strong></span> 
     </span>
    </p>
   </div>
   <div class='ocr_carea' id='block_1_3' title="bbox 151 1786 1640 2901">
    <p class='ocr_par' dir='ltr' id='par_1_8' title="bbox 159 1786 1640 2115">
     <span class='ocr_line' id='line_1_23' title="bbox 162 1786 1638 1837; baseline 0.004 -13"><span class='ocrx_word' id='word_1_198' title='bbox 162 1786 318 1825; x_wconf 77' lang='lat' dir='ltr'><strong>triremes</strong></span> <span class='ocrx_word' id='word_1_199' title='bbox 341 1789 384 1825; x_wconf 88' lang='lat' dir='ltr'><strong>ad</strong></span> <span class='ocrx_word' id='word_1_200' title='bbox 405 1789 535 1825; x_wconf 86' lang='lat' dir='ltr'><strong>insulas</strong></span> <span class='ocrx_word' id='word_1_201' title='bbox 557 1790 723 1837; x_wconf 80' lang='lat' dir='ltr'><strong>appulsae</strong></span> <span class='ocrx_word' id='word_1_202' title='bbox 744 1803 811 1826; x_wconf 89' lang='lat' dir='ltr'><strong>non</strong></span> <span class='ocrx_word' id='word_1_203' title='bbox 834 1802 962 1837; x_wconf 85' lang='lat' dir='ltr'><strong>paucas</strong></span> <span class='ocrx_word' id='word_1_204' title='bbox 982 1802 1100 1826; x_wconf 89' lang='lat' dir='ltr'><strong>earum</strong></span> <span class='ocrx_word' id='word_1_205' title='bbox 1123 1791 1257 1827; x_wconf 87' lang='lat' dir='ltr'><strong>Latinis</strong></span> <span class='ocrx_word' id='word_1_206' title='bbox 1281 1794 1384 1828; x_wconf 88' lang='lat' dir='ltr'><strong>antea</strong></span> <span class='ocrx_word' id='word_1_207' title='bbox 1404 1793 1562 1829; x_wconf 87' lang='lat' dir='ltr'><strong>subditas</strong></span> <span class='ocrx_word' id='word_1_208' title='bbox 1581 1806 1638 1830; x_wconf 91' lang='lat' dir='ltr'><strong>re-</strong></span> 
     </span>
     <span class='ocr_line' id='line_1_24' title="bbox 163 1837 1640 1886; baseline 0.004 -16"><span class='ocrx_word' id='word_1_209' title='bbox 163 1842 396 1882; x_wconf 86' lang='lat' dir='ltr'><strong>cuperarunt,</strong></span> <span class='ocrx_word' id='word_1_210' title='bbox 429 1840 619 1883; x_wconf 88' lang='lat' dir='ltr'><strong>captasque</strong></span> <span class='ocrx_word' id='word_1_211' title='bbox 641 1838 756 1872; x_wconf 84' lang='lat' dir='ltr'><strong>statim</strong></span> <span class='ocrx_word' id='word_1_212' title='bbox 780 1837 960 1883; x_wconf 76' lang='lat' dir='ltr'><strong>praesidiis</strong></span> <span class='ocrx_word' id='word_1_213' title='bbox 983 1837 1153 1884; x_wconf 84' lang='lat' dir='ltr'>impositis</span> <span class='ocrx_word' id='word_1_214' title='bbox 1178 1838 1215 1872; x_wconf 91' lang='lat' dir='ltr'><strong>in</strong></span> <span class='ocrx_word' id='word_1_215' title='bbox 1237 1839 1467 1874; x_wconf 87' lang='lat' dir='ltr'><strong>Romanorum</strong></span> <span class='ocrx_word' id='word_1_216' title='bbox 1499 1852 1640 1886; x_wconf 85' lang='lat' dir='ltr'><strong>posses-</strong></span> 
     </span>
     <span class='ocr_line' id='line_1_25' title="bbox 162 1882 1639 1930; baseline 0.004 -14"><span class='ocrx_word' id='word_1_217' title='bbox 162 1882 259 1916; x_wconf 84' lang='lat' dir='ltr'><strong>sione</strong></span> <span class='ocrx_word' id='word_1_218' title='bbox 280 1882 471 1918; x_wconf 88' lang='lat' dir='ltr'><strong>firmarunt.</strong></span> <span class='ocrx_word' id='word_1_219' title='bbox 518 1883 638 1917; x_wconf 91' lang='lat' dir='ltr'><strong>horum</strong></span> <span class='ocrx_word' id='word_1_220' title='bbox 661 1884 771 1918; x_wconf 89' lang='lat' dir='ltr'><strong>nuntii</strong></span> <span class='ocrx_word' id='word_1_221' title='bbox 791 1895 1010 1918; x_wconf 76' lang='lat' dir='ltr'><strong>successuum</strong></span> <span class='ocrx_word' id='word_1_222' title='bbox 1033 1884 1093 1918; x_wconf 88' lang='lat' dir='ltr'><strong>alii</strong></span> <span class='ocrx_word' id='word_1_223' title='bbox 1116 1896 1220 1930; x_wconf 88' lang='lat' dir='ltr'><strong>super</strong></span> <span class='ocrx_word' id='word_1_224' title='bbox 1244 1885 1329 1919; x_wconf 89' lang='lat' dir='ltr'><strong>alios</strong></span> <span class='ocrx_word' id='word_1_225' title='bbox 1346 1886 1547 1921; x_wconf 78' lang='lat' dir='ltr'><strong>advolantes</strong></span> <span class='ocrx_word' id='word_1_226' title='bbox 1566 1899 1639 1922; x_wconf 85' lang='lat' dir='ltr'><strong>me-</strong></span> 
     </span>
     <span class='ocr_line' id='line_1_26' title="bbox 160 1927 1638 1978; baseline 0.004 -16"><span class='ocrx_word' id='word_1_227' title='bbox 160 1927 233 1963; x_wconf 85' lang='lat' dir='ltr'><strong>rita</strong></span> <span class='ocrx_word' id='word_1_228' title='bbox 265 1929 495 1973; x_wconf 80' lang='lat' dir='ltr'><strong>gratulatione</strong></span> <span class='ocrx_word' id='word_1_229' title='bbox 529 1930 803 1975; x_wconf 80' lang='lat' dir='ltr'><strong>excipiebantur,</strong></span> <span class='ocrx_word' id='word_1_230' title='bbox 842 1930 920 1965; x_wconf 86' lang='lat' dir='ltr'><strong>dum</strong></span> <span class='ocrx_word' id='word_1_231' title='bbox 943 1931 1117 1965; x_wconf 80' lang='lat' dir='ltr'><strong>referrent</strong></span> <span class='ocrx_word' id='word_1_232' title='bbox 1140 1931 1237 1966; x_wconf 91' lang='lat' dir='ltr'><strong>modo</strong></span> <span class='ocrx_word' id='word_1_233' title='bbox 1260 1931 1399 1966; x_wconf 79' lang='lat' dir='ltr'><strong>Naxum</strong></span> <span class='ocrx_word' id='word_1_234' title='bbox 1422 1936 1638 1978; x_wconf 80' lang='lat' dir='ltr'><strong>occupatam,</strong></span> 
     </span>
     <span class='ocr_line' id='line_1_27' title="bbox 162 1973 1637 2022; baseline 0.004 -14"><span class='ocrx_word' id='word_1_235' title='bbox 162 1973 248 2008; x_wconf 85' lang='lat' dir='ltr'><strong>alias</strong></span> <span class='ocrx_word' id='word_1_236' title='bbox 278 1981 506 2021; x_wconf 86' lang='lat' dir='ltr'><strong>expugnatam</strong></span> <span class='ocrx_word' id='word_1_237' title='bbox 531 1975 662 2017; x_wconf 86' lang='lat' dir='ltr'><strong>Paron,</strong></span> <span class='ocrx_word' id='word_1_238' title='bbox 697 1976 794 2011; x_wconf 88' lang='lat' dir='ltr'><strong>Ceon</strong></span> <span class='ocrx_word' id='word_1_239' title='bbox 825 1987 867 2011; x_wconf 88' lang='lat' dir='ltr'><strong>ac</strong></span> <span class='ocrx_word' id='word_1_240' title='bbox 902 1976 1086 2021; x_wconf 83' lang='lat' dir='ltr'><strong>Carystum</strong></span> <span class='ocrx_word' id='word_1_241' title='bbox 1118 1989 1254 2022; x_wconf 89' lang='lat' dir='ltr'><strong>quoque</strong></span> <span class='ocrx_word' id='word_1_242' title='bbox 1277 1989 1352 2012; x_wconf 93' lang='lat' dir='ltr'><strong>cum</strong></span> <span class='ocrx_word' id='word_1_243' title='bbox 1377 1978 1472 2013; x_wconf 89' lang='lat' dir='ltr'><strong>Oreo</strong></span> <span class='ocrx_word' id='word_1_244' title='bbox 1493 1979 1637 2016; x_wconf 82' lang='lat' dir='ltr'><strong>subinde</strong></span> 
     </span>
     <span class='ocr_line' id='line_1_28' title="bbox 159 2021 1635 2068; baseline 0.005 -15"><span class='ocrx_word' id='word_1_245' title='bbox 159 2025 287 2066; x_wconf 82' lang='lat' dir='ltr'><strong>capta3</strong></span> <span class='ocrx_word' id='word_1_246' title='bbox 320 2026 357 2055; x_wconf 88' lang='lat' dir='ltr'><strong>et</strong></span> <span class='ocrx_word' id='word_1_247' title='bbox 378 2026 419 2056; x_wconf 90' lang='lat' dir='ltr'><strong>ut</strong></span> <span class='ocrx_word' id='word_1_248' title='bbox 441 2026 580 2056; x_wconf 89' lang='lat' dir='ltr'><strong>caetera</strong></span> <span class='ocrx_word' id='word_1_249' title='bbox 603 2021 780 2062; x_wconf 84' lang='lat' dir='ltr'><strong>omittam,</strong></span> <span class='ocrx_word' id='word_1_250' title='bbox 813 2027 972 2057; x_wconf 89' lang='lat' dir='ltr'><strong>montana</strong></span> <span class='ocrx_word' id='word_1_251' title='bbox 994 2023 1222 2068; x_wconf 88' lang='lat' dir='ltr'><strong>Peloponnesi</strong></span> <span class='ocrx_word' id='word_1_252' title='bbox 1251 2023 1343 2058; x_wconf 85' lang='lat' dir='ltr'><strong>circa</strong></span> <span class='ocrx_word' id='word_1_253' title='bbox 1366 2024 1635 2061; x_wconf 84' lang='lat' dir='ltr'><strong>Monembasiam</strong></span> 
     </span>
     <span class='ocr_line' id='line_1_29' title="bbox 160 2067 1504 2115; baseline 0.004 -15"><span class='ocrx_word' id='word_1_254' title='bbox 160 2077 233 2100; x_wconf 86' lang='lat' dir='ltr'><strong>cnm</strong></span> <span class='ocrx_word' id='word_1_255' title='bbox 257 2067 387 2112; x_wconf 82' lang='lat' dir='ltr'><strong>Sparta</strong></span> <span class='ocrx_word' id='word_1_256' title='bbox 408 2070 445 2102; x_wconf 88' lang='lat' dir='ltr'><strong>et</strong></span> <span class='ocrx_word' id='word_1_257' title='bbox 465 2067 723 2103; x_wconf 86' lang='lat' dir='ltr'><strong>Lacedaemone</strong></span> <span class='ocrx_word' id='word_1_258' title='bbox 745 2069 908 2104; x_wconf 88' lang='lat' dir='ltr'><strong>Romanis</strong></span> <span class='ocrx_word' id='word_1_259' title='bbox 931 2081 974 2103; x_wconf 86' lang='lat' dir='ltr'><strong>ea</strong></span> <span class='ocrx_word' id='word_1_260' title='bbox 996 2069 1211 2115; x_wconf 80' lang='lat' dir='ltr'><strong>expeditione</strong></span> <span class='ocrx_word' id='word_1_261' title='bbox 1233 2070 1390 2105; x_wconf 85' lang='lat' dir='ltr'><strong>subiecta</strong></span> <span class='ocrx_word' id='word_1_262' title='bbox 1412 2075 1504 2105; x_wconf 86' lang='lat' dir='ltr'><strong>sunt.</strong></span> 
     </span>
    </p>

    <p class='ocr_par' dir='ltr' id='par_1_9' title="bbox 152 2113 1633 2715">
     <span class='ocr_line' id='line_1_30' title="bbox 252 2113 1633 2161; baseline 0.004 -14"><span class='ocrx_word' id='word_1_263' title='bbox 252 2114 307 2147; x_wconf 88' lang='lat'><strong>16.</strong></span> <span class='ocrx_word' id='word_1_264' title='bbox 353 2113 461 2148; x_wconf 91' lang='lat' dir='ltr'><strong>Porro</strong></span> <span class='ocrx_word' id='word_1_265' title='bbox 492 2118 575 2148; x_wconf 88' lang='lat' dir='ltr'><strong>tunc</strong></span> <span class='ocrx_word' id='word_1_266' title='bbox 603 2113 790 2159; x_wconf 84' lang='lat' dir='ltr'><strong>imperator</strong></span> <span class='ocrx_word' id='word_1_267' title='bbox 822 2114 893 2149; x_wconf 88' lang='lat' dir='ltr'><strong>suis</strong></span> <span class='ocrx_word' id='word_1_268' title='bbox 922 2115 1090 2150; x_wconf 80' lang='lat' dir='ltr'><strong>fratribus</strong></span> <span class='ocrx_word' id='word_1_269' title='bbox 1119 2115 1291 2150; x_wconf 89' lang='lat' dir='ltr'><strong>Occiduas</strong></span> <span class='ocrx_word' id='word_1_270' title='bbox 1322 2116 1517 2161; x_wconf 87' lang='lat' dir='ltr'><strong>provincias</strong></span> <span class='ocrx_word' id='word_1_271' title='bbox 1540 2129 1633 2153; x_wconf 86' lang='lat' dir='ltr'><strong>com·</strong></span> 
     </span>
     <span class='ocr_line' id='line_1_31' title="bbox 158 2157 1633 2208; baseline 0.005 -17"><span class='ocrx_word' id='word_1_272' title='bbox 158 2157 342 2192; x_wconf 77' lang='lat' dir='ltr'><strong>mendavit.</strong></span> <span class='ocrx_word' id='word_1_273' title='bbox 384 2170 426 2193; x_wconf 88' lang='lat' dir='ltr'><strong>ac</strong></span> <span class='ocrx_word' id='word_1_274' title='bbox 449 2160 607 2194; x_wconf 86' lang='lat' dir='ltr'><strong>Ioannem</strong></span> <span class='ocrx_word' id='word_1_275' title='bbox 630 2161 766 2206; x_wconf 90' lang='lat' dir='ltr'><strong>quidem</strong></span> <span class='ocrx_word' id='word_1_276' title='bbox 789 2160 964 2206; x_wconf 86' lang='lat' dir='ltr'><strong>despotam</strong></span> <span class='ocrx_word' id='word_1_277' title='bbox 988 2161 1095 2208; x_wconf 88' lang='lat' dir='ltr'><strong>copiis</strong></span> <span class='ocrx_word' id='word_1_278' title='bbox 1117 2161 1351 2196; x_wconf 78' lang='lat' dir='ltr'><strong>Orientalibus</strong></span> <span class='ocrx_word' id='word_1_279' title='bbox 1374 2167 1410 2196; x_wconf 87' lang='lat' dir='ltr'><strong>et</strong></span> <span class='ocrx_word' id='word_1_280' title='bbox 1424 2162 1633 2207; x_wconf 82' lang='lat' dir='ltr'><strong>Scytharum</strong></span> 
     </span>
     <span class='ocr_line' id='line_1_32' title="bbox 158 2202 1632 2253; baseline 0.006 -17"><span class='ocrx_word' id='word_1_281' title='bbox 158 2202 294 2237; x_wconf 80' lang='lat' dir='ltr'><strong>auxiliis</strong></span> <span class='ocrx_word' id='word_1_282' title='bbox 315 2203 517 2239; x_wconf 85' lang='lat' dir='ltr'><strong>instructum</strong></span> <span class='ocrx_word' id='word_1_283' title='bbox 540 2211 634 2241; x_wconf 88' lang='lat' dir='ltr'><strong>terra</strong></span> <span class='ocrx_word' id='word_1_284' title='bbox 656 2218 780 2252; x_wconf 82' lang='lat' dir='ltr'><strong>gerere</strong></span> <span class='ocrx_word' id='word_1_285' title='bbox 807 2219 879 2241; x_wconf 89' lang='lat' dir='ltr'><strong>rem</strong></span> <span class='ocrx_word' id='word_1_286' title='bbox 903 2207 1005 2242; x_wconf 87' lang='lat' dir='ltr'><strong>iussit</strong></span> <span class='ocrx_word' id='word_1_287' title='bbox 1029 2219 1090 2252; x_wconf 88' lang='lat' dir='ltr'><strong>per</strong></span> <span class='ocrx_word' id='word_1_288' title='bbox 1111 2207 1248 2252; x_wconf 84' lang='lat' dir='ltr'><strong>Illyrios</strong></span> <span class='ocrx_word' id='word_1_289' title='bbox 1266 2211 1318 2246; x_wconf 30' lang='lat' dir='ltr'><strong>set</strong></span> <span class='ocrx_word' id='word_1_290' title='bbox 1348 2208 1542 2253; x_wconf 87' lang='lat' dir='ltr'><strong>Triballos,</strong></span> <span class='ocrx_word' id='word_1_291' title='bbox 1575 2214 1632 2245; x_wconf 86' lang='lat' dir='ltr'><strong>at-</strong></span> 
     </span>
     <span class='ocr_line' id='line_1_33' title="bbox 158 2249 1631 2300; baseline 0.007 -18"><span class='ocrx_word' id='word_1_292' title='bbox 158 2260 228 2294; x_wconf 91' lang='lat' dir='ltr'><strong>que</strong></span> <span class='ocrx_word' id='word_1_293' title='bbox 250 2249 340 2283; x_wconf 87' lang='lat' dir='ltr'><strong>ultra</strong></span> <span class='ocrx_word' id='word_1_294' title='bbox 361 2250 509 2285; x_wconf 86' lang='lat' dir='ltr'><strong>Peneum</strong></span> <span class='ocrx_word' id='word_1_295' title='bbox 530 2253 702 2297; x_wconf 85' lang='lat' dir='ltr'><strong>regionem</strong></span> <span class='ocrx_word' id='word_1_296' title='bbox 724 2254 863 2300; x_wconf 86' lang='lat' dir='ltr'><strong>proprie</strong></span> <span class='ocrx_word' id='word_1_297' title='bbox 886 2253 1072 2288; x_wconf 88' lang='lat' dir='ltr'><strong>Graeciam</strong></span> <span class='ocrx_word' id='word_1_298' title='bbox 1088 2259 1244 2288; x_wconf 84' lang='lat' dir='ltr'><strong>vocatam</strong></span> <span class='ocrx_word' id='word_1_299' title='bbox 1261 2253 1450 2297; x_wconf 86' lang='lat' dir='ltr'><strong>incursare,</strong></span> <span class='ocrx_word' id='word_1_300' title='bbox 1472 2255 1631 2292; x_wconf 89' lang='lat' dir='ltr'><strong>bellando</strong></span> 
     </span>
     <span class='ocr_line' id='line_1_34' title="bbox 157 2294 1631 2348; baseline 0.005 -18"><span class='ocrx_word' id='word_1_301' title='bbox 157 2294 325 2330; x_wconf 83' lang='lat' dir='ltr'><strong>adversus</strong></span> <span class='ocrx_word' id='word_1_302' title='bbox 357 2295 559 2332; x_wconf 61' lang='lat' dir='ltr'><strong>MichaElem</strong></span> <span class='ocrx_word' id='word_1_303' title='bbox 588 2299 776 2344; x_wconf 86' lang='lat' dir='ltr'><strong>despotam.</strong></span> <span class='ocrx_word' id='word_1_304' title='bbox 826 2299 879 2334; x_wconf 90' lang='lat' dir='ltr'><strong>cui</strong></span> <span class='ocrx_word' id='word_1_305' title='bbox 901 2299 970 2334; x_wconf 89' lang='lat' dir='ltr'><strong>iam</strong></span> <span class='ocrx_word' id='word_1_306' title='bbox 992 2300 1130 2345; x_wconf 88' lang='lat' dir='ltr'><strong>dempta</strong></span> <span class='ocrx_word' id='word_1_307' title='bbox 1153 2305 1230 2334; x_wconf 88' lang='lat' dir='ltr'><strong>erat</strong></span> <span class='ocrx_word' id='word_1_308' title='bbox 1249 2299 1309 2334; x_wconf 87' lang='lat' dir='ltr'><strong>illa</strong></span> <span class='ocrx_word' id='word_1_309' title='bbox 1330 2301 1527 2344; x_wconf 82' lang='lat' dir='ltr'><strong>excusatio,</strong></span> <span class='ocrx_word' id='word_1_310' title='bbox 1559 2314 1631 2348; x_wconf 85' lang='lat' dir='ltr'><strong>qua</strong></span> 
     </span>
     <span class='ocr_line' id='line_1_35' title="bbox 158 2340 1630 2391; baseline 0.006 -17"><span class='ocrx_word' id='word_1_311' title='bbox 158 2340 278 2385; x_wconf 81' lang='lat' dir='ltr'><strong>prius,</strong></span> <span class='ocrx_word' id='word_1_312' title='bbox 313 2352 389 2375; x_wconf 91' lang='lat' dir='ltr'><strong>cum</strong></span> <span class='ocrx_word' id='word_1_313' title='bbox 412 2342 602 2387; x_wconf 82' lang='lat' dir='ltr'><strong>provincias</strong></span> <span class='ocrx_word' id='word_1_314' title='bbox 622 2344 699 2379; x_wconf 87' lang='lat' dir='ltr'><strong>illas</strong></span> <span class='ocrx_word' id='word_1_315' title='bbox 721 2348 957 2391; x_wconf 85' lang='lat' dir='ltr'><strong>repeteretur,</strong></span> <span class='ocrx_word' id='word_1_316' title='bbox 991 2345 1153 2390; x_wconf 81' lang='lat' dir='ltr'><strong>excipere</strong></span> <span class='ocrx_word' id='word_1_317' title='bbox 1174 2346 1327 2388; x_wconf 85' lang='lat' dir='ltr'><strong>solebat,</strong></span> <span class='ocrx_word' id='word_1_318' title='bbox 1352 2346 1478 2382; x_wconf 86' lang='lat' dir='ltr'><strong>Parum</strong></span> <span class='ocrx_word' id='word_1_319' title='bbox 1502 2360 1630 2383; x_wconf 87' lang='lat' dir='ltr'><strong>conve-</strong></span> 
     </span>
     <span class='ocr_line' id='line_1_36' title="bbox 157 2387 1629 2446; baseline 0.006 -27"><span class='ocrx_word' id='word_1_320' title='bbox 157 2387 234 2421; x_wconf 87' lang='lat' dir='ltr'><strong>nire</strong></span> <span class='ocrx_word' id='word_1_321' title='bbox 253 2387 513 2433; x_wconf 85' lang='lat' dir='ltr'><strong>imperatorem,</strong></span> <span class='ocrx_word' id='word_1_322' title='bbox 534 2390 593 2434; x_wconf 90' lang='lat' dir='ltr'><strong>qui</strong></span> <span class='ocrx_word' id='word_1_323' title='bbox 614 2391 701 2425; x_wconf 90' lang='lat' dir='ltr'><strong>urbe</strong></span> <span class='ocrx_word' id='word_1_324' title='bbox 721 2402 784 2425; x_wconf 86' lang='lat' dir='ltr'><strong>sua</strong></span> <span class='ocrx_word' id='word_1_325' title='bbox 806 2391 923 2437; x_wconf 87' lang='lat' dir='ltr'><strong>patria</strong></span> <span class='ocrx_word' id='word_1_326' title='bbox 945 2395 983 2426; x_wconf 92' lang='lat' dir='ltr'><strong>et</strong></span> <span class='ocrx_word' id='word_1_327' title='bbox 1003 2391 1140 2436; x_wconf 87' lang='lat' dir='ltr'><strong>imperii</strong></span> <span class='ocrx_word' id='word_1_328' title='bbox 1161 2391 1274 2446; x_wconf 88' lang='lat' dir='ltr'><strong>capite</strong></span> <span class='ocrx_word' id='word_1_329' title='bbox 1296 2397 1456 2436; x_wconf 88' lang='lat' dir='ltr'><strong>careret,</strong></span> <span class='ocrx_word' id='word_1_330' title='bbox 1478 2395 1629 2432; x_wconf 87' lang='lat' dir='ltr'><strong>membra</strong></span> 
     </span>
     <span class='ocr_line' id='line_1_37' title="bbox 156 2431 1628 2486; baseline 0.006 -20"><span class='ocrx_word' id='word_1_331' title='bbox 156 2431 219 2467; x_wconf 90' lang='lat' dir='ltr'><strong>illa</strong></span> <span class='ocrx_word' id='word_1_332' title='bbox 242 2437 279 2467; x_wconf 91' lang='lat' dir='ltr'><strong>et</strong></span> <span class='ocrx_word' id='word_1_333' title='bbox 301 2438 419 2478; x_wconf 86' lang='lat' dir='ltr'><strong>partes</strong></span> <span class='ocrx_word' id='word_1_334' title='bbox 441 2434 590 2470; x_wconf 88' lang='lat' dir='ltr'><strong>eiusdem</strong></span> <span class='ocrx_word' id='word_1_335' title='bbox 623 2436 723 2481; x_wconf 88' lang='lat' dir='ltr'><strong>quasi</strong></span> <span class='ocrx_word' id='word_1_336' title='bbox 748 2437 900 2481; x_wconf 85' lang='lat' dir='ltr'><strong>corporis</strong></span> <span class='ocrx_word' id='word_1_337' title='bbox 931 2440 1099 2472; x_wconf 86' lang='lat' dir='ltr'><strong>extremas</strong></span> <span class='ocrx_word' id='word_1_338' title='bbox 1121 2449 1299 2482; x_wconf 74' lang='lat' dir='ltr'><strong>requlrere</strong></span> <span class='ocrx_word' id='word_1_339' title='bbox 1320 2450 1363 2473; x_wconf 92' lang='lat' dir='ltr'><strong>ac</strong></span> <span class='ocrx_word' id='word_1_340' title='bbox 1383 2440 1485 2485; x_wconf 80' lang='lat' dir='ltr'><strong>longe</strong></span> <span class='ocrx_word' id='word_1_341' title='bbox 1507 2451 1628 2486; x_wconf 86' lang='lat' dir='ltr'><strong>perse-</strong></span> 
     </span>
     <span class='ocr_line' id='line_1_38' title="bbox 157 2478 1626 2530; baseline 0.007 -19"><span class='ocrx_word' id='word_1_342' title='bbox 157 2478 229 2522; x_wconf 89' lang='lat' dir='ltr'><strong>qui.</strong></span> <span class='ocrx_word' id='word_1_343' title='bbox 274 2480 583 2515; x_wconf 87' lang='lat' dir='ltr'><strong>sebastocratorem</strong></span> <span class='ocrx_word' id='word_1_344' title='bbox 621 2486 736 2517; x_wconf 87' lang='lat' dir='ltr'><strong>autem</strong></span> <span class='ocrx_word' id='word_1_345' title='bbox 766 2483 1025 2518; x_wconf 88' lang='lat' dir='ltr'><strong>Constantinum</strong></span> <span class='ocrx_word' id='word_1_346' title='bbox 1057 2483 1250 2530; x_wconf 84' lang='lat' dir='ltr'><strong>impositum</strong></span> <span class='ocrx_word' id='word_1_347' title='bbox 1281 2485 1425 2520; x_wconf 84' lang='lat' dir='ltr'><strong>navibus</strong></span> <span class='ocrx_word' id='word_1_348' title='bbox 1459 2486 1626 2522; x_wconf 82' lang='lat' dir='ltr'><strong>adversus</strong></span> 
     </span>
     <span class='ocr_line' id='line_1_39' title="bbox 155 2522 1625 2578; baseline 0.007 -21"><span class='ocrx_word' id='word_1_349' title='bbox 155 2522 424 2560; x_wconf 87' lang='lat' dir='ltr'><strong>Monembasiam</strong></span> <span class='ocrx_word' id='word_1_350' title='bbox 453 2525 577 2569; x_wconf 82' lang='lat' dir='ltr'><strong>mittit,</strong></span> <span class='ocrx_word' id='word_1_351' title='bbox 608 2528 751 2563; x_wconf 83' lang='lat' dir='ltr'><strong>tradens</strong></span> <span class='ocrx_word' id='word_1_352' title='bbox 771 2529 821 2563; x_wconf 88' lang='lat' dir='ltr'><strong>illi</strong></span> <span class='ocrx_word' id='word_1_353' title='bbox 843 2534 1006 2574; x_wconf 88' lang='lat' dir='ltr'><strong>quantum</strong></span> <span class='ocrx_word' id='word_1_354' title='bbox 1031 2530 1257 2565; x_wconf 82' lang='lat' dir='ltr'><strong>Romanorum</strong></span> <span class='ocrx_word' id='word_1_355' title='bbox 1280 2531 1377 2577; x_wconf 88' lang='lat' dir='ltr'><strong>prius</strong></span> <span class='ocrx_word' id='word_1_356' title='bbox 1399 2531 1434 2566; x_wconf 86' lang='lat' dir='ltr'><strong>in</strong></span> <span class='ocrx_word' id='word_1_357' title='bbox 1457 2531 1625 2578; x_wconf 82' lang='lat' dir='ltr'><strong>Magedo·</strong></span> 
     </span>
     <span class='ocr_line' id='line_1_40' title="bbox 155 2571 1627 2620; baseline 0.007 -17"><span class='ocrx_word' id='word_1_358' title='bbox 155 2580 234 2604; x_wconf 89' lang='lat' dir='ltr'><strong>num</strong></span> <span class='ocrx_word' id='word_1_359' title='bbox 255 2571 397 2615; x_wconf 80' lang='lat' dir='ltr'><strong>regione</strong></span> <span class='ocrx_word' id='word_1_360' title='bbox 418 2571 647 2615; x_wconf 80' lang='lat' dir='ltr'><strong>militaverat,</strong></span> <span class='ocrx_word' id='word_1_361' title='bbox 669 2579 706 2610; x_wconf 89' lang='lat' dir='ltr'><strong>et</strong></span> <span class='ocrx_word' id='word_1_362' title='bbox 726 2574 922 2610; x_wconf 83' lang='lat' dir='ltr'><strong>universam</strong></span> <span class='ocrx_word' id='word_1_363' title='bbox 943 2579 1126 2620; x_wconf 84' lang='lat' dir='ltr'><strong>praeterea</strong></span> <span class='ocrx_word' id='word_1_364' title='bbox 1146 2576 1298 2612; x_wconf 87' lang='lat' dir='ltr'><strong>militiam</strong></span> <span class='ocrx_word' id='word_1_365' title='bbox 1320 2577 1507 2612; x_wconf 79' lang='lat' dir='ltr'><strong>Persicam.</strong></span> <span class='ocrx_word' id='word_1_366' title='bbox 1547 2590 1627 2613; x_wconf 82' lang='lat' dir='ltr'><strong>nam</strong></span> 
     </span>
     <span class='ocr_line' id='line_1_41' title="bbox 154 2614 1621 2669; baseline 0.007 -20"><span class='ocrx_word' id='word_1_367' title='bbox 154 2614 312 2651; x_wconf 85' lang='lat' dir='ltr'><strong>Italicum</strong></span> <span class='ocrx_word' id='word_1_368' title='bbox 342 2618 550 2661; x_wconf 86' lang='lat' dir='ltr'><strong>exercitum,</strong></span> <span class='ocrx_word' id='word_1_369' title='bbox 591 2620 683 2654; x_wconf 87' lang='lat' dir='ltr'><strong>haud</strong></span> <span class='ocrx_word' id='word_1_370' title='bbox 713 2625 830 2666; x_wconf 86' lang='lat' dir='ltr'><strong>aptum</strong></span> <span class='ocrx_word' id='word_1_371' title='bbox 860 2621 971 2656; x_wconf 84' lang='lat' dir='ltr'><strong>visum</strong></span> <span class='ocrx_word' id='word_1_372' title='bbox 1001 2621 1092 2656; x_wconf 92' lang='lat' dir='ltr'><strong>bello</strong></span> <span class='ocrx_word' id='word_1_373' title='bbox 1123 2623 1288 2658; x_wconf 85' lang='lat' dir='ltr'><strong>adversus</strong></span> <span class='ocrx_word' id='word_1_374' title='bbox 1317 2623 1426 2658; x_wconf 86' lang='lat' dir='ltr'><strong>Italos</strong></span> <span class='ocrx_word' id='word_1_375' title='bbox 1456 2625 1621 2669; x_wconf 85' lang='lat' dir='ltr'><strong>gerendo,</strong></span> 
     </span>
     <span class='ocr_line' id='line_1_42' title="bbox 152 2660 1622 2715; baseline 0.007 -20"><span class='ocrx_word' id='word_1_376' title='bbox 152 2660 297 2696; x_wconf 83' lang='lat' dir='ltr'><strong>Ioannes</strong></span> <span class='ocrx_word' id='word_1_377' title='bbox 317 2662 463 2709; x_wconf 85' lang='lat' dir='ltr'><strong>despota</strong></span> <span class='ocrx_word' id='word_1_378' title='bbox 485 2676 600 2700; x_wconf 88' lang='lat' dir='ltr'><strong>secum</strong></span> <span class='ocrx_word' id='word_1_379' title='bbox 621 2666 824 2701; x_wconf 88' lang='lat' dir='ltr'><strong>abduxerat.</strong></span> <span class='ocrx_word' id='word_1_380' title='bbox 867 2678 943 2703; x_wconf 85' lang='lat' dir='ltr'><strong>cum</strong></span> <span class='ocrx_word' id='word_1_381' title='bbox 966 2669 1084 2703; x_wconf 90' lang='lat' dir='ltr'><strong>eodem</strong></span> <span class='ocrx_word' id='word_1_382' title='bbox 1105 2679 1209 2714; x_wconf 86' lang='lat' dir='ltr'><strong>porro</strong></span> <span class='ocrx_word' id='word_1_383' title='bbox 1232 2670 1378 2715; x_wconf 83' lang='lat' dir='ltr'><strong>despota</strong></span> <span class='ocrx_word' id='word_1_384' title='bbox 1400 2670 1540 2705; x_wconf 80' lang='lat' dir='ltr'><strong>comites</strong></span> <span class='ocrx_word' id='word_1_385' title='bbox 1561 2682 1622 2705; x_wconf 87' lang='lat' dir='ltr'><strong>ex·</strong></span> 
     </span>
    </p>

    <p class='ocr_par' dir='ltr' id='par_1_10' title="bbox 151 2707 1620 2901">
     <span class='ocr_line' id='line_1_43' title="bbox 199 2707 1620 2762; baseline 0.008 -21"><span class='ocrx_word' id='word_1_386' title='bbox 199 2707 338 2743; x_wconf 85' lang='lat' dir='ltr'><strong>ditionis</strong></span> <span class='ocrx_word' id='word_1_387' title='bbox 357 2709 498 2745; x_wconf 85' lang='lat' dir='ltr'><strong>iverunt</strong></span> <span class='ocrx_word' id='word_1_388' title='bbox 519 2711 578 2746; x_wconf 90' lang='lat' dir='ltr'><strong>alii</strong></span> <span class='ocrx_word' id='word_1_389' title='bbox 599 2723 735 2758; x_wconf 89' lang='lat' dir='ltr'><strong>quoque</strong></span> <span class='ocrx_word' id='word_1_390' title='bbox 757 2712 856 2747; x_wconf 86' lang='lat' dir='ltr'><strong>multi</strong></span> <span class='ocrx_word' id='word_1_391' title='bbox 920 2714 1104 2756; x_wconf 87' lang='lat' dir='ltr'><strong>timatium,</strong></span> <span class='ocrx_word' id='word_1_392' title='bbox 1133 2714 1224 2750; x_wconf 86' lang='lat' dir='ltr'><strong>inter</strong></span> <span class='ocrx_word' id='word_1_393' title='bbox 1246 2727 1332 2762; x_wconf 84' lang='lat' dir='ltr'><strong>quos</strong></span> <span class='ocrx_word' id='word_1_394' title='bbox 1357 2716 1620 2752; x_wconf 84' lang='lat' dir='ltr'><strong>Cantacuzenus</strong></span> 
     </span>
     <span class='ocr_line' id='line_1_44' title="bbox 177 2752 1619 2807; baseline 0.006 -19"><span class='ocrx_word' id='word_1_395' title='bbox 177 2752 326 2805; x_wconf 48' lang='lat' dir='ltr'><strong>solanti,</strong></span> <span class='ocrx_word' id='word_1_396' title='bbox 349 2755 410 2801; x_wconf 85' lang='lat' dir='ltr'><strong>qui</strong></span> <span class='ocrx_word' id='word_1_397' title='bbox 429 2759 551 2802; x_wconf 83' lang='lat' dir='ltr'><strong>postea</strong></span> <span class='ocrx_word' id='word_1_398' title='bbox 571 2769 714 2803; x_wconf 83' lang='lat' dir='ltr'><strong>magnus</strong></span> <span class='ocrx_word' id='word_1_399' title='bbox 736 2763 874 2794; x_wconf 82' lang='lat' dir='ltr'><strong>conosta</strong></span> <span class='ocrx_word' id='word_1_400' title='bbox 913 2771 952 2795; x_wconf 90' lang='lat' dir='ltr'><strong>us</strong></span> <span class='ocrx_word' id='word_1_401' title='bbox 973 2761 1060 2802; x_wconf 77' lang='lat' dir='ltr'><strong>fuit,</strong></span> <span class='ocrx_word' id='word_1_402' title='bbox 1081 2760 1241 2807; x_wconf 88' lang='lat' dir='ltr'><strong>illiusque</strong></span> <span class='ocrx_word' id='word_1_403' title='bbox 1262 2762 1438 2807; x_wconf 72' lang='lat' dir='ltr'><strong>patrueles</strong></span> <span class='ocrx_word' id='word_1_404' title='bbox 1459 2762 1619 2797; x_wconf 85' lang='lat' dir='ltr'><strong>Tarcha-</strong></span> 
     </span>
     <span class='ocr_line' id='line_1_45' title="bbox 152 2799 1618 2852; baseline 0.008 -20"><span class='ocrx_word' id='word_1_405' title='bbox 152 2802 290 2842; x_wconf 48' lang='lat' dir='ltr'><strong>motam</strong></span> <span class='ocrx_word' id='word_1_406' title='bbox 321 2799 461 2847; x_wconf 88' lang='lat' dir='ltr'><strong>insuper</strong></span> <span class='ocrx_word' id='word_1_407' title='bbox 490 2803 573 2848; x_wconf 84' lang='lat' dir='ltr'><strong>alii,</strong></span> <span class='ocrx_word' id='word_1_408' title='bbox 602 2804 661 2850; x_wconf 83' lang='lat' dir='ltr'><strong>qui</strong></span> <span class='ocrx_word' id='word_1_409' title='bbox 686 2805 883 2851; x_wconf 74' lang='lat' dir='ltr'><strong>frequentes</strong></span> <span class='ocrx_word' id='word_1_410' title='bbox 904 2817 949 2842; x_wconf 85' lang='lat' dir='ltr'><strong>ex</strong></span> <span class='ocrx_word' id='word_1_411' title='bbox 969 2806 1132 2842; x_wconf 86' lang='lat' dir='ltr'><strong>Occiduis</strong></span> <span class='ocrx_word' id='word_1_412' title='bbox 1151 2806 1321 2842; x_wconf 85' lang='lat' dir='ltr'><strong>tractibus</strong></span> <span class='ocrx_word' id='word_1_413' title='bbox 1343 2808 1388 2842; x_wconf 92' lang='lat' dir='ltr'><strong>ad</strong></span> <span class='ocrx_word' id='word_1_414' title='bbox 1411 2811 1530 2852; x_wconf 83' lang='lat' dir='ltr'><strong>partes</strong></span> <span class='ocrx_word' id='word_1_415' title='bbox 1552 2807 1618 2842; x_wconf 83' lang='lat' dir='ltr'><strong>im-</strong></span> 
     </span>
     <span class='ocr_line' id='line_1_46' title="bbox 151 2845 1615 2901; baseline 0.008 -22"><span class='ocrx_word' id='word_1_416' title='bbox 151 2845 323 2889; x_wconf 80' lang='lat' dir='ltr'><strong>peratoris</strong></span> <span class='ocrx_word' id='word_1_417' title='bbox 337 2847 558 2886; x_wconf 82' lang='lat' dir='ltr'><strong>transierant.</strong></span> <span class='ocrx_word' id='word_1_418' title='bbox 602 2851 911 2889; x_wconf 82' lang='lat' dir='ltr'><strong>sebastocratorem</strong></span> <span class='ocrx_word' id='word_1_419' title='bbox 929 2863 1011 2890; x_wconf 84' lang='lat' dir='ltr'><strong>vero</strong></span> <span class='ocrx_word' id='word_1_420' title='bbox 1034 2854 1266 2901; x_wconf 77' lang='lat' dir='ltr'><strong>sequebantur</strong></span> <span class='ocrx_word' id='word_1_421' title='bbox 1288 2865 1364 2888; x_wconf 88' lang='lat' dir='ltr'><strong>cum</strong></span> <span class='ocrx_word' id='word_1_422' title='bbox 1386 2852 1446 2889; x_wconf 88' lang='lat' dir='ltr'><strong>alii</strong></span> <span class='ocrx_word' id='word_1_423' title='bbox 1464 2853 1615 2901; x_wconf 81' lang='lat' dir='ltr'><strong>plurimi,</strong></span> 
     </span>
    </p>
   </div>
  </div>
 </body>
</html>
