1884 3262
259 162 360 213 744
407 207 409 209 ,
629 224 631 226 q
666 157 977 228 QBSERVAT.
1009 157 1322 202 PAcnYMER.

260 273 490 317 Michaelem
517 269 789 322 Palaeologum
813 267 955 320 urbem
983 267 1103 321 paulo
1132 266 1244 320 prius
1261 281 1286 306 a
1305 268 1395 308 suis
1408 274 1563 322 captam
1583 269 1645 309 die
1663 268 1738 312 15

262 327 428 382 Augusti
452 327 545 366 anni
570 325 713 365 Christi
746 323 874 375 1261,
916 337 996 376 quo
1034 330 1213 376 tempore
1242 330 1289 364 ut
1320 324 1491 364 duorum
1523 339 1720 366 annorum

264 400 364 450 puer
392 382 642 422 Andronicus
670 383 812 431 fuerit,
842 381 1023 433 oportuit
1045 394 1136 420 eum
1163 386 1301 420 natum
1331 381 1470 421 saltem
1491 383 1604 423 initio
1628 381 1722 420 anni

266 441 412 482 Christi
434 442 555 483 1260.
612 439 720 490 quod
740 411 816 476 dic'i
833 437 990 488 nequit,
1019 451 1110 476 cum
1130 443 1222 475 ante
1247 437 1358 477 illum
1380 439 1486 502 patri
1502 439 1579 478 iam
1597 440 1725 490 impe-

266 498 374 540 ranti
400 502 516 535 natus
542 495 663 535 fuerit
689 494 992 562 primogenitus
999 494 1099 544 eius,
1137 493 1334 532 Manu'el
1322 508 1364 533 in
1393 494 1504 533 cunis
1531 501 1726 535 mortuus.

269 553 487 596 necessario
510 552 631 604 igitur
652 550 897 604 agnoscenda
915 545 1120 603 πρόληψις
1137 556 1197 590 est
1212 551 1253 589 in
1269 550 1344 589 illis
1361 551 1493 590 verbis
1514 567 1574 592 vn:
1581 547 1729 605 ’ἀνδρὶ

268 613 327 668 τῷ
347 612 522 664 βασιλεῖ,
552 614 599 647 ut
625 621 875 660 nequaquam
903 607 1112 646 Theodora
1145 606 1359 659 significare
1383 607 1556 647 voluerit
1578 620 1619 646 se
1640 608 1729 647 viro

269 670 342 707 suo
359 667 438 705 iam
456 666 667 718 imperanti
685 665 907 704 Manu'elem
922 671 963 702 et
978 663 1248 703 Andronicum
1267 664 1480 716 peperisse:
1507 663 1576 702 sed
1595 663 1732 715 appel·
1764 696 1769 701 .

269 724 458 764 lationem
481 722 749 777 imperatoris,
779 734 878 771 quae
895 732 966 759 suo
989 720 1132 759 marito
1147 727 1247 759 tunc
1265 734 1355 760 cum
1374 721 1442 760 illa
1461 720 1559 760 haec
1576 719 1734 759 <licebat

271 779 521 827 conveniret,
550 771 757 827 tribuisse,
785 778 878 816 licet
900 777 968 815 illa
991 791 1073 816 non
1096 778 1312 830 pertineret
1329 777 1382 816 ad
1408 777 1454 816 id
1480 783 1636 831 tempus
1653 789 1734 828 quo

271 838 340 877 illa
358 835 579 885 Manuelem
600 841 640 874 et
659 834 932 874 Andronicum
955 834 1071 879 enixa
1089 835 1231 873 suerat.
1654 858 1661 864 -
1730 852 1734 854 -

387 892 453 931 111.
511 892 591 930 Sed
618 891 766 944 aliquid
795 891 941 929 certius
973 890 1022 929 de
1051 904 1156 934 anno
1186 890 1309 929 natali
1326 889 1545 930 Andronici
1565 888 1738 928 Senior-is

277 955 454 988 statuere
470 949 603 988 licebit
619 962 668 987 ex
690 956 867 1000 tempore
885 946 1005 999 ipsius
1023 947 1177 998 obitus,
1206 947 1330 988 sicubi
1350 947 1444 986 satis
1465 952 1574 987 certo
1599 945 1643 984 id
1667 945 1740 984 de·-

277 1005 436 1045 finitum
461 1005 635 1058 reperire
660 1003 920 1057 potuerimus
977 1003 1140 1055 legimus
1162 1004 1268 1056 apud
1291 1004 1476 1042 Ioannem
1496 1004 1741 1042 Cantacuze-

278 1075 377 1101 num
407 1061 460 1114 (l.
480 1065 507 1103 2
527 1076 559 1100 c.
580 1065 634 1104 28
655 1075 693 1113 p.
711 1065 794 1103 228
814 1060 875 1104 ed.
890 1058 1008 1113 Reg.)
1039 1059 1147 1098 hunc
1162 1060 1446 1110 Andronicum,
1476 1060 1544 1111 qui
1559 1058 1742 1098 abdicato

279 1118 445 1169 imperio
474 1119 601 1156 sactus
631 1116 849 1155 monachus
873 1115 1036 1154 Antonii
1063 1129 1207 1155 nomen
1230 1122 1512 1168 assumpserat,
1540 1116 1583 1154 in
1600 1127 1743 1154 mona-

281 1174 401 1212 sterio
424 1180 628 1212 mortuum
647 1186 727 1211 esse
749 1186 877 1210 mense
897 1172 1130 1224 Februario,
1159 1172 1380 1210 indictione
1404 1172 1478 1222 15,
1509 1186 1617 1210 anno
1638 1184 1746 1224 quae

285 1229 513 1281 drage-simo
541 1243 668 1281 supra
695 1229 818 1266 sexies·
843 1227 1104 1270 mille-simum
1125 1235 1162 1265 et
1181 1230 1575 1280 octingentesimum,
1601 1235 1746 1267 natum

286 1300 417 1324 annos
438 1287 701 1338 septuaginta
721 1284 838 1327 daos.
895 1283 927 1321 si
946 1297 997 1322 ex
1016 1297 1182 1323 numero
1203 1285 1314 1328 6840
1331 1297 1527 1323 annorum
1543 1288 1600 1327 72
1613 1284 1747 1322 demas

286 1355 433 1391 annm,
463 1342 657 1394 supererit
678 1355 805 1380 annus
824 1353 935 1379 aerae
954 1341 1197 1380 Graecorum
1215 1344 1345 1390 6768,
1376 1354 1455 1392 quo
1473 1341 1591 1380 fuisse
1607 1345 1750 1379 natum

289 1398 471 1451 oportuit
505 1411 594 1437 eum
629 1399 696 1449 qui
730 1397 841 1436 annis
867 1397 1022 1435 duobus
1050 1398 1177 1436 maior
1201 1398 1623 1448 septuagenarioanno
1640 1397 1750 1439 6840

146 1455 175 1488 P
198 1453 265 1489 527
290 1453 395 1495 diem
418 1454 572 1493 obierit.
609 1462 668 1493 est
685 1454 752 1493 hic
770 1467 896 1492 annus
913 1457 1021 1497 6768
1041 1454 1181 1492 mundi
1197 1454 1307 1493 iuxta
1327 1456 1495 1493 Graecos
1511 1453 1616 1492 idem
1634 1464 1752 1503 quem

291 1519 364 1553 nos
388 1511 433 1549 in
460 1524 552 1550 aera
580 1511 801 1550 Christiana
827 1523 1078 1550 numeramus
1109 1513 1238 1560 1260;
1267 1511 1336 1561 qui
1362 1511 1463 1558 fuit,
1490 1516 1539 1549 ut
1567 1509 1753 1560 vidimus,

292 1568 444 1623 primus
472 1568 625 1621 imperii
650 1567 859 1607 Michaelis.
916 1567 998 1604 eius
1028 1567 1120 1604 anni
1144 1567 1336 1619 principio
1356 1567 1388 1606 si
1405 1567 1568 1606 editus
1556 1580 1616 1605 ιιι
1625 1566 1755 1605 lucem

295 1624 547 1665 Anchonicus
579 1630 659 1673 est,
687 1623 833 1662 habere
851 1623 982 1661 locum
1004 1630 1219 1675 utcumque
1238 1629 1368 1676 potest
1387 1624 1495 1676 quod
1515 1636 1566 1662 ex
1581 1623 1756 1674 Gregora

296 1680 525 1731 retulimus,
555 1694 600 1719 eo
619 1654 790 1730 bimulo,
818 1680 900 1718 sive
916 1680 1132 1719 secundum
1154 1681 1292 1718 aetatis
1309 1694 1456 1720 annum
1476 1685 1632 1732 agente,
1662 1675 1758 1720 δεύ-

298 1751 414 1790 τερον
444 1736 572 1786 ἔπεσς’
555 1753 693 1791 αγοντι
713 1740 784 1789 τῆς
807 1735 988 1788 ἡλικίας,
1019 1737 1223 1801 contigisse
1241 1738 1456 1788 ingressum
1477 1735 1758 1788 triumphalem

298 1793 500 1834 Michaelis
528 1795 609 1832 eius
634 1794 754 1846 patris
777 1793 819 1831 in
839 1793 976 1831 urbem
1001 1794 1146 1845 regiam
1172 1794 1289 1845 paulo
1311 1799 1401 1832 ante
1419 1794 1467 1832 de
1485 1793 1633 1832 Latinis
1647 1804 1759 1832 rece-f
1787 1817 1789 1819 ·

301 1856 427 1903 ptam.
487 1850 557 1888 sed
586 1846 679 1888 non
693 1854 823 1901 potest
842 1862 929 1887 cum
948 1849 1025 1888 hoc
1043 1849 1239 1900 quadrare
1257 1850 1364 1900 quod
1385 1850 1522 1889 scribit
1541 1849 1761 1901 Pachyme-

302 1918 366 1945 res
384 1906 425 1943 in
442 1905 607 1944 historia
629 1905 779 1957 imperii
798 1903 1014 1943 Andronici
1034 1905 1060 1944 l.
1083 1909 1103 1947 1
1129 1919 1161 1943 c.
1182 1909 1223 1956 1,
1255 1919 1344 1943 eum
1367 1906 1526 1957 quando
1544 1906 1648 1958 patri
1669 1918 1763 1943 suo-

305 1962 441 2010 cessit,
471 1975 594 2000 annos
612 1961 747 1999 aetatis
763 1956 984 1999 numerasse
1003 1968 1174 2011 quatuor
1189 1976 1307 2014 supra
1323 1963 1474 2014 viginti.
1530 1963 1652 2001 verba
1668 1965 1764 1999 sunt

310 2018 360 2056 de
388 2018 454 2056 illo
483 2017 733 2069 Pachymeris
761 2016 860 2054 haec
888 2017 991 2068 ipsa.
1020 2021 1074 2073 τῷ
1094 2033 1154 2059 τοι
1178 2018 1246 2058 καὶ
1265 2017 1353 2067 νέος
1375 2016 1433 2059 ω“ν
1455 2034 1476 2059 o
1498 2015 1765 2070 ’ὑπολειφθεὶς
1788 2037 1790 2039 -

314 2072 520 2128 βασιλεύς,
552 2074 618 2126 ἔτη
643 2088 813 2127 γεγονως
838 2072 1005 2124 τέσσαρα
1028 2073 1130 2129 πρὸς
1154 2078 1238 2123 τοῖς
1265 2074 1388 2115 εἴκοσι
1413 2071 1615 2126 τηνικάδε.
1671 2085 1766 2112 nam

314 2143 405 2185 cum
433 2131 481 2169 ab
509 2144 612 2168 anno
638 2128 783 2168 Christi
804 2132 910 2171 1260
932 2130 982 2166 ad
1002 2133 1130 2179 1282,
1159 2144 1329 2182 quorum
1353 2131 1474 2183 priori
1499 2131 1668 2182 coepisse
1687 2130 1769 2168 ἰτη-1

315 2183 474 2239 Perare,
513 2186 719 2239 posteriori
746 2185 882 2223 obiisse
913 2185 1138 2224 michaelem
1166 2187 1436 2239 Palaeologum
1462 2194 1570 2226 certo
1600 2187 1768 2226 demon-

319 2244 551 2293 stravimus,
586 2243 837 2280 manifestum
865 2242 916 2280 sit
941 2243 1182 2282 intercedere
1216 2257 1339 2282 annos
1365 2244 1574 2283 dumtaxat
1602 2243 1703 2281 duos
1729 2246 1770 2279 et

320 2299 481 2350 viginti,
511 2305 620 2351 patet
648 2298 962 2350 promovendum
989 2300 1151 2341 ulterius
1183 2306 1270 2339 toto
1303 2300 1460 2339 biennio
1489 2300 1660 2339 natalem
1683 2298 1794 2336 An*-

324 2355 477 2393 dronici
504 2356 718 2393 necessario
745 2368 847 2406 esse,
875 2355 907 2392 si
925 2368 1019 2393 vera
1039 2356 1087 2394 de
1103 2356 1249 2408 ipsius,
1279 2357 1438 2407 quando
1469 2355 1676 2408 capessivit
1693 2354 1772 2392 im-

324 2411 423 2462 perii
441 2411 611 2449 habenas
629 2411 745 2459 solus,
767 2416 893 2449 aetate
908 2411 1164 2463 Pachymeres
1182 2413 1393 2464 scripserit.
1435 2426 1527 2451 nam
1543 2411 1650 2463 quod
1662 2410 1773 2449 idem

326 2481 362 2507 c,
382 2467 458 2508 ult.
478 2467 505 2507 l.
524 2471 549 2509 6
571 2467 689 2506 huius
705 2481 822 2518 quam
842 2481 949 2506 nunc
969 2468 1118 2507 edimus
1145 2468 1330 2508 historiae
1356 2468 1582 2508 Michaelem
1611 2467 1775 2506 Palaeo-

327 2523 460 2572 logum
485 2523 605 2560 tradit
629 2524 836 2576 imperasse
856 2525 967 2562 annis
987 2525 1128 2578 viginti
1150 2531 1340 2576 quatuor,
1370 2524 1656 2566 accommodari
1672 2524 1776 2571 sorte

332 2578 382 2616 ad
409 2579 614 2617 veritatem
637 2579 680 2617 id
699 2586 828 2630 posset
849 2581 913 2619 vel
936 2594 980 2619 ea
1000 2583 1150 2620 ratione
1168 2596 1284 2633 quam
1305 2583 1534 2620 disseremus
1551 2595 1584 2620 c.
1602 2593 1658 2631 sq.
1679 2592 1717 2618 n.
1734 2579 1775 2626 3,

332 2635 397 2673 vel
431 2635 680 2686 intelligendo
717 2643 965 2675 numeratum
1003 2638 1082 2676 illic
1108 2638 1188 2676 eius
1214 2639 1421 2690 imperium
1448 2638 1496 2676 ab
1527 2637 1608 2676 eius
1634 2632 1778 2688 celebri

334 2689 598 2742 plaedictione
629 2705 745 2742 quam
777 2692 1070 2732 Thessalonicae
1106 2694 1263 2733 biennio
1295 2701 1386 2733 ante
1416 2697 1635 2744 accepe1at,
1679 2685 1778 2728 voce

336 2748 511 2798 ,ΜανΡοιι
530 2747 577 2785 de
597 2747 703 2785 coelo
722 2748 855 2797 missa,
880 2756 926 2788 ut
943 2757 1129 2790 narratur
1150 2751 1180 2793 l.
1198 2754 1221 2794 1
1241 2765 1274 2790 c.
1297 2754 1384 2793 11..
1417 2750 1485 2788 sed
1501 2749 1578 2788 hoc
1597 2746 1649 2784 ad
1668 2752 1780 2783 aeta-

337 2807 416 2840 tem
437 2803 651 2843 Andronici
668 2803 773 2843 trahi
793 2819 872 2844 non
891 2813 1040 2859 potest,
1068 2821 1140 2846 nec
1156 2807 1333 2847 excusari
1353 2807 1465 2846 aliter
1484 2805 1532 2844 ab
1553 2815 1686 2843 errore
1703 2802 1780 2840 Pa-
