1884 3262
434 190 512 234 DE
545 189 823 233 MICHAELE
858 190 1236 235 PALAEOLOGO
1272 192 1319 234 L.
1354 190 1432 236 IV.
1573 191 1674 238 267

193 303 451 362 ψηφίζοντο,
489 305 595 361 πλὴν
628 304 684 356 ὥς
715 307 1039 364 φυγοδικοῦντος
1065 305 1115 349 τὸ
1145 304 1294 350 πλέον·
1330 304 1378 350 τὸ
1396 304 1475 364 γὰρ
1491 305 1673 350 σουλτᾶν

193 374 271 418 εἴτε
295 375 552 430 Χριστιανὸς
571 375 631 431 εἴη
655 375 733 418 εἶ’τε
754 377 820 418 καὶ
837 373 919 431 μή,
955 374 1026 418 ἐπ’
1053 374 1307 432 ἀμφιβόλοις
1331 377 1526 430 ἐτίθουν,
1564 375 1673 419 ἀπο-

190 447 304 501 χρῶν
331 444 378 486 δὲ
407 444 512 502 πρὸς
546 446 770 500 καταδίκην
796 449 857 503 τῷ
885 445 1229 503 κατηγορουμένῳ
1257 445 1306 488 τὸ
1333 449 1410 501 τῆς
1433 447 1675 502 φυγοδικίας

195 514 263 555 καὶ
282 509 412 567 μόνον
433 511 616 567 ἐνόμιζον
644 514 825 571 ἔγκλημα
838 547 852 566 ,
889 511 945 563 ὥς
967 512 1036 555 ἐπ’
1058 512 1282 569 ἐγκλήμασι
1303 518 1364 573 τῷ
1385 517 1676 570 (Ῑυγοδικοῦντι

161 586 437 636 5συμβαῒνον.
512 583 551 626 οἶ
580 584 625 626 δὲ
653 585 720 626 καὶ
747 581 893 639 ’σφίσιν
919 581 1160 636 ἀντέβαινον
1180 582 1357 636 ἱκανῶς,
1393 581 1449 633 ὦς
1471 586 1506 626 εἷ
1522 585 1598 639 μὲν
1620 582 1677 634 ὥς

194 648 446 706 κοινωνήσας
477 651 741 707 ἀλλοσεβέσιν
771 649 793 695 ὃ
826 649 1086 708 πατριάρχης
1114 649 1359 705 εὖθύνοιτο,
1397 657 1565 708 πρῶτον
1584 653 1676 708 με’ν,

194 719 290 779 ἀλλ’
320 720 475 777 ἄδηλον
505 720 553 764 ὃν
582 723 617 764 εἶ
643 721 806 775 ἀσεβεῖς
830 721 995 773 ἐκεῖνοι,
1033 719 1080 763 τὸ
1107 719 1288 777 ἔγκλημα
1315 722 1555 775 συμβαίνειν
1579 723 1674 773 ἐξα·
1699 729 1730 763 C

194 793 369 833 σθενεΐν.
444 792 479 834 εἰ
513 791 558 833 δὲ
587 792 654 833 καὶ
686 797 778 842 ταῖς
799 789 1018 846 ἀληθείαις
1041 788 1120 840 ἕξω
1139 794 1216 846 τῆς
1236 790 1368 845 αὐλῆς
1387 794 1463 833 τοῦ
1484 794 1677 848 Χριστοῦ

196 857 217 902 ὅ
239 857 440 912 σουλτοῖν,
476 859 551 903 τὸν
570 859 646 914 μὲν
671 857 931 916 πατριάρχην
949 860 1017 902 καὶ
1037 857 1170 909 οὕτως
1191 857 1422 902 ἀνεύθυνον
1444 857 1565 913 εἶναι,
1602 865 1678 903 τοῦ

140 937 184 971 10
197 929 351 978 παντὸς
379 930 443 972 ἐπὶ
473 933 532 987 τῷ
549 933 832 986 μαρτυροῦντι
852 928 1036 983 κειμένου
1051 941 1061 952 ·
1099 926 1121 972 ὅ
1141 928 1188 971 δ’
1209 923 1261 985 ἦν
1278 926 1299 972 ὅ
1324 931 1550 979 Πισσιδιάς
1570 932 1679 973 Ma-

194 995 349 1055 κάριος.
422 999 458 1040 εἰ
491 997 536 1040 δ’
575 993 676 1051 οὖν,
713 996 820 1041 ἀλλά
850 995 1187 1041 συνευθῦνεσθαι
1221 999 1290 1040 καὶ
1323 997 1422 1048 τούς
1443 997 1595 1048 ἄλλους
1617 1002 1677 1057 τῷ

194 1063 454 1124 πατριάρχῃ,
495 1065 780 1124 Χριστιανούς
809 1083 853 1124 γε
879 1065 1005 1116 ὄντας
1042 1068 1109 1110 καὶ
1141 1067 1587 1124 προσκεκληρωμένους
1616 1072 1676 1126 τῷ

192 1136 313 1194 θείῳ,
349 1135 455 1179 καθ’
476 1133 735 1192 ὃνὸηποτοῦν
755 1134 1068 1192 εὑρισκομένους
1088 1133 1278 1191 βαθμόν,
1308 1134 1370 1187 οἷς
1389 1136 1441 1191 δὴ
1463 1138 1530 1179 καὶ
1550 1136 1677 1194 ὠφεί-

194 1209 286 1248 λετο
314 1206 358 1255 ἐξ
388 1202 569 1262 ἀνάγκης
599 1203 924 1261 ὑπομιμνήσκειν
958 1210 1018 1264 τῷ
1054 1203 1291 1264 πατριάρχῃ
1321 1207 1389 1249 καὶ
1418 1205 1680 1249 ἀναστέλλειν

137 1282 182 1318 15
194 1273 269 1330 τὴν
302 1275 457 1317 ἐκεῖθεν
488 1273 730 1330 σεβήλωσιν.
800 1275 848 1318 τὸ
870 1275 916 1318 δὲ
935 1272 1110 1325 τούτους
1136 1273 1492 1332 παραδραμόντας
1514 1276 1576 1317 ἐπὶ
1596 1273 1676 1330 μό-
1699 1280 1732 1315 D

194 1360 252 1403 νῳ
290 1347 349 1402 τῷ
390 1342 626 1402 πατριάρχῃ
665 1345 782 1400 δίκην
823 1344 944 1387 ἱστᾶν
984 1344 1044 1399 μὴ
1083 1342 1185 1387 εἶναι
1213 1345 1372 1387 δίκαιον
1403 1343 1451 1387 τὸ
1480 1342 1681 1401 παράπαν

193 1414 280 1468 μηδ
288 1411 301 1428 ’
335 1413 519 1463 ἐπιεικῶς
551 1413 732 1470 εὔλογον.
806 1411 827 1456 ὃ
858 1413 902 1456 δ’
929 1408 1002 1456 οὖν
1022 1413 1250 1463 Πισσιδιάς
1270 1413 1375 1469 πρὸς
1394 1413 1442 1456 τὸ
1463 1411 1683 1469 ἀποβησό-

193 1498 318 1537 μενον
337 1481 508 1540 ἇφορῶν
543 1479 618 1542 (τὸ
643 1482 723 1539 γὰρ
745 1481 926 1539 ἔγκλημα
947 1480 1178 1538 μαρτύριον
1197 1478 1248 1537 ἦν
1269 1486 1345 1525 τοῦ
1369 1484 1437 1525 καὶ
1459 1486 1608 1526 τοῦτον
1627 1487 1681 1540 τῇ

194 1551 397 1608 καταδίκῃ
433 1548 773 1608 συνυποῖγεσθαι·
822 1551 870 1594 οὗ
903 1551 982 1609 γὰρ
1015 1549 1067 1594 ἂν
1095 1549 1258 1602 δόξαιεν
1294 1548 1460 1601 πάντως
1492 1551 1567 1594 τὸν
1596 1570 1682 1594 πα-

139 1617 393 1678 ροτριάρχην
436 1620 605 1671 δικαίως
645 1618 953 1675 καταδικάζειν,
995 1621 1030 1663 εῗ
1066 1619 1127 1675 μὴ
1162 1621 1229 1663 καὶ
1272 1619 1401 1663 αὐτὸν
1441 1618 1680 1677 εὖθύνοιεν)

286 1719 320 1753 6.
343 1718 583 1766 κοινωνήσων
605 1720 648 1755 Ρ.

194 1798 280 1833 ciam
303 1811 370 1834 non
394 1799 537 1834 sistendi
560 1811 599 1834 se
622 1799 772 1835 iudicio:
805 1811 884 1834 nam
916 1800 1044 1834 crimen
1078 1799 1122 1833 de
1145 1799 1289 1834 Sultane
1312 1798 1447 1843 longam
1472 1811 1536 1834 nec
1558 1810 1680 1834 neces-

193 1845 319 1880 sariam
342 1845 480 1881 aiebant
502 1857 647 1892 poscere
669 1846 943 1893 disquisitionem
966 1846 1011 1880 de
1034 1845 1200 1890 religione
1223 1845 1316 1888 eius,
1338 1857 1409 1891 qua
1431 1846 1575 1890 defungi
1596 1846 1680 1881 lice-

193 1897 272 1934 ret,
307 1892 342 1926 in
366 1893 525 1937 ambiguo
547 1894 772 1940 relinquendo
796 1892 1017 1928 Christianus
1040 1903 1147 1926 necne
1169 1892 1297 1935 suerit,
1332 1892 1471 1926 nitendo
1494 1897 1611 1926 autem
1635 1892 1679 1927 ad

195 1938 445 1974 damnationem
468 1941 622 1975 accusati
646 1952 687 1974 eo
711 1939 803 1986 quod
826 1944 863 1974 et
888 1944 987 1974 certo
1019 1944 1197 1973 constaret
1219 1944 1256 1972 et
1278 1938 1464 1973 secundum
1487 1938 1583 1983 leges
1605 1941 1680 1974 suf-

193 1984 339 2027 ficeret,
378 1986 595 2021 recusatione
624 1987 787 2021 videlicet
817 1985 1037 2032 comparendi
1071 1991 1151 2019 ante
1180 1985 1368 2030 legitimum
1401 1984 1575 2027 tribunal,
1609 1997 1678 2031 quo

192 2031 263 2065 rite
296 2031 423 2066 citatus
454 2033 571 2067 fuerit.
619 2033 693 2076 his,
728 2037 898 2078 quatenus
935 2032 972 2066 in
1003 2031 1162 2077 ambiguo
1202 2031 1444 2077 relinquebant
1474 2032 1602 2065 crimen
1635 2032 1679 2065 de

194 2077 362 2118 Sustane,
387 2078 602 2114 obsistebant
624 2079 682 2114 alii
705 2079 790 2114 satis
812 2077 988 2114 verisimili
1008 2079 1165 2121 ratione,
1200 2077 1445 2112 contendentes
1468 2077 1571 2122 plane
1593 2089 1678 2123 pur-

193 2129 312 2167 gutum
336 2125 380 2158 de
404 2136 445 2159 eo
468 2125 579 2160 videri
603 2126 730 2160 debere
751 2125 994 2172 patriarcham.
1040 2136 1118 2159 nam
1142 2136 1217 2158 eum
1241 2124 1375 2169 quidem
1399 2135 1468 2169 quo
1491 2127 1596 2168 pac-to
1619 2135 1679 2157 ae-

194 2181 297 2214 quum
320 2171 368 2205 sit
389 2171 569 2215 damnari,
605 2173 686 2218 quia
709 2174 873 2218 profanos
901 2171 935 2205 in
961 2183 1073 2206 rerum
1104 2182 1279 2205 sacrarum
1309 2169 1575 2204 communionem
1613 2170 1677 2204 ad-

194 2215 350 2258 miserit,
374 2217 405 2251 si
428 2219 588 2262 profanos
610 2218 698 2253 istos
717 2230 804 2265 quos
827 2218 969 2253 admisit
1001 2218 1108 2252 fuisse
1139 2228 1207 2251 non
1240 2216 1402 2251 constet?
1433 2221 1470 2249 et
1492 2220 1677 2262 utcumque

196 2273 236 2296 se
258 2273 317 2296 res
339 2263 519 2304 habuerit,
542 2264 700 2299 idoneum
724 2277 784 2300 eos
807 2276 871 2311 pro
895 2264 1104 2299 Christianis
1126 2263 1273 2298 habendi
1297 2262 1495 2307 patriarcha
1516 2262 1679 2296 habuerit

195 2311 371 2342 auctorem
394 2309 585 2344 Macarium
607 2312 803 2357 episcopum
826 2311 1002 2353 Pisidiae,
1035 2321 1143 2357 penes
1166 2321 1265 2354 quem
1290 2309 1326 2342 in
1348 2308 1491 2343 solidum
1521 2308 1615 2351 eius,
1648 2308 1678 2342 si

194 2365 265 2399 qua
288 2359 362 2395 est,
394 2355 478 2389 facti
507 2357 606 2401 culpa
629 2357 808 2392 resideat?
842 2363 1024 2403 praeterea
1048 2368 1116 2391 non
1139 2355 1342 2401 patriarcha
1364 2355 1457 2390 solus
1479 2366 1520 2389 eo
1544 2354 1680 2389 nomine

196 2401 407 2435 damnandus
437 2403 591 2446 venerit,
626 2404 687 2438 sed
718 2408 755 2438 et
786 2404 842 2438 alii
874 2404 971 2438 multi
1003 2403 1064 2450 qui
1091 2402 1189 2437 simul
1212 2406 1296 2435 tunc
1319 2413 1394 2436 cum
1418 2412 1458 2435 eo
1491 2401 1527 2435 in
1550 2401 1678 2446 templo

195 2447 315 2488 suere,
348 2459 414 2481 non
446 2447 632 2483 Christiani
665 2450 772 2484 solum
798 2450 859 2484 sed
883 2450 985 2484 etiam
1018 2452 1112 2484 clero
1136 2447 1325 2494 adscripti,
1360 2459 1502 2494 quorum
1528 2447 1680 2492 singulos

195 2504 260 2538 pro
296 2494 432 2528 ratione
462 2496 592 2539 gradus
623 2496 786 2542 cuiusque
817 2496 1011 2540 stringebat
1043 2506 1107 2529 sua
1137 2505 1221 2540 pars
1250 2494 1357 2528 officii
1380 2494 1424 2528 ad
1449 2493 1679 2528 excludendos

196 2539 309 2583 adytis
339 2541 502 2586 profanos
535 2545 572 2574 et
599 2553 666 2575 non
698 2543 1009 2576 communicandum
1039 2541 1074 2575 in
1107 2541 1251 2585 mystica
1293 2541 1467 2575 functione
1499 2551 1576 2574 cum
1611 2551 1679 2574 non

195 2584 352 2621 initiatis.
400 2586 477 2632 quis
509 2586 598 2621 enim
627 2588 737 2634 possit
770 2588 931 2622 dubitare
962 2588 1042 2634 quin
1071 2587 1192 2622 saltem
1222 2587 1248 2622 ii
1281 2587 1464 2621 debuerint
1498 2586 1680 2620 admonere

196 2632 450 2676 patriarcham,
483 2637 520 2667 et
544 2646 616 2667 cum
640 2646 708 2668 non
730 2634 894 2677 fecerint,
918 2635 1001 2680 quin
1023 2634 1117 2675 eius,
1140 2633 1170 2667 si
1193 2634 1286 2679 quod
1310 2639 1384 2675 est,
1408 2632 1536 2678 piaculi
1560 2636 1680 2666 conta-

197 2677 333 2721 gionem
354 2679 391 2713 in
415 2690 454 2713 se
476 2681 668 2721 traxerint,
701 2681 745 2715 ob
770 2691 873 2726 quam
895 2685 932 2715 et
951 2680 1019 2727 ipsi
1041 2680 1111 2715 sint
1132 2691 1264 2725 poenae
1285 2679 1437 2715 obnoxii.
1482 2678 1680 2724 praeteritis

196 2734 302 2769 porro
326 2729 381 2759 tot
403 2725 480 2760 aliis
503 2727 730 2772 participibus
752 2728 893 2773 culpae,
931 2727 967 2762 in
999 2738 1066 2761 uno
1099 2726 1272 2771 puniendo
1296 2726 1512 2761 severitatem
1537 2725 1680 2758 haerere

198 2770 398 2814 patriarcha
420 2783 532 2818 neque
555 2785 700 2818 aequum
725 2785 837 2818 neque
858 2773 1036 2808 tolerabile
1065 2773 1200 2808 omnino
1223 2772 1336 2807 videri
1357 2783 1470 2818 posse.
1519 2771 1606 2804 haec
1627 2770 1679 2804 vi-

197 2815 283 2850 dens
312 2817 460 2852 Pisidiae
493 2819 655 2862 antistes,
689 2824 725 2853 et
758 2820 826 2854 vim
856 2819 1057 2865 praeiudicii
1080 2819 1125 2853 ad
1148 2831 1187 2853 se
1210 2830 1346 2865 quoque
1368 2819 1404 2852 in
1428 2816 1571 2851 eandem
1604 2827 1679 2851 cum

197 2862 394 2907 patriarcha
418 2865 674 2902 damnationem.
692 2865 927 2901 involvendum
959 2865 1164 2912 pertinentis
1194 2877 1308 2900 secum
1332 2866 1519 2911 reputans,
1553 2862 1681 2898 tacitus
