1884 3262
242 228 342 274 700
637 221 950 268 OBSERVAT.
980 222 1294 267 PACHYMER.

241 337 316 380 mit
349 332 606 385 pachymeres
645 333 817 372 scribens
848 331 1103 372 Theodorum
1139 332 1418 383 imperatorem
1445 332 1576 383 *vitam
1612 345 1703 370 cum

242 397 370 432 morte
391 395 650 428 commutasse
671 404 774 429 anno
794 389 846 428 ad
867 395 1103 428 autumnum
1118 389 1344 427 inclinante.

356 447 434 485 Sed
453 446 503 485 de
519 447 652 498 eclipsi
669 447 773 496 solis,
802 452 843 484 et
860 451 973 498 tanta
988 451 1142 497 ,quanta
1157 459 1180 483 a
1195 444 1436 496 Pachymere
1453 444 1704 492 describitur,

243 504 308 556 vel
327 516 372 543 eo
396 517 501 542 anno
523 503 587 543 vel
615 503 659 541 in
682 509 812 542 morte
831 502 1032 541 Theodori
1044 502 1114 546 ,vel
1137 502 1179 541 in
1202 508 1393 541 autumno
1414 502 1534 550 sacta,
1563 507 1704 539 auctor

244 561 343 600 alius
373 560 506 599 nullus
532 557 732 609 meminit,
762 566 802 598 et
830 560 917 599 fieri
941 560 1063 597 ullam
1085 558 1260 611 potuisse
1290 558 1390 610 leges
1422 557 1707 602 astronomicae

243 631 326 658 non
362 616 611 669 permittunt.
667 616 873 656 novilunia
900 617 1003 655 enim
1031 616 1125 654 anni
1155 617 1263 657 1259
1293 621 1362 654 aut
1390 613 1571 666 ecliptica
1594 614 1704 652 nulla

243 676 354 714 suere
366 703 376 722 ,
407 680 486 713 aut·
498 687 580 712 non
601 673 942 725 Constantinopoli
959 687 1005 711 ac
1019 672 1115 711 locis
1132 671 1292 721 vicinis,
1322 677 1363 710 et
1381 678 1561 710 auctores
1583 668 1704 709 chro-

243 731 378 782 nologi
395 737 435 769 et
453 730 651 768 annalium
671 731 895 782 scriptores,
925 730 994 781 qui
1015 729 1106 767 solis
1117 728 1289 779 eclipsim
1308 741 1432 781 paene
1450 727 1614 767 totalem
1636 739 1704 764 re—

242 790 378 828 serunt
401 787 452 825 ad
484 801 631 826 annum
661 787 804 825 Christi
830 787 938 830 1259
968 786 1010 824 in
1037 791 1167 824 morte
1188 784 1408 834 Theodori,
1440 798 1523 823 non
1548 783 1705 822 tabulas

244 844 523 883 astronomicas
541 844 610 882 sed
627 852 829 883 auctorem
844 842 1124 895 Pachymerem
1139 848 1372 892 sequuntur.
1399 841 1457 879 ita
1473 840 1575 878 enim
1591 839 1704 878 Odo-

242 902 349 943 ricus
367 900 596 953 Raynaldus
617 901 667 939 ad
686 914 833 940 annum
855 899 1000 938 Christi
1022 899 1152 948 1259,
1182 896 1560 937 narratarTheodori
1577 901 1708 936 morte.

241 959 285 997 in
311 971 443 996 mense
473 957 669 1009 Augusto,
700 958 756 995 ait
782 956 1029 1009 paragrapho
1060 955 1133 998 54:
1165 963 1272 993 sexto
1301 956 1353 994 ab
1384 956 1472 992 eius·
1500 954 1613 992 obita
1638 952 1706 991 dio

243 1014 375 1052 tradit
398 1014 691 1065 Pac-hymeram
718 1016 918 1066 insignem
946 1014 1047 1050 soli-s·
1074 1011 1330 1063 defectionem
1340 1013 1503 1061 faisse,
1531 1008 1633 1050 adeo
1659 1016 1706 1047 ut

244 1073 369 1110 unias
391 1071 515 1109 horae
542 1073 679 1122 spatio
705 1069 967 1108 densissimae
990 1069 1193 1107 horrerent
1216 1068 1395 1106 tenebrae
1421 1068 1638 1119 stellaeque
1661 1068 1714 1115 in,

243 1128 349 1166 coelo
383 1134 632 1180 apparerent.
689 1127 744 1164 ita
773 1126 968 1164 Henricus
998 1125 1233 1176 Spondanus
1257 1125 1308 1163 ad
1337 1123 1506 1163 eundem
1535 1136 1706 1172 annum;

241 1185 300 1223 ita
327 1184 413 1234 alii,
441 1184 511 1235 qui
534 1183 653 1222 huius
683 1182 911 1221 desectionis
937 1183 1169 1230 meminere,
1197 1181 1448 1232 Pachymeris
1467 1180 1707 1222 auctoritate

243 1253 285 1279 se
311 1246 438 1279 tectos
462 1245 606 1293 putant
624 1240 707 1278 sine
729 1239 805 1277 alio
823 1238 1023 1288 examine,
1051 1243 1092 1276 et
1118 1243 1277 1288 errant,
1307 1243 1348 1276 et
1366 1238 1462 1276 alios
1471 1237 1513 1275 in
1531 1249 1705 1275 errorem

242 1297 454 1337 inducunt.
1399 1324 1402 1327 .

358 1353 525 1392 Acutior
545 1352 628 1390 aliis
647 1351 790 1390 Sethus
809 1349 1000 1390 Calvisius
1018 1349 1063 1388 in
1084 1348 1236 1388 Chron.-
1250 1361 1312 1388 an.
1330 1349 1438 1392 1255
1457 1348 1708 1401 Pachymeris

245 1411 463 1462 fragmenta
483 1411 628 1448 erroris
650 1408 801 1460 arguit,
831 1407 940 1460 quod
958 1420 1043 1445 eam
1065 1406 1156 1445 solis
1178 1406 1348 1458 eclipsim
1374 1406 1417 1445 in
1438 1406 1551 1444 obitu
1572 1404 1707 1444 Theo-

247 1467 335 1506 dori
351 1466 641 1515 indicaverint,
677 1479 756 1516 quo
778 1479 881 1503 anno
904 1470 945 1503 et
959 1463 1212 1514 sequentibus
1232 1463 1340 1501 nulla
1358 1463 1448 1501 talis
1466 1462 1706 1511 inveniatur,

245 1531 287 1563 et
314 1538 400 1562 eam
428 1528 544 1575 putat
570 1522 756 1561 accidisse
772 1522 817 1560 in
835 1527 965 1560 morte
989 1520 1146 1560 loannis
1165 1520 1314 1570 flucae,
1342 1526 1435 1572 post
1450 1519 1533 1558 eius
1553 1519 1707 1557 obitum

245 1580 310 1620 die
334 1584 359 1623 6
372 1610 383 1627 ‚
412 1584 467 1622 30
484 1578 719 1619 Decembris,
1623 1612 1628 1617 ,

357 1636 423 1676 Sic
443 1636 656 1686 Calvisius,
686 1649 738 1674 ex
758 1639 870 1686 parte
888 1632 1047 1685 quidem
1068 1645 1183 1681 vere,
1211 1637 1260 1671 ut
1275 1631 1324 1670 ab
1347 1636 1507 1671 auctore
1524 1631 1568 1669 in
1587 1629 1706 1669 rebus

244 1694 517 1733 astronomicis
532 1694 631 1732 bene
645 1697 803 1732 versato
818 1719 829 1740 ,
857 1690 926 1728 sed
945 1703 994 1729 ex
1013 1695 1126 1743 parte
1146 1695 1285 1727 contra
1301 1688 1488 1726 historiae
1502 1686 1708 1727 veritatem

243 1749 449 1790 manifeste
471 1749 698 1803 pugnantia.
756 1753 909 1786 certum
939 1747 1043 1784 enim
1069 1752 1126 1784 est
1153 1748 1230 1784 iam
1256 1745 1374 1798 paulo
1394 1751 1485 1783 ante
1505 1744 1706 1796 prolatum

241 1807 521 1859 Pachymerem
538 1807 647 1857 loqui
667 1806 716 1844 de
735 1805 846 1843 obitu
867 1803 1066 1842 Theodori
1083 1803 1125 1841 in
1145 1815 1276 1841 mense
1294 1802 1483 1853 Augusto,
1513 1815 1629 1849 anno,
1658 1806 1706 1838 ut

242 1865 326 1915 ipse
353 1865 428 1913 ait,
457 1863 509 1900 ad
537 1870 774 1902 autumnum
799 1860 1032 1910 inclinante3
1062 1873 1140 1910 quo
1163 1873 1245 1897 non
1269 1859 1440 1910 quadrat
1458 1871 1564 1896 mors
1586 1857 1705 1895 loan-

241 1920 328 1968 nis,
357 1932 457 1971 quae
486 1919 529 1959 in
560 1923 614 1960 30
639 1917 823 1956 Octobris
853 1916 1044 1965 incurrit,
1073 1921 1121 1953 ut
1150 1916 1267 1952 ctiam
1289 1915 1405 1965 paulo
1430 1913 1608 1966 superius
1628 1913 1706 1951 do—

243 1977 407 2015 cuimus.
466 1975 609 2014 deinde
634 1974 730 2026 quid
758 1978 952 2025 spectaret
981 1972 1033 2010 ad
1054 1977 1223 2010 mortem
1243 1971 1464 2019 Theodori,
1494 1983 1611 2020 quam
1632 1969 1705 2007 de-

237 2034 382 2074 scribit
398 2038 533 2084 aperte
550 2030 809 2082 Pachymeres
821 2058 833 2076 ,
862 2028 1036 2067 narratio
1056 2033 1137 2066 tam
1156 2033 1340 2066 accurata
1362 2025 1512 2078 eclipsis
1532 2026 1624 2064 solis
1644 2026 1706 2063 sa-

246 2096 332 2129 ctae
358 2090 400 2128 in
429 2094 559 2127 morte
591 2087 716 2141 patris
741 2092 912 2138 quatuor
937 2086 1021 2124 fere
1049 2090 1140 2122 ante
1168 2098 1308 2132 annos,
1338 2084 1448 2122 nulla
1478 2082 1552 2120 alia
1581 2082 1708 2134 patris

245 2147 445 2186 mentione
461 2145 598 2184 habita
621 2150 690 2183 aut
713 2143 755 2182 id
772 2143 949 2194 exigente
970 2155 1085 2180 causa
1101 2141 1354 2180 rationabili?
1412 2138 1610 2190 quomodo
1633 2138 1706 2184 de-

244 2203 366 2254 nique
390 2203 559 2255 eclipsis,
588 2213 689 2253 quae
720 2199 883 2251 contigit
908 2202 962 2240 30
987 2199 1049 2236 die
1075 2197 1326 2245 Decembris,
1349 2196 1426 2235 dici
1444 2202 1577 2248 potest
1600 2195 1705 2233 acci-

248 2259 350 2297 disse
374 2265 484 2298 sexto
511 2259 574 2297 die
597 2264 685 2310 post
709 2262 879 2296 mortem
902 2255 1082 2305 Ioannis,
1120 2255 1188 2306 qui
1217 2255 1324 2294 vitae
1349 2253 1453 2292 diem
1482 2259 1705 2290 extremum

240 2315 387 2355 ‘habuit
406 2319 460 2357 30
481 2315 694 2354 Octobris?
1224 2357 1227 2362 Ι

361 2372 469 2410 Haec
486 2373 606 2423 igitur
629 2370 785 2410 Calvisii
801 2368 1088 2408 animadversio
1107 2381 1190 2407 non
1207 2367 1312 2405 tollit
1332 2372 1400 2405 aut
1417 2365 1562 2404 minuit
1581 2376 1706 2414 quaer-

250 2429 388 2467 stionis
413 2429 710 2477 difficultatem,
740 2426 810 2464 sed
837 2430 957 2476 auget
979 2425 1129 2477 potius,
1157 2430 1199 2463 et
1219 2424 1275 2462 ita
1292 2423 1468 2476 implicat
1484 2427 1532 2460 ut
1551 2420 1704 2459 insolu-

247 2485 366 2524 bilem
386 2485 513 2523 facere
530 2486 725 2523 videatur.

362 2541 426 2579 Sic
443 2541 560 2591 igitur
574 2541 851 2592 Pachymerem
864 2538 1159 2590 intelligendum
1176 2537 1361 2586 arbitror,
1377 2541 1424 2575 ut
1437 2547 1575 2574 revera
1592 2545 1703 2570 mor-—

247 2604 330 2637 tem
347 2597 547 2636 Theodori
567 2598 761 2636 describat
773 2627 783 2646 ,
811 2597 1031 2646 factamque
1047 2608 1142 2634 ver-e
1162 2599 1308 2633 asserat
1326 2593 1540 2632 inclinante
1561 2589 1612 2627 ad
1624 2601 1704 2642 ‘au-

239 2662 434 2695 ·tumnum
455 2667 558 2692 anno
573 2683 583 2702 ,
616 2654 683 2691 sed
703 2654 876 2705 eclipsim
894 2653 984 2691 solis
1002 2652 1175 2703 designet
1193 2664 1276 2690 non
1294 2662 1394 2701 quae
1411 2649 1454 2687 in
1473 2644 1584 2687 obitu
1600 2644 1705 2682 eius-

110 2712 137 2746 P
161 2710 228 2746 494
253 2712 343 2750 dem
367 2710 564 2750 Theodori
590 2711 693 2748 facta
722 2711 773 2748 sit
802 2708 871 2763 (id
895 2709 999 2748 enim
1021 2714 1158 2747 textus
1188 2721 1271 2747 non
1297 2707 1412 2755 dicit3
1441 2710 1481 2743 et
1501 2703 1634 2752 inepta
1659 2713 1704 2738 ea
1747 2748 1750 2752 ⁸

251 2774 351 2806 esset
379 2767 432 2806 ad
456 2766 888 2819 praesignificationem,
918 2765 967 2804 de
989 2779 1064 2817 qua
1084 2765 1126 2803 in
1144 2777 1189 2803 eo
1207 2763 1353 2803 mentio
1378 2759 1462 2812 est)
1478 2788 1488 2808 ,
1516 2758 1584 2797 sed
1604 2769 1705 2807 quae

251 2824 364 2862 initio
390 2824 544 2876 imperii
570 2822 743 2862 eiusdem
761 2821 982 2870 Theodori,
1010 2821 1121 2872 quasi
1141 2819 1373 2872 praenuntia
1391 2815 1523 2856 brevis
1542 2819 1582 2852 et
1601 2813 1705 2851 inse-

249 2880 335 2922 licis
362 2880 443 2919 eius
466 2880 596 2932 regni,
624 2878 732 2931 quod
754 2891 835 2929 non
861 2878 987 2917 multo
1005 2878 1094 2930 plus
1112 2876 1282 2931 triennio
1300 2874 1427 2924 stetit,
1456 2878 1494 2911 et
1513 2872 1555 2910 in
1574 2869 1705 2909 conti-
