1884 3262
353 226 450 271 290
772 221 1008 265 GEORGII
1040 220 1391 265 PACHYMERIS

356 339 500 395 φίλους
518 333 652 391 ἐκείνῳ
672 332 957 387 νομιζομένους
974 329 1078 374 κατά
1096 349 1187 374 τινα
1208 332 1282 386 τὴν
1302 331 1375 373 ἄπ’
1398 331 1527 375 αὐτοῦ
1545 331 1817 386 παραμυθίαν

313 418 341 450 D
366 423 407 448 τε
445 405 512 446 καὶ
551 401 776 455 εὐμένειαν,
823 401 896 454 τὴν
927 400 1217 453 ὁὲιὸἔσποιναν
1253 399 1349 453 μετ’
1382 399 1536 442 ἐκείνων
1566 401 1731 454 πέμπειν
1762 398 1818 449 ὥς

360 471 439 529 ἀφ’
465 469 613 524 ἑαυτῆς
636 468 686 510 τὰ
708 469 952 528 νομίσμοιτα.
1022 467 1044 510 ὃ
1075 469 1125 523 δὴ
1155 467 1338 522 ual'ptev'
1364 467 1411 509 οὗ
1445 467 1548 510 πολὺ
1575 469 1815 524 πέπρακται,

360 542 426 583 καὶ
446 537 763 582 ἀποστέλλονται
785 535 804 579 ὃ
827 541 899 592 τῆς
920 538 1131 592 ἐκκλησίας
1154 532 1583 592 ὖπομνηματογροῖφος
1604 539 1642 578 Γ
1639 533 1814 589 εμιστός,

362 607 383 650 ὅ
404 611 478 650 τοῦ
498 609 709 660 βασιλικοῦ
739 603 890 661 κλήρου
921 602 1204 659 λαμπαδάριος
1223 602 1244 646 ὃ
1271 601 1519 658 Οἲναιώτης,
1556 604 1622 645 καὶ
1641 605 1776 658 τρίτος
1796 601 1850 646 ὃὸ

361 681 435 731 τῆς
450 674 576 730 Ἱερᾶς
594 671 857 735 ἷξιρομόναχος
882 671 1081 728 Μάρκος,
1106 673 1265 727 ,ἄνδρες
1291 673 1333 714 ἐκ
1355 675 1532 714 παλαιοῦ
1553 674 1664 727 φίλοι
1685 672 1819 729 ἐκείνῳ

362 745 413 787 τιὶ
438 741 642 798 μάλιστα,
677 740 737 791 οἷς
762 743 812 797 δὴ
833 744 899 784 καὶ
919 741 1032 798 παρὰ
1053 746 1125 797 τῆς
1151 742 1364 795 δεσποίνης
1384 739 1435 782 τὰ
1456 741 1512 789 εἷς
1532 740 1672 796 χρείαν
1694 756 1820 782 συνα-

361 813 641 856 πεστέλλοντο.

499 883 571 936 Τῷ
603 879 679 932 μὲν
709 872 780 920 οὖν
819 881 983 931 βασιλεῖ
1008 876 1081 919 οὐκ
1118 873 1168 932 ’ἦν
1201 878 1241 925 ἒς
1270 880 1468 919 τοσοῦτον
1497 875 1548 917 τὰ
1586 879 1659 929 τῆς
1691 890 1822 917 σπου-

312 954 343 987 E
368 951 466 1004 (Τῆς,
503 947 608 990 ἀλλὰ
636 948 703 989 καὶ
733 946 781 988 τὸ
815 946 934 988 πλέον
963 943 1268 999 προσεπεζήτει,
1305 949 1462 998 μᾶλλον
1489 944 1534 986 δὲ
1553 945 1619 986 καὶ
1639 937 1685 986 οἷα
1701 941 1876 997 χάρινψ

362 1016 486 1060 ταῦτ’
509 1013 743 1072 ἐπράττετο.
790 1013 836 1056 τὸ
859 1013 902 1055 δ’
927 1008 977 1066 ἦν
999 1013 1080 1067 ἄρα
1100 1013 1196 1055 ὅσον
1217 1014 1257 1054 ἓν
1277 1015 1437 1068 σπουδῇ
1457 1013 1605 1054 ἐκείνου
1627 1016 1701 1053 τοῦ
1723 1011 1824 1054 ἀνυ-

365 1089 543 1140 σθῆναι,
579 1081 702 1126 τόσον
732 1084 772 1124 ἓν
803 1082 955 1140 ἀπορίᾳ
980 1086 1054 1123 τοῦ
1067 1085 1161 1130 πῶς
1183 1080 1232 1123 ἂν
1254 1081 1450 1134 ἀνυσθειή
1471 1082 1538 1122 καὶ
1566 1080 1679 1134 παρὰ
1701 1081 1822 1126 τίνος.

225 1169 252 1201 Ρ
281 1168 343 1202 196
369 1152 489 1212 (17)
524 1151 649 1207 ἤθελε
670 1151 744 1205 μὲν
763 1146 834 1191 οὗν
855 1150 928 1203 τὴν
950 1154 1024 1192 τοῦ
1044 1152 1195 1203 δεσμοῦ
1213 1146 1328 1191 λύσιν
1346 1149 1533 1203 γενέσθαι
1553 1145 1664 1203 παρά
1687 1165 1729 1190 τε
1747 1151 1822 1189 τοῦ

364 1218 619 1278 πατριάρχου
649 1221 715 1260 καὶ
743 1216 877 1271 πάσης
905 1222 979 1271 τῆς
1011 1216 1211 1268 συνόδου,
1241 1217 1311 1259 τὸν
1345 1217 1389 1259 δὲ
1416 1214 1597 1258 λύσαντα
1626 1214 1822 1271 ὖφωρᾶτο

366 1290 423 1344 μὴ
452 1290 517 1331 καὶ
541 1286 652 1337 δόξοι
671 1286 802 1328 ἄλυτα
823 1283 931 1327 λύων
949 1287 992 1328 ἐκ
1015 1290 1088 1328 τοῦ
1111 1285 1214 1341 πρὸς
1238 1287 1383 1327 ἐκεῖνον
1403 1284 1474 1327 τὸν
1493 1284 1592 1326 λαὸν
1619 1282 1822 1339 ὀλιγώρως
1836 1293 1877 1328 15

367 1359 466 1412 ἔχειν
485 1360 608 1398 τοῦτο
630 1355 703 1408 μὲν
728 1354 795 1395 διὰ
818 1354 865 1396 τὸ
886 1353 944 1407 μὴ
969 1353 1035 1395 ἐπ’
1059 1354 1193 1411 ἐκείνῳ
1220 1357 1598 1408 πληροφορεῖσθάι,
1627 1356 1749 1394 τοῦτο
1779 1352 1824 1393 δὲ

369 1428 434 1469 καὶ
461 1424 529 1467 διὰ
551 1423 625 1477 τὴν
652 1421 948 1479 ἐμφαινομένην
971 1426 1042 1464 τοῦ
1062 1419 1217 1479 θρόνου
1237 1418 1473 1476 μετάθεσιν.
1522 1419 1565 1472 ,ὃ
1594 1420 1635 1462 δ’
1669 1421 1824 1469 ἐννοίας

374 1638 448 1660 cum
470 1623 691 1667 intelligeret,
714 1622 871 1666 ingerere
893 1621 983 1667 quod
1006 1621 1238 1668 scrupulosum
1263 1633 1376 1657 senem
1398 1620 1588 1656 offenderet
1606 1630 1671 1654 non
1695 1629 1824 1653 ausum.

372 1685 413 1706 ac
444 1683 486 1705 ne
519 1681 607 1703 nunc
638 1668 773 1713 quidem
798 1669 885 1701 velle
909 1670 1094 1704 molestiam
1122 1670 1292 1703 facessere
1315 1669 1466 1702 infirmae
1487 1665 1824 1707 hominiswconscien-

373 1719 444 1751 tiae
458 1743 467 1758 ‚
503 1716 648 1758 ideoque
680 1717 882 1748 metuentem
906 1726 950 1747 ne
971 1719 1146 1749 recusaret
1180 1715 1405 1749 necessarium
1429 1713 1609 1748 subsidium
1628 1711 1658 1745 si
1678 1722 1738 1745 suo
1760 1711 1828 1755 ipsi

373 1762 508 1797 nomine
530 1760 731 1800 offerretur,
755 1759 945 1793 consentire
968 1771 1005 1794 se
1029 1766 1067 1793 ut
1088 1761 1120 1793 id
1144 1761 1316 1804 Augustae
1338 1760 1534 1805 imputetur.
1579 1757 1722 1802 denique
1740 1756 1828 1790 vello

374 1821 411 1842 se
434 1807 525 1842 mitti
548 1806 592 1839 ad
616 1817 690 1839 eum
715 1805 842 1850 aliquos
866 1817 908 1838 ex
931 1805 1046 1839 amicis
1069 1806 1140 1838 eius
1163 1809 1204 1839 ad
1228 1806 1394 1851 quandam
1421 1803 1606 1838 calamitosi
1635 1802 1724 1836 senis
1746 1813 1825 1835 con—

373 1853 570 1888 solationem
602 1854 638 1884 et
672 1851 939 1892 recreationem,
974 1854 1009 1885 et
1042 1851 1083 1884 iis
1113 1852 1314 1885 deferendos
1337 1852 1380 1885 ad
1402 1851 1514 1896 ipsum
1544 1849 1634 1882 tradi
1655 1852 1828 1882 trecentos

374 1899 452 1933 illos
475 1908 622 1932 nummos
646 1900 804 1940 tanquam
827 1897 968 1930 donatos
991 1897 1034 1930 ab
1056 1897 1229 1941 Augusta,
1265 1908 1340 1931 cum
1371 1899 1465 1930 certa
1497 1893 1716 1939 promissione
1737 1892 1829 1926 redi-

375 1949 474 1979 turae
504 1943 682 1988 quotannis
706 1943 748 1975 ab
773 1942 890 1976 eadem
915 1954 1013 1975 manu
1035 1943 1127 1987 paris
1150 1954 1309 1978 summae.
1353 1942 1387 1975 id
1417 1941 1507 1986 quod
1532 1952 1598 1974 non
1620 1939 1724 1973 multo
1748 1941 1828 1982 post

373 1990 424 2025 ita
446 1991 572 2023 factum
595 1993 657 2021 est.
705 1987 851 2032 delegati
877 1988 965 2022 enim
996 1988 1039 2020 ad
1060 1988 1235 2022 Arsenium
1258 1991 1337 2022 sunt
1357 1986 1521 2021 ecclesiae
1551 1985 1828 2019 commentarien-

375 2036 422 2070 sis
439 2034 625 2074 Geminus,
650 2044 792 2076 cumque
814 2034 877 2067 hoc
899 2033 985 2077 regii
1009 2033 1090 2067 cleri
1109 2033 1333 2080 lampadarius
1357 2033 1533 2066 Oenaeota
1555 2035 1591 2065 et
1611 2030 1735 2064 tertius
1757 2041 1830 2064 mo-

375 2080 516 2115 nasterii
543 2079 670 2113 Hierae
701 2078 786 2113 dicti
818 2079 998 2113 monachus
1026 2079 1182 2120 Marcus,
1214 2079 1283 2113 viri
1314 2090 1427 2112 omnes
1449 2078 1516 2123 ipsi
1547 2078 1625 2112 olim
1647 2074 1830 2118 carissimi3

375 2127 434 2173 qui
457 2130 492 2160 et
514 2127 731 2159 memoratum
752 2125 818 2170 ipsi
840 2125 882 2158 ab
905 2125 1058 2168 Augusta
1079 2125 1262 2159 subsidium
1286 2129 1519 2170 apportarunt.

469 2172 568 2212 Quae
591 2182 665 2204 cum
689 2170 788 2203 altius
811 2174 952 2215 reputo,
982 2170 1134 2216 suspicor
1156 2171 1310 2216 equidem
1334 2182 1398 2204 non
1423 2170 1486 2203 hoc
1509 2171 1638 2203 tantum
1659 2167 1693 2201 in
1715 2177 1829 2201 senem

377 2229 496 2264 parum
534 2216 599 2251 sibi
632 2227 775 2260 aequum
810 2216 957 2249 studium
991 2227 1034 2249 ex
1063 2217 1135 2250 sola
1163 2222 1234 2250 tum
1258 2217 1471 2250 miseratione
1494 2213 1691 2259 imperatori
1714 2218 1829 2247 natum

380 2274 479 2305 esse,
511 2261 637 2296 homini
660 2261 777 2306 utique
798 2261 930 2296 minime
961 2261 1107 2307 simplici
1131 2266 1190 2297 aut
1210 2272 1310 2296 unum
1334 2266 1370 2301 et
1391 2261 1497 2296 cuivis
1519 2260 1652 2294 obvium
1673 2262 1830 2303 spectare

379 2309 416 2342 in
438 2309 481 2342 iis
505 2320 594 2353 quae
617 2313 737 2351 ageret
759 2308 877 2350 solito3
912 2318 1018 2352 quare
1039 2311 1120 2352 puto
1142 2308 1234 2341 illum
1257 2308 1332 2352 plus
1355 2307 1389 2341 in
1412 2319 1452 2340 eo
1476 2307 1619 2348 vidisse,
1642 2312 1744 2350 atque
1766 2305 1830 2339 hoc

380 2355 474 2388 facto
497 2352 667 2388 studuisse
689 2353 817 2387 munire
840 2365 881 2388 ac
901 2355 1114 2398 complanare
1134 2354 1199 2388 sibi
1225 2355 1315 2388 viam
1337 2353 1381 2387 ad
1404 2352 1597 2398 antiquum,
1619 2361 1685 2395 quo
1707 2349 1831 2384 dudum

381 2399 563 2441 tendebat,
598 2410 733 2444 scopum
759 2398 979 2433 absolutionis
1000 2399 1255 2444 impetrandae3
1289 2410 1391 2444 quam
1411 2410 1483 2432 rem
1505 2400 1632 2442 quanto
1653 2395 1832 2431 vehemen-

383 2444 452 2479 tius
477 2445 654 2489 cupiebat,
685 2447 779 2477 tanto
805 2444 961 2479 solertius
984 2446 1156 2489 cogitabat
1186 2457 1330 2491 quanam
1364 2444 1490 2489 optime
1510 2442 1642 2477 ratione
1663 2445 1700 2475 et
1721 2451 1742 2473 a
1763 2450 1831 2484 quo

382 2489 516 2530 facilius
536 2490 772 2534 honestiusque
793 2493 1066 2535 consequeretur.
1111 2492 1205 2535 (17)
1229 2491 1468 2536 cogitationum
1490 2500 1592 2535 porro
1613 2487 1684 2521 eius
1706 2496 1833 2520 summa

384 2535 416 2570 in
439 2535 474 2569 id
495 2536 756 2576 conferebatur,
786 2540 825 2568 ut
857 2536 1040 2570 curandum
1075 2537 1283 2571 existimaret
1310 2536 1399 2571 solvi
1430 2546 1507 2575 sese
1532 2535 1580 2572 ,ab
1611 2531 1833 2570 anathematis

385 2581 516 2616 vinculo
540 2592 600 2626 per
621 2580 846 2626 patriarcham
869 2585 904 2614 et
925 2593 986 2626 per
1007 2583 1179 2626 synodum.
1225 2583 1269 2617 de
1291 2581 1484 2627 patriarcha
1503 2579 1682 2614 verebatur
1704 2588 1747 2610 ne
1770 2587 1833 2620 pa-

385 2639 460 2661 rum
482 2638 521 2660 eo
546 2626 714 2661 exorando
736 2627 936 2671 proficeret,
962 2627 1036 2672 ipso
1059 2629 1204 2663 libenter
1225 2629 1358 2674 quidem
1381 2635 1578 2666 assensuum
1598 2623 1659 2657 sed
1676 2622 1833 2667 quoniam

385 2674 507 2717 exigua
529 2672 603 2706 eius
625 2671 714 2717 apud
735 2673 894 2717 populum
917 2678 953 2706 et
973 2674 1083 2716 gratia
1107 2679 1178 2708 erat
1201 2678 1236 2708 et
1257 2673 1463 2714 auctoritas,
1493 2669 1677 2706 timendum
1698 2668 1834 2702 videre-

386 2722 443 2752 tur
466 2730 507 2752 ne
528 2717 654 2752 invidia
673 2717 824 2751 auctoris
847 2722 959 2752 actum
989 2719 1179 2754 infirmaret
1200 2724 1237 2753 et
1261 2720 1363 2754 talem
1393 2716 1636 2757 absolutionem
1656 2725 1720 2759 pro
1743 2712 1834 2747 nulla

386 2763 541 2809 plerique
570 2763 734 2808 irritaque
762 2763 946 2805 haberent,
977 2768 1138 2818 tanquam
1166 2766 1268 2800 latam
1293 2765 1337 2799 ab
1357 2762 1488 2798 homine
1517 2762 1613 2795 cuius
1636 2757 1834 2794 auctoritati

386 2809 503 2854 parum
525 2809 688 2855 fiderent,
721 2813 758 2842 et
778 2809 822 2842 de
842 2821 909 2854 quo
932 2820 974 2843 an
997 2809 1149 2854 legitime
1180 2814 1354 2855 promotus
1380 2813 1491 2850 esset,
1522 2810 1662 2852 propter
1691 2804 1833 2839 vetitam

387 2855 568 2890 canonibus
599 2855 642 2888 de
680 2855 799 2889 throno
830 2854 864 2888 in
895 2855 1049 2889 thronum
1081 2856 1331 2890 translationem
1360 2853 1600 2898 ambigeretur.
1647 2856 1764 2886 auctor
1797 2852 1832 2883 et
