1846 3262
243 181 338 230 140
661 184 898 228 GEORGII
926 187 1279 232 PACHYMERIS

236 315 310 350 το,
347 294 440 340 τότε
468 296 513 339 δὲ
544 296 620 352 τὴν
651 296 839 353 ὗποψίαν
872 298 1250 356 διαφυλαττόμενος
1277 303 1462 348 ἐκποδών
1490 303 1572 359 ὤν,
1619 313 1706 357 τοῖς

236 365 585 420 ὑποβαλλομένας
622 367 832 423 προσέχων
855 401 868 421 ,
924 365 966 412 εὖ
1008 370 1126 420 εῗδώς
1153 375 1236 414 τῶν
1271 369 1408 415 τόπων
1445 375 1582 430 συνιή,
1637 378 1705 418 καὶ

236 435 558 491 προσεσκέπτετο
591 433 703 486 ὅπως
731 435 881 492 ἄριστα
912 438 1064 493 γένοιτο
1090 441 1157 481 καὶ
1180 440 1285 493 μετὰ
1316 444 1498 497 σπουδῆς
1517 443 1562 485 τὸ
1583 447 1702 497 μελε-

231 501 413 557 τώμενον
431 504 569 559 σφίσι,
604 502 663 560 μή
682 522 771 555 πως
795 508 862 548 καὶ
883 505 1212 559 ἀντιλλαξᾶντων
1243 513 1364 551 τινῶν
1390 509 1438 553 τὸ
1470 511 1513 554 ἐν
1533 516 1701 572 κρυπτῷ

233 573 464 628 φωραθείη.
1711 591 1734 626 5

113 640 142 690 P
166 640 210 675 91
374 642 452 686 27.
520 638 592 691 Ὡς
622 646 721 697 γοῦν
751 641 847 697 ἵστη
880 642 926 685 τὸ
958 646 1041 685 πᾶν
1073 647 1147 698 τῆς
1176 648 1355 699 βουλῆς,
1400 647 1467 688 καὶ
1501 644 1522 688 ὅ
1562 646 1703 702 καιρὸς

235 706 446 752 ε’τάττετο·
483 709 628 759 νυκτὸς
646 711 724 766 γὰρ
745 711 818 766 τὴν
843 712 1063 768 ἐπιβουλὴν
1086 715 1283 755 συνοίσειν
1307 715 1373 755 καὶ
1397 715 1440 756 ἐκ
1468 718 1541 756 τοῦ
1563 716 1702 771 αἷφνι-

234 779 326 821 δίου
360 778 418 834 μὴ
449 779 774 835 προσδοκώντων
805 779 997 834 ἔγνωσαν.
1067 780 1264 831 κάκείνοις
1289 783 1364 835 μὲν
1383 782 1506 835 με’λον
1528 778 1578 837 ἦν
1599 785 1700 826 ἐπα-

233 845 517 902 ναβεβηκότας
545 847 590 891 τὸ
621 855 751 903 τεῖχος
772 849 840 891 διὰ
860 847 1065 902 κλιμάκων
1086 849 1275 906 ἀψοφητὶ
1299 850 1396 899 τοὺς
1415 849 1634 907 φυλάττειν
1656 869 1700 895 τε

233 917 503 972 τεταγμένους
522 923 808 972 καταρριπτεΐν
826 916 986 960 ἄνωθεν
1005 919 1073 960 καὶ
1098 917 1172 973 τὴν
1193 923 1267 973 τῆς
1286 923 1416 975 πηγῆς
1433 917 1564 974 πύλην
1583 918 1697 962 οἶνοί·
1710 932 1756 966 10

233 1001 316 1041 γειν
345 989 505 1042 σφῆνας
533 984 790 1039 ἐμβαλόντας
800 1018 812 1037 ,
848 985 919 1028 τὸν
955 987 998 1028 ἐκ
1026 987 1158 1029 λίθων
1185 986 1322 1041 μόνων
1356 985 1698 1044 προσαρμόζοντα

180 1056 211 1091 Β
235 1051 365 1111 ταύτῃ
402 1061 538 1108 τοῖχον
577 1052 902 1110 κατερηριφότας
936 1052 1158 1111 πρότερον,
1203 1060 1261 1114 τῷ
1301 1057 1345 1098 δὲ
1380 1057 1564 1112 Καίσαρι
1601 1056 1699 1107 τοὺς

232 1120 489 1179 στρατιώτας
518 1122 585 1164 διὰ
609 1123 751 1172 νυκτὸς
773 1120 1039 1178 ἐφελκόμενον
1064 1122 1238 1177 ἑτοίμως
1260 1121 1483 1178 εἰσβάλλειν
1503 1126 1570 1166 καὶ
1591 1125 1695 1168 κατὰ

231 1191 306 1246 τὴν
336 1191 599 1246 ἀνοιχθεῖσαν
626 1189 757 1246 πύλην
783 1191 1050 1247 εἶσέρχεσθαι.
1123 1192 1250 1242 εὐθὺς
1276 1198 1350 1247 τῆς
1375 1190 1601 1249 ὡρισμένης
1622 1211 1696 1235 νυ-

232 1259 328 1309 κτὸς
361 1257 579 1314 ἐπιστάσης
610 1260 648 1301 οἳ
677 1260 751 1314 μὲν
778 1255 884 1314 ἦσαν
917 1260 1019 1316 πρὸς
1045 1259 1233 1319 τοῦργῳ,
1270 1263 1337 1303 καὶ
1366 1259 1493 1303 τόπον
1523 1261 1693 1305 εὔθετον
1707 1275 1750 1309 15

232 1326 529 1383 στοχασάμενοι
549 1330 671 1370 ἐκεῖσε
690 1333 895 1384 προσῆγον
916 1329 988 1383 τὴν
1007 1330 1205 1382 κλίμακα,
1235 1327 1499 1386 εὐφυλάκτως
1516 1330 1562 1373 τὸ
1584 1328 1693 1384 σύμ-

230 1414 313 1439 παν
334 1396 513 1451 ἔχοντες,
536 1394 607 1451 ’μή
629 1413 714 1446 πως
730 1403 815 1446 τοῖς
833 1395 984 1452 φύλαξι
1001 1401 1233 1453 φωραθεῖεν
1253 1399 1319 1440 καὶ
1338 1398 1410 1452 τὴν
1431 1397 1570 1454 θήραν
1589 1398 1693 1440 ἀνα-

178 1468 209 1502 C
233 1463 445 1520 σοβήσωσι
456 1498 469 1518 ,
506 1469 666 1519 μᾶλλον
684 1466 758 1519 μὲν
781 1461 852 1507 οὗν
875 1467 940 1507 καὶ
963 1466 1149 1521 μέγιστος
1170 1465 1311 1515 αὐτοῖς
1328 1468 1513 1516 κίνδυνος
1533 1468 1690 1524 ἐπιστῇ,

229 1536 264 1576 εἰ
285 1532 414 1594 ἁλῷεν
433 1532 772 1589 ἐπιβουλεύοντες.
841 1536 1009 1591 Καῖσαρ
1030 1535 1074 1577 δὲ
1095 1538 1167 1589 τῆς
1187 1534 1332 1585 νυκτὸς
1349 1537 1499 1590 ἐκείνης
1516 1535 1562 1579 τὸ
1581 1539 1691 1579 Σκυ-

320 1644 351 1680 2.
378 1640 503 1689 συνῄει
511 1643 531 1677 ἲ)

228 1733 364 1780 quidem
395 1734 562 1769 interdum
591 1734 759 1770 circuibat
788 1734 938 1769 lustrans
967 1733 1234 1780 exploransque,
1267 1737 1306 1769 ut
1338 1745 1402 1789 par
1433 1736 1526 1776 erat,
1557 1736 1690 1775 cuncta,

229 1781 412 1815 identidem
447 1785 579 1824 autem,
618 1793 660 1815 ne
683 1781 907 1826 suspicionem
931 1780 1063 1815 Latinis
1079 1783 1197 1816 urbem
1219 1782 1414 1815 tenentibus
1437 1785 1609 1823 moveret,
1629 1791 1688 1815 re-

231 1827 355 1861 cedens
377 1839 620 1872 removensque
643 1839 681 1862 se
711 1839 733 1862 a
766 1831 970 1872 conspectu,
1005 1837 1134 1870 semper
1166 1827 1208 1861 iis
1236 1839 1323 1872 quae
1345 1827 1614 1871 suggerebantur
1635 1830 1689 1861 at-

230 1873 393 1907 tendens:
417 1874 490 1908 ibat
513 1873 600 1907 enim
622 1884 689 1908 una
713 1884 786 1907 cum
815 1874 888 1918 ipso
911 1872 1003 1906 idem
1031 1872 1090 1906 ille
1114 1873 1329 1907 Cutritzaces
1349 1873 1570 1918 peritissimus
1594 1873 1690 1907 loco·-

229 1930 327 1962 rum,
358 1919 486 1964 pariter
516 1923 638 1954 cuncta
672 1919 955 1964 circumspiciens.
1001 1918 1223 1964 providebant
1252 1924 1363 1953 autem
1391 1919 1487 1953 ambo
1517 1918 1614 1952 simul
1648 1922 1689 1953 ut

231 1976 333 2010 quam
365 1965 489 2010 optime
525 1977 692 2011 quamque
724 1965 896 1999 celerrime
936 1965 1027 2010 quod
1059 1965 1312 1999 meditabantur
1347 1965 1466 1998 fieret:
1499 1964 1687 2010 periculum

231 2010 321 2044 enim
345 2016 420 2045 erat
445 2012 481 2046 in
503 2023 618 2054 mora,
648 2023 691 2045 ne
719 2011 846 2056 aliquid
870 2010 1024 2044 alicunde
1047 2010 1232 2044 sentientes
1255 2011 1412 2045 custodes
1436 2010 1602 2045 moenium
1624 2022 1688 2046 vo-

230 2056 456 2091 ciferarentur
480 2062 516 2092 et
536 2058 628 2103 quod
650 2058 733 2092 clam
760 2058 945 2101 parabatur
966 2057 1077 2101 palam
1100 2057 1293 2102 proderent.

322 2104 379 2138 27.
424 2103 474 2137 Ut
506 2104 609 2148 igitur
637 2104 680 2138 de
711 2103 862 2138 omnibus
897 2102 1053 2137 convenit
1075 2114 1162 2148 quae
1186 2101 1407 2136 conducibilia
1428 2101 1470 2136 ad
1495 2112 1686 2136 successum

228 2149 360 2193 negotii
392 2152 472 2183 sunt
503 2151 596 2193 visa,
629 2154 665 2184 et
692 2150 907 2184 constitutum
929 2154 1061 2194 tempus
1084 2153 1138 2182 est
1171 2151 1296 2191 (noctu
1320 2148 1408 2182 enim
1431 2151 1469 2183 et
1491 2159 1534 2182 ex
1556 2147 1687 2202 impro-

226 2194 304 2229 viso
330 2195 548 2240 supervenire
570 2196 702 2230 minime
724 2196 935 2241 opinantibus
969 2195 1239 2240 decreverant),
1273 2194 1344 2228 suis
1372 2194 1497 2240 quique
1525 2195 1687 2240 partibus

228 2244 367 2275 strenue
389 2241 610 2285 defungendis
632 2242 754 2276 intenti
776 2242 1002 2287 expectabant
1024 2241 1164 2286 signum.
1211 2240 1286 2275 aliis
1313 2240 1401 2274 enim
1433 2251 1514 2274 cura
1545 2239 1684 2274 deman-

228 2287 310 2319 data
332 2290 385 2319 est
409 2288 653 2322 conscendendi
675 2288 746 2322 sine
769 2287 915 2333 strepitu
937 2287 1039 2321 scalis
1062 2286 1202 2321 admotis
1224 2298 1342 2331 muro,
1380 2297 1488 2332 eoque
1522 2289 1684 2331 superato

228 2342 315 2376 quos
348 2332 399 2366 ibi
436 2334 593 2368 custodes
627 2334 818 2379 reperirent
846 2345 992 2379 superne
1015 2338 1112 2367 extra
1135 2332 1328 2374 deficiendi,
1366 2344 1408 2368 ac
1429 2334 1562 2377 portam
1585 2331 1639 2365 cui
1661 2342 1684 2366 a

225 2379 322 2411 fonte
345 2389 463 2412 nomen
486 2384 539 2413 est
563 2381 809 2424 patefaciendi‚
834 2380 950 2414 cuneis
972 2378 1149 2424 impactis,
1173 2379 1232 2413 ubi
1257 2378 1438 2413 obductam
1460 2378 1547 2412 ostia
1569 2388 1684 2411 mace-

224 2423 311 2457 riam
344 2423 438 2468 prius
473 2425 665 2459 diruissent.
714 2426 856 2460 Caesari
878 2437 959 2459 vero
982 2429 1193 2459 reservatum
1215 2424 1378 2459 excitatos
1404 2434 1466 2470 per
1490 2425 1623 2457 noctem
1647 2425 1683 2457 et

225 2480 370 2514 pransos
392 2475 529 2515 paratos
552 2482 665 2506 secum
688 2473 825 2507 trahere
845 2471 988 2515 milites,
1022 2482 1107 2518 quos
1131 2476 1319 2516 opportune
1340 2469 1536 2505 immitteret
1560 2473 1597 2502 et
1619 2479 1684 2514 per

227 2518 383 2560 apertum
414 2516 537 2550 ostium
568 2529 640 2551 cum
672 2517 755 2563 ipsis
785 2518 997 2563 irrumperet.
1041 2516 1156 2552 statim
1189 2528 1270 2560 ergo
1294 2519 1332 2550 ut
1352 2515 1509 2559 condicta
1532 2525 1598 2548 nox
1621 2514 1684 2549 ad·-

226 2561 311 2603 fuit,
344 2561 394 2595 illi
426 2562 561 2607 quidem
591 2563 625 2597 in
657 2575 760 2609 opere
783 2563 1003 2609 'praescripto
1034 2564 1279 2604 versabantur,
1314 2562 1400 2596 clam
1433 2560 1535 2596 scalis
1557 2559 1682 2594 erectis

225 2606 346 2642 idoneo
372 2619 412 2641 ac
434 2609 578 2642 solerter
599 2609 729 2644 delecto
751 2610 846 2652 loco,
867 2612 1055 2644 cautionem
1077 2609 1277 2644 adhibentes
1298 2618 1478 2650 summam,
1500 2617 1543 2640 ne
1567 2610 1682 2641 custo-

227 2652 328 2687 dibus
362 2653 520 2688 indicium
544 2655 596 2688 sui
618 2655 758 2697 darent,
790 2661 826 2690 et
847 2667 948 2701 quam
969 2659 1127 2690 venatum
1149 2656 1244 2689 ibant
1265 2654 1425 2700 praedam
1458 2651 1604 2697 strepitu
1627 2652 1680 2686 in-

226 2699 429 2743 tempestivo
455 2704 626 2735 terrerent
656 2706 870 2746 praemature
898 2707 1151 2747 moverentque.
1197 2701 1240 2735 ad
1262 2712 1361 2745 quam
1383 2697 1598 2733 sedulitatem
1621 2708 1681 2732 ca-

226 2744 328 2778 vendi
353 2745 585 2781 excitabantur
607 2747 834 2792 magnitudine
856 2747 984 2793 proprii
1006 2746 1168 2793 periculi,
1195 2747 1314 2792 utique
1336 2745 1457 2792 quibus
1480 2748 1576 2778 certa
1598 2754 1680 2788 per-

227 2790 332 2825 nicies
361 2791 593 2837 impendebat,
626 2793 656 2827 si
681 2794 961 2839 interciperentur
982 2793 1019 2827 in
1040 2794 1115 2839 ipsa
1137 2792 1308 2827 molitione
1335 2789 1488 2826 insidiosi
1519 2789 1678 2824 assultus.

228 2836 359 2871 Caesar
380 2849 482 2884 porro
504 2850 567 2885 per
589 2850 662 2874 eam
687 2842 820 2874 noctem
842 2839 984 2886 sumptis
1016 2851 1129 2875 secum
1151 2837 1292 2884 scythis
1314 2841 1351 2873 et
1375 2835 1505 2872 cunctis
1524 2835 1599 2871 aliis
1621 2846 1679 2870 co-
1716 2850 1718 2853 ·
