1884 3262
192 210 288 256 228
604 204 840 251 GEORGII
881 204 1235 250 PAGHYMERIS

189 323 267 380 γὰρ
300 321 447 364 ἐκεῖνον
481 317 582 372 ἔχειν
616 317 720 375 πρὸς
751 316 925 372 βασιλέα
952 316 1029 372 τὴν
1059 316 1233 361 ἀσυλίαν
1263 321 1340 361 τοῦ
1370 318 1481 375 ἱεροῦ
1504 319 1571 362 καὶ
1590 310 1665 375 τὴν

190 396 264 435 τοῦ
284 385 540 444 πατριάρχου
565 384 768 439 nmmum
803 387 871 430 καὶ
901 384 958 436 ὥς
974 385 1127 436 αὐτοὺς
1147 386 1252 429 εὐθὺ
1271 391 1346 430 τοῦ
1367 388 1569 442 βασιλέως
1590 386 1664 444 ὄρ-

187 462 353 514 μῶντας
386 452 591 510 δεσμεύειν
628 455 703 500 οὒκ
731 450 808 510 ἦν,
847 453 903 506 ὥς
922 455 1026 511 παρ’
1053 455 1193 505 αὐτοῖς
1212 453 1415 511 μενούσης
1433 460 1508 511 τῆς
1531 473 1663 512 προσ-

188 529 321 583 φυγῆς
350 528 475 568 τοῦτο
503 524 578 577 μὲν
605 528 665 583 τῷ
698 521 866 574 ἑκόντας
893 523 1150 580 ἀποφοιτᾶν,
1187 528 1311 567 τοῦτο
1334 525 1379 567 δὲ
1400 526 1467 567 καὶ
1487 524 1557 567 τὸν
1579 543 1664 567 πα-

186 591 384 650 τριάρχην
405 593 654 646 ἐπιτιμῶντα
678 591 878 649 ἀμφέπειν
894 597 1105 647 πανταχοῦ
1130 590 1360 648 διάγοντας.
1429 593 1596 648 προσέτι
1618 594 1695 640 δέ5

140 665 166 699 Β
191 664 258 707 καὶ
278 662 326 705 τὸ
344 665 419 716 τῆς
442 663 497 711 εἷς
513 661 687 715 βασιλέα
710 659 920 717 προσόδου
950 666 1090 716 σχῆμα
1118 661 1164 704 τὸ
1191 661 1358 711 ἀνέτους
1382 664 1490 717 σφᾶς
1517 663 1663 716 διατη-

188 735 354 789 ρεΐσθαι
382 731 548 773 δίδωσι·
586 727 808 788 πρόσωπον
835 729 913 787 γὰρ
940 730 1144 783 βασιλέως
1166 728 1378 784 θεώμενον
1398 731 1662 783 συμπαθείας

187 797 366 855 ἀνάγκην
397 797 520 853 ἔχειν,
550 797 625 841 κᾶν
656 803 757 853 γοῦν
787 798 891 855 πρὸς
909 797 1043 854 ὥραν,
1073 806 1161 848 τοῖς
1184 798 1457 856 κατακρίτοις.
1525 803 1662 842 ταῦτα

188 870 256 911 καὶ
278 867 331 910 τὰ.
353 865 516 916 τούτοις
534 865 658 920 ὅμοια
689 866 815 923 λέγων
839 866 979 910 ἔπειθέ
1000 885 1043 910 τε
1067 868 1165 917 τοὺς
1185 867 1340 924 ἄνδρας
1362 867 1597 923 ἀποφοιτᾶν
1618 884 1662 910 τε

185 941 260 980 τοῦ
289 940 392 979 ναοῦ
422 936 489 978 καὶ
511 934 613 991 πρὸς
640 935 814 989 βασιλέα
833 942 995 991 χωρεῖν.
1065 938 1132 979 καὶ
1153 936 1202 990 δὴ
1226 936 1341 992 παρὰ
1361 939 1437 979 τοῦ
1456 933 1660 992 πατριάρ-
1675 944 1719 979 lo

182 1023 260 1061 χου
289 1003 592 1060 ἓκχωρηθέντες
629 1001 754 1055 δόξαν
786 1011 977 1048 συνοῖσον
1014 1006 1131 1062 σφίσι
1162 1004 1210 1047 τὸ
1242 1004 1436 1047 ἀπελθεῖν
1475 1004 1554 1062 (τὰ
1581 1003 1660 1060 γὰρ

186 1071 405 1128 συμβάντα
436 1069 599 1122 τούτοις
629 1069 775 1129 πικρά,
809 1074 875 1115 καὶ
898 1071 954 1122 ὥς
975 1074 1009 1116 εἲ
1038 1075 1101 1116 ἐπὶ
1123 1071 1375 1116 καθοσιώσει
1404 1071 1660 1129 εὖθύνοντο)

137 1150 167 1184 C
192 1141 321 1192 εὐθὺς
341 1147 432 1191 ταῖς
451 1145 526 1183 τοῦ
556 1140 693 1197 ἱερέως
721 1141 1039 1198 ἐφοδιασθὲντες
1060 1141 1196 1196 εὐχαῖς
1217 1159 1261 1184 τε
1279 1143 1347 1183 καὶ
1370 1140 1569 1195 εὐλογίαις
1586 1145 1660 1195 τῆς

185 1211 290 1268 πρὸς
317 1209 392 1265 τὴν
427 1211 733 1264 Θεσσαλονίκην
763 1207 969 1266 φερούσης
996 1209 1210 1253 ἅπτονται.
1280 1209 1307 1252 ἃ
1327 1210 1403 1264 μὲν
1425 1205 1498 1252 οὖν
1523 1210 1660 1264 ἐπιμί-

185 1282 301 1331 ξασιν
322 1277 485 1334 ἐκείνοις
504 1278 786 1334 Θεσσαλονίκῃ
808 1280 875 1321 καὶ
893 1282 1059 1332 βασιλεῖ
1082 1282 1364 1334 προσελθοῦσι
1395 1277 1570 1333 συνέβη,
1608 1277 1657 1321 οὗ
1672 1287 1715 1323 15

184 1352 258 1391 τοῦ
290 1344 496 1402 παρόντος
523 1345 649 1402 λέγειν
678 1351 840 1402 καιροῦ.
909 1346 1016 1401 πλὴν
1049 1345 1250 1390 sincium?
1274 1346 1324 1390 ἄν
1346 1363 1408 1397 τις
1429 1345 1485 1397 ὥς
1510 1346 1586 1390 οὐκ
1607 1345 1658 1389 ἂν

185 1411 227 1459 εὖ
261 1415 416 1458 ἐκεῖθεν
452 1413 639 1467 ἔπαθον,
687 1416 722 1457 εἷ
748 1411 807 1470 μή
836 1431 879 1471 γε
910 1413 1192 1473 θεραπεύουσι
1225 1414 1296 1459 τὸν
1332 1415 1475 1472 καιρὸν
1507 1414 1657 1471 συνέβη

275 1523 329 1560 14.
355 1521 543 1569 φέρουσαν
567 1522 608 1557 Ρ.

183 1615 395 1652 occurrentis
421 1626 463 1650 ac
484 1613 680 1660 repellentis
702 1615 925 1660 patriarchae
956 1615 1196 1650 auctoritatem
1221 1615 1438 1661 prohibuisse
1452 1640 1462 1659 ,
1492 1614 1659 1661 plausibi-

183 1663 263 1696 liter
293 1665 511 1696 causaturum
544 1672 632 1695 sese.
678 1673 781 1706 porro
812 1662 907 1707 ipsos
939 1666 1062 1707 sponte
1094 1663 1294 1696 abdicantes
1318 1662 1459 1696 tutelam
1482 1672 1658 1695 sacrorum

182 1708 362 1752 adytorum
384 1711 424 1740 ut
446 1706 609 1740 communi
634 1706 766 1740 domino
790 1719 827 1742 se
851 1709 1032 1749 sisterent,
1067 1708 1120 1741 fas
1143 1709 1234 1742 haud
1257 1708 1364 1742 {uisse
1389 1708 1451 1742 abs
1474 1719 1512 1741 se
1533 1706 1661 1752 corripi

182 1754 326 1798 darique
347 1753 384 1786 in
407 1752 561 1793 vincula,
593 1752 696 1786 facile
719 1754 870 1798 quemvis
893 1753 1033 1796 videre,
1066 1765 1130 1787 nec
1150 1754 1390 1799 imperatorem
1413 1753 1660 1787 dubitaturum.

183 1800 316 1845 plenam
339 1798 446 1842 igitur
469 1799 512 1831 ab
537 1809 574 1831 se
598 1798 732 1842 quidem
756 1800 833 1832 fore
854 1800 937 1845 ipsis
958 1800 1178 1833 securitatem
1201 1800 1386 1833 inviolatae
1407 1799 1600 1840 libertatis,
1627 1797 1659 1832 si

184 1845 277 1891 quod
309 1844 476 1879 suadebat
506 1845 673 1877 facerent.
723 1845 848 1878 nullum
878 1849 991 1879 autem
1024 1846 1068 1879 ab
1105 1846 1172 1879 alio
1195 1845 1314 1890 quovis
1338 1844 1551 1878 metuendum
1572 1843 1658 1889 ipsis

184 1902 262 1926 esse
285 1890 355 1925 tale
377 1889 567 1934 periculum
590 1889 863 1932 demonstrabat,
900 1893 955 1925 vel
983 1892 1072 1936 quod
1103 1891 1441 1931 recta,tendentibus
1465 1890 1508 1924 ad
1529 1889 1656 1934 princi-

184 1948 262 1982 pem
292 1947 390 1970 nemo
421 1935 594 1970 facessere
627 1935 815 1970 molestiam
839 1936 1005 1978 auderet,
1038 1938 1093 1972 vel
1116 1937 1197 1982 quia
1219 1937 1393 1970 declarato
1417 1935 1451 1969 in
1474 1935 1568 1980 ipsos
1591 1946 1655 1980 pa-

183 1982 359 2018 triarchae
381 1980 494 2026 palam
528 1981 739 2026 protegentis
764 1982 958 2026 patrocinio
980 1983 1045 2016 tuti
1068 1983 1193 2028 ubique
1215 1982 1435 2027 inviolatique
1457 1981 1564 2015 futuri
1598 1992 1654 2014 es-

185 2031 281 2070 sent,
313 2032 432 2062 tantae
453 2026 543 2061 illius
566 2038 607 2061 ac
630 2033 701 2062 tam
724 2028 931 2062 venerabilis
960 2034 1118 2074 respectu
1149 2028 1342 2073 potestatis.
1389 2027 1536 2072 denique
1557 2030 1656 2071 post-

186 2085 288 2119 quam
311 2085 352 2107 eo
375 2073 631 2119 pervenissent,
662 2073 738 2117 ipso
760 2074 856 2107 vultu
880 2086 921 2108 ac
943 2079 1125 2120 conspectu
1153 2074 1317 2120 principis
1341 2073 1561 2107 certissimum
1585 2073 1655 2107 aie-

186 2121 248 2155 bat
270 2123 472 2164 accepturos
492 2117 586 2163 ipsos
609 2119 730 2153 salutis
754 2124 790 2153 et
811 2120 1003 2154 securitatis
1025 2121 1168 2166 pignus:
1192 2131 1270 2155 nam
1292 2120 1416 2153 faciem
1438 2119 1654 2163 imperatoris

187 2176 303 2206 coram
324 2165 380 2200 vel
401 2164 446 2199 ad
469 2168 670 2199 momentum
692 2165 799 2199 oculis
823 2166 992 2200 obiectam
1014 2167 1147 2211 gratiae
1171 2177 1211 2200 ac
1234 2166 1356 2199 veniae
1373 2176 1456 2208 erga
1473 2165 1655 2206 intuentes,

186 2211 289 2246 etiam
319 2210 580 2264 praedamnatos
609 2222 707 2253 reos,
738 2211 966 2246 necessariam
988 2225 1124 2247 causam
1146 2211 1343 2245 existimari.
1389 2211 1476 2244 haec
1498 2214 1534 2243 et
1555 2210 1655 2245 huius

187 2260 380 2291 sententiae
401 2256 468 2290 alia
491 2268 566 2291 cum
589 2256 766 2301 allegaret,
789 2257 958 2303 persuasit
974 2260 1065 2303 quod
1085 2258 1235 2299 volebat,
1260 2257 1433 2302 siquidem¹
1450 2255 1501 2290 illi
1525 2256 1654 2290 condu-

187 2302 286 2337 cibile
308 2302 344 2336 id
367 2301 435 2336 sibi
456 2302 606 2337 futurum
627 2303 715 2344 rati,
738 2304 955 2348 patriarchae
978 2305 1011 2338 in
1033 2305 1068 2338 id
1093 2305 1161 2339 iter
1183 2315 1322 2338 assensu
1343 2303 1545 2348 impetrato,
1565 2307 1654 2336 tem-

188 2348 237 2393 pli
260 2347 426 2392 refugium
447 2348 638 2393 relinquere
664 2349 776 2394 adque
798 2350 1037 2395 imperatorem
1057 2362 1096 2385 se
1119 2352 1275 2384 conferre
1291 2351 1528 2389 decreverunt,
1551 2348 1653 2394 etiam

189 2393 270 2429 inde
303 2394 472 2428 allucente
498 2405 674 2429 successus
695 2394 728 2429 in
751 2396 814 2432 tali
836 2397 974 2431 consilio
996 2409 1077 2442 spe,
1110 2397 1200 2442 quod
1229 2396 1316 2430 satis
1346 2395 1578 2437 intelligerent
1609 2404 1652 2428 ea.

189 2451 280 2486 quae
302 2439 337 2474 in
358 2439 453 2484 ipsos
472 2444 543 2474 tam
566 2441 690 2474 acerbe
712 2445 791 2476 acta
812 2448 951 2484 essent,
986 2442 1126 2477 decreta
1157 2453 1233 2477 esse
1265 2443 1307 2476 ab
1330 2441 1537 2486 imperatore
1558 2438 1652 2474 arbi-

190 2488 282 2521 trato
311 2484 409 2519 utilia
437 2484 497 2519 illa
530 2496 606 2520 esse
636 2487 854 2522 emolliendae
884 2489 1023 2522 duritiei
1056 2489 1272 2535 patriarchae
1295 2492 1331 2522 et
1351 2485 1584 2531 impetrandae
1605 2485 1650 2518 ab

189 2542 232 2570 eo
254 2542 340 2570 suae
358 2530 466 2576 ipsius
487 2531 770 2569 reconciliationis
792 2546 867 2571 cum
892 2535 1045 2568 ecclesia.
1088 2534 1206 2569 statim
1228 2534 1355 2579 igitur,
1377 2534 1464 2566 bene
1486 2535 1651 2575 precante

188 2576 275 2623 ipsis
305 2577 342 2612 in
356 2577 527 2620 ,digressu
555 2578 753 2622 patriarcha
785 2585 821 2614 et
844 2581 935 2615 viam
966 2580 1056 2615 votis
1087 2584 1338 2626 prosequente,
1359 2575 1650 2612 “Thessalonicam

190 2634 313 2663 versus
343 2623 584 2668 profectionem
614 2630 850 2668 susceperunt.
897 2626 980 2673 quid
1001 2638 1102 2671 porro
1124 2626 1228 2672 ipsis,
1259 2626 1438 2670 postquam
1459 2634 1500 2656 eo
1523 2633 1652 2667 perve÷=

190 2671 315 2707 nerunt
344 2671 385 2707 et.
409 2668 647 2715 imperatorem
675 2670 849 2712 adierunt,
880 2673 1079 2717 contigerit,
1110 2684 1177 2709 non
1207 2671 1306 2707 huius
1328 2673 1383 2704 est
1402 2668 1564 2713 temporis
1592 2678 1650 2702 re·-

189 2716 294 2751 ferre.
339 2717 512 2754 caeterum
533 2715 644 2750 facilis
661 2715 884 2761 prudentibus
905 2719 1098 2754 coniectura
1118 2722 1281 2763 suggeret
1301 2715 1557 2760 haudquaquam
1572 2713 1651 2748 illos

190 2759 374 2807 quidquam
413 2759 548 2805 gratiae
580 2765 642 2796 aut
675 2762 835 2797 beneficii
869 2763 977 2799 fuisse
1009 2766 1052 2799 ab
1086 2765 1294 2810 imperatore
1328 2764 1552 2806 accepturos,
1585 2758 1652 2793 nisi

189 2811 353 2851 qnantum
374 2806 560 2852 promereri
579 2807 794 2853 obsequendo
818 2813 1002 2854 potuerunt
1032 2810 1225 2847 servientes
1251 2812 1320 2843 tem
1347 2806 1418 2849 ori3
1450 2805 1540 2840 unde
1568 2816 1648 2840 eon.-

188 2852 267 2897 tigit
300 2853 418 2899 (quod
441 2852 476 2887 in
499 2852 619 2899 primis
642 2854 768 2890 avebat
789 2854 999 2901 imperator)
1029 2859 1127 2892 tanto
1153 2853 1260 2900 magis
1290 2819 1398 2890 solum
1420 2850 1565 2897 relinqui
1584 2862 1650 2896 pa-
