1884 3262
218 168 316 216 ‘264
639 164 875 210 GEORGII
907 162 1261 208 PACHYMERIS

220 281 324 326 κατὰ
347 284 457 338 σφᾶς
482 280 703 334 ἐκκλησιῶν
726 278 784 333 μὴ
809 272 1100 321 εἷσακοῦεσθαι
1123 277 1260 320 αῗτίαν
1281 276 1380 332 μίαν
1401 275 1500 320 εἶναι
1517 276 1592 332 τὴν
1611 279 1687 320 τοῦ

219 348 473 405 πατριάρχου
497 347 601 404 πρὸς
624 346 750 390 αὐτὸν
773 345 1018 401 ἀπέχθειαν,
1059 347 1125 388 καὶ
1145 344 1200 396 ὥς
1231 347 1265 388 εἴ
1292 346 1475 388 ἐκποδὼν
1495 346 1543 390 τὸ
1564 346 1690 390 truciv-

174 423 203 457 Ο
227 422 352 462 ὕαλον
382 417 567 472 γένηται,
599 415 750 465 αὖτοὺς
770 415 824 467 τοὶ
842 412 1000 472 μεγάλα
1029 414 1130 472 παρ’
1154 414 1268 474 αὐτῷ
1289 412 1523 468 δύνασθαι,
1559 433 1690 458 καταυ-

158 492 161 495 ’
221 484 339 530 παύει
361 484 431 527 τὸν
452 482 585 539 λόγον.

361 556 449 608 Τῆς
481 554 526 595 δὲ
554 551 648 607 μετ’
683 551 811 607 αὐτὴν
842 550 997 609 ἡμέρας
1024 549 1112 605 ἅμα
1140 549 1432 605 συναχθέντων
1460 551 1527 593 καὶ
1552 548 1726 604 πάλιν,5

223 622 327 678 μετὰ
347 621 480 664 πολλοὶ
501 621 554 664 τὰ
574 621 811 675 λαληθέντα
832 623 899 664 καὶ
915 621 990 676 τὴν
1009 624 1084 663 τοῦ
1104 620 1308 674 βασιλέως
1325 617 1411 662 οἷον
1430 620 1692 674 παραίτησιν,

227 691 284 742 ὥς
313 691 419 746 μηδὲ
453 690 579 733 αὐτὸν
602 690 739 733 θέλειν
764 696 974 746 παρεῖναι,
1013 691 1048 732 εἴ
1071 687 1129 743 μή
1151 706 1194 742 γε
1218 693 1292 744 τῆς
1319 689 1533 743 ἐκκλησίας
1553 690 1697 742 δεσμοὶ

175 762 207 797 D
231 757 453 815 ἐξεχώρουν
481 761 548 802 καὶ
573 757 986 815 προσκατηνάγκαζον
998 791 1011 810 ,
1085 756 1176 817 (6)
1213 759 1281 800 καὶ
1303 758 1351 800 τὸ
1379 755 1522 801 λοιπὸν
1544 757 1698 809 πέμπε-

227 847 297 872 ται
321 826 516 884 μήνυμα,
553 827 770 883 ἀρχιερέων
799 827 875 870 κᾶν
904 824 1039 886 τούτῳ
1068 824 1448 881 μεσολαβησάντων
1468 826 1536 867 καὶ
1558 828 1700 881 κληρι-

228 901 323 941 κῶν.
395 894 449 946 ὥς
471 898 515 939 δὲ
533 898 599 939 καὶ
619 891 744 946 αὖθις
765 894 786 939 ὅ
808 894 1062 952 πατριάρχης
1081 895 1226 938 ἀπεῖπε
1248 894 1323 950 τὴν
1341 891 1494 951 ἄφιξιν,
1530 910 1699 950 προστι-
1714 901 1758 936 10

230 967 320 1016 θεὶς
348 963 404 1015 ὥς
436 964 522 1008 “vd
555 967 704 1008 δοκοῦν
726 963 824 1019 ὑμῖν
841 963 1021 1021 γάπόντος
1044 964 1251 1020 γενέσθω·
1289 963 1386 1006 οὐδὲ
1408 962 1488 1019 γὰρ
1514 959 1703 1017 ἀπαντή-

235 1051 352 1089 σαιμι
372 1032 448 1077 κᾶν
469 1032 489 1076 δ’
512 1051 551 1076 τι
570 1034 726 1090 γένοιτο
736 1066 750 1087 ,
765 1034 790 1053 ”
825 1031 918 1076 τότε
943 1033 1048 1087 μετὰ
1068 1033 1142 1088 τὴν
1165 1031 1320 1086 πολλὴν
1340 1032 1486 1085 σκέψιν
1507 1031 1546 1074 οἲ
1565 1028 1705 1088 ἶεροίρ-

182 1115 214 1150 Ε
234 1121 307 1159 χαι
327 1099 493 1146 κανόσιν
514 1100 601 1145 οἷον
622 1102 902 1159 ἔπερείδεσθαι
921 1101 1114 1151 θέλοντες
1133 1099 1239 1156 εἶχον
1261 1101 1335 1151 μὲν
1352 1102 1421 1142 καὶ
1439 1099 1511 1142 τὸν
1526 1104 1602 1154 τῆς
1623 1116 1707 1157 φυ-

237 1172 416 1229 γοδικίας
438 1168 591 1214 κανόνα
619 1175 702 1213 τῶν
732 1168 975 1213 ἀποστόλων
995 1170 1048 1212 τὰ
1067 1169 1200 1213 πολλὰ
1223 1170 1341 1227 σφίσι
1369 1168 1472 1226 πρὸς
1489 1168 1537 1211 τὸ
1559 1168 1613 1211 τὰ
1633 1171 1708 1211 δο-
1750 1168 1753 1170 ’

240 1244 392 1284 κοῦντα
422 1238 732 1297 ἀποφαίνεσθαι
762 1236 1126 1293 συμβαλλόμενον,
1171 1236 1284 1292 ὅμως
1314 1237 1361 1280 δέ
1386 1254 1429 1293 γε
1459 1239 1502 1279 ἓν
1531 1237 1764 1293 ἀσφαλεῒιό

238 1305 484 1364 βουλόμενοι
513 1305 728 1360 πράττειν,
767 1308 849 1350 ἐπεὶ
877 1309 945 1349 καὶ
974 1308 1040 1349 ἐπὶ
1072 1305 1208 1362 πάσης
1237 1304 1292 1356 ὥς
1320 1308 1443 1349 εἰπεῖν
1464 1309 1539 1360 τῆς
1557 1305 1712 1355 πόλεως

99 1387 127 1422 Ρ
154 1387 220 1423 179
244 1376 365 1420 ταῦτ’
398 1376 600 1432 ἔπραττον
633 1379 706 1419 τοῦ
735 1374 939 1429 βασιλέως
965 1377 1280 1429 οῗκονομοῦντος
1312 1374 1382 1417 διὰ
1406 1373 1480 1428 τὴν
1509 1378 1582 1428 τῆς
1612 1374 1712 1417 ἀπε-

239 1445 387 1501 χθειάς
412 1443 724 1500 ’ὗποτρέχουσαν
751 1442 939 1499 ὑποψίαν
947 1477 961 1497 ,
1000 1445 1068 1486 καὶ
1093 1445 1163 1486 ἵνα
1191 1443 1250 1498 μὴ
1277 1444 1344 1485 καὶ
1368 1437 1495 1492 αὖθις
1515 1444 1714 1496 σχίζοιντο

242 1511 453 1570 μαθόντες
475 1513 528 1555 τὰ
549 1510 768 1570 γεγονότα,
799 1513 1011 1571 παρίστων
1030 1513 1096 1555 καὶ
1117 1507 1242 1562 αὖθις
1263 1513 1327 1554 ἐπὶ
1347 1511 1477 1567 μέσον
1497 1511 1569 1554 τὸν
1584 1509 1717 1567 Ἐψη-

340 1647 372 1681 1.
397 1643 493 1682 κατὰ
516 1646 623 1691 σφῶν
643 1643 833 1692 ἐκκλησίας
856 1645 894 1680 P.

251 1770 388 1795 suarum
424 1758 659 1793 ecclesiarum.
676 1758 787 1793 audiri
818 1758 1030 1804 postulantes
1060 1770 1127 1793 non
1158 1758 1314 1802 admitti,
1348 1770 1449 1792 unam
1480 1769 1616 1792 causam
1643 1769 1721 1793 esse

251 1806 367 1841 odium
397 1804 434 1838 in
466 1817 504 1839 se
532 1805 762 1850 patriarchae.
806 1806 985 1839 tolleretur
1016 1805 1107 1840 istud
1137 1806 1235 1839 modo
1257 1805 1471 1839 scandalum:
1506 1806 1638 1839 visuros
1661 1815 1723 1838 eos

253 1853 371 1886 statim
396 1862 497 1896 quam
524 1850 662 1884 multum
686 1850 775 1896 apud
803 1861 842 1884 se
864 1851 996 1896 possint
1026 1862 1146 1896 preces
1175 1862 1290 1885 omnes
1312 1855 1349 1885 et
1370 1850 1637 1895 significationes
1658 1861 1723 1884 vo-

253 1895 395 1931 luntatis
415 1898 578 1941 ipsorum.
625 1895 661 1929 in
685 1907 727 1930 ea
749 1898 858 1931 verba
878 1897 970 1942 loqui
992 1897 1104 1931 desiit.

347 1942 519 1977 Postridie
542 1948 768 1986 congregatus
790 1954 924 1976 rursum
948 1947 1066 1977 coetus
1090 1946 1155 1977 est.
1199 1942 1246 1976 ibi
1270 1944 1348 1988 post
1370 1941 1476 1976 multa
1498 1941 1596 1975 varie
1618 1940 1725 1983 dicta,

258 1991 405 2034 postque
437 1987 584 2032 aliquam
610 1988 827 2032 imperatoris
850 1989 894 2023 ad
916 1990 1085 2033 specimen
1108 1988 1296 2023 modestiae
1317 1988 1516 2023 affectatam
1538 1987 1727 2021 recusatio-

259 2033 611 2068 nem³interveniendi
632 2034 781 2077 synodo,
815 2033 843 2068 si
866 2045 930 2079 per
951 2034 1086 2069 vincula
1109 2034 1295 2077 ecclesiae,
1327 2034 1452 2080 quibus
1476 2034 1727 2077 constringere·

259 2084 341 2123 tur,
372 2079 408 2113 id
439 2079 577 2113 minime
603 2079 744 2122 liceret,
774 2080 911 2114 tandem
939 2080 988 2123 is,
1021 2081 1116 2115 velut
1150 2092 1318 2115 consensu
1353 2085 1492 2114 coactus
1513 2079 1728 2114 invitantium

262 2129 418 2171 patrum,
459 2125 633 2170 ingressus
657 2126 796 2160 assedit.
844 2127 914 2171 (6)
946 2128 991 2160 ad
1014 2127 1166 2161 ultimam
1189 2127 1291 2169 inde,
1331 2138 1419 2172 quae
1440 2126 1512 2160 sola
1534 2128 1729 2170 supererat,

261 2170 481 2216 patriarchae
511 2171 707 2206 citationem
739 2172 808 2206 rite
837 2173 1066 2218 peragendam
1089 2172 1258 2219 episcopi,
1291 2177 1331 2207 ut
1355 2177 1476 2213 antea,
1512 2177 1548 2205 et
1569 2183 1611 2206 ex
1635 2172 1728 2206 clero

262 2216 371 2262 aliqui
392 2216 485 2251 missi
508 2222 598 2252 sunt.
645 2229 720 2251 cum
744 2222 858 2252 autem
880 2230 975 2253 more
996 2219 1096 2254 solito
1119 2218 1317 2265 patriarcha
1340 2229 1379 2253 se
1402 2221 1579 2253 venturum
1605 2229 1731 2261 negas-

265 2266 340 2304 set,
376 2262 509 2297 addidit
541 2265 626 2297 “me
648 2264 766 2309 utique
789 2266 950 2307 absente,
984 2265 1074 2310 quod
1096 2265 1194 2300 vobis
1220 2264 1413 2306 videbitur,
1442 2265 1525 2298 fiat:
1557 2273 1731 2309 nunquam

265 2308 354 2341 enim
384 2308 538 2352 omnino,
573 2310 737 2355 quidquid
770 2311 814 2344 ad
846 2311 884 2344 id
913 2314 1107 2350 moveatur,
1141 2311 1292 2345 adducar
1325 2314 1364 2344 ut
1394 2310 1464 2344 illic
1492 2322 1545 2344 me
1568 2310 1728 2344 sistam.¹’

267 2358 350 2387 tunc
373 2359 452 2399 post
475 2354 613 2388 multam
635 2355 912 2399 deliberationem
935 2362 972 2391 et
994 2357 1294 2392 considerationem
1319 2361 1485 2391 attentam
1508 2359 1637 2401 patres,
1659 2365 1732 2390 ma·-

267 2398 358 2433 xime
381 2400 558 2440 studentes
579 2400 676 2435 inniti
700 2403 908 2445 canonibus,
939 2403 1159 2448 reperiebant
1179 2403 1215 2436 in
1236 2403 1357 2448 primis
1379 2402 1665 2437 accommodatum
1687 2399 1733 2434 ad

267 2455 341 2478 rem
368 2450 581 2490 praesentem
612 2459 773 2481 canonem
802 2449 1030 2493 apostolorum
1052 2450 1096 2483 'de
1119 2449 1335 2484 recusatione
1355 2448 1486 2482 iudicii.
1532 2457 1733 2493 quamquam

269 2494 384 2543 autem
407 2490 437 2524 is
458 2491 618 2525 sufficere
651 2492 738 2537 ipsis
768 2494 949 2529 videbatur
982 2496 1026 2530 ad
1059 2495 1260 2530 sententiam
1287 2495 1363 2528 iure
1396 2493 1588 2534 serendam,
1619 2498 1735 2527 tamen

271 2535 352 2581 quia
373 2547 408 2569 m
431 2537 538 2570 oculis
561 2538 760 2582 universae,
783 2544 822 2573 ut
844 2541 894 2574 sic
917 2541 1043 2586 dicam,
1067 2541 1237 2583 civitatis,
1264 2546 1368 2586 prout
1388 2540 1576 2585 imperator
1597 2538 1735 2573 ordina-

273 2586 392 2624 verat,
424 2581 511 2617 haec
533 2584 757 2627 gerebantur,
786 2597 850 2630 per
870 2598 971 2632 quam
994 2591 1071 2621 erat
1091 2587 1325 2632 vulgatissima
1347 2586 1460 2632 opinio
1483 2596 1526 2620 ac
1547 2583 1668 2619 notitia
1689 2583 1736 2618 si-

274 2627 451 2670 multatis,
484 2640 553 2673 qua
581 2628 613 2662 is
645 2641 666 2663 a
696 2631 893 2674 patriarcha
926 2633 991 2667 sibi
1023 2633 1174 2668 vicissim
1197 2633 1329 2667 infenso
1362 2631 1574 2672 dissidebat,
1605 2641 1650 2664 ne
1673 2640 1736 2674 per

275 2684 351 2708 eam
384 2685 520 2708 causam
550 2674 742 2709 infirmandi
772 2676 886 2711 iudicii
915 2683 1075 2724 tauquam
1108 2691 1151 2713 ex
1182 2679 1258 2714 odio
1282 2679 1324 2713 ad
1347 2676 1560 2723 imperatoris
1591 2675 1737 2720 gratiam

275 2718 336 2753 lati
371 2719 504 2754 occasio
534 2720 713 2766 quaepiam
744 2726 782 2755 et
811 2734 854 2756 ex
888 2735 930 2757 ea
959 2730 1158 2769 praetextus
1182 2724 1373 2760 schismatis
1394 2726 1591 2758 nasceretur
1613 2721 1658 2755 iis
1679 2720 1738 2766 qui

276 2766 369 2799 forte
390 2776 463 2799 rem
486 2765 538 2799 uti
561 2777 650 2800 nunc
672 2767 857 2811 gerebatur
887 2771 1018 2803 narrari
1049 2777 1170 2815 postea
1193 2771 1367 2811 audirent,
1398 2771 1594 2804 statuerunt
1614 2767 1738 2800 iterum

275 2809 309 2844 in
340 2811 451 2846 medio
480 2811 740 2858 Epsitopulum3
774 2817 810 2848 et
839 2814 975 2850 libellus
1006 2815 1202 2862 singillatim
1233 2816 1390 2863 expensis
1414 2811 1569 2861 capitulis
1590 2813 1740 2848 relectus
