1846 3262
458 184 535 227 DE
568 184 850 230 MICHAELE
883 185 1262 232 PALAEOLOGO
1298 188 1345 232 L.
1380 187 1433 232 1.·
1607 190 1673 237 37

192 301 398 354 πλακῆναι
431 303 491 358 τῷ,
516 299 860 360 μνημονευομένῳ
881 300 922 351 ἔς
943 298 1006 344 ὅτι
1028 299 1212 356 μάλιστα
1234 301 1429 359 ἄριστον,
1468 301 1574 348 ὥστε
1601 306 1670 348 καὶ

190 369 441 424 παμπληθὲς
470 368 720 414 ἐκινδύνευεν
751 369 1052 426 εὖεργετεῖσθαι
1086 371 1146 427 μὴ
1182 370 1246 415 ὅτι
1276 371 1376 422 τούς
1409 370 1666 428 ψάλλοντας,

190 436 295 479 ἀλλὰ
318 439 385 480 καὶ
408 436 561 489 αὐτοῦς
582 444 665 483 τῶν
682 438 823 494 ὕμνων
844 439 1155 496 ἀκροωμένους,
1191 440 1267 484 κᾶν
1293 446 1376 485 τῶν
1397 441 1668 500 προκοιτούν-

189 523 273 549 των
294 501 345 562 ἦν
365 524 427 558 τις
443 506 521 550 κᾶν
545 513 628 552 τῶν
650 505 897 566 ὁπλοφόρων
917 510 984 551 καὶ
1003 508 1475 567 σωματοφυλακούντων
1502 516 1563 571 τῷ
1583 517 1668 568 βα-

153 585 176 620 6
190 579 314 628 σιλεῖ,
344 575 421 620 κᾶν
442 576 578 628 ἄλλως
598 575 819 634 ὖπηρετοίη
841 585 928 628 τοῖς
944 579 1168 632 βασιλείοις
1179 598 1204 631 ‚‘
1230 577 1307 622 κᾶν
1333 579 1468 631 ἄλλως
1485 580 1667 626 ἄλλοθεν

186 642 390 689 ἐπελθών.
457 651 559 689 πᾶσι
594 646 672 704 γὰρ
703 648 747 698 ἐξ
773 647 867 690 ἴσου
897 646 945 691 τὸ
974 648 1191 702 βασιλικὸν
1208 647 1515 704 ἀνεξαντλήτως
1532 650 1663 707 ἔχευεν
1684 663 1716 698 C

186 712 320 767 ἕλεος,
359 713 634 772 στρατιώταις
656 717 876 771 δὲμᾶλλον
893 717 961 760 καὶ
981 714 1043 767 οἷς
1071 715 1093 761 ὅ
1116 714 1236 773 λόγος
1255 717 1303 761 τὸ
1324 716 1575 775 σπούδασμα
1597 715 1662 777 ἦν.

185 782 232 825 οὗ
261 783 340 840 γὰρ
371 779 422 840 ἦν
451 782 609 841 ἡμέρα,
642 784 690 828 οὔ
720 783 794 836 νύξ
805 819 819 838 ,
848 785 898 829 οὐ
916 786 1057 842 καιρὸς
1077 787 1339 842 δυσθυμίας,
1375 787 1453 843 οὐχ
1475 787 1564 846 ὥρα
1580 806 1664 845 χα-

185 856 286 907 ρᾶς,
331 852 407 895 οὐκ
436 852 671 898 ἀνατέλλων
700 853 840 910 ἥλιος,
891 854 941 899 οὗ
972 852 1194 911 δυόμενος,
1243 854 1310 900 ὅτε
1342 873 1403 906 τις
1434 856 1663 915 εὐεργεσίας

127 933 171 968 10
183 923 277 976 δίχα
304 921 378 965 τὸν
407 921 566 966 ἄνακτα
579 956 593 976 ,
628 922 656 980 ἢ
677 918 720 967 εὖ
741 925 891 975 ἐκεῖνος
910 922 1081 980 πάσχων
1101 924 1128 982 ἢ
1148 924 1285 969 ἄλλων
1307 925 1360 969 τὰ
1378 925 1449 969 ἴσα
1476 925 1662 983 πασχόν-

180 1007 263 1033 των
276 1023 290 1043 ,
329 988 432 1049 ὁρᾶν
452 991 478 1048 ἢ
500 994 567 1034 καὶ
588 990 752 1036 ἀκούειν
771 992 863 1049 εἶχε.
935 999 1122 1045 τοιοῦτος
1142 995 1188 1038 δὲ
1209 993 1267 1038 ὢν
1283 994 1420 1052 βαρῦς
1439 995 1552 1047 ἔδοξε
1571 1003 1659 1047 τοῖς

178 1059 222 1102 ἓν
242 1059 367 1112 τέλει,
399 1058 463 1104 ὅτι
483 1061 531 1104 οὐ
553 1062 647 1105 κατ’
668 1062 869 1119 εὐγένειαν
888 1064 955 1106 καὶ
975 1065 1102 1120 κῆδος
1115 1063 1331 1119 βασιλικὸν
1350 1064 1455 1108 ἀλλὰ
1474 1064 1658 1122 ἀριστίν-

178 1130 255 1184 δην
281 1129 380 1180 τοὺς
405 1130 471 1172 ἐπὶ
494 1134 578 1174 τῶν
600 1130 856 1189 πραγμάτων
875 1131 1132 1190 ἐκλεγόμενος
1152 1140 1240 1184 τοῖς
1259 1131 1539 1191 προσήκουσιν
1563 1134 1652 1178 ε’σέ-
1675 1135 1707 1170 D

174 1215 324 1252 μνυνεν
356 1196 603 1254 ἀξιώμασιν.
676 1199 739 1251 οἷς
766 1203 812 1245 δὲ
837 1203 1050 1257 συνέβαινε
1079 1203 1340 1260 προσγενέσιν
1377 1200 1478 1246 εἶναι
1513 1205 1582 1247 καὶ
1617 1202 1663 1248 οἷ

120 1277 163 1312 15
176 1267 279 1324 πρὸς
301 1268 499 1323 αἵματος,
539 1269 676 1326 ἀρκεῖν
697 1270 825 1329 ἔκρινε
846 1271 894 1315 τὸ
916 1277 1105 1316 τοιοῦτον
1124 1274 1193 1315 καὶ
1217 1272 1356 1316 ἱκανὸν
1374 1274 1430 1323 εἷς
1447 1270 1567 1328 λόγον
1584 1289 1655 1316 σε-

171 1334 410 1391 μνώματος.
479 1337 527 1381 τὸ
559 1340 604 1382 δὲ
635 1335 710 1394 ἦν,
748 1342 784 1384 εἰ
816 1342 988 1397 σκοποίη
1017 1356 1102 1395 τις,ι
1137 1341 1287 1399 ἀρετὴν
1307 1341 1554 1398 ὀφέλλοντος
1572 1341 1652 1399 ι’ίρ-

168 1422 319 1460 χοντος
351 1408 419 1449 καὶ
452 1413 794 1463 παρακαλοῦντος
825 1410 928 1467 πρὸς
958 1410 1218 1467 εὐδοκίμησιν
1251 1410 1299 1454 τὸ
1332 1408 1528 1467 ὑπήκοον.
1598 1411 1649 1455 οὗ

170 1474 249 1531 γὰρ
282 1476 478 1531 βλακείας
505 1474 631 1535 χάριν
665 1477 763 1520 ἀλλ’
797 1478 1004 1536 ἀριστείας
1027 1482 1094 1523 καὶ
1122 1483 1198 1523 τοῦ
1226 1483 1364 1530 καλῶς
1397 1479 1579 1535 ἄγεσθαί
1603 1497 1647 1523 τε

169 1543 275 1602 πρὸς
307 1545 458 1588 ἐκείνου
487 1547 556 1588 καὶ
586 1545 696 1604 ἄγειν
726 1546 876 1599 ἄλλους
898 1549 973 1600 τὰς
990 1549 1209 1605 βασιλικὰς
1229 1549 1474 1608 φιλοτησίας
1494 1548 1646 1608 ἔκρινεν

233 1696 235 1698 ·
259 1678 316 1715 19.
341 1674 460 1719 ἄλλως
483 1678 524 1712 Ρ.

163 1792 293 1837 gebat,
328 1792 360 1827 ei
392 1793 490 1828 cuius
519 1795 684 1832 memoria
715 1794 956 1831 celebrabatur
977 1795 1098 1831 laudes
1123 1807 1223 1842 quam
1245 1796 1427 1832 scitissime
1450 1800 1639 1833 contexens

163 1839 381 1874 ornatissimo
406 1843 609 1886 praeconio;
644 1843 736 1888 quod
759 1848 828 1877 tam
853 1842 987 1877 liberali
1011 1843 1193 1888 largitione
1216 1843 1432 1886 cumulabat,
1464 1849 1504 1879 ut
1534 1855 1637 1891 spar-

163 1897 249 1930 gere
282 1885 408 1931 passim
441 1887 476 1922 in
509 1888 651 1933 quosvis
682 1901 724 1923 ac
758 1900 867 1934 paene
902 1889 1071 1934 proiicere
1103 1890 1194 1924 dona
1217 1890 1406 1925 videretur.
1453 1891 1541 1925 adeo
1565 1903 1634 1926 non

162 1932 371 1977 psallentes,
406 1944 472 1968 non
505 1935 628 1970 dantes
658 1947 798 1981 operam
833 1935 1051 1980 canentibus,
1086 1936 1266 1971 indonatos
1300 1937 1525 1982 relinquebat.
1571 1948 1632 1972 seu

162 1978 240 2023 quis
262 1978 299 2012 in
323 1981 556 2015 excubitorum
587 1981 728 2023 ordine,
765 1992 826 2016 seu
850 1982 885 2016 in
908 1983 1092 2017 satellitum
1116 1987 1152 2018 et
1174 1983 1330 2028 corporis
1356 1983 1535 2018 custodum
1558 1994 1633 2018 mu-

161 2035 257 2066 nere,
280 2036 340 2059 seu
365 2025 432 2060 alio
458 2027 618 2074 quopiam
643 2028 754 2063 aulico
774 2027 966 2064 ministerio
989 2029 1188 2074 imperatori
1211 2033 1409 2075 appareret,
1433 2029 1508 2065 sive
1527 2029 1632 2065 etiam

160 2070 300 2105 aliunde
324 2071 449 2116 aliquis
473 2085 514 2107 eo
539 2075 629 2109 sorte
654 2075 796 2109 veniens
819 2080 900 2109 tunc
922 2081 1142 2117 occurreret,
1177 2075 1211 2110 in
1235 2086 1350 2111 omnes
1372 2086 1415 2110 ex
1438 2087 1549 2122 aequo
1573 2088 1631 2111 re-

158 2115 250 2161 giam
274 2117 545 2154 beneficientiam
568 2122 794 2163 extendebat,
818 2121 941 2156 milites
964 2121 1167 2168 praesertim
1192 2126 1227 2156 et
1248 2120 1424 2156 literarum
1445 2121 1630 2157 studiosos.

159 2174 228 2197 non
252 2163 340 2198 enim
364 2176 453 2207 nox,
490 2178 557 2200 non
580 2167 675 2210 dies,
708 2179 775 2201 non
806 2172 942 2214 tempus
965 2174 1148 2212 moestum,
1181 2179 1248 2202 non
1272 2169 1358 2204 hora
1380 2168 1537 2212 laetior,
1558 2179 1628 2204 non

160 2208 276 2243 oriens
299 2211 372 2252 sol,
406 2223 473 2246 non
498 2213 658 2248 occidens
681 2213 792 2259 ipsum
815 2219 992 2249 vacantem
1020 2226 1042 2249 a
1065 2214 1309 2249 benefaciendo
1344 2215 1526 2261 reperiret.
1573 2214 1627 2249 vi-

157 2254 259 2289 deres
295 2255 500 2304 audiresque
532 2259 627 2294 circa
652 2272 728 2294 eum
752 2271 887 2306 semper
910 2266 970 2295 aut
993 2260 1053 2306 qui
1076 2272 1198 2296 munus
1220 2261 1441 2307 acciperent,
1471 2263 1532 2295 aut
1565 2261 1626 2306 qui

156 2306 300 2346 accepto
330 2304 553 2348 recederent,
584 2305 642 2352 qui
666 2318 731 2340 non
755 2307 886 2341 frustra
909 2311 1086 2352 peterent,
1125 2308 1182 2353 qui
1213 2308 1305 2342 nacti
1328 2307 1420 2354 quod
1443 2306 1624 2342 voluerant

155 2349 289 2392 gratias
312 2353 468 2393 agerent.
514 2358 620 2399 atque
644 2353 698 2387 hic
721 2357 834 2388 tamen
858 2353 937 2388 talis
961 2365 1035 2388 cum
1058 2361 1151 2389 esset
1172 2354 1379 2399 imperator,
1406 2353 1523 2399 gravis
1546 2357 1623 2389 erat

154 2393 360 2439 primoribus
392 2407 588 2441 procerum,
618 2399 749 2433 idcirco
773 2398 863 2445 quod
886 2400 922 2433 in
946 2400 1191 2435 demandandis
1213 2400 1443 2446 praefecturis
1466 2411 1532 2434 non
1558 2411 1622 2446 pa-

152 2440 247 2474 tricii
280 2441 419 2485 generis
453 2449 513 2478 aut
542 2445 804 2480 necessitudinis
827 2458 900 2480 cum
924 2446 1107 2493 principali
1130 2448 1228 2482 domo
1250 2447 1418 2482 rationem
1452 2447 1622 2488 haberet3

152 2486 214 2521 sed
247 2499 416 2534 quemque
438 2489 568 2525 viritim
591 2503 634 2526 ex
656 2492 800 2538 propria
822 2492 1036 2538 praestantia
1068 2493 1232 2538 verisque
1262 2493 1402 2528 dotibus
1425 2492 1620 2534 aestimans,

153 2532 359 2568 admovebat
381 2533 434 2569 rei
456 2537 630 2581 gerendae
653 2538 699 2572 ad
721 2550 824 2584 quam
847 2543 949 2583 aptus
972 2542 1068 2580 erat,
1091 2551 1132 2574 ac
1154 2539 1286 2575 meritis
1308 2539 1536 2584 dignitatibus
1559 2550 1618 2573 or-

151 2579 268 2613 nabat.
315 2580 471 2625 cognatis
504 2595 587 2619 vero
621 2595 663 2619 ac
693 2585 957 2630 consanguineis
991 2584 1063 2620 suis
1097 2587 1260 2621 censebat
1290 2587 1455 2621 sufficere
1486 2586 1615 2620 debere

150 2624 253 2659 istum
284 2626 447 2662 natalium
479 2629 658 2673 honorem,
708 2635 746 2665 et
785 2642 879 2665 suam
913 2635 1041 2666 sortem
1072 2644 1114 2667 ac
1147 2632 1384 2668 claritudinem
1428 2630 1615 2679 prosapiae

149 2671 286 2705 abunde
308 2684 454 2717 magnae
485 2675 666 2721 dignitatis
698 2677 773 2712 loco
804 2677 942 2711 ducere.
989 2676 1026 2711 id
1049 2683 1162 2713 autem
1185 2684 1223 2714 et
1244 2679 1402 2714 iudicium
1427 2684 1464 2713 et
1485 2679 1613 2712 factum

149 2721 244 2758 erat,
268 2718 298 2752 si
322 2719 401 2763 quis
423 2727 519 2757 recte
542 2722 797 2766 consideraret,
820 2723 986 2770 principis
1009 2724 1172 2760 virtutem
1194 2725 1443 2771 promoventiS,
1473 2728 1510 2758 et
1532 2735 1615 2769 pro-

147 2764 303 2798 vocantis
326 2765 481 2802 subditos
503 2768 547 2803 ad
570 2769 721 2804 studium
745 2771 853 2804 omnis
876 2781 979 2805 verae
1002 2771 1125 2806 laudis.
1157 2783 1223 2806 non
1247 2772 1334 2806 enim
1357 2773 1615 2806 auctoramenta

146 2808 312 2852 inertiae,
343 2811 405 2846 sed
438 2814 494 2849 vel
523 2815 636 2849 stadia
659 2816 716 2850 vel
739 2816 889 2862 praemia
919 2816 1078 2852 heroicae
1100 2817 1244 2852 virtutis
1267 2818 1418 2852 illustres
1440 2828 1518 2850 esse
1539 2826 1614 2850 ma-

146 2855 336 2901 gistratus3
368 2869 456 2904 quos
478 2861 531 2897 ita
554 2865 590 2897 et
612 2862 682 2898 illis
703 2862 836 2898 demum
859 2863 988 2899 debere
1014 2864 1179 2900 committi
1201 2864 1410 2902 decernebat
1432 2862 1492 2910 qui
1515 2866 1552 2898 et
1573 2871 1613 2897 se
