1884 3262
559 238 562 243 .
608 197 713 243 LIB.
745 197 782 244 1.
832 196 1215 246 GLOSSARIUBL
1519 197 1634 244 ”559

171 324 265 351 nem
279 308 536 349 necessariam
552 304 816 362 ἇντιμινσίου.
871 307 982 348 hunc
1008 307 1143 348 locum
1163 305 1368 363 symeonis
1382 305 1638 352 Thessaloni-

159 367 296 411 ‚censis
320 366 428 405 Goar
457 366 514 405 sic
542 367 686 405 vertit:
711 365 934 404 interulam
961 380 1053 404 vero
1077 372 1245 412 vestem,
1276 379 1381 417 quae
1395 363 1458 403 ad
1475 378 1637 407 carnem

170 422 347 472 dicitur,
379 433 415 460 et
438 437 558 474 super
559 438 608 461 ne
631 423 802 462 mantile
834 421 985 474 adepta
1014 429 1087 462 est.
1142 422 1223 460 tria
1241 435 1325 460 non
1342 421 1470 473 probo
1485 450 1498 470 ‚
1525 421 1637 472 quod

169 495 215 521 το
235 475 464 532 κατασάρκα
487 479 720 529 interulam,
749 478 859 530 quod
875 473 1175 532 τραπεζοφόρον
1204 479 1392 529 mantile,
1429 477 1539 528 quod
1569 478 1636 519 κέ-

156 551 311 587 κτηται
331 536 488 574 reddat
497 536 639 588 adepta
665 541 747 574 est:
775 548 868 573 nam
883 533 1064 587 κέκτηται
1084 533 1162 572 hoc
1178 534 1266 574 loco
1287 541 1347 574 est
1362 533 1545 586 possidet
1566 540 1638 573 aut

169 592 299 630 habet.
356 605 585 644 κατασαρκα
601 604 744 632 nomen
770 591 976 643 proprium
998 591 1075 629 veli
1105 591 1204 630 sacri
1219 591 1260 630 in
1291 605 1371 642 quo
1394 587 1550 643 ᾰμέσως
1569 604 1638 630 re-

169 649 341 687 clinatur
368 648 605 688 eucharistia
634 650 718 687 sive
736 660 881 700 corpus
899 653 939 685 et
962 661 1054 686 caro
1074 647 1246 697 domini,
1278 647 1539 686 ecclesiastico
1559 662 1638 686 vo-

171 705 311 744 cabulo
342 705 530 744 debuerat
561 704 743 757 exprimi.
800 704 969 755 denique
998 702 1298 758 τραπεζοφόρον
1335 705 1469 743 velum
1501 705 1636 756 potius

170 768 230 800 est
255 776 334 813 quo
364 775 532 814 superne
558 767 693 800 sancta
727 767 1016 812 conteguntur,
1063 761 1178 812 quale
1222 761 1332 812 quod
1360 767 1497 800 nostro
1522 774 1635 799 more

167 832 288 870 supra
314 819 471 858 calicem
503 825 574 858 aut
599 832 750 857 sacram
766 817 954 870 pyxidem
976 817 1120 856 Christi
1149 831 1293 869 corpus
1317 824 1387 857 aut
1404 818 1632 868 sanguinem

168 876 416 915 continentes
435 888 570 944 supra
574 889 682 914 aram
704 874 948 916 extenditur.
1006 875 1181 912 declarat
1198 873 1276 913 hoc
1303 888 1399 913 mox
1419 873 1631 912 Thessalo-

167 932 335 970 nicensis
350 931 519 983 ibidem,
549 948 607 973 οτι
623 932 804 983 inquiens
826 927 959 982 τάφος
975 930 1057 972 ἐστὶ
1075 930 1145 972 καὶ
1163 929 1317 984 θρόνος
1333 927 1477 983 Ἰησοῦ.
1507 931 1630 982 signi-

166 987 278 1027 ficat.
316 1002 428 1027 sacra
458 988 695 1027 eucharistia
719 1001 838 1040 super
859 1001 967 1026 aram
983 987 1062 1026 isto
1090 1001 1207 1038 quem
1227 988 1415 1026 describit
1435 994 1630 1039 apparatu

168 1045 290 1083 oculis
310 1045 485 1084 fidelium
504 1046 705 1096 proposita
728 1045 829 1083 duos
849 1044 1018 1082 indicari
1044 1043 1190 1082 Christi
1216 1050 1364 1094 status,
1403 1045 1565 1082 iacentis
1585 1044 1628 1083 in

165 1101 346 1152 sepulcro
376 1108 416 1139 et
449 1101 747 1139 resurrectionis
773 1099 898 1152 gloria
937 1100 1139 1152 conspicui
1172 1106 1364 1152 tanquam
1394 1100 1438 1139 in
1466 1100 1629 1142 throno.

162 1158 291 1209 pergit
309 1156 415 1195 idem
435 1155 659 1207 declarans,
688 1173 757 1198 και
773 1172 816 1198 το
842 1155 915 1209 μὲν
937 1153 1206 1211 (κατασᾶρκα)
1227 1157 1335 1199 ἐστὶν
1355 1173 1410 1206 ως
1428 1158 1578 1199 σίνδων
1599 1152 1630 1214 ᾗ

156 1209 416 1265 περιειλήθη
425 1210 576 1266 νεκρός.
635 1228 685 1252 ac
705 1221 923 1252 catasarca
940 1212 1131 1265 quidem,
1164 1215 1248 1252 site
1270 1215 1505 1266 corporale,
1539 1217 1629 1252 sin-

165 1268 306 1307 donem
333 1277 602 1322 repraesentat
626 1285 708 1322 qua
735 1275 924 1310 mortuus
958 1270 1146 1337 Οζινὶοιιιε
1171 1271 1382 1310 involutus
1400 1278 1468 1310 est.
1526 1269 1570 1312 τὸ
1586 1270 1629 1316 ἇὲ

158 1321 222 1374 ,ὥς
239 1323 360 1378 δόξης
380 1324 597 1394 περιβολή,
627 1343 682 1374 ως
711 1325 779 1367 καὶ
800 1323 826 1367 ὃ
846 1325 912 1367 ἐπὶ
932 1322 1121 1398 rozir?
1080 1326 1124 1368 ἐν
1152 1342 1208 1367 τω
1230 1328 1423 1368 τίθεσθαι
1440 1327 1629 1380 ἐμφαίνει

158 1380 348 1434 ,ψαλμός,
377 1379 518 1434 κύριος
539 1383 788 1448 ἐβασίλευσε,
817 1381 963 1437 λέγων,
994 1383 1235 1436 ευπρέπειαν
1254 1379 1480 1425 ἐνεδύσατο.
1518 1382 1629 1422 illud

162 1452 255 1477 vero
274 1438 370 1490 (hoc
389 1445 448 1476 est
465 1435 790 1492 τραπεζοφόρον)
818 1446 865 1477 ut
876 1440 1034 1490 gloriae
1052 1441 1228 1478 amictus
1248 1439 1435 1492 (partim,
1466 1439 1532 1478 hic
1550 1440 1626 1479 ad·-

165 1494 226 1533 dit
246 1494 295 1534 de
310 1509 381 1534 suo
405 1496 509 1534 inter
511 1509 599 1547 pres
623 1496 752 1534 nescio
772 1495 912 1548 quare)
927 1525 939 1545 ,
982 1498 1047 1533 ati
1075 1503 1112 1534 et
1132 1511 1207 1548 quc
1227 1496 1327 1535 dum
1343 1499 1630 1549 superponitur

163 1551 326 1600 (sanctis
342 1551 490 1605 velum)
510 1553 598 1591 cani
616 1553 716 1591 solet
729 1553 928 1591 Psalmus
949 1551 1214 1603 demon-,strat
1245 1553 1402 1592 dicens:
1433 1554 1628 1592 dominus·

163 1610 372 1660 regnavit,
409 1607 587 1647 decorem
620 1609 771 1650 induit.
827 1607 1018 1648 hactenus
1050 1609 1423 1656 Thessalonicensis;
1461 1623 1511 1649 ex
1531 1611 1626 1661 qui-

162 1664 238 1703 bus
254 1665 337 1703 eius
352 1666 483 1704 wve1bis
501 1679 623 1718 appar
625 1672 665 1704 et
694 1664 794 1704 nihil
819 1664 990 1704 Meursio
1009 1665 1389 1706 Thessalonicensem
1407 1666 1623 1716 adversari,

161 1720 232 1759 sed
251 1721 385 1773 potius
412 1722 616 1761 refellere'
604 1736 733 1774 ipsum
747 1723 1003 1774 interpretem
1023 1722 1274 1775 Euchologii,
1312 1724 1354 1763 in
1376 1737 1422 1762 eo
1442 1724 1549 1775 quod
1569 1724 1623 1763 ad

163 1777 344 1816 ordinem
379 1779 538 1818 lotionis
577 1792 710 1818 sacrae
748 1792 905 1818 mensae
939 1793 978 1832 p.
1012 1782 1096 1822 627
1138 1777 1436 1835 τραπεζόφορον
1455 1781 1619 1827 mantile

160 1833 280 1873 fuisse
306 1835 426 1885 dicit,
462 1835 563 1874 illud
595 1842 798 1888 praeterea
827 1836 1074 1876 confundens
1097 1850 1189 1876 cum
1215 1836 1384 1894 ἐνδυτῇ,
1421 1837 1531 1889 quod
1561 1837 1619 1878 illi

161 1891 392 1942 neutiquam
409 1893 684 1943 concesserim,
712 1893 788 1932 nisi
806 1899 947 1932 testem
966 1893 1114 1932 laudet.

276 1946 419 2000 ἕνορί
428 1965 453 1989 α
480 1963 519 2001 p.
536 1948 620 1992 452
645 1963 686 1990 v.
708 1948 747 1991 4.
803 1963 901 2001 quas
918 1964 990 1988 nos
1004 1949 1124 1989 hodie
1140 1949 1270 2015 vulgo
1280 1950 1474 1990 dioeceses
1491 1964 1616 1991 voca-
1637 1951 1666 1988 P
1687 1951 1756 1988 383

160 2016 271 2052 mus,
299 2003 458 2057 ἐνορίας
481 2006 619 2045 Graeci
638 2006 798 2056 dicunt,
824 2007 1000 2058 regiones
1019 2007 1187 2060 episcopi
1209 2007 1397 2059 cuiusque
1411 2008 1550 2046 ditioni
1568 2022 1616 2049 ac

158 2061 350 2111 potestati
374 2061 597 2101 ordinariae
614 2064 774 2116 proprie
790 2064 994 2103 subiectas.
1049 2077 1143 2102 nam
1173 2064 1359 2103 dioecesis
1378 2064 1617 2104 vocabulum

160 2115 278 2154 latius
294 2117 385 2155 olim
402 2119 574 2169 patebat.

272 2168 702 2239 Ἐξαυτωρειανοί
729 2190 769 2228 p.
789 2180 844 2220 66
862 2189 902 2219 v.
927 2177 966 2220 9.
1023 2174 1126 2229 πρός
1148 2173 1229 2228 μὲν
1241 2178 1323 2217 τῶν
1338 2172 1616 2230 Ἐξαυτωρειατ

161 2230 246 2268 νῶν
266 2227 524 2282 πατριάρχην.
581 2231 658 2270 hoc
674 2238 734 2271 est
753 2232 960 2272 Arsenium
978 2232 1256 2285 patriarcham.
1313 2233 1368 2272 sic
1386 2233 1467 2272 duo
1486 2233 1616 2284 codd„

161 2284 351 2323 Vaticano
369 2287 576 2326 omittente
587 2316 598 2335 ‚
627 2294 675 2327 ut
693 2290 820 2328 solet
808 2304 850 2328 ιιι
873 2290 1059 2329 obscuris.
1116 2290 1319 2328 manifeste
1336 2289 1402 2329 hic
1417 2303 1616 2330 memora-

161 2347 229 2380 tur
261 2341 487 2392 panim-cha
515 2343 675 2394 quidam
704 2345 1064 2384 Exautorianorum
1090 2346 1300 2385 distinctus
1333 2361 1356 2384 a
1391 2347 1616 2399 patriarcha

159 2397 390 2449 simpliciter
409 2405 450 2437 et
471 2396 559 2440 κατ’
580 2397 721 2452 ἐξοχήν
753 2402 807 2440 sic
834 2403 952 2441 dicto.
1008 2402 1267 2441 Exautoriani
1290 2403 1358 2454 qui
1377 2403 1617 2454 dicerentur,

160 2454 349 2504 suspicari
372 2455 466 2493 licet
484 2469 534 2494 ex
554 2455 615 2494 his
634 2469 734 2507 quae
756 2459 882 2498 tradit
897 2458 1091 2497 Mem-sius
1111 2459 1234 2498 verbo
1261 2459 1518 2514 ἐξαυτωρεία,
1543 2462 1615 2500 ubi

161 2509 277 2549 docet
293 2524 344 2550 ex
359 2511 481 2550 Suida
498 2512 760 2565 ἐξαυτωρείαν
779 2515 857 2553 dici
876 2512 1156 2568 ἔλευθερὶαν’
1129 2514 1210 2558 auo*
1230 2518 1430 2570 στρατείας
1447 2520 1613 2556 missio-

160 2581 250 2604 nem
270 2581 297 2605 α
318 2569 483 2606 militia.
540 2568 648 2619 quod
664 2575 705 2608 et
724 2570 856 2610 innuit
874 2571 979 2610 Leo
967 2585 1010 2610 m
1030 2572 1196 2612 Tacticis
1222 2573 1354 2612 Const.
1373 2578 1441 2620 20,
1461 2575 1612 2612 milita-

159 2636 224 2661 res
246 2623 457 2663 dividens
445 2639 487 2663 ιιι
508 2625 588 2663 duo
611 2638 764 2676 gener&
821 2624 911 2669 ὅσοι
937 2630 1012 2669 τοῦ
1029 2632 1201 2681 στρατοῦ
1214 2630 1310 2680 εισι,
1340 2630 1410 2679 ait,
1432 2629 1501 2670 καὶ
1518 2627 1608 2671 όσοι

159 2682 232 2731 τῆς
257 2680 471 2735 λεγομένης
502 2681 770 2735 ἔξαυτωρείας.
824 2682 919 2722 hinc
947 2684 1130 2725 videlicet
1157 2685 1457 2740 ἐξαυτωρειανοὶ
1482 2700 1607 2725 voca-

159 2735 307 2775 bantur
333 2738 402 2789 qui
430 2737 582 2776 emeriti
610 2744 679 2776 aut
701 2739 784 2778 aliis
810 2740 961 2781 idoneis
983 2743 1110 2780 causis
1126 2743 1293 2794 legitime
1308 2742 1412 2781 missi
1428 2756 1451 2780 a
1467 2743 1607 2782 militia

158 2792 327 2831 militum
352 2794 564 2846 privilegiis
587 2794 817 2846 gaudebant.
873 2798 977 2837 inter
1002 2812 1102 2850 quae
1128 2800 1316 2852 suspicari
1343 2799 1435 2837 licet
1464 2805 1504 2838 et
1527 2799 1606 2838 hoc

156 2848 296 2900 fuisse,
322 2856 372 2897 ut
391 2851 517 2893 ubivis
533 2858 715 2906 agerent,
742 2867 824 2893 non
846 2867 868 2893 a
889 2855 964 2894 loci
987 2855 1168 2909 episcopo
1190 2856 1260 2895 sed
1285 2869 1306 2901 a
1324 2855 1574 2908 patriarcha
1562 2870 1607 2895 ιιι
