1884 3262
275 182 373 233 ,642
672 179 980 224 OBSERVAT.
1012 178 1319 222 PAcHYnmR.

277 293 331 332 rit
349 291 510 330 Ioannes
526 289 738 339 imperator
761 286 913 325 baiulos
936 286 1124 325 frumenti
1146 285 1361 337 reponendi
1378 285 1418 324 in
1442 285 1595 324 arcibus
1618 283 1716 323 nihil

278 348 369 386 inde
389 346 513 384 obiter
535 345 708 382 minuere
725 343 775 380 ad
794 343 998 395 proprium
1014 342 1161 380 victum
1174 370 1184 389 ,
1211 341 1281 379 sed
1294 341 1341 378 iis
1362 342 1516 380 aliunde
1534 341 1716 393 assignari

277 403 382 441 uude
403 402 445 439 in
467 401 538 438 tali
559 401 622 438 via
643 413 687 437 ac
707 399 922 437 ministerio
939 403 1203 436 vescerentur.

387 470 426 507 p.
447 459 524 498 140
547 469 584 494 v.
608 455 646 495 4.
703 454 807 492 idem
836 454 904 492 ille
939 454 1192 492 Cutritzaces.
1250 450 1395 490 mentio
1421 452 1649 491 Cutritzacis
1672 451 1716 490 iu

278 514 433 551 Graecis
452 512 567 550 editis
583 525 664 550 non
681 516 899 561 comparet:
926 509 993 548 illa
1012 509 1114 547 enim
1135 521 1315 560 expressa
1336 513 1429 545 sunt
1446 520 1496 544 ex
1513 508 1598 546 cod.
1614 508 1716 546 Bar-

138 578 166 612 1’
192 574 257 610 449
280 570 362 609 ber.
382 574 421 605 et
436 568 575 614 Allan,
607 580 774 617 quorum
799 565 841 605 in
867 571 1011 603 neutro
1037 565 1188 615 legitur.
1245 563 1442 615 supplevit
1460 568 1592 600 autem
1610 569 1718 601 recte

277 625 506 663 Vaticanus:
542 629 600 660 est
623 622 724 660 enim
754 622 805 659 ad
826 622 1056 660 sententiam
1073 595 1356 671 oexplicandam
1378 619 1598 657 necessaria.
1653 619 1718 656 ille

279 682 334 719 sic
351 680 487 717 habet:
517 675 623 730 ὅμως
644 674 761 725 αὐτὸς
781 672 895 724 οὗτος
912 676 936 718 o‘
956 672 1246 728 Κουτριτζοὶκης
1264 673 1334 716 τὸν
1349 671 1470 715 τόπον
1486 677 1615 722 καλῶς
1631 673 1717 714 ἐπι-

279 749 481 790 σταμενος.
530 747 587 771 cx
607 747 683 783 quo
705 747 774 771 nos
792 739 920 771 totum
938 733 1069 770 locum
1085 731 1140 769 sic
1158 730 1445 769 restituendum
1464 729 1718 781 putabamus·

278 797 362 839 τοῖς
380 787 715 841 ὖποβαλλομένοις
738 787 961 856 προσέχων,
988 786 1089 839 ὁμοῦ
1108 785 1183 840 γὰρ
1209 781 1324 833 αυτὸς
1343 781 1461 834 οὗτος
1481 785 1505 826 ὁ
1526 789 1718 848 Κουιριτ-

279 845 400 897 ζάκης
429 849 470 886 εὐ
503 843 618 892 εἰδως
643 848 722 885 τῶν
746 842 882 885 τόπων
909 841 1058 897 συνῄει.
1116 855 1214 893 quae
1230 843 1399 880 inserere
1419 840 1621 879 contextui
1636 853 1718 878 non

279 905 363 941 ausi
395 908 528 940 tamen
557 900 854 951 iuterpietando
882 899 1158 950 expressimus:
1187 898 1387 936 manifeste
1413 897 1555 948 quippe
1583 908 1719 934 manca

279 965 339 997 est
356 957 535 996 codicum
555 957 719 994 aliorum
737 956 872 1004 lectio,
901 967 974 993 nec
1004 967 1159 992 sensum
1176 966 1303 1004 perse
1322 953 1571 991 commodum
1588 951 1718 996 efficit.

390 1027 428 1064 p.
457 1015 535 1053 139
564 1025 604 1053 V.
629 1015 690 1053 18.
745 1012 825 1049 Iam
852 1010 959 1061 quod
984 1009 1050 1048 hic
1079 1016 1212 1047 noster
1240 1009 1486 1047 inevitabilia
1512 1008 1720 1060 efficaciae

278 1082 360 1107 esse
389 1070 443 1106 ait
469 1067 627 1105 decreta
647 1066 941 1117 providentiae,
972 1066 1005 1103 si
1021 1066 1084 1103 cui
1103 1065 1313 1103 videantur
1338 1065 1390 1102 ad
1410 1065 1634 1103 damnatam
1654 1063 1718 1101 sa-

276 1126 365 1163 talis
384 1123 617 1162 necessitatis
635 1122 855 1160 doctrinam
871 1127 1064 1173 spectare,
1098 1121 1355 1171 repudientur
1375 1127 1415 1159 et
1432 1120 1675 1171 corrigantur
1694 1130 1718 1155 a

276 1180 471 1233 prudente
487 1180 633 1216 lectoie
651 1178 761 1216 iuxta
781 1177 922 1229 placita
940 1175 1158 1215 orthodoxi
1181 1176 1380 1226 dogmatis.

389 1234 517 1286 p-141
539 1246 578 1272 v.
594 1236 660 1273 23.
716 1234 1001 1270 monasterium
1015 1231 1073 1269 ad
1086 1232 1248 1270 Fmtem
1263 1234 1399 1269 citum.
1443 1229 1552 1269 hunc
1569 1230 1717 1268 sontem

279 1278 319 1328 et
337 1291 467 1328 locum
486 1288 668 1326 desc1ibit
682 1289 940 1339 Procopiusl.
960 1291 980 1328 1
1008 1286 1098 1339 περὶ
1123 1283 1342 1338 κτισμάτων
1364 1300 1396 1324 0.
1418 1289 1463 1334 3,
1493 1286 1589 1324 dum
1613 1291 1717 1323 tem-

277 1347 335 1398 pli
362 1346 404 1384 in
434 1344 624 1383 honorem
645 1344 829 1414 deiparae
841 1343 895 1382 ibi
918 1357 940 1381 a
959 1342 1172 1381 Iustiniano
1191 1343 1338 1380 conditi
1356 1342 1530 1380 meminit
1541 1341 1604 1379 his
1623 1349 1718 1380 ver-

278 1403 359 1440 bis:
409 1401 541 1450 ἕτερον
570 1399 613 1440 δὲ
641 1398 748 1452 ἴερόν
777 1395 878 1465 αὐτῇ
914 1397 1006 1464 (τῇ
1027 1395 1227 1453 θεοτόκω)
1262 1397 1306 1438 ἐν
1337 1395 1450 1453 χώρῳ
1488 1395 1715 1467 καλουμένῳ

278 1460 392 1513 πηγῇ
417 1453 626 1523 ἀνέθηκεν.
655 1451 831 1495 ἐνταῦθα
860 1455 938 1495 ἐστι
957 1451 1078 1501 δάσος
1097 1454 1363 1523 κυπαρίσσων,
1387 1451 1531 1505 λειμών
1548 1452 1592 1493 ἐν
1612 1452 1717 1494 ἄπα-

277 1517 366 1560 aare
384 1517 469 1559 ταῖς
488 1507 679 1563 ἀρούραις
692 1508 870 1562 τεθηλως
889 1507 1045 1559 ανθεσι,
1064 1506 1301 1561 παραδεισος
1316 1506 1500 1561 ευφορῶν
1514 1507 1561 1548 τοὶ
1579 1507 1717 1562 ὥραΐα,

278 1584 386 1621 πηγη
408 1564 592 1619 ἀψοφητὶ
611 1564 805 1618 βλύζουσα
821 1563 994 1619 γαληνόν
1013 1563 1056 1605 τὸ
1074 1562 1181 1616 ὕδωρ
1200 1581 1266 1606 και
1286 1562 1465 1617 πότιμον.
1520 1564 1618 1602 haec
1634 1565 1716 1602 ine:

277 1637 378 1675 quae
395 1624 448 1661 sic
465 1623 598 1660 Latine
617 1628 755 1660 sonant
779 1634 831 1660 ex
847 1621 1010 1672 eleganti
1027 1621 1348 1672 interpretatione
1372 1620 1525 1659 Claudii
1545 1618 1718 1658 Maltreti

277 1680 422 1718 nostri.
453 1677 576 1716 eidem
605 1676 838 1741 (deiparae)
865 1678 1054 1728 templum
1081 1676 1201 1714 aliud
1223 1676 1402 1715 condidit
1430 1675 1715 1728 (lastinianus)

279 1734 395 1787 apud
406 1736 589 1772 Fontem.-
611 1735 669 1770 sic
688 1735 821 1771 locum
838 1734 1065 1785 appellant5
1098 1735 1143 1770 in
1166 1747 1245 1783 quo
1269 1734 1553 1784 opaci-ssimum
1570 1739 1628 1769 est
1641 1745 1717 1769 cu·-

270 1797 490 1842 pressetum
501 1805 515 1838 ,-
532 1789 712 1841 floribus
730 1788 846 1826 molli
859 1790 943 1826 solo
957 1789 1212 1840 surgentibus
1218 1796 1385 1840 pratum
1399 1796 1559 1839 vernat3
1581 1789 1717 1839 pomi-5

277 1846 464 1883 exuberat
489 1844 733 1882 viridarium
744 1859 758 1892 ,-
777 1846 884 1893 fons
911 1846 1040 1881 tacita
1069 1847 1317 1896 scaturigine
1342 1845 1464 1882 lenem
1497 1851 1533 1881 et
1561 1843 1715 1881 dulcem

278 1915 430 1952 aquam
459 1899 638 1952 effundit.
698 1899 906 1950 templum,
934 1905 982 1937 ut
1006 1899 1079 1936 alia
1104 1900 1305 1949 pleraque,
1336 1899 1632 1938 custodiendum
1655 1904 1716 1937 est

277 1957 469 1994 traditum
497 1953 715 2002 monachis,
745 1955 885 2005 quibus
907 1954 1143 1992 domicilium
1169 1955 1412 1993 adstructum
1430 1953 1495 1992 hic
1517 1960 1716 1993 monaste-

276 2013 381 2050 rium
405 2011 541 2049 Fontis
569 2010 721 2047 dicitm.
780 2015 863 2048 erat
888 2016 1018 2048 autem
1046 2009 1088 2047 id
1115 2011 1255 2057 situm,
1295 2017 1341 2049 ut
1369 2011 1474 2049 idem
1501 2011 1714 2062 Procopius

276 2067 394 2119 paulo
415 2073 504 2118 post
522 2066 653 2115 docet,
682 2078 802 2116 prope
819 2071 974 2117 portam
986 2065 1172 2114 Auream,
1202 2063 1375 2130 ἄγχιστα.
1382 2082 1438 2122 πῃ
1457 2070 1535 2106 τῶν
1556 2069 1716 2119 χρυσῶν

277 2122 533 2173 καλουμένων
557 2124 705 2161 πυλων.
760 2119 857 2159 haec
882 2127 941 2159 est
967 2128 1089 2172 porta
1117 2122 1276 2170 Fontis,
1315 2122 1424 2160 cuius
1460 2121 1578 2173 paulo
1610 2122 1714 2160 infe—

278 2180 360 2216 rius
386 2176 639 2229 Pachymeres
659 2177 845 2215 meminit.
900 2177 1003 2215 idem
1031 2177 1138 2224 alibi,
1168 2190 1304 2228 nempe
1327 2191 1364 2229 p.
1387 2181 1466 2220 160
1489 2192 1528 2216 v.
1547 2177 1586 2226 5,
1617 2193 1715 2229 χρυ-

281 2233 375 2273 σεάν
410 2230 543 2283 πύλην
584 2231 751 2270 Auream
783 2238 938 2285 portam
967 2233 1147 2283 appellat.
1204 2239 1342 2271 auctor
1369 2233 1585 2272 Pandectae
1612 2232 1714 2272 Hist.

279 2290 395 2326 Ture.
417 2302 449 2326 c.
469 2291 550 2330 200
581 2288 776 2338 Selybriae
803 2294 958 2340 portam
978 2288 1120 2326 dictam
1141 2301 1294 2340 quoque
1312 2289 1385 2327 ait:
1414 2289 1505 2328 inde
1533 2287 1710 2341 (inquit)

273 2358 372 2396 pera
374 2346 506 2381 enitar
524 2342 582 2380 acl
598 2343 794 2382 decimam
816 2352 988 2394 sextam,
1016 2344 1199 2382 videlicet
1224 2345 1420 2396 Silybriae
1432 2346 1495 2384 vel
1513 2345 1714 2395 Selybriae

272 2407 460 2451 portam,
489 2411 586 2449 quae
616 2413 639 2437 a
670 2413 718 2451 pl
722 2400 807 2437 iscis
824 2403 950 2453 χρυσῆ
965 2396 1085 2453 πόρτα
1104 2401 1167 2438 νεῖ
1178 2400 1318 2439 Aurea
1333 2408 1464 2465 porta.
1472 2400 1713 2439 nominaba-

280 2462 361 2494 tur.
416 2468 510 2491 nam
529 2462 638 2492 extra
649 2463 813 2506 portam
829 2456 937 2494 hanc
954 2463 1010 2493 est
1030 2455 1225 2507 hodieque
1246 2459 1282 2494 I
1281 2471 1362 2504 one,
1391 2459 1464 2508 qui
1484 2450 1711 2509 χρυσοπηγή

281 2511 345 2550 iel
367 2522 515 2547 aureus
536 2510 633 2560 fons
663 2525 689 2548 ct
710 2513 874 2550 Gaeaecis
900 2514 1066 2564 antiquo
1085 2515 1240 2550 nomine
1259 2512 1437 2562 dieitur,
1481 2512 1641 2550 celebris
1667 2512 1711 2548 in

282 2578 416 2603 eorum
448 2565 653 2615 lii-storiis,
692 2579 795 2617 quae
825 2581 1100 2617 saepenumero
1134 2569 1286 2618 palatii
1321 2571 1452 2620 πηγῆς
1479 2571 1560 2605 sive
1560 2566 1711 2633 fontu-

283 2623 514 2659 mentionem
527 2619 714 2671 facizmt,
742 2630 777 2666 et
807 2623 944 2674 templi
967 2623 1156 2675 deiparae
1185 2626 1355 2676 tinginie
1384 2623 1444 2661 ad
1464 2618 1597 2677 πηγήν
1628 2623 1711 2659 θὶνθ

270 2678 441 2729 ]ὺηιεηι.
493 2676 548 2714 ita
571 2676 646 2714 ille.

393 2746 432 2798 p.
454 2733 533 2774 150
552 2732 772 2774 v.14.1n
794 2732 854 2771 his
874 2735 1028 2773 Graecis
1047 2735 1174 2774 verbis
1191 2747 1451 2780 κατασταντος
1467 2747 1564 2773 κατα
1581 2728 1712 2783 χώραν

281 2785 534 2839 ὖπνούντων,
563 2787 634 2826 etsi
657 2798 706 2825 ex
732 2789 845 2827 codd.
873 2791 1028 2841 optimis
1052 2791 1207 2834 Baiber.
1227 2797 1267 2830 et
1285 2791 1398 2830 Allat.
1419 2802 1508 2828 cum
1533 2787 1619 2826 fide.
1639 2801 1712 2827 ex-
