1884 3262
290 188 390 235 490
705 185 938 229 GEORGII
951 199 955 202 ’
970 184 1317 229 PAGHYMERIS

290 301 436 343 ἐκεῖνον
465 293 789 353 ἀπολογούμενος
817 297 1052 351 βασιλικοὺς
1079 296 1277 353 προέτεινε
1295 294 1469 351 νόμους,
1501 296 1557 347 ὥς
1577 296 1634 351 μὴ
1657 312 1734 339 κα-

289 368 361 410 λὸν
378 366 424 409 ὃν
440 365 535 408 οὐδὲ
554 366 708 407 δίκαιον
729 365 833 408 κατὰ
852 365 1062 418 μοναστάς
1081 365 1178 415 τοὺς
1193 363 1414 418 Ῥωμαίους
1431 364 1734 417 πολιτεύεσθαι,

286 433 343 483 ὥς
362 434 592 488 μετανοίαις
612 434 801 483 ἐξιᾶσθαι
820 433 872 475 τὰ
889 434 1140 486 πταίσματα.
1199 431 1300 487 ἔχειν
1324 433 1369 474 δὲ
1390 434 1457 475 καὶ
1471 437 1529 491 τῷ
1549 448 1733 488 προσαγ-

284 502 463 558 γέλλοντι
485 503 715 553 δυσμενῶς,
754 499 815 543 ὅτι
843 501 948 556 λέγοι
977 500 1004 555 ἢ
1030 499 1210 550 ἀκούσας
1241 499 1268 557 ἢ
1303 501 1370 542 καὶ
1398 498 1671 554 πλαττόμενος
1691 501 1735 541 ἐκ

285 574 360 624 τῆς
389 571 477 626 περὶ
502 568 573 612 τὸν
597 570 768 624 πλησίον
798 569 1038 624 ἀπεχθείας·
1082 568 1207 611 αὐτὸν
1238 567 1285 610 δ’
1307 564 1538 610 ἀκούσαντα
1555 566 1767 623 ἀνάγκηνό

146 651 177 684 Ρ
198 648 267 684 334
289 637 387 681 εἶναι
401 637 576 692 μετιέναι
595 636 642 680 τὸ
667 636 858 692 ἔγκλημα.
925 642 1057 680 ταῦτα
1083 634 1277 685 πολλάκις
1306 635 1557 691 ἀπελογεῖτο,
1586 637 1652 678 καὶ
1673 633 1736 677 ὅτι

286 708 405 763 φίλος
419 708 610 759 μοναχῶν
637 703 796 748 ἀκούων
825 702 1034 760 βρεφόθεν
1066 707 1122 754 εἷς
1148 702 1322 760 ἀνάγκην
1342 698 1446 758 ἦλθε
1463 709 1591 757 μισεῖν
1606 719 1737 756 μονα-

282 774 385 829 χοῦς
413 773 481 816 διὰ
511 772 584 827 τὴν
618 777 736 829 σφῶν
767 769 971 817 δύσνοιαν.
1042 771 1234 816 δύσνοιαν
1253 772 1298 814 δὲ
1325 771 1399 826 τὴν
1423 770 1637 827 ἀποφυγὴν
1653 773 1736 812 τῶν

286 841 576 897 πραττομένων
595 839 737 884 ἐκάλει.
807 841 910 896 παρὃ
936 840 987 895 ’ἢν
1013 842 1145 883 αἳτιάν
1164 841 1262 889 ἴσως
1283 840 1349 884 καὶ
1367 835 1539 894 χρόνους
1557 835 1735 894 ἠρεύνων

289 908 410 954 ὁπότε
440 909 497 964 μὴ
527 908 727 962 βασιλέως
756 906 1055 967 (ἀβασιλεύτοις
1083 909 1160 964 γὰρ
1190 908 1284 951 οὐδὲ
1312 905 1518 962 ξυνήνεγκε
1552 908 1645 960 ζῆν,
1680 902 1737 955 ὥς
1749 915 1794 950 10

291 976 452 1031 σώματι
479 977 537 1032 μὴ
570 977 741 1032 καρδίαν
773 975 920 1032 ἔχοντι)
952 976 1058 1019 ἀλλὰ
1083 981 1165 1019 τῶν
1195 975 1299 1019 κατὰ
1319 979 1428 1032 σφᾶς
1448 978 1581 1017 κακῶν
1602 973 1738 1016 ἀπαλ-

291 1044 495 1096 λάξουσιν.
565 1042 685 1087 ὅπότε
708 1044 783 1100 γὰρ
807 1044 853 1086 τὸ
876 1049 948 1098 τῆς
965 1042 1128 1099 γνώμης
1149 1046 1343 1098 δηλοῦται
1375 1040 1612 1098 ἀνθρώποις
1630 1036 1736 1093 οὖσι,

245 1130 275 1164 Β
298 1118 540 1156 πλασθεῖσιν
564 1112 859 1164 αὐτεξουσίως,
898 1110 954 1154 ἑνὶ
983 1110 1186 1167 θελήματι
1211 1109 1287 1153 κᾶν
1309 1108 1400 1153 ὅποι
1421 1110 1541 1167 ῥέψοι
1559 1109 1739 1165 ἀναγκα-

294 1181 472 1234 ζομένοις
495 1179 689 1236 ἄγεσθαι,
726 1182 760 1222 εἶ
778 1181 851 1234 μὲν
871 1181 927 1229 εἲς
947 1183 1067 1233 σῶμα
1095 1180 1143 1223 τὸ
1162 1180 1398 1227 κινδυνῶδες
1424 1176 1525 1238 δρᾷ,
1561 1178 1628 1219 καὶ
1647 1173 1740 1219 τότε

290 1247 546 1304 παγχάλεπον
568 1247 734 1306 (ταύτὸν
754 1247 832 1303 γὰρ
852 1247 898 1289 τὸ
924 1245 1024 1290 εἶναι
1044 1252 1103 1305 τῷ
1123 1246 1167 1290 τ’
1196 1246 1360 1302 ἄρχοντι
1385 1252 1472 1295 τοῖς
1493 1244 1537 1287 τ’
1561 1244 1737 1301 ἅρχομέ-
1750 1252 1806 1287 15.

289 1334 401 1369 νοις,
436 1318 502 1359 καὶ
526 1315 660 1366 ἄλλως
693 1315 766 1358 οὔκ
799 1314 883 1358 ἔστι
912 1317 1028 1372 σφίσι
1059 1313 1263 1368 σώζεσθαι
1273 1346 1287 1366 ,
1332 1314 1366 1356 εἲ
1392 1311 1451 1367 μή
1479 1329 1521 1369 γε
1546 1310 1740 1362 ἑκουσίως

288 1386 357 1427 καὶ
374 1382 646 1441 συμφωνοῖεν)
658 1415 672 1436 ,
711 1383 804 1426 εἰδὲ
825 1384 889 1425 καὶ
910 1383 951 1433 ἐς
972 1382 1132 1438 ψυχήν,
1169 1381 1224 1432 ὥς
1241 1379 1332 1425 τότ’
1353 1378 1482 1439 ᾤοντό
1502 1397 1624 1433 τινες,
1653 1397 1740 1424 σω-

286 1450 428 1510 τήριον
454 1450 482 1508 ἦ
515 1450 727 1508 ἀπαλλαγὴ
758 1448 934 1500 πάντως.
1001 1451 1038 1494 ’ὃ
1069 1451 1265 1500 κάκείνοις
1307 1449 1406 1499 ἴσως
1437 1450 1599 1504 ζητοῦσι
1626 1447 1737 1491 δεινοὶ

378 1583 414 1619 5.
439 1578 554 1624 αὐτὸς
574 1581 617 1618 P.
754 1582 809 1618 12.
834 1581 1064 1619 δουλοῦταιΐ
1202 1580 1257 1617 15.
1280 1579 1354 1626 τὸ]
1374 1580 1428 1628 τῷ
1447 1579 1487 1614 P.

288 1710 371 1744 bere
393 1720 467 1743 cum
499 1707 557 1743 illo
586 1719 709 1753 agere,
741 1707 863 1743 nimiae
883 1708 918 1743 in
943 1707 1008 1742 hoc
1030 1705 1224 1742 severitatis
1245 1708 1460 1752 argueretur,
1492 1702 1662 1748 allegabat
1681 1702 1740 1737 ille

290 1758 409 1788 contra
431 1754 465 1787 in
487 1754 711 1788 defensionem
725 1755 779 1788 sui
802 1754 915 1800 regias
937 1753 1029 1797 leges
1051 1753 1279 1797 usitatumque
1298 1751 1504 1798 principibus
1526 1748 1648 1794 agendi
1665 1759 1740 1782 mo-

235 1828 237 1830 .
289 1800 387 1842 dum,
421 1799 547 1833 addens
580 1800 835 1845 haudquaquam
865 1803 991 1833 rectum
1023 1810 1099 1832 esse
1120 1799 1289 1833 Romanos
1321 1799 1363 1832 ab
1387 1798 1588 1842 imperatore
1612 1796 1739 1837 guber-

290 1844 366 1878 nari
390 1845 478 1878 sicut
502 1846 678 1879 monachos
710 1857 730 1878 a
753 1845 822 1879 suis
853 1844 1075 1889 praepositis,
1108 1843 1168 1887 qui
1189 1843 1311 1877 delicta
1333 1853 1467 1877 suorum
1489 1839 1738 1874 coenobitarum

289 1889 508 1936 poenitentiis
530 1890 669 1934 expiare
691 1890 774 1924 satis
800 1890 958 1924 habeant.
1002 1888 1197 1923 facilitatem
1220 1894 1330 1922 autem
1352 1886 1511 1921 credendi
1529 1883 1739 1918 delatoribus

291 1935 434 1980 quadam
457 1935 642 1969 efficaciter
664 1935 861 1969 occurrendi
882 1935 1097 1969 nascentibus
1119 1933 1214 1967 malis
1234 1933 1435 1967 necessitate
1459 1931 1639 1976 purgabat,
1663 1940 1738 1963 cum

291 1981 442 2022 diceret,
472 1981 713 2026 qualecumque
743 1981 948 2014 indicaretur
980 1978 1122 2025 principi
1154 1978 1296 2020 crimen,
1327 1979 1398 2012 sive
1429 1977 1578 2012 auditum
1606 1986 1689 2008 vere
1715 1984 1738 2008 a

292 2026 469 2060 deferente
495 2026 567 2060 sive
599 2026 714 2060 fictum
743 2026 923 2068 malevole,
954 2037 973 2058 e
1004 2026 1090 2059 bono
1114 2024 1275 2058 communi
1304 2035 1380 2057 esse
1409 2021 1654 2057 accusationem
1675 2019 1738 2054 ad-

292 2071 391 2106 mitti.
437 2072 500 2105 hac
524 2071 582 2105 ille
604 2072 656 2106 sui
678 2072 870 2106 defensione
894 2071 1030 2115 saepius
1060 2070 1238 2111 utebatur,
1267 2069 1452 2113 adiungens
1471 2068 1506 2101 in
1529 2070 1627 2112 parte
1649 2064 1740 2100 infe-

292 2117 432 2152 licitatis
467 2127 641 2152 numerare
673 2128 733 2157 se,
764 2117 851 2162 quod
889 2116 947 2162 qui
975 2128 997 2150 a
1031 2127 1135 2161 puero
1169 2115 1320 2150 audisset
1342 2115 1468 2148 amicus
1490 2112 1738 2151 monachorum,

293 2174 382 2198 nunc
412 2163 505 2196 istud
536 2174 640 2207 genus
670 2162 834 2196 hominum
855 2163 966 2196 odisse
996 2166 1175 2205 cogeretur
1205 2166 1346 2206 propter
1367 2160 1515 2205 ipsorum
1540 2156 1739 2192 malevolum

294 2209 457 2242 animum:
496 2208 749 2242 malevolentiae
771 2208 927 2242 videlicet
947 2207 1183 2248 adscribebat,
1215 2207 1307 2251 quod
1328 2205 1375 2239 illi
1396 2205 1592 2248 refugerent
1612 2211 1739 2247 appro-

291 2254 377 2287 bare
400 2265 486 2299 quae
507 2254 644 2287 fiebant.
690 2266 732 2288 ex
755 2255 817 2288 hoc
840 2265 940 2299 porro
969 2253 1138 2287 declarato
1160 2251 1371 2297 imperatoris
1402 2251 1438 2284 in
1460 2248 1638 2284 monachos
1660 2245 1737 2281 odio

291 2299 398 2332 fiebat
420 2304 458 2332 ut
479 2299 527 2332 illi
556 2299 685 2334 curiose
706 2300 906 2344 indagarent
927 2303 1091 2343 tempora,
1112 2297 1379 2342 praesentiscere
1400 2293 1657 2330 divinationibus
1679 2303 1738 2326 co-

291 2348 433 2387 nantes,
454 2344 586 2389 quando
609 2356 673 2378 non
695 2346 829 2390 quidem
850 2345 1054 2390 imperatore
1076 2343 1169 2387 (nam
1190 2343 1263 2377 siue
1288 2341 1439 2388 principe
1459 2341 1574 2374 vivere
1589 2350 1627 2372 se
1645 2335 1738 2372 haud

290 2400 413 2435 posse,
437 2389 488 2423 uti
511 2401 572 2423 nec
597 2402 718 2435 corpus
734 2391 806 2425 sine
829 2393 942 2433 corde,
966 2389 1050 2423 satis
1072 2390 1212 2433 norant)
1235 2389 1296 2422 sed
1318 2387 1413 2422 malis
1433 2385 1630 2431 urgentibus
1651 2382 1738 2435 libe-

290 2440 459 2469 rarentur.
504 2435 672 2470 enimvero
697 2436 828 2481 quoties
851 2436 1034 2470 hominibus
1057 2435 1184 2469 arbitra
1213 2433 1266 2468 sui
1289 2436 1459 2478 potestate
1481 2431 1538 2465 dei
1558 2428 1740 2464 conditoris

291 2480 457 2514 beneficio
480 2481 642 2524 praeditis
659 2507 669 2523 ‚
701 2493 743 2515 ex
775 2482 949 2516 declarata
978 2482 1150 2514 voluntate
1176 2480 1228 2513 ius
1262 2479 1417 2513 habentis
1437 2477 1520 2523 ipsis
1541 2472 1738 2526 imperandi,

293 2525 476 2560 necessitas
507 2525 654 2559 faciendi
686 2527 853 2571 quidpiam
877 2526 1059 2567 incutitur,
1091 2526 1275 2569 intentata,
1307 2524 1343 2558 ni
1366 2523 1528 2562 feceriut,
1557 2528 1738 2554 commina-

293 2571 387 2605 tione
409 2570 525 2615 gravis
547 2571 684 2613 multae,
706 2573 734 2605 si
755 2584 819 2605 non
843 2572 934 2606 aliud
952 2572 986 2605 in
1011 2572 1225 2616 obsequendo
1249 2570 1430 2616 periculum
1451 2568 1616 2612 appareat
1636 2574 1737 2609 quam

292 2615 488 2650 incommodi
511 2617 686 2660 corporei,
708 2618 914 2652 subeundum
934 2617 1012 2651 illud
1036 2623 1108 2659 est,
1144 2620 1180 2650 et
1203 2619 1503 2661 quantumcumque
1522 2610 1643 2646 malum
1666 2609 1739 2643 eius

294 2661 428 2706 generis
456 2661 713 2695 exhauriendum
749 2662 894 2697 libenter
923 2663 1101 2704 membris,
1129 2673 1196 2707 quo
1230 2661 1334 2707 capiti
1356 2660 1578 2698 cohaereant,
1601 2655 1665 2690 hoc
1684 2658 1739 2688 est

293 2706 458 2754 principi,
483 2706 577 2741 cuius
598 2706 763 2741 indivulsa
784 2709 991 2742 connexione
1020 2719 1094 2742 cum
1117 2707 1260 2742 subditis
1283 2706 1374 2741 salus
1395 2702 1546 2738 universi
1575 2699 1740 2746 reipubli-

295 2765 357 2786 cae
379 2752 530 2797 corporis
551 2752 749 2786 continetur.
795 2753 847 2787 sin
869 2764 913 2787 ue
933 2753 1111 2788 obediatur
1132 2756 1272 2788 revocet
1289 2749 1455 2796 pernicies
1476 2747 1625 2790 animae,
1647 2746 1740 2791 quod

295 2797 371 2833 istis
394 2802 474 2833 tunc
496 2797 691 2844 quibusdam
715 2797 915 2841 videbatur,
946 2802 1028 2834 tunc
1059 2810 1141 2835 saue
1172 2797 1331 2834 salutaris
1357 2801 1394 2831 et
1422 2798 1606 2842 propterea
1625 2790 1740 2828 tacitis
