1884 3262
409 194 487 238 DE
520 191 797 237 MICHAELE
830 186 1212 235 PALAEOLOGO·
1236 189 1284 233 L.
1318 187 1395 232 VI.
1543 186 1642 232 527

179 325 293 364 μενοι
319 305 473 365 ᾔεσαν
511 309 595 351 ἐπεὶ
619 308 665 351 δὲ
681 307 734 350 τὰ
749 310 825 361 τῆς
848 302 973 349 νόσου
1003 304 1188 347 ἐπεδίδου
1209 303 1277 345 καὶ
1300 295 1445 357 οὗκῆν
1464 301 1643 354 βαδίζειν

178 378 328 420 ἐκεῖνον
348 379 467 434 πεζῇ,
503 378 657 419 ἐκεῖθεν
673 373 870 431 θαλάσσῃ
891 376 957 416 καὶ
976 376 1051 427 νηῖ·
1063 368 1260 428 διεγνώκει
1275 370 1392 425 μέχρι
1409 368 1642 413 Ῥαιδεστοῢ

177 449 377 500 χρῆσθαι.
448 446 514 487 καὶ
545 444 621 501 ἅμ’
655 441 869 498 ἐμβάντων
903 441 1168 501 (ἠγγέλλοντο
1199 439 1278 495 γὰρ
1301 438 1416 495 ἐγγὺς
1436 437 1546 488 ὄντες
1568 439 1634 480 καὶ
1658 440 1691 474 Ε

182 512 389 570 Τόχαροι,
428 515 494 555 καὶ
523 512 598 555 οὐκ
627 508 678 567 ἦν
707 509 1018 565 ἀναβάλλεσθαι
1045 509 1071 563 ἢ
1100 509 1183 563 μῆν
1202 508 1361 561 ἀμελεῖν
1385 508 1451 548 καὶ
1475 507 1543 549 διὰ
1566 507 1640 560 τὴν

148 579 303 625 ὄνόσον
331 579 650 636 ὑπερτίθεσθαι·
687 576 1027 633 ἓκακοσπλάγχνει
1058 577 1135 632 γὰρ
1165 577 1232 618 καὶ
1258 580 1340 618 τῶν
1362 574 1540 630 ε’γκὰτων
1563 574 1641 630 ἀρ-

179 647 349 705 ρώστως
376 647 501 705 εἶχεν)
538 648 626 703 ἅμα
646 649 784 690 τοίνυν
813 645 1027 701 ἐμβάντων
1050 645 1179 688 αὐτοῦ
1204 661 1247 686 τε
1271 645 1337 686 καὶ
1360 645 1518 686 παίδων
1539 660 1639 686 στο-

173 716 333 772 χαστής
354 734 415 766 τις
437 716 488 760 ἂν
512 715 628 769 τότε,
664 718 730 758 καὶ
751 715 852 772 πρὸς
875 715 949 770 τὴν
972 719 1054 757 τῶν
1073 710 1306 768 μελλόντων
1328 716 1476 766 γνῶσιν
1501 712 1544 762 ἒξ
1564 711 1641 767 ἆγ-

173 787 332 840 χινοίας
363 786 516 835 οἰκείως
547 785 648 840 ἔχων
659 817 672 837 ,
709 781 919 833 εὖσκόπως
939 781 1018 836 ἅμ’
1041 783 1083 833 ε”ξ
1104 781 1232 836 αὐτῆς
1251 781 1300 823 τὸ
1322 781 1472 834 με’λλον
1492 779 1542 822 ἂν
1563 798 1640 821 κα-

177 851 414 900 τετόπασεν.
485 852 607 912 (36)
643 852 795 909 αἴφνης
819 852 897 907 γὰρ
920 851 1057 900 εὐδίας
1080 849 1206 904 οἴσης
1227 849 1331 904 πρὸς
1357 848 1404 890 τὸ
1426 847 1637 903 χειμεριώ-
1662 852 1689 885 Ρ
1712 851 1781 885 353

124 930 168 964 10
181 939 295 978 τερον
305 922 558 977 ,μετέβαλλεν
575 919 596 965 ὃ
618 919 771 975 καιρός,
807 918 1006 963 θάλασσά
1025 937 1068 962 τε
1085 917 1110 974 ἡ
1131 918 1230 967 τέως
1248 916 1400 973 ἥμερος
1417 916 1638 972 ἐξηγρίαινε

176 994 370 1044 λαμπροῦ
389 988 583 1038 πεσόντος
601 993 673 1031 τοῦ
692 989 918 1043 ἀπαρκτίου
931 1020 943 1039 ,
981 989 1048 1034 καὶ
1075 986 1149 1029 οιῗκ
1168 981 1219 1041 ἦν
1240 985 1315 1040 τὴν
1337 985 1439 1048 τούςΓ
1455 989 1638 1037 βασιλεῖς

176 1058 356 1114 ἄγουσαν
377 1062 479 1101 ναῦν
496 1057 736 1108 εὐσταθεῖν,
774 1055 870 1098 ἀλλ’
895 1055 1031 1111 ὥσπερ
1051 1052 1133 1097 ὑπὸ
1154 1052 1348 1109 κυμάτων
1377 1053 1526 1109 ἀγρίων
1545 1055 1636 1096 ἕνο-

171 1126 423 1182 χλουμείἠν,
454 1127 550 1183 τῇδε
579 1125 736 1167 κάκεῖσε
766 1124 993 1179 φερομένην
1023 1121 1256 1179 ἀνάγωγον,
1285 1123 1415 1176 μηδὲν
1445 1120 1636 1165 ὑπείκου-

169 1211 253 1238 σαν
272 1202 356 1244 τοῖς
372 1194 649 1246 κελεύσμασιν,
688 1192 920 1248 αὔτανδρον
942 1191 996 1241 ὡς
1014 1190 1089 1246 εἶχε
1112 1193 1494 1242 καταποντίζεσθαι,
1528 1189 1633 1234 ὥστε

122 1268 164 1304 15
176 1265 242 1306 καὶ
264 1261 457 1311 πολλάκις
486 1264 560 1316 μὲν
591 1259 872 1304 καταδύεσθαι
893 1260 966 1303 οὔκ
989 1261 1161 1309 ἐσαῦθις
1188 1259 1518 1314 ἀναδυσομὲνην,
1558 1277 1627 1301 το-
1652 1262 1682 1296 Β

173 1330 369 1382 σαυτάκις
391 1332 434 1373 δὲ
456 1330 771 1384 ἀπελπιζομὲνην
790 1320 1048 1372 ἀναδύεσθαι
1067 1327 1212 1379 πάλιν,
1250 1330 1316 1371 καὶ
1341 1333 1502 1369 ναυτῶν
1526 1327 1632 1370 ἀπο-

174 1398 357 1456 ρούντων
375 1401 440 1441 καὶ
457 1396 704 1453 κυβερνήτου
723 1396 834 1447 ὅπως
848 1395 1073 1453 χρήσονται
1099 1402 1148 1454 τῇ
1174 1394 1384 1452 θαλάσσῃ.
1457 1394 1548 1439 τότε
1566 1398 1633 1438 καὶ

173 1468 245 1512 τὸν
267 1467 440 1522 βασιλέα
459 1471 651 1522 προφανῆ
670 1465 741 1508 τὸν
759 1467 945 1508 κίνδυνον
967 1466 1195 1519 βλέποντα,
1230 1467 1297 1508 καὶ
1320 1465 1408 1519 περὶ
1433 1462 1566 1521 ἑαυτῷ
1590 1482 1632 1507 τε

173 1538 240 1579 καὶ
273 1540 372 1578 πᾶσι
400 1542 486 1585 τοῖς
517 1537 655 1577 παισὶν
686 1533 975 1591 ὀρρωδοῦντα,
1006 1536 1126 1577 εἰπεῖν
1155 1533 1257 1590 πρὸς
1283 1532 1355 1575 τὸν
1381 1530 1632 1587 κυβερνήτην

116 1603 230 1655 Ξοῶς
269 1604 492 1662 ἇγωνιστέα
531 1605 598 1646 καὶ
635 1601 738 1660 ὑπὲρ
780 1601 954 1658 δύναμιν
970 1617 980 1626 ·
1030 1605 1066 1645 εἴ
1096 1602 1174 1660 γὰρ
1205 1601 1264 1658 μὴ
1297 1598 1453 1656 κόσμον
1479 1598 1630 1654 πάντα,

171 1771 279 1806 nsque
297 1759 374 1805 ipse
396 1770 470 1793 cum
492 1757 573 1793 filiis
594 1757 692 1804 equis
714 1759 856 1800 vectus,
891 1769 966 1792 cum
996 1757 1205 1792 invaiescere
1226 1757 1377 1791 morbum
1401 1757 1545 1792 sentiret
1566 1768 1630 1791 nec

164 1806 289 1842 itineri
310 1804 465 1840 terrestri
486 1805 553 1839 iam
577 1809 669 1839 esset
693 1814 775 1849 par,
810 1803 895 1838 mari
918 1809 954 1838 et
976 1815 1062 1838 nave
1085 1802 1240 1838 decrevit
1270 1814 1379 1849 usque
1402 1804 1446 1838 ad
1471 1803 1631 1838 Rhaede-

171 1856 260 1887 stum
292 1851 355 1887 uti.
400 1850 701 1885 conscendentibus
730 1848 928 1894 supervenit
958 1849 1093 1883 nuntius
1125 1849 1275 1883 indicans
1306 1849 1340 1884 in
1371 1849 1522 1894 proximo
1552 1860 1629 1884 esse

171 1898 367 1940 Tocharos,
388 1901 428 1931 ut
449 1896 629 1931 cunctandi
647 1895 715 1930 iam
739 1895 880 1940 amplius
901 1896 1047 1930 facultas
1069 1896 1161 1930 nulla
1182 1900 1352 1937 restaret,
1375 1895 1436 1930 sed
1451 1899 1633 1941 quantum-

170 1943 226 1978 vis
256 1943 449 1978 retardaret
478 1943 612 1976 morbus
645 1941 906 1986 ingravescens,
941 1941 1075 1976 occasio
1097 1953 1223 1986 urgens
1248 1940 1441 1976 necessario
1463 1942 1631 1976 traheret.

170 2001 274 2024 causa
296 1987 488 2033 languoris,
509 1999 576 2033 quo
599 1987 634 2022 in
655 1988 757 2021 horas
780 1987 888 2032 magis
910 1987 1084 2032 magisque
1105 1987 1368 2029 debilitabatur,
1392 1987 1425 2021 in
1439 1986 1629 2021 visceribus

169 2037 258 2070 male
279 2034 414 2070 affectis
434 2038 526 2076 erat,
557 2045 699 2079 eumque
721 2033 836 2067 intime
865 2033 937 2067 acri
969 2033 1150 2067 admonens
1171 2033 1223 2067 sui
1246 2044 1347 2067 sensu
1369 2032 1549 2076 turbabat,
1584 2044 1628 2066 ne

168 2081 258 2115 bene
277 2091 418 2126 sperare
440 2084 566 2125 posset.
611 2091 675 2113 nec
694 2078 786 2113 illum
808 2079 1048 2113 consternabat
1068 2080 1174 2113 solum
1198 2078 1308 2112 minax
1331 2089 1462 2112 moeror
1486 2077 1627 2122 auspicii

168 2125 299 2160 funesti
356 2137 451 2159 nemo
474 2125 508 2159 in
529 2124 620 2159 illam
644 2136 719 2159 cum
743 2136 783 2158 eo
801 2125 996 2159 conscendit
1014 2136 1147 2167 navem,
1170 2124 1250 2170 quin
1273 2123 1362 2157 mala
1383 2123 1517 2158 solvere
1535 2123 1626 2158 illam

169 2171 254 2206 alite
274 2173 311 2205 et
332 2181 466 2205 cursum
488 2171 664 2205 exitiosum
685 2170 844 2204 inchoare
866 2171 1084 2206 ominaretur.
1129 2181 1270 2215 quorum
1293 2169 1399 2203 facies
1421 2168 1479 2203 illo
1494 2169 1626 2214 pallore

170 2216 333 2252 attonitas
355 2216 413 2261 qui
439 2222 615 2257 cerneret,
647 2227 713 2250 non
739 2227 822 2250 sane
843 2215 990 2251 oraculis
1011 2221 1131 2260 egeret
1152 2216 1196 2250 ad
1219 2214 1509 2261 praesentiendum
1532 2216 1623 2260 quod

168 2262 327 2296 instaret.
372 2272 454 2296 suus
475 2260 598 2306 cuique
618 2272 725 2306 sagax
747 2262 875 2296 animus
895 2265 992 2296 vates
1011 2266 1087 2296 erat
1110 2266 1222 2295 certus
1243 2260 1418 2294 occursuri
1438 2273 1516 2296 mox
1537 2261 1622 2306 ipsis

169 2306 371 2350 infortunii,
393 2306 542 2341 vaticinii
563 2306 665 2340 fidem
689 2307 806 2341 statim
828 2307 966 2352 explere
984 2307 1220 2353 incipientibus
1235 2306 1376 2341 eventis.
1423 2308 1519 2352 (36)
1545 2319 1622 2342 nam

168 2352 282 2388 subito
307 2363 351 2386 ex
371 2362 491 2386 sereno
512 2351 547 2385 in
567 2351 736 2386 turbidum
758 2356 909 2387 mutatur
929 2358 1082 2398 tempus,
1115 2357 1152 2386 et
1172 2363 1264 2386 mare
1286 2352 1380 2397 prius
1402 2352 1622 2399 tranquillum

167 2399 351 2442 efferatur,
381 2397 494 2432 valido
523 2396 734 2432 incumbente
755 2399 868 2432 borea.
913 2410 976 2432 nec
1002 2398 1167 2443 placidum
1189 2402 1309 2432 tenere
1331 2409 1462 2432 cursum
1489 2404 1623 2443 poterat

166 2444 267 2479 navis
288 2444 510 2489 imperatores
530 2442 676 2483 vehens,
705 2443 766 2478 sed
794 2443 879 2478 feris
903 2455 1066 2478 concussa
1085 2442 1246 2479 fluctibus
1268 2445 1333 2478 huc
1353 2444 1496 2479 subinde
1519 2449 1623 2488 atque

165 2490 250 2525 illuc
282 2489 492 2535 impingens,
524 2487 694 2533 planeque
716 2488 760 2523 ad
782 2494 958 2523 nautarum
990 2489 1133 2534 imperia
1161 2493 1358 2533 contumax,
1389 2490 1471 2524 nihil
1494 2491 1623 2525 certius

167 2535 357 2580 spondebat
386 2545 488 2580 quam
513 2533 700 2579 proximam
727 2534 969 2568 demersionem
993 2536 1045 2569 sui
1067 2539 1316 2581 vectorumque.
1363 2547 1437 2571 nam
1461 2541 1497 2570 et
1519 2547 1623 2579 saepe

165 2580 217 2615 ita
237 2581 493 2626 deprimebatur
514 2583 554 2613 ut
574 2590 740 2625 nunquam
762 2584 960 2625 speraretur
981 2592 1170 2623 emersura,
1192 2586 1263 2616 tam
1285 2582 1398 2616 nautis
1423 2593 1521 2627 quam
1546 2581 1622 2626 ipso

166 2627 396 2670 gubernatore
415 2625 649 2670 ignorantibus
670 2637 737 2670 qua
759 2625 826 2660 iam
845 2625 880 2659 vi
902 2631 962 2660 aut
983 2632 1059 2662 arte
1081 2628 1184 2661 maris
1207 2628 1353 2662 furorem
1376 2627 1519 2662 eluctari
1540 2630 1626 2671 pos-'

166 2676 256 2709 sent.
301 2677 381 2706 tunc
402 2671 635 2716 imperatorem
657 2671 772 2704 ferunt
790 2671 975 2707 intuentem
998 2672 1183 2718 periculum
1202 2685 1377 2719 praesens,
1399 2678 1436 2707 et
1458 2684 1524 2718 quo
1547 2674 1622 2706 loco

167 2727 250 2753 suae
280 2718 491 2762 filiorumque
519 2727 599 2762 spes
626 2716 745 2751 salutis
774 2722 889 2752 essem
910 2730 993 2755 >cum
1020 2719 1162 2753 horrore
1181 2723 1414 2765 reputantem,
1447 2718 1621 2753 navarcho

165 2762 292 2800 dixisse
316 2761 582 2807 contendendim
603 2761 776 2810 eissutique
798 2774 904 2811 supra
926 2764 1018 2803 vites
1038 2775 1135 2801 esse:
1171 2764 1204 2800 si
1226 2765 1334 2801 minus
1353 2764 1442 2814 enim
1463 2763 1620 2801 mundum
