1884 3262
427 203 504 247 DE
536 202 820 247 MIGHAELE·
849 202 1306 249 PALAEOLOGOL.
1343 202 1421 248 Vl.
1559 202 1663 251 513

198 314 446 373 θησομένων
474 312 682 367 τάξαντες.
751 319 876 360 τοῦτο
906 313 1116 372 γινόμενον
1137 316 1197 373 μὴ
1218 316 1353 361 λαθὸν
1370 315 1548 371 ἔκμαίνει
1565 316 1666 368 τούς

195 382 400 437 Ἰταλούς,
434 385 502 427 καὶ
523 386 696 438 ἐπισχεῖν
718 382 775 435 ὥς
792 383 844 431 ἂν
862 382 945 428 οἶοί
962 384 1005 428 τ’
1027 380 1135 441 ἦσαν
1156 379 1367 441 ἐξέθορον.
1436 385 1476 428 οἶ
1494 385 1570 440 μὲν
1588 381 1663 429 οὖν

200 453 318 510 παρὰ
354 449 516 509 θάτερα
551 457 626 496 τοῦ
662 457 854 507 ποταμοῦ
891 450 1063 509 Ἀσούνη
1106 454 1331 504 σταθέντες
1369 452 1523 509 ἕτοιμοι
1556 448 1663 509 ἦσαν

199 519 390 571 ἐπιόντας
417 518 651 575 ἀμύνεσθαί
675 537 719 563 τε
750 522 820 564 καὶ
847 519 1016 564 κωλύειν
1035 521 1111 577 τὴν
1131 523 1367 578 σιταρκίαν,
1414 525 1520 580 λιμῷ
1549 526 1662 576 μᾶλ-

165 594 273 634 5λον
291 589 339 633 τὸ
357 587 556 646 φρούριον
586 590 810 641 ἐλπίζοντες
830 587 1204 646 παραστήσασθαι·
1241 588 1262 633 ὅ
1284 590 1334 633 δέ
1347 606 1390 645 γε
1404 588 1504 640 Ῥώς
1524 594 1662 634 Σολυ-

197 663 306 714 μᾶς,
343 655 508 711 συνάμα
524 663 610 708 τοῖς
633 659 724 714 περὶ
745 658 895 701 ἐκεῖνον
914 659 1117 708 πλείστοις
1139 660 1205 701 καὶ
1225 659 1407 714 ἰσχυροῖς
1426 653 1517 701 οὖσι
1527 691 1542 711 ,
1577 659 1663 702 διέ-

197 743 281 783 γνω
305 726 377 770 τὸν
398 726 586 780 ποταμὸν
603 723 1002 782 διαπεραιωσάμενος
1019 726 1119 776 τούς
1138 726 1251 783 παρὰ
1273 726 1320 770 τὸ
1337 729 1472 781 χεῖλος
1493 728 1558 769 ἐπὶ
1580 744 1664 784 φυ-

198 794 328 850 λακὴν
358 791 496 844 ἰόντας
522 795 883 850 καταγωνίζεσθαι.
953 796 1020 837 καὶ
1051 794 1102 850 δὴ
1134 799 1192 854 τῷ
1221 792 1391 852 ῥεύματι
1406 795 1511 849 μεθ’
1533 793 1662 852 ὁρμῆς
1683 803 1715 838 Β

199 861 447 917 ἐμβαλόντες
475 863 666 918 πλείστης
699 862 847 906 ἷστῶσί
873 880 917 906 τε
947 863 1023 919 τὴν
1044 867 1119 906 τοῦ
1139 862 1292 913 ὕδατος
1315 860 1449 921 ῥύμην
1472 864 1662 907 καὶκατὰ

144 939 190 974 10
201 929 363 988 θάτερα
381 932 455 986 τὴν
470 931 666 986 ταχίστην
692 931 896 987 γίνονται,
934 938 1186 988 φριμαγμοΐς
1207 933 1272 974 καὶ
1293 929 1438 985 μόνοις
1454 936 1537 975 τῶν
1555 932 1663 976 κατὰ

198 1005 313 1058 σφᾶς
337 996 551 1057 ἀγερώχων
577 999 714 1042 ἳππων
739 997 1010 1054 καταπλήξειν
1030 999 1077 1042 τὸ
1100 996 1403 1053 ἀνθιστάμενον
1434 998 1545 1043 ἅπαν
1573 998 1663 1043 οἷό-ρ

196 1086 325 1124 μενοι.
396 1065 453 1117 ὥς
479 1070 579 1123 γοῦν
611 1070 670 1126 τῷ
698 1063 849 1124 θάρρει
867 1069 1156 1123 προπηδῶντες
1174 1068 1333 1117 εἰκαίως
1356 1068 1419 1110 ἐπὶ
1438 1068 1536 1118 τοὺς
1556 1085 1662 1123 πεμ-

198 1136 385 1194 φθέντας
412 1133 629 1190 ἐξώρμων,
666 1134 706 1177 οἱ
730 1135 806 1190 μέν
836 1135 939 1192 πρὸς
955 1137 1031 1190 μὲν
1051 1135 1127 1191 τὴν
1144 1133 1311 1193 πρώτην
1332 1135 1512 1191 ἐμβολὴν
1534 1140 1659 1181 τοῦτο

196 1206 271 1259 μὲν
292 1201 594 1261 φυλαττόμενοι
615 1207 739 1247 τοῦτο
761 1204 888 1246 δὲκαὶ
908 1202 1199 1259 τεχνιτεύοντες
1220 1205 1400 1253 ἐπιεικῶς
1421 1202 1545 1258 εἶξαν,
1571 1205 1662 1248 ἐπι-

143 1277 187 1317 15
199 1271 359 1329 τήδειον
397 1271 440 1315 ‹5’
473 1269 659 1328 εὑρόντες
689 1268 817 1314 τόπον
849 1272 954 1326 μετὰ
983 1270 1141 1328 βάρους
1177 1271 1315 1315 ὅπλων
1346 1270 1483 1322 ἰόντας
1513 1276 1655 1316 κατοΐ-
1679 1283 1710 1317 C

198 1358 358 1385 στευον.
427 1339 619 1383 κάκείνων
637 1339 711 1394 μὲν
729 1340 945 1397 ἐφικέσθαι
963 1345 1047 1384 τῶν
1062 1338 1275 1384 ἀδυνάτων
1298 1339 1453 1399 ᾤοντο,
1489 1342 1659 1397 ε’πείρων

199 1411 245 1454 δὲ
270 1407 494 1464 βάλλοντες
522 1408 620 1458 τούς
647 1409 800 1459 ἵππους
813 1441 827 1461 ,
876 1408 918 1451 εἶ’
935 1425 1023 1458 πως
1048 1406 1442 1464 κατευστοχήσαντες
1465 1409 1563 1460 τούς
1591 1411 1660 1452 ἐπὶ

198 1482 283 1522 τῶν
305 1479 443 1520 ἵππων
469 1475 744 1534 γαννυμένους
775 1476 919 1529 πεζοὺς
951 1476 1216 1528 ἇποδείξαιεν.
1287 1474 1534 1532 ἐτρώθησαν
1557 1482 1658 1534 γοῦν

200 1548 269 1590 καὶ
298 1545 417 1589 ἄλλοι
446 1549 530 1589 τῶν
556 1546 718 1599 ἵππων,
754 1542 1017 1601 τιτρώσκεται
1046 1546 1092 1590 δὲ
1114 1546 1182 1589 καὶ
1202 1543 1227 1601 ἧ
1248 1550 1324 1590 τοῦ
1340 1543 1439 1597 Ῥώς
1458 1532 1657 1603 Σωλυμᾶὲ

290 1690 349 1726 13.
371 1687 410 1726 οἱ
429 1686 520 1736 μὲν]
545 1687 583 1725 οἱ
604 1685 673 1725 ab?

197 1816 293 1854 stare
325 1815 516 1850 conantium
547 1815 725 1850 arcendos.
769 1825 836 1850 non
866 1813 967 1849 latuit
997 1813 1113 1848 hostes
1133 1812 1216 1859 quid
1239 1816 1428 1859 pararetur.
1474 1815 1656 1858 erumpunt

196 1860 316 1896 statim
350 1861 476 1896 furioso
507 1867 627 1896 contra
652 1861 778 1907 impetn
801 1860 890 1895 Itali.
935 1871 1017 1905 pars
1038 1860 1153 1894 horum
1175 1859 1211 1893 in
1234 1859 1378 1893 adversa
1399 1857 1495 1892 fluvii
1517 1859 1656 1898 Asunae

195 1905 357 1943 instructi
377 1907 454 1953 ripa
475 1908 635 1950 stabant,
670 1905 835 1953 procincti
856 1906 898 1940 ad
920 1906 1131 1952 repellendos
1150 1916 1209 1940 eos
1232 1904 1290 1950 qui
1312 1903 1470 1939 alimenta
1504 1903 1656 1939 obsessis

195 1952 324 1988 inferre
353 1953 594 1989 moliebantur:
625 1953 689 1987 hos
719 1951 808 1987 enim
835 1963 874 1986 se
902 1952 992 1986 fame
1021 1951 1249 1997 compulsuros
1271 1950 1318 1985 ad
1337 1949 1542 1984 deditionem
1573 1961 1655 1994 spe-

196 2002 370 2033 raverant.
415 2003 454 2034 at
489 1999 583 2033 Rbos
612 1998 769 2043 Solymas
800 2009 874 2032 cum
907 2008 1029 2042 magna
1049 2008 1184 2032 suorum
1206 2007 1327 2037 manu,
1364 1995 1513 2029 virorum
1533 1995 1655 2041 utique

196 2044 337 2084 fortium
367 2047 403 2078 et
429 2045 562 2079 roboris
592 2043 788 2090 praecipui,
820 2043 1055 2078 traiiciendum
1087 2043 1151 2077 sibi
1183 2042 1271 2076 ultro
1304 2040 1445 2075 fluvium
1466 2040 1588 2074 statuit
1609 2040 1654 2074 ad

198 2100 258 2126 eos
290 2090 506 2125 debellandos
539 2090 595 2136 qui
629 2101 671 2124 ex
704 2089 849 2124 adversa
879 2089 954 2134 ripa
985 2087 1131 2123 secundo
1154 2099 1251 2122 amne
1272 2086 1446 2121 fluentium
1470 2085 1654 2120 transitum

197 2135 431 2175 defensabant.
477 2148 559 2181 ergo
592 2136 748 2182 equitatu
784 2135 888 2170 denso
924 2134 1064 2169 eluctati
1094 2137 1278 2168 torrentem
1310 2131 1468 2176 impetum
1496 2130 1652 2172 fluminis,

198 2180 392 2214 ulteriorem
415 2192 511 2215 oram
530 2182 627 2216 brevi
649 2186 809 2222 tenuere,
840 2182 934 2215 fastu
960 2183 1076 2223 tanto,
1098 2184 1138 2213 ut
1160 2179 1232 2213 solo
1253 2177 1388 2212 fremitu
1411 2181 1447 2210 et
1465 2174 1652 2210 hinnitibus

197 2225 365 2260 ferocium
391 2237 554 2271 equorum
583 2226 708 2272 quibus
739 2226 933 2261 insidebant
961 2226 1176 2271 perculsuros
1197 2235 1235 2258 se
1257 2232 1508 2267 aversan-osque
1535 2221 1652 2256 statim

198 2272 235 2307 in
265 2272 381 2315 fugam
411 2271 626 2307 adversarios
657 2283 771 2306 omnes
803 2271 976 2306 confidere
997 2271 1202 2304 viderentur.
1248 2279 1323 2302 cum
1345 2267 1451 2312 igitur
1472 2266 1652 2301 exilientes

199 2330 221 2352 e
251 2316 390 2351 flumine
419 2317 516 2362 quasi
545 2318 772 2362 perfunctorie
802 2322 839 2351 et
870 2317 1083 2361 contemptim
1116 2326 1199 2360 prae
1228 2314 1331 2348 nimia
1364 2311 1452 2346 certi
1473 2323 1651 2348 successus

198 2362 324 2398 fiducia
353 2362 388 2396 in
418 2368 553 2397 nostros
582 2362 628 2397 ibi
657 2368 789 2397 stantes
816 2362 1080 2404 inveherentur,
1110 2360 1144 2394 hi
1191 2360 1289 2399 artim
1309 2357 1470 2405 prudenti
1492 2357 1650 2400 cautione

197 2407 352 2454 periculi,
374 2406 499 2453 partim
519 2412 596 2442 arte
617 2408 761 2454 quadam
786 2407 1051 2452 stratagematis,
1079 2406 1122 2440 ad
1144 2418 1163 2440 e
1176 2405 1323 2441 'ciendos
1346 2405 1464 2438 hostes
1482 2403 1517 2438 iu
1538 2403 1650 2438 locum

197 2453 420 2500 iniquiorem,
449 2455 619 2498 paululum
641 2458 733 2488 retro
756 2458 939 2487 cesserunt.
985 2452 1076 2486 nacti
1099 2463 1184 2486 vero
1203 2451 1312 2486 locum
1344 2454 1481 2495 aptum,
1510 2449 1590 2483 fixis
1612 2448 1649 2483 in

198 2512 241 2536 eo
272 2498 428 2543 vestigiis
456 2498 672 2553 insequentes
699 2498 831 2544 equites
862 2501 1032 2532 armatura
1061 2497 1238 2543 impeditos
1269 2495 1366 2550 gr-avji
1390 2494 1512 2530 iaculis
1531 2497 1650 2540 petere

198 2544 1053 2635 53511’52332mssza‘gnffiffiossssgdzzzssssssxss
1061 2543 1547 2634 J⁸lx¹⁵03302⁰fflffigssssss²:55
1566 2550 1650 2630 ἓξὲ-

198 2640 269 2672 tem
291 2648 330 2670 se
351 2635 498 2670 ferociae
520 2636 716 2681 dempturos
736 2636 883 2681 superbe
905 2646 944 2669 se
965 2646 1007 2668 ex
1030 2634 1127 2680 equis
1148 2633 1395 2669 ostentantibus
1416 2631 1503 2672 rati,
1532 2630 1563 2664 si
1585 2641 1648 2675 pe-

200 2681 292 2717 dites
314 2694 357 2716 ex
379 2681 549 2726 equitibus
571 2683 725 2716 facerent
747 2686 784 2715 et
804 2681 856 2715 sic
879 2691 937 2716 cos
960 2683 1132 2725 perculsos
1156 2692 1248 2723 casu,
1268 2679 1357 2719 mole
1379 2687 1547 2711 armorum
1565 2685 1647 2719 gra-

200 2733 322 2770 vatos,
354 2727 487 2761 facilius
518 2726 677 2762 obnoxios
711 2727 886 2761 haberent.
932 2725 1036 2771 igitur
1067 2737 1142 2761 cum
1175 2726 1232 2760 alii
1263 2722 1431 2759 vulnerati
1451 2721 1530 2767 equi
1552 2724 1647 2764 sunt,

200 2777 273 2808 tum
295 2784 383 2818 equa
405 2784 571 2819 generosa
593 2778 628 2807 et
649 2773 852 2818 praeferox,
872 2783 950 2820 >qun.
978 2772 1074 2808 Rhos
1094 2771 1252 2819 Solymus
1279 2770 1447 2805 insultans
1467 2765 1654 2812 minaxqw

259 2825 433 2871 Georgius
462 2825 685 2872 Pachymeres
714 2826 746 2860 Ι.
1319 2819 1374 2860 33
