1884 3262
233 198 329 244 396
650 199 799 242 GEOR
805 199 882 242 GII
915 198 1263 247 PACHYMERIS

229 314 333 362 νῶν,
371 306 415 352 οἳ
428 309 477 362 δὴ
501 310 565 350 καὶ
586 309 881 366 ἓξορισθέντες,
917 313 1018 366 μετὰ
1039 311 1179 368 καιρὸν
1196 317 1539 371 συγκαταθέμενοι
1551 350 1563 370 ,
1600 336 1674 360 κα-

229 376 418 430 τάγονται
441 378 514 418 καὶ.
528 375 713 420 ἕνοῦνται
736 383 786 436 τῇ
806 380 992 440 ἐκκλησίᾳ
1004 413 1017 433 ,
1053 381 1217 431 οὐδενὸς
1234 387 1314 425 τῶν
1338 389 1410 426 τοῦ
1436 383 1584 442 κλήρου
1609 387 1676 428 ἕλ-

226 447 455 498 λείψαντος.
1018 464 1020 467 ’

91 527 118 558 Ρ
141 527 207 561 269
368 514 446 557 21.
508 512 631 555 Ἀλλὰ
669 513 811 570 ῥητέον
848 516 914 558 καὶ
944 514 996 559 τὰ
1026 519 1108 558 τῶν
1144 516 1362 572 πρέσβεων.
1430 518 1567 562 ἐκεῖνοι
1595 521 1673 575 γὰρ

228 580 341 636 παρὰ
371 580 511 637 καιρὸν
545 577 786 631 πλεύσαντες
821 579 1026 641 (Κρονίου
1057 583 1134 639 γὰρ
1169 583 1394 639 ἀρχομένου
1418 587 1552 640 μηνὸς
1585 595 1706 637 ταΐςό

227 650 371 691 ναυσὶν
393 647 588 702 ἐμβάντες
609 648 831 706 ἀπέπλεον)
867 650 969 707 πρὸς
984 650 1095 709 αὐτῷ
1115 657 1172 709 τῷ
1193 652 1366 712 ΖΙἸαλέᾳ,
1398 652 1444 695 ὃν
1467 656 1532 695 καὶ
1554 657 1674 704 ξυλο-

229 715 360 773 φάγον
381 722 514 759 καλεῖν
535 715 720 769 εἰώθασι,
758 715 950 773 λήγοντος
971 723 1044 760 τοῦ
1062 720 1190 774 μηνὸς
1209 722 1399 774 γίνονται,
1435 723 1500 763 καὶ
1523 726 1574 778 ’τῇ
1596 724 1675 764 ἔνι-

228 785 407 841 σταμένῃ
432 782 524 827 τότε
549 783 703 842 μεγάλῃ
732 786 892 843 πέμπτῃ
929 785 1101 843 ἑσπέρας
1131 789 1310 846 ναυαγίῳ
1336 792 1514 841 χρῶνται
1546 792 1675 848 δεινῷ.

231 853 376 895 αὐτίκα
401 853 477 908 γὰρ
509 852 624 894 ὤδινε
645 853 718 906 μὲν
737 851 763 907 ἡ
780 852 999 906 θάλασσα,
1029 857 1094 897 καὶ
1118 855 1348 909 κατέβαινεν
1363 854 1676 911 Ἑλλησποντίας

231 918 439 976 λαμπρός,
476 920 551 962 σὺν
579 921 624 962 δὲ
650 921 801 976 νεφέεσι
832 929 951 977 γαῖαν
980 921 1081 978 ὁμοῦ
1107 925 1172 965 καὶ
1201 921 1348 966 πόντον
1369 922 1538 978 κάλυψε.
1609 927 1731 967 milo

179 1001 209 1035 Β
235 988 306 1039 νὺξ
337 989 409 1041 μὲν
441 988 514 1031 οὐκ
545 986 772 1044 οὐρανόθεν
802 987 968 1045 ὀρώρει,
1006 990 1099 1032 ἀλλ’
1127 987 1176 1045 ἦν
1202 998 1291 1041 ταῖς
1314 991 1525 1046 ἀληθείαις
1553 992 1624 1042 νὺξ
1653 991 1674 1046 ἢ

234 1056 326 1099 σκιὰ
354 1061 428 1112 γῆς
454 1057 520 1098 καὶ
549 1054 757 1111 συνήθης,
793 1057 896 1111 πλὴν
916 1056 1109 1113 ἀσέληνός
1129 1075 1172 1101 τε
1194 1060 1260 1100 καὶ
1283 1058 1473 1113 ἀλαμπὴς
1492 1061 1536 1111 ’ἐξ
1557 1060 1675 1102 ἄστε’-

235 1141 329 1178 ρων.
401 1122 423 1177 ἢ
445 1125 487 1166 δὲ
505 1129 578 1166 τοῦ
597 1124 714 1180 ἀέρος
738 1124 1020 1167 ἀκαταστασία
1043 1127 1109 1168 καὶ
1128 1124 1318 1181 σύγχυσις
1337 1127 1383 1169 τὸ
1404 1127 1532 1169 δεινὸν
1551 1126 1675 1182 {myd-

234 1196 325 1243 ξιινε
355 1196 426 1246 τῆς
453 1190 691 1246 θαλάσσης,
729 1193 795 1234 καὶ
823 1192 951 1242 δεινὸς
980 1195 1155 1250 ἐφῆπται
1180 1201 1267 1243 τοῖς
1296 1194 1458 1236 πλέουσι
1479 1196 1672 1244 κίνδυνος.

233 1264 394 1315 πρῶτον
415 1260 487 1312 μὲν
505 1255 577 1301 οὗν
599 1260 749 1313 διέσχεν
767 1257 787 1301 ὃ
806 1258 962 1303 κλύδων
980 1261 1054 1309 τὰς
1081 1266 1180 1310 ναῦς
1209 1261 1287 1303 ἀπ’
1309 1259 1518 1317 ἀλλήλων,
1547 1264 1614 1304 καὶ
1637 1264 1672 1303 οἱ
1688 1270 1730 1304 15

232 1329 273 1369 ἓν
303 1326 447 1376 αὐταῖς
479 1326 552 1369 οὔκ
583 1325 688 1382 εἶχον
715 1327 858 1369 εἰδέναι
880 1332 958 1370 ποῦ
981 1331 1169 1385 προΐασιν
1197 1329 1278 1384 ἄρα
1305 1327 1505 1386 ἑκάτεροι·
1541 1330 1674 1372 ἐνέδο-

185 1401 215 1435 C
238 1411 314 1437 σαν
345 1395 421 1451 γὰρ
449 1399 506 1453 τῷ
532 1392 680 1448 κύματι
709 1397 901 1452 σφοδρῶς
922 1399 1229 1453 πλημμυροῦντι
1251 1395 1352 1440 ὅπου
1374 1395 1675 1454 προσαράσσων

231 1463 378 1518 ἀγρίως
396 1465 462 1505 καὶ
484 1463 612 1519 φέροι.
683 1461 784 1506 ὅθεν
804 1465 869 1505 καὶ
891 1464 1034 1520 οἱπερὶ
1055 1464 1124 1507 τὸν
1145 1465 1354 1520 Γερμανόν
1372 1466 1526 1507 καὶτὸν
1548 1465 1675 1520 μέγαν

230 1531 454 1586 λογοθέτην
477 1529 669 1574 ἀνώθουν
688 1549 730 1573 τε
753 1530 853 1587 πρὸς
873 1532 1044 1587 πέλαγος
1071 1532 1145 1588 τὴν
1175 1531 1318 1588 τριήρη
1341 1534 1406 1575 καὶ
1429 1534 1671 1590 ἓξουριάζον,

229 1604 288 1657 τῷ
307 1597 462 1654 πελάγει
481 1597 765 1649 πιστεύσαντες
785 1598 1019 1657 σοφώτερον
1041 1600 1064 1654 ἢ
1088 1600 1192 1643 κατὰ
1214 1601 1309 1650 τούς
1331 1597 1506 1650 λοιπούς.
1577 1602 1731 1643 ἐκεῖ-20

230 1730 423 1776 piscentes,
463 1741 600 1764 assensu
624 1730 703 1764 dato
725 1731 875 1765 revocati
898 1733 975 1765 sunt
997 1734 1034 1765 et
1055 1731 1216 1765 ecclcsiae
1240 1730 1428 1772 coniuncti,
1460 1730 1590 1764 nemine
1609 1730 1675 1763 iam

231 1788 274 1810 ex
305 1777 394 1810 clero
430 1776 587 1820 residuo,
626 1776 685 1821 qui
718 1787 783 1809 nou
819 1776 1023 1811 consentiret
1049 1777 1084 1811 in
1114 1789 1231 1822 pacem
1262 1776 1476 1811 ecclesiarum
1499 1775 1542 1811 ad
1563 1779 1676 1811 votum

230 1821 452 1867 imperatoris.

322 1869 378 1901 21.
426 1866 494 1900 Sed
526 1866 696 1899 dicendum
733 1866 775 1899 de
806 1867 936 1910 legatis.
979 1867 1028 1900 illi
1062 1867 1149 1901 enim
1179 1864 1286 1901 alieno
1317 1867 1477 1911 navigare
1498 1865 1569 1900 orsi
1589 1868 1676 1899 tem-

234 1924 340 1958 pore,
378 1912 439 1945 sub
470 1911 598 1945 initium
632 1911 793 1945 videlicet
814 1912 931 1946 Martii
955 1924 1041 1946 nave
1064 1923 1265 1953 conscensa,
1304 1912 1345 1945 ad
1375 1911 1541 1953 Maleam,
1576 1922 1674 1956 quem

234 1958 335 2002 vulgo
369 1958 566 2000 lignivorum
598 1958 640 1990 ob
669 1958 806 1991 crebras
828 1957 898 1991 illic
921 1958 1050 1991 navium
1079 1957 1323 1991 submersiones
1344 1959 1488 1998 vocant,
1525 1959 1677 1990 extrema

234 2003 356 2037 mensis
379 2003 452 2037 eius
474 2002 601 2036 decade
623 2009 858 2047 pervenerunt.
904 2003 952 2037 ibi
981 2004 1099 2048 quinta
1123 2003 1177 2036 die
1200 2002 1331 2036 maioris
1356 2002 1588 2035 hebdomadae
1610 2001 1675 2035 sub

234 2060 409 2092 vesperam
432 2048 642 2091 naufragium
666 2048 851 2082 miserabile
874 2049 996 2082 fecere.
1043 2049 1153 2083 subito
1178 2049 1264 2081 enim
1287 2059 1414 2092 aequor
1436 2047 1608 2087 intumuit,
1639 2051 1676 2080 et

237 2095 368 2128 validus
393 2094 435 2127 ab
459 2094 676 2136 Hellesponto
699 2100 822 2127 ventus
844 2094 1003 2138 ingruens
1037 2100 1162 2128 terram
1185 2094 1312 2139 pariter
1334 2097 1369 2126 et
1391 2098 1531 2138 pontum
1553 2091 1678 2126 aterri-

236 2140 298 2175 mis
329 2139 470 2173 obduxit
499 2139 652 2172 nubibus.
698 2140 842 2172 nondum
874 2139 1007 2184 quidem
1039 2151 1177 2185 prorsus
1208 2139 1338 2172 condito
1361 2138 1395 2172 in
1420 2148 1573 2172 occasum
1604 2136 1675 2171 sole

237 2185 412 2219 commissa
436 2196 501 2218 nox
523 2189 616 2218 erat:
650 2196 765 2218 verum
789 2187 954 2228 opacabat
978 2185 1045 2218 late
1067 2189 1188 2219 cuncta
1210 2195 1276 2218 nox
1298 2183 1365 2218 alia
1387 2185 1551 2227 quaedam
1575 2181 1677 2217 nihilo

236 2239 327 2264 tetra
351 2230 457 2264 minus
481 2242 581 2275 quam
609 2229 666 2263 illa
693 2231 879 2273 naturalis,
909 2242 950 2264 cx
973 2231 1090 2264 umbra
1110 2231 1214 2264 terrei
1238 2229 1328 2273 globi
1350 2229 1447 2263 solita
1470 2227 1603 2271 induci,
1633 2239 1675 2263 eo

237 2275 338 2310 etiam
374 2276 527 2316 tristior,
566 2276 654 2319 quod
690 2275 796 2309 nullus
828 2287 901 2309 eam
931 2277 1030 2309 lunae
1062 2281 1269 2309 astrorumve
1301 2274 1511 2319 temperabat
1540 2286 1560 2307 e
1582 2273 1675 2307 coelo

236 2320 406 2365 splendor.
454 2321 679 2354 violentissimi
701 2332 784 2355 vero
808 2327 915 2355 motus
946 2321 1121 2367 procellosi
1143 2321 1231 2354 aeris
1255 2320 1495 2365 conflictusque
1516 2318 1677 2352 colliden—

236 2367 320 2399 tium
351 2377 425 2399 sese
454 2370 628 2399 ventorum
659 2366 812 2400 horribili
842 2368 978 2411 fragore
1008 2367 1182 2400 tumultum
1210 2366 1425 2399 vehementer
1446 2363 1548 2397 maris
1570 2374 1676 2408 auge·

237 2413 338 2452 baut,
376 2411 570 2454 gravissimo
601 2411 679 2444 inde
708 2412 896 2446 imminente
928 2412 1161 2456 navigantibus
1191 2411 1350 2456 periculo.
1397 2422 1436 2444 ac
1459 2410 1598 2455 primum
1622 2409 1674 2443 vis

238 2456 448 2499 tempestatis
470 2457 626 2490 distraxit
648 2457 690 2490 ab
712 2456 872 2500 invicem,
895 2462 1031 2502 tannque
1054 2457 1152 2501 longe
1177 2456 1316 2491 abduxit
1337 2455 1492 2489 triremes
1513 2455 1615 2496 (luas,
1636 2456 1676 2486 ut

238 2502 388 2536 neutrius
411 2502 526 2535 barum
549 2505 698 2536 vectores
720 2502 845 2536 scirent
867 2503 945 2548 quid
968 2503 1068 2537 sociis
1089 2508 1211 2539 actum,
1235 2513 1346 2547 quove
1367 2501 1463 2534 aliam
1486 2510 1602 2534 navem
1622 2497 1676 2532 vis

240 2548 325 2581 coeli
348 2547 475 2591 salique
498 2547 723 2590 propelleret,
754 2548 817 2581 hoc
840 2552 968 2582 tantum
992 2560 1098 2593 aeque
1120 2548 1272 2592 utrisque
1294 2545 1532 2586 sentientibus,
1555 2543 1676 2578 cedere

240 2606 278 2627 se
309 2592 498 2626 necessario
528 2591 732 2625 ineluctabili
763 2593 799 2626 vi
829 2594 1013 2627 aestuantis
1043 2593 1332 2627 vehementissime
1354 2591 1486 2636 pelagi,
1523 2601 1585 2623 nec
1607 2599 1673 2633 quo

238 2639 364 2682 impetu
387 2642 480 2671 tauto
502 2636 766 2681 impingerentur
788 2639 995 2683 exploratum
1018 2639 1229 2673 habentibus».
1274 2637 1310 2671 in
1333 2638 1395 2671 hoc
1415 2637 1544 2670 incerto
1562 2639 1674 2668 tamen

240 2688 390 2717 rectores
423 2683 568 2716 triremis
597 2693 663 2727 qua
687 2683 875 2717 Germanus
909 2696 983 2718 cum
1005 2685 1159 2729 collegis,
1197 2687 1232 2717 et
1254 2693 1371 2727 magno
1393 2680 1564 2726 logotheta
1585 2681 1674 2713 fere-

240 2730 386 2770 bantur„
421 2727 602 2772 sapientius
625 2727 880 2770 consuluerunt,
912 2730 1088 2764 trudentes
1109 2730 1143 2763 in
1166 2729 1268 2763 altum
1291 2727 1400 2762 navim
1422 2731 1459 2759 et
1479 2724 1560 2759 totis
1583 2723 1675 2758 acci—

243 2774 374 2818 pientes
396 2773 481 2808 velis
507 2773 695 2817 abigentem
717 2784 739 2807 ι
760 2778 854 2806 terra
876 2779 1008 2808 ventum
1021 2800 1032 2817 ,
1054 2775 1143 2819 quod
1164 2775 1226 2809 tali
1247 2779 1398 2819 tempore
1445 2770 1497 2804 lus
1519 2781 1540 2804 ι
1561 2770 1679 2804 littore

242 2830 339 2864 quam
367 2831 390 2854 a
419 2821 489 2854 lato
523 2829 672 2865 aequore
701 2818 912 2855 metuendum
934 2824 1028 2854 recte
1048 2821 1220 2856 ducerent.
1262 2819 1298 2852 in
1318 2829 1385 2864 quo
1438 2815 1489 2850 ios
1509 2815 1596 2850 ratio
1622 2815 1675 2849 fe-
