1846 3262
179 192 278 239 216
597 186 835 233 GEORGII
866 185 1220 232 PACHYMERIS

127 311 161 347 Β
184 321 250 349 ναι
272 300 376 347 ὅπου
396 318 459 351 τις
483 299 589 357 μηδὲ
607 295 908 358 προσεδόκησεν
930 297 981 342 ἂν
1007 295 1187 342 πώποτε.
1254 299 1402 350 σκευὰς
1421 299 1476 343 δ’·
1490 298 1643 350 ἐκείνας

183 373 251 416 καὶ
276 367 497 426 ταγμάτων
525 366 670 426 πλήθη
689 370 756 412 καὶ
774 369 999 426 θεραπείας
1020 367 1174 425 ἀφιείς,
1208 365 1381 425 ἑσπέρας
1399 366 1644 423 σκευαζόμε-

182 456 251 489 νος
266 439 406 488 ἵπποις
424 438 571 494 ἐχρῆτο
590 439 913 495 ταχυδρομοῦσι,
940 438 1007 480 καὶ
1028 443 1116 487 τοῖς
1136 435 1240 492 μηδ’
1262 438 1318 487 εἲς
1336 441 1434 480 νοῦν
1450 437 1524 493 τὴν
1541 438 1643 480 ἐκεί-

183 524 256 551 νου
297 504 434 561 ἔχουσι
470 508 702 564 παρουσίαν
736 506 946 563 ἐφίστατο.
1018 506 1085 548 καὶ
1111 505 1182 548 ἵνα
1212 504 1271 560 μὴ
1300 509 1567 564 καταχαλῷτο
1594 505 1641 549 τὸ

182 579 305 630 σῶμα
338 571 575 630 κινούμενον
607 574 676 632 ἐφ’
702 575 842 618 ἵππων
860 576 926 617 καὶ
944 570 1308 631 ἀναβρασσόμενον
1328 578 1531 630 συνεχῶς,
1559 584 1678 620 κει-5

182 643 288 701 ριἀις
319 642 368 686 τὸ
399 647 522 698 σῶμα
553 641 758 699 ὃιείληπτό
788 660 831 686 τε
856 644 924 686 καὶ
951 643 1252 700 συνεσφίγγετο.
1319 641 1387 684 διὰ
1416 646 1551 690 ταῦτα
1579 643 1648 685 καὶ

179 708 436 770 ἠνδραγάθει
462 711 514 755 τὰ
545 711 742 767 μέγιστα,
780 710 960 769 φοβερὸς
989 710 1142 755 ἅπασιν
1174 709 1230 755 ὤν
1244 742 1258 763 ,
1297 708 1376 765 ἅμ’
1401 708 1653 764 ἀκουόμενοςγ

132 786 162 821 C
186 781 255 824 καὶ
296 778 376 835 ἅμ’
417 778 698 838 ἐφιστάμενος.
767 780 816 824 τὸ
852 781 994 835 μέντοι
1026 796 1070 836 γε
1099 777 1390 837 στρατιωτικὸν
1422 780 1490 821 καὶ
1517 777 1652 835 λόγοις

183 848 341 893 ἔθαλπε
363 850 432 892 καὶ
454 846 602 906 δώροις
625 845 871 905 ἐθεράπευε,
908 849 976 892 καὶ
1004 848 1051 891 τὸ
1075 848 1288 904 μέγιστον,
1325 847 1373 891 οὗ
1403 849 1654 897 (δεσποτικῶς

185 918 349 967 ἐκείνοις
369 916 466 960 ἀλλ’
488 917 718 974 ἀδελφικιῦς
736 917 1036 975 προσεφέρετο,
1074 916 1178 973 ἀνὴρ
1205 916 1408 974 θεοφιλὴς
1431 918 1500 960 καὶ
1520 919 1654 973 πρᾶος
1665 925 1711 963 m

185 987 253 1030 καὶ
280 986 460 1043 χρηστὸς
487 984 774 1043 ἀνυπόκριτος.
843 987 900 1036 εἷς
916 986 960 1029 δὲ
979 986 1231 1044 φιλοδωρίαν
1255 986 1323 1028 καὶ
1350 983 1508 1035 πάντας
1526 985 1654 1033 ἐνίκα.

186 1050 357 1110 ἐπήνθει
384 1055 429 1097 δὲ
457 1056 523 1097 καὶ
549 1054 598 1098 τὸ
628 1059 798 1112 σῶφρον
826 1055 962 1114 ἐκείνῳ
971 1087 985 1108 ,
1023 1052 1079 1104 ὥς
1102 1054 1230 1110 μηδὲν
1260 1053 1375 1110 παρὰ
1404 1054 1503 1108 μίαν
1529 1053 1657 1096 ἀκου-

186 1126 343 1179 σθῆναι
370 1120 643 1180 ὗποταγεΐσαν
673 1123 787 1183 αὐτῷ
816 1122 921 1178 πλὴν
951 1122 1028 1177 τὴν
1057 1120 1229 1179 σύζυγον
1260 1124 1315 1173 εἷς
1343 1120 1495 1178 ἢὸονῆς
1522 1119 1654 1165 νόθου

133 1199 166 1235 D
189 1191 402 1235 κλωπείαν.
472 1192 600 1247 {natm
623 1190 666 1234 δ’
694 1193 738 1234 ἐκ
757 1191 926 1241 νοθείας
943 1192 1011 1234 καὶ
1030 1189 1137 1247 μόνη
1159 1188 1295 1249 τούτῳ
1317 1187 1545 1247 θυγάτριον
1573 1207 1658 1247 φυ-

189 1259 303 1304 σικὸν
331 1257 428 1302 ἀλλ’
466 1259 515 1303 οὐ
546 1257 720 1314 νόμιμον
749 1258 1014 1315 ἀπεγέννησεν
1025 1291 1038 1312 ,
1089 1258 1111 1302 ὃ
1145 1261 1212 1302 καὶ
1242 1263 1300 1317 τῷ
1330 1259 1452 1303 Μέπε
1475 1258 1713 1316 Ἰβηρίας15

188 1329 329 1372 Amal-(5
350 1328 405 1378 εἲς
422 1325 555 1383 γάμον
575 1328 750 1371 ἐδίδοτο.
819 1327 873 1370 τὰ
892 1327 934 1370 ‹5'
962 1326 1067 1370 ἄλλα
1084 1327 1249 1384 μέτριος
1265 1323 1316 1382 ἦν
1338 1329 1404 1370 καὶ
1424 1327 1662 1384 καρτερικὸς

190 1395 261 1453 ἐφ’
293 1393 470 1448 ἅπασιν,
507 1397 564 1446 εἷς
595 1395 638 1439 δ’
673 1394 875 1451 οῗκειακὴν
904 1392 1020 1447 τάξιν
1043 1397 1110 1438 καὶ
1131 1397 1222 1439 λίαν
1245 1392 1484 1453 φιλότιμος,
1522 1397 1591 1438 καὶ
1610 1395 1660 1438 τὸ

190 1461 359 1520 σύμπαν
384 1461 624 1522 περιφανής.
695 1465 763 1507 καὶ
783 1463 933 1523 ἀκριβῆ
951 1471 1103 1521 ,σημεῖα
1122 1468 1197 1520 τῆς
1216 1464 1291 1520 μὲν
1311 1464 1565 1523 φιλαγαθιάς
1584 1462 1663 1507 αὗ·-

281 1585 315 1620 6.
339 1581 529 1631 διήλειπτό
552 1584 594 1619 Ρ.

191 1691 246 1724 set
268 1690 337 1723 tam
361 1687 460 1723 brevi
482 1690 636 1731 tempore
658 1686 838 1732 pervolare
863 1687 1028 1732 potuisse.
1075 1698 1197 1733 nempe
1228 1687 1470 1733 impedimenta
1492 1686 1666 1733 suppelle-

193 1733 283 1769 ctilis
311 1732 494 1768 castrensis
525 1737 560 1766 et
589 1732 666 1767 illas
690 1732 887 1767 ambitiosas
910 1733 1033 1768 ducum
1063 1734 1216 1769 sarcinas
1243 1734 1499 1778 ministeriaque
1520 1733 1668 1767 famulo-

192 1791 267 1815 rum
291 1783 327 1814 et
348 1779 469 1824 longas
491 1777 747 1813 clitellariorum
769 1778 933 1813 mulorum
956 1777 1125 1821 mandras,
1150 1784 1352 1824 apparatum
1374 1780 1475 1815 tarde
1496 1779 1669 1820 mobilem,

192 1825 395 1870 ubicumque
426 1823 655 1870 oppressisset
685 1835 831 1869 vesper,
867 1825 1046 1867 omittens,
1079 1826 1276 1871 pernicibus
1298 1826 1334 1860 in
1356 1825 1453 1871 equis
1486 1824 1667 1869 expeditus

192 1874 295 1905 vasta
317 1870 476 1905 noctibus
506 1868 668 1903 emetiens
690 1869 822 1915 spatia,
852 1869 902 1904 ibi
928 1874 1071 1915 repente
1103 1872 1292 1917 apparebat
1313 1872 1572 1916 quo-perlatum
1595 1873 1667 1904 tam

195 1916 330 1951 volueri
360 1915 536 1950 celeritate
557 1914 660 1949 fidem
682 1927 813 1950 omnem
837 1927 879 1950 ac
901 1915 1142 1960 cogitationem
1174 1917 1367 1951 excederet.
1413 1919 1450 1950 et
1471 1927 1516 1950 ne
1537 1915 1669 1960 rapidi-

197 1965 272 1997 tate
298 1960 522 1996 incitatissimi
553 1963 664 1996 motus
696 1971 821 2006 corpus
851 1961 887 1995 in
915 1962 1012 2007 equis
1045 1962 1248 1998 effusissime
1270 1962 1483 1997 currentibus
1506 1967 1669 1996 aestuans

198 2008 436 2049 relaxaretur,
470 2005 661 2043 devinctum
692 2007 776 2042 illud
804 2017 937 2052 semper
961 2007 1121 2048 *habebat
1151 2008 1290 2050 fasciis,
1323 2013 1400 2043 arto
1422 2007 1572 2052 undique
1594 2018 1670 2041 am·

200 2053 303 2099 plexu
330 2052 587 2097 stringentibus.
633 2063 676 2087 ea
709 2052 962 2098 praeclarorum
983 2053 1020 2087 in
1042 2054 1133 2088 bello
1159 2065 1375 2089 successuum
1398 2065 1502 2088 causa
1523 2053 1573 2086 illi
1596 2064 1670 2087 ma-

201 2111 270 2144 gna
293 2102 382 2140 erat,
402 2098 588 2144 imparatos
608 2097 808 2144 plerumque
831 2098 881 2133 sic
903 2098 1169 2144 deprehendenti
1191 2100 1308 2134 hostes
1329 2100 1420 2134 haud
1443 2099 1542 2135 facile
1565 2098 1670 2134 aliter

202 2144 437 2191 superabiles,
470 2142 568 2178 simul
589 2142 644 2178 lon
671 2156 691 2179 e
711 2145 869 2186 auditus,
899 2144 997 2179 simul
1021 2151 1221 2191 conspectus
1242 2156 1407 2191 praesens
1430 2150 1467 2180 et
1487 2144 1554 2180 vim
1578 2144 1672 2178 infe-

202 2202 282 2225 rens
302 2189 573 2232 ineluctabilem3
597 2155 687 2224 unge
710 2194 824 2224 terror
842 2190 915 2224 eius
937 2190 1007 2226 late
1028 2192 1064 2226 in
1087 2192 1205 2226 hostes
1228 2196 1448 2233 manaverat,
1471 2191 1601 2226 cunctis
1624 2189 1672 2225 ad

204 2236 277 2271 eius
298 2236 500 2271 mentionem
525 2235 786 2281 trepidantibus.
833 2236 1012 2272 militarem
1042 2237 1287 2272 multitudinem
1311 2242 1348 2272 et
1369 2238 1552 2273 verborum
1573 2235 1673 2270 beni-

204 2282 336 2327 gnitate
358 2281 599 2316 consolabatur
622 2285 658 2316 et
681 2282 842 2317 donorum
866 2282 1028 2327 largitate
1049 2284 1281 2327 demulcebat;
1305 2288 1342 2318 et
1364 2283 1455 2329 quod
1478 2286 1582 2327 caput
1604 2286 1672 2325 est,

206 2339 274 2361 non
295 2327 417 2362 domini
438 2326 671 2371 supercilium,
702 2328 764 2363 sed
786 2328 947 2363 affectum
967 2329 1088 2364 fratris
1111 2341 1186 2365 cum
1209 2330 1252 2364 iis
1275 2341 1381 2375 agens
1404 2329 1671 2364 demonstrabat.

206 2375 284 2406 erat
305 2372 396 2407 idem
416 2372 690 2417 religiosissimus
716 2374 772 2408 dei
793 2374 903 2409 cultor
926 2378 962 2409 et
985 2380 1137 2420 amator,
1170 2375 1281 2417 mitis,
1315 2376 1502 2420 benignus,
1533 2374 1674 2409 simula-

205 2418 309 2453 tionis
331 2430 478 2464 expers3
508 2418 737 2455 munificentia
757 2431 840 2455 vero
863 2423 899 2455 et
921 2420 965 2455 ad
988 2421 1176 2456 donandum
1199 2421 1373 2467 pronitate
1397 2421 1551 2456 omnibus
1572 2423 1673 2454 ante·

207 2463 331 2498 eelluit.
380 2463 621 2499 efflorescebat
641 2465 678 2499 in
709 2478 750 2500 eo
773 2465 992 2502 castimoniae
1013 2479 1149 2513 quoque
1171 2467 1296 2510 decus,
1333 2468 1419 2503 adeo
1441 2470 1482 2502 ut
1503 2477 1546 2500 ne
1566 2465 1673 2500 fando

207 2509 345 2555 quidem
375 2509 555 2555 aliquando
590 2509 635 2545 sit
668 2512 819 2546 auditum
840 2513 978 2548 furtivis
1001 2525 1076 2548 eum
1099 2514 1276 2548 indulsisse
1298 2513 1468 2549 amoribus
1490 2515 1552 2546 aut
1573 2511 1673 2546 aliam

206 2565 356 2601 unquam
377 2555 564 2600 voluptatis
587 2566 690 2590 causa
714 2558 885 2594 mulierem
907 2558 1063 2605 attigisse
1084 2571 1182 2605 quam
1206 2560 1379 2605 propriam
1401 2556 1588 2601 coniugem.
1635 2560 1675 2591 at

207 2600 295 2635 haee
316 2600 455 2636 multum
479 2600 528 2635 illi
550 2600 742 2644 dissimilis,
771 2603 878 2639 filiam
901 2616 944 2640 ex
967 2605 1032 2640 alio
1053 2605 1208 2652 peperit,
1241 2605 1430 2641 naturalem
1452 2604 1514 2638 sed
1532 2601 1675 2647 illegiti-

211 2657 299 2682 mfim
327 2647 478 2693 prdem,
534 2657 600 2681 1¹80
631 2650 668 2682 et
700 2651 821 2694 postea
852 2650 957 2696 Mepe
980 2651 1117 2686 Iberiae
1138 2651 1263 2687 Davidi
1285 2652 1368 2687 data
1388 2650 1424 2684 in
1444 2659 1584 2684 uxorem
1607 2652 1673 2683 est.

211 2692 256 2726 de
289 2696 425 2727 caetero
455 2703 510 2727 mo
535 2694 652 2728 eratus
683 2698 758 2728 erat
791 2699 828 2729 et
860 2697 959 2731 fortis
981 2697 1017 2732 in
1047 2697 1211 2732 omnibus.
1257 2696 1436 2742 disciplina
1469 2693 1675 2729 domesticos

213 2742 335 2773 exacta
358 2737 533 2773 continuit.
578 2738 683 2774 mirus
705 2739 741 2774 in
763 2740 893 2776 familia
914 2743 1170 2789 semper‘ordo‚
1191 2742 1448 2789 incompositum
1469 2740 1568 2783 nihil;
1590 2751 1676 2774 cun-

214 2786 271 2836 cta
292 2784 336 2818 ad
359 2784 571 2829 splendorem
593 2784 858 2832 dignitatemque
886 2787 1011 2822 illustri
1036 2789 1179 2835 quadam
1202 2793 1240 2824 et
1262 2788 1364 2834 digna
1385 2785 1540 2833 principe
1565 2785 1677 2820 ambi-

214 2832 309 2864 tione
341 2833 551 2877 comparata.
597 2841 664 2877 quo
694 2831 731 2866 in
762 2843 888 2878 genere
910 2833 1042 2880 insigne
1064 2835 1186 2871 deinde
1205 2838 1438 2882 argumentum
1462 2831 1577 2869 extitit
1598 2831 1679 2867 dni„
