1884 3262
241 174 339 222 406
663 175 734 217 GE
739 173 899 217 ORGII
931 173 1282 218 PACHYMERIS

241 284 474 345 σβευομένῳ
495 283 619 339 ἔχθος
640 284 741 342 πρὸς
763 284 837 340 τὴν
859 285 963 328 κατὰ
982 290 1056 330 τοῦ
1074 284 1366 343 πρεσβεύοντος
1381 285 1595 346 βαρύτητα
1613 285 1706 342 τρέ-

194 364 221 397 Β
246 355 375 411 ψαντι
410 354 620 407 συνέβαινε
651 351 972 408 παροξύνεσθαι.
1041 357 1107 397 καὶ
1135 353 1155 397 ὃ
1186 356 1260 410 μὲν
1287 356 1439 409 ἐδέετο,
1483 355 1505 399 ὁ
1535 356 1578 399 δ’
1616 356 1707 399 ἀνέ-

245 441 369 466 νευεν.
442 420 462 464 ὃ
485 422 559 476 μὲν
585 423 651 464 καὶ
673 421 997 479 δραστικῶτερον
1016 421 1238 477 ἠντιβόλει,
1276 422 1297 466 ὃ
1318 423 1358 466 δ’
1381 425 1569 480 ἠγρίαινε.
1639 424 1705 467 τέ-

246 497 317 541 λος
345 490 439 533 ἀλλ’
468 490 701 533 ἀδικεῖσθαι
726 491 798 534 τὸν
823 491 1046 547 ἄνθρωπον
1073 491 1222 546 ἔλεγεν,
1260 490 1280 534 ὃ
1303 491 1347 534 δ’
1371 492 1445 535 οὐκ
1468 491 1707 549 ἐφρόντιζεν.

247 558 303 610 ὥς
333 560 378 602 δὲ
408 560 473 601 καὶ
506 560 630 613 δῆλος
662 554 713 614 ἦν
743 558 909 615 πράξων
931 558 1298 615 παραβολώτερον,
1337 559 1388 615 ἢν
1405 558 1463 616 μή
1484 560 1527 616 γ’
1550 559 1740 612 ἀκούοι,5

247 627 267 671 ὃ
322 627 333 644 ’
357 627 451 670 ἀλλ’
476 627 550 670 οὐκ
573 628 709 669 ἐδίδου
741 629 787 671 τὸ
821 626 1016 682 παράπαν
1041 628 1115 682 τὴν
1138 626 1276 682 λύσιν,
1314 628 1388 671 κᾶν
1413 628 1434 670 ὅ
1454 645 1493 671 τι
1514 631 1580 670 καὶ
1601 627 1710 685 πρά-

249 700 324 748 ξοι.
395 697 462 738 καὶ
494 695 622 745 ⁶332),-
666 697 784 750 ζῆλος
814 697 944 739 εῗσέδυ
983 697 1054 739 τὸν
1090 697 1220 753 ἱερέα,
1267 698 1334 739 καὶ
1371 697 1450 739 “τι’
1482 697 1560 739 δὲ”
1594 698 1710 754 φησί,

249 770 280 790 “
293 766 360 808 καὶ
384 764 464 806 ἀπὸ
484 766 603 807 τίνων
624 764 819 821 ἀρχιερεῖς
837 764 934 807 εἶναι
954 764 1064 814 ἄξιον
1090 764 1113 819 ἢ
1133 766 1350 822 μαγείρους
1369 767 1434 807 καὶ
1454 762 1709 821 στράτωρας,

247 832 320 882 οὓς
346 831 573 875 ὗποκλίνειν
609 831 764 888 ἀνάγκη
790 832 865 876 κᾶν
896 832 918 875 ὅ
946 851 983 874 τι
1017 834 1240 888 θέλοιτε,·”
1274 831 1406 876 ταῦτά
1434 851 1475 876 τε
1503 833 1626 876 εἰπεῖν
1646 834 1713 876 καὶ

199 905 228 938 C
254 899 413 953 ἀθρόον
435 901 482 943 τὸ
503 905 577 955 τῆς
597 903 868 957 πατριαρχίας
888 899 1096 955 σύμβολον
1119 901 1237 958 ῥῖψαι
1258 902 1332 956 τὴν
1350 903 1600 957 βακτηρίαν,
1637 901 1711 957 τὴν
1725 912 1769 947 10

252 970 296 1013 δ’
320 971 570 1024 ἓπιροιζῆσαι
602 970 680 1024 πρὸ
710 973 847 1012 ποδῶν
872 974 930 1026 τῷ
949 974 1115 1021 βασιλεῖ
1130 974 1358 1022 πεσοῦσαν,
1390 970 1461 1013 τὸν
1522 970 1533 986 '
1559 968 1636 1024 ἅμ’
1663 970 1715 1013 οἷ-

253 1036 483 1090 ναστάντα,
515 1032 542 1094 ᾗ
571 1041 709 1081 ποὸὥν
738 1036 858 1092 εἶχεν,
896 1037 973 1088 ἔξω
987 1045 1146 1094 χωρεῖν.
1218 1040 1285 1080 καὶ
1306 1038 1467 1092 τὸνμὲν
1482 1037 1654 1090 βασιλέα
1672 1039 1715 1080 ἓν

255 1104 427 1163 αἰσχύνῃ
447 1109 643 1148 ποιοῦντα
663 1106 709 1148 τὸ
731 1111 900 1163 πρᾶγμα
920 1106 1026 1148 ἐνεὸν
1047 1106 1317 1158 ἀνίστασθαι,
1347 1108 1493 1170 ἐκεῖνον
1516 1108 1581 1159 δέ,
1614 1109 1717 1148 πολ-

255 1179 337 1218 λῶν
364 1172 590 1228 ἐπεχόντων
621 1176 691 1216 καί
717 1191 759 1230 γε
793 1179 874 1217 τῶν
901 1175 944 1216 ἐκ
967 1174 1166 1228 βασιλέως
1189 1179 1346 1229 συχνῶν
1367 1175 1631 1228 πεμπομένων
1649 1175 1716 1217 καὶ

253 1242 512 1297 ὑποστρέψαι
540 1240 890 1297 παρακαλούντων
919 1240 973 1291 ὥς
999 1244 1055 1291 εἰς
1082 1241 1213 1297 λύπην
1234 1247 1292 1300 τῷ
1312 1247 1477 1295 βασιλεῖ
1498 1241 1712 1297 γενησομέ-
1727 1251 1770 1287 15

205 1324 237 1357 D
261 1328 333 1365 νης
354 1315 426 1366 τῆς
450 1308 722 1366 ἐκχωρήσεως,
752 1311 823 1353 τὸν
844 1311 888 1353 δὲ
905 1310 1006 1365 μηδ’
1028 1309 1132 1359 ὅλως
1150 1311 1337 1362 ἀκοῦσαι,
1368 1310 1472 1352 ἀλλὰ
1493 1315 1588 1367 πεζῇ
1610 1313 1717 1353 διελ-

257 1385 350 1422 θεῖν
380 1381 446 1421 καὶ
478 1380 551 1432 τὴν
579 1379 709 1433 μονὴν
739 1383 814 1435 τῆς
840 1377 980 1434 χώρας
1004 1383 1273 1431 καταλαβεῖν,
1311 1379 1412 1436 ἔργῳ
1435 1379 1621 1429 δείξαντα
1643 1379 1718 1433 τὴν

258 1452 333 1490 τοῦ
357 1445 477 1503 ζήλου
511 1444 634 1504 φύσιν
656 1445 802 1500 ὁποία,
839 1450 905 1490 καὶ
927 1445 981 1496 ὡς
1001 1446 1047 1489 οὗ
1069 1446 1266 1501 λαμβάνει
1291 1446 1508 1502 πρόσωπον
1535 1446 1587 1489 ἂν
1614 1447 1720 1489 κατὰ

259 1516 362 1559 θεὸν
390 1517 560 1570 γίνηται.
633 1515 778 1558 ἄλλοτε
814 1516 865 1570 δὴ
899 1513 1020 1558 πάλιν
1055 1516 1291 1572 (προτρέχει
1313 1515 1390 1572 γὰρ
1410 1517 1475 1557 καὶ
1495 1519 1615 1558 τοῦτο
1644 1515 1720 1572 ῥη-

260 1583 419 1640 θῆναι)
466 1582 567 1640 ὑπὲρ
598 1582 824 1641 ἀνθρώπου
854 1584 988 1640 δέησις
1018 1579 1068 1639 ἦν
1102 1587 1320 1635 δοκοῦντος
1351 1583 1450 1639 ἔχειν
1480 1583 1527 1626 τὸ
1563 1585 1775 1629 δίκαιονΞΟ

354 1705 389 1740 2.
412 1701 613 1749 συνέφαινε
635 1705 675 1740 P.

265 1812 305 1842 ut
322 1808 484 1853 putabat,
507 1806 580 1842 eius
604 1810 783 1852 patronum
805 1810 962 1851 vertens,
986 1807 1139 1853 asperius
1163 1811 1198 1842 et
1220 1808 1293 1853 ipse
1315 1806 1538 1852 responsavit.
1584 1817 1724 1852 proces-

267 1858 363 1889 serat
382 1865 490 1898 paene
510 1853 545 1886 in
567 1853 711 1898 iurgium
735 1852 793 1893 lis,
816 1859 977 1898 poscente
1000 1854 1075 1897 hoc,
1100 1855 1267 1887 abnuente
1289 1853 1358 1896 illo,
1381 1852 1554 1886 efficacius
1578 1853 1641 1885 hoc
1663 1853 1724 1886 de-

267 1903 451 1945 precante,
490 1903 612 1932 contra
640 1898 697 1932 illo
730 1899 1004 1932 excandescente.
1049 1900 1184 1933 tandem
1218 1903 1428 1933 contestante
1456 1898 1612 1943 praesule
1634 1897 1725 1931 iniu-

268 1945 355 1979 riam
382 1944 504 1978 homini
527 1943 624 1986 fieri,
647 1944 798 1989 principe
820 1944 902 1978 nihil
923 1945 956 1978 id
981 1956 1018 1978 se
1042 1956 1162 1978 curare
1184 1946 1399 1985 ostendente,
1423 1946 1580 1988 praesule
1603 1954 1641 1977 se
1662 1943 1724 1977 ad—

269 1990 336 2024 huc
358 1991 480 2024 fortius
503 1995 669 2030 acturum,
693 1989 726 2023 ni
748 1990 932 2032 audiretur,
955 2002 1040 2036 prae
1063 2002 1100 2024 se
1123 1992 1264 2031 ferente,
1291 1989 1446 2035 principe
1469 1992 1588 2023 contra
1609 1993 1726 2023 osten-

270 2039 366 2070 tante
379 2061 389 2076 ,
423 2035 585 2081 quidquid
608 2037 740 2069 faceret
762 2040 821 2070 aut
843 2036 993 2078 diceret,
1026 2036 1104 2070 nihil
1125 2037 1399 2081 impetraturum,
1434 2047 1476 2069 ne
1496 2040 1569 2068 tum
1591 2034 1726 2080 quidem

270 2082 471 2128 patriarcba
502 2081 611 2115 victus
642 2081 806 2115 abscessit
838 2084 897 2115 aut
927 2085 1119 2126 susceptum
1142 2093 1235 2115 suum
1266 2082 1425 2115 deserere
1448 2079 1627 2122 sustinuit,
1666 2080 1727 2115 sed

272 2130 371 2162 aestu
395 2128 504 2161 elatus
529 2126 782 2161 effervescentis
803 2127 895 2161 intus
918 2128 999 2161 zeli:
1029 2128 1143 2173 “quid
1166 2127 1324 2172 igitur2''
1357 2127 1484 2172 inquit,
1507 2129 1584 2160 “an
1609 2136 1728 2160 censes

273 2185 417 2218 aequum
447 2173 621 2219 episcopos
649 2173 738 2218 apud
762 2183 822 2206 vos
845 2172 947 2207 nihilo
970 2173 1076 2217 pluris
1099 2184 1174 2207 esse
1196 2184 1295 2218 quam
1320 2183 1445 2218 coquos
1471 2175 1532 2206 aut
1553 2174 1728 2213 stratores,

274 2218 397 2264 quibus
431 2219 542 2253 omnia
577 2218 674 2253 vobis
706 2218 845 2264 obsequi
875 2222 910 2252 et
943 2219 986 2253 ad
1018 2223 1132 2252 nutum
1165 2219 1291 2252 servire
1314 2229 1452 2252 necesse
1475 2216 1584 2252 est‘P’
1633 2215 1729 2252 simul

274 2265 359 2297 haec
392 2265 508 2299 dicens
538 2263 742 2310 pastoralem
773 2264 946 2305 baculum,
985 2265 1222 2309 patriarchalis
1252 2264 1384 2309 insigne
1418 2263 1611 2308 dignitatis,
1649 2265 1730 2297 ante

275 2309 490 2354 imperatoris
514 2311 617 2356 pedes
640 2310 774 2344 abiicit:
812 2310 884 2355 ipse
907 2311 1032 2356 impetu
1057 2321 1221 2355 exurgens
1244 2310 1451 2344 velocissimo
1475 2320 1578 2354 passu
1611 2319 1649 2342 se
1674 2307 1730 2341 fo·-

276 2366 335 2389 ras
370 2355 475 2389 eiicit.
521 2357 555 2389 id
589 2356 709 2390 videns
739 2356 924 2401 imperator
954 2359 991 2390 et
1014 2356 1056 2390 ad
1078 2356 1290 2400 ignominiam
1316 2356 1488 2402 pertinere
1511 2365 1604 2388 suam
1626 2363 1731 2398 repu-

278 2406 377 2443 tans,
408 2401 555 2436 solicitus
586 2401 754 2446 assurgit,
789 2401 899 2436 multis
922 2401 1165 2446 digredientem
1188 2406 1305 2435 tenere
1329 2401 1555 2446 patriarcham
1578 2398 1732 2433 conanti-

279 2447 363 2486 bus,
399 2450 434 2480 et
457 2447 531 2480 aliis
555 2459 658 2492 super
680 2448 763 2481 alios
787 2448 829 2480 ab
851 2447 1054 2492 imperatore
1082 2447 1193 2481 missis
1224 2447 1296 2481 eius
1319 2447 1451 2480 nomine
1473 2444 1670 2490 rogantibus
1692 2447 1733 2477 ut

280 2493 410 2526 rediret
434 2492 477 2525 ad
500 2499 673 2526 vocantem
699 2495 886 2537 Augustum
909 2499 945 2527 et
967 2493 1148 2527 discessum
1171 2494 1258 2526 hunc
1280 2493 1350 2526 eius
1373 2491 1603 2525 molestissime
1618 2490 1734 2522 feren-

281 2543 362 2572 tem.
409 2538 466 2571 ille
491 2538 533 2571 ad
558 2539 666 2572 omnia
688 2540 809 2572 surdus
840 2550 971 2573 cursum
1003 2539 1128 2579 tenuit,
1158 2539 1268 2584 quoad
1290 2539 1325 2572 in
1347 2537 1511 2578 vicinum,
1539 2535 1598 2568 ubi
1622 2535 1735 2568 diver-

282 2584 441 2626 sabatur,
466 2584 705 2616 monasterium
729 2585 833 2628 pedes
857 2585 1031 2630 pervenit,
1056 2596 1093 2618 re
1111 2584 1185 2629 ipsa
1209 2584 1387 2617 ostendens
1409 2593 1496 2628 quae
1517 2580 1647 2614 indoles
1670 2580 1736 2614 zeli

285 2629 353 2670 sit,
378 2640 543 2674 quamque
557 2629 633 2669 ille,
657 2640 730 2662 cum
755 2630 850 2663 deum
874 2631 977 2664 habet
1000 2635 1190 2671 auctorem,
1211 2629 1403 2663 reverentia
1418 2627 1617 2672 quantaevis
1633 2625 1734 2660 etiam

285 2675 473 2719 praesentis
497 2686 660 2718 personae
682 2686 746 2708 non
770 2676 974 2710 retardetur.
1023 2676 1105 2709 alias
1124 2686 1241 2709 rursus
1265 2676 1362 2718 (nam
1386 2678 1419 2706 et
1442 2674 1506 2706 huc
1526 2671 1655 2717 impetu
1679 2682 1735 2705 se-

285 2723 351 2754 mel
375 2720 583 2764 digrediendi
609 2724 708 2764 capto
731 2731 837 2764 prono
860 2721 955 2764 lapsu
980 2726 1157 2767 procurrat
1179 2721 1311 2764 oratio)
1335 2718 1437 2758 alias,
1468 2717 1624 2762 inquam,
1656 2727 1734 2750 rur-

287 2777 345 2799 sus
369 2767 489 2800 orabat
511 2765 705 2811 patriarcha
728 2777 789 2811 pro
814 2766 964 2807 homine,
996 2767 1047 2800 cui
1082 2767 1202 2800 iustum
1227 2766 1387 2800 censebat
1409 2764 1452 2797 ab
1474 2763 1677 2808 imperatore
1699 2761 1734 2795 id

287 2811 453 2856 indulgeri
479 2823 546 2858 quo
581 2811 724 2857 egebat,
762 2811 821 2846 sed
851 2811 1015 2857 replicata
1047 2811 1183 2857 saepius
1207 2811 1283 2845 nihil
1306 2809 1506 2857 proficiebat
1534 2809 1665 2851 cratim
1700 2809 1737 2841 et
