1884 3262
265 186 365 235 432
676 187 910 232 GEORGII
955 188 1304 235 PACHYMERIS

267 299 402 343 αὐτίκ’
436 298 608 348 ἐκείνους
640 298 846 356 ἐφέλκεται
874 300 976 356 πρὸς
999 300 1073 356 τὴν
1098 298 1247 344 ἑαυτοῦ
1276 302 1522 356 θεραπείαν,
1553 301 1722 361 κάκείνῳ

265 369 430 411 ἕπονται
465 365 521 416 ὥς
545 366 647 422 μέγα
679 385 719 410 τι
753 369 977 421 ἐλπίζοντες
1015 367 1194 425 πράξειν.
1264 368 1506 425 ἀπέρχονται
1537 375 1634 426 γοῦν
1666 372 1724 420 εἷς

262 434 427 490 χώραν,
465 436 530 477 καὶ
559 434 606 477 τὸ
635 439 709 478 τοῦ
737 441 953 494 συφορβοῦ
991 435 1260 492 κηρύττουσιν
1291 436 1444 491 ὄνομα,
1487 437 1542 488 ὥς
1568 436 1721 482 θεόθεν

265 499 337 558 ἧκέ
366 503 405 545 οἱ
441 507 516 545 τοῦ
550 502 670 558 ἄρξαι
704 502 916 560 σύνθημα.
994 507 1061 548 καὶ
1093 504 1179 559 ἅμα
1206 505 1387 561 λέγοντες
1417 505 1578 550 ἔπειθον
1588 538 1603 559 ,
1653 508 1721 549 καὶ

261 574 599 628 προσεπετίθεντο
631 573 792 623 πλείους
812 571 997 629 ἑκάστης.
1065 573 1246 623 κάκεῖνος
1266 573 1368 629 πρὸς
1393 572 1439 616 τὸ
1461 573 1754 619 statuunt-5

264 657 336 696 ρον
354 637 648 694 μετεβάλλετο,
685 639 916 697 ἀμπεχόνην
940 641 983 684 τ’
1015 641 1289 684 ἐνεδιδύσκετο
1320 643 1386 683 καὶ
1405 639 1574 697 σπάθην
1590 659 1723 698 περιε-

216 719 248 753 D
274 706 448 760 ζώννυτο
463 709 594 750 ἵππου
613 707 656 751 τ’
686 709 869 762 ἐπέβαινε
878 742 891 762 ,
927 711 992 752 καὶ
1012 708 1180 765 ἐθάρρει
1201 710 1302 766 πρὸς
1327 709 1422 766 ἔργα
1443 708 1605 765 μείζωῆ
1624 709 1720 753 κατ’

265 774 403 819 αὐτόν.
472 781 546 818 τοῦ
571 781 669 832 γοῦν
691 779 1006 821 Κωνσταντίνου
1026 778 1214 828 ἀσθενῶς
1244 782 1318 821 τοῦ
1349 772 1539 832 σώματος
1561 777 1723 832 ἔχοντος

265 845 329 903 (τὸ
353 844 430 900 γὰρ
460 844 602 894 σκέλος
634 846 827 902 κατεαγὸς
852 846 953 900 ἔχων
982 846 1170 902 ἀκίνητος
1194 842 1244 901 ἦν
1255 879 1269 898 ,
1308 845 1384 889 κᾶν
1409 862 1488 888 που
1511 847 1578 888 καὶ
1597 845 1723 895 ἀπελ-

263 917 353 955 θεΐν
379 912 482 965 ἔδει,
511 913 582 969 ἐφ’
606 911 765 969 ἁμάξης
794 914 957 971 ἐφέρετο
983 912 1136 971 φόρτος
1169 913 1298 970 κενὸς)
1324 915 1466 956 πολλοὶ
1489 911 1722 968 κατωλιγώ-
1737 924 1778 958 10

265 999 386 1035 ρουν,
434 983 501 1023 καὶ
542 985 700 1038 μᾶλλον
741 982 780 1025 οἱ
815 981 1024 1039 πρόσοικοι
1059 981 1263 1038 Τόχαροι,
1313 981 1514 1038 ἐκδρομὰς
1549 979 1724 1037 ἑκάστης

264 1053 472 1099 ποιοῦντες
492 1051 559 1091 καὶ
583 1052 747 1093 Μυσῶν
767 1049 894 1101 ὄντως
911 1052 1021 1093 λείαν
1043 1050 1094 1093 τὰ
1116 1055 1282 1094 Μυσῶν
1302 1051 1494 1099 τιθέντες.
1546 1047 1724 1107 φάλαγγι

262 1122 360 1173 γοῦν
383 1115 582 1174 Τυχάρων
607 1116 892 1174 προσκρούσας
915 1117 936 1162 ὁ
956 1122 1163 1174 Λαχανᾶς
1185 1120 1366 1172 ἐμπίπτει
1395 1120 1511 1174 σφίσι
1531 1117 1634 1171 μεθ’
1665 1112 1698 1160 cf
1699 1135 1723 1160 ν

212 1195 246 1230 Ε
270 1186 510 1243 ἐπεφέρετο,
543 1187 609 1228 καὶ
644 1187 750 1229 κατὰ
775 1185 924 1243 κράτος
950 1192 1064 1246 νικᾷ,
1111 1189 1176 1229 καὶ
1210 1183 1334 1237 αὖθις
1361 1186 1485 1242 ἄλλῃ,
1521 1187 1587 1228 καὶ
1612 1184 1722 1228 οὕτω

261 1254 364 1311 πρὸς
382 1254 428 1297 τὸ
446 1251 749 1310 μεγαλειότερον
767 1254 835 1297 ἐπ’
862 1255 909 1297 οὐ
929 1259 1098 1304 πολλαῖς
1116 1253 1284 1309 ἡμέραις
1299 1255 1541 1297 καθίστατο.
1588 1257 1722 1309 χῶραι
1733 1253 1781 1298 15⁴

259 1324 397 1366 τοίνυν
418 1320 707 1378 προσετίθεντό
738 1323 775 1364 οἳ
786 1355 800 1375 ,
832 1325 897 1365 καὶ
916 1322 983 1365 εἶπ’
1021 1322 1133 1380 αὐτῷ
1152 1323 1280 1365 πολὺν
1306 1323 1378 1365 τὸν
1398 1326 1472 1364 τοῦ
1493 1316 1536 1363 εὖ
1558 1319 1722 1377 πράξειν

261 1389 458 1444 ἐλπισμόν
487 1388 700 1446 ἀραρότως
730 1389 847 1445 εἶχον.
919 1392 985 1433 καὶ
1009 1390 1029 1433 ὃ
1051 1395 1258 1445 Λαχανᾶς
1280 1391 1406 1440 πολὺς
1425 1384 1475 1444 ἦν
1497 1387 1722 1445 φημιζόμε-

259 1476 330 1509 νος
360 1463 591 1513 πανταχοῦ·
639 1459 736 1502 οὐδὲ
769 1460 846 1516 γὰρ
875 1457 1007 1514 ἡμέρα
1038 1459 1232 1516 ἐφίστατο
1263 1460 1367 1502 καθ’
1395 1457 1445 1514 ἢν
1481 1457 1530 1500 οὗ
1561 1459 1722 1507 πλείους

261 1532 345 1570 τῶν
368 1528 575 1583 προτέρων
596 1525 672 1582 εἶχε
697 1529 763 1570 καὶ
797 1526 1051 1584 ἠνδραγάθει
1072 1525 1354 1583 προσβάλλων.
1425 1529 1548 1568 τοῦτο
1568 1523 1721 1582 ἐθορύ-

258 1601 362 1652 βησε
388 1596 462 1650 μὲν
481 1597 546 1638 καὶ
568 1596 639 1639 τὸν
671 1599 984 1640 Κωνσταντΐνον
1015 1596 1068 1639 τὰ
1090 1600 1284 1650 πλεῖστα,
1322 1595 1515 1653 ἀγγελθὲν
1543 1595 1588 1637 δὲ
1607 1593 1718 1651 παρὰ
1731 1599 1776 1633 20

357 1706 412 1740 18.
438 1701 508 1750 ου’]
534 1703 571 1740 oz
594 1705 634 1739 Ρ.

262 1807 392 1842 addunt
415 1807 644 1852 addicuntque
667 1806 734 1852 ipsi
761 1819 799 1842 se
822 1807 1036 1853 frequentes,
1061 1807 1191 1851 magnis
1214 1808 1294 1842 elati
1316 1807 1453 1853 spebus.
1499 1807 1637 1840 cursant
1657 1815 1719 1850 per

261 1853 434 1898 regionem
458 1853 904 1898 proclamantes'subulcum
930 1866 950 1888 a
973 1854 1036 1887 deo
1060 1855 1194 1887 missum
1210 1879 1220 1898 ,
1250 1859 1287 1888 et
1318 1854 1361 1887 ad
1393 1862 1524 1887 manum
1546 1851 1611 1884 iam
1634 1861 1720 1884 con-

262 1899 381 1934 flatam
421 1899 591 1943 ingentem
628 1898 782 1932 certatim
823 1899 972 1944 undique
1015 1899 1262 1933 accurrentium
1299 1904 1488 1943 aggregant
1533 1907 1718 1932 numerum.

263 1945 441 1979 crescebat
470 1945 504 1978 in
539 1945 611 1978 dies
642 1944 838 1986 multitudo,
872 1949 908 1978 et
940 1956 1045 1979 novus
1078 1945 1146 1978 dux
1179 1945 1223 1978 ad
1246 1950 1505 1978 consentaneum
1527 1949 1720 1986 assumptae

262 1990 423 2035 dignitati
446 2001 483 2024 se
515 1990 646 2034 fingens
669 1989 840 2032 habitum,
871 1990 1015 2024 abiectis
1047 1990 1244 2024 centonibus
1275 1989 1496 2024 honestiorem
1528 1987 1637 2021 induit
1660 1998 1721 2021 ve-

263 2043 370 2076 stem3
403 2047 551 2081 enseque
582 2035 793 2078 succinctus,
824 2048 911 2081 equo
939 2036 1116 2077 inscenso,
1153 2036 1197 2069 ad
1227 2047 1329 2080 opera
1358 2036 1485 2069 maiora
1513 2043 1614 2078 quam
1647 2032 1719 2066 eius

264 2083 429 2116 hactenus
453 2082 591 2115 fortuna
612 2086 770 2126 caperet,
794 2081 903 2127 palam
928 2093 965 2115 se
988 2081 1174 2115 accinctum
1198 2088 1369 2116 ostentare
1393 2091 1493 2115 ausus
1517 2084 1581 2114 est.
1626 2078 1722 2112 vale-

264 2128 381 2162 tudine
404 2132 496 2168 tum,
520 2132 559 2161 ut
581 2127 705 2161 dictum
729 2131 793 2168 est,
816 2127 1058 2161 Constantinus
1078 2128 1211 2161 infirma
1233 2128 1413 2162 utebatur:
1436 2137 1511 2159 nam
1534 2135 1634 2158 crure
1656 2124 1723 2157 du-

263 2174 342 2208 dum
376 2175 489 2207 fracto
520 2173 718 2207 facultatem
748 2173 898 2207 incessus
930 2173 1111 2216 amiserat,
1146 2177 1181 2207 et
1212 2173 1241 2207 si
1272 2172 1429 2218 quopiam
1463 2173 1555 2204 esset
1583 2181 1725 2204 necesse

263 2218 456 2264 proficisci,
491 2230 592 2252 curru
621 2218 752 2263 pondus
787 2219 877 2253 iners
909 2220 1119 2253 trahebatur.
1166 2230 1208 2253 ea
1238 2230 1295 2253 res
1318 2221 1545 2262 contemptum
1567 2216 1620 2249 illi
1641 2227 1722 2249 con-

264 2264 392 2298 ciliavit
429 2265 656 2309 plurimorum.
701 2266 735 2299 in
772 2264 824 2299 his
846 2265 996 2299 Tochari
1018 2264 1169 2307 finitimi,
1204 2266 1277 2299 fera
1299 2275 1382 2308 gens
1405 2270 1442 2297 et
1464 2265 1600 2297 assueta
1622 2265 1722 2306 rapto

265 2310 406 2353 vivere,
433 2310 515 2344 nihil
538 2322 559 2344 a
582 2310 701 2344 claudo
725 2310 876 2356 principe
903 2310 1060 2344 timentes
1082 2310 1260 2345 liberrimis
1292 2310 1325 2344 in
1347 2309 1491 2353 Mysiam
1513 2306 1723 2342 excursioni-

264 2356 328 2390 bus
362 2356 508 2399 agebant
538 2357 763 2401 ferebantque
796 2356 919 2401 passim
951 2362 1092 2399 cuncta,
1109 2362 1161 2398 ⁸et
1192 2355 1301 2390 veteri
1331 2356 1518 2389 celebratas
1541 2352 1723 2400 proverbio

265 2401 413 2447 praedas
437 2400 613 2445 Mysorum
635 2401 771 2446 impune
792 2403 1064 2447 frequentabant.
1110 2403 1144 2435 in
1179 2402 1295 2436 horum
1326 2412 1426 2435 unam
1457 2409 1587 2434 manum
1610 2399 1723 2432 incur-

265 2457 345 2481 rens
376 2457 450 2479 cum
483 2447 552 2480 suis
583 2447 761 2482 Lachanas
790 2459 864 2482 eam
895 2448 1126 2482 internecione
1156 2448 1259 2482 delet.
1304 2446 1372 2481 alia
1402 2445 1458 2480 die
1479 2445 1721 2491 deprehensam

266 2491 420 2526 similiter
445 2491 616 2525 cohortem
638 2492 777 2527 istorum
801 2494 942 2528 alteram
965 2498 1003 2527 ut
1026 2494 1171 2539 priorem
1194 2493 1366 2527 interficit.
1411 2492 1488 2526 hinc
1510 2490 1625 2536 paucis
1648 2488 1722 2522 die-

267 2538 332 2572 bus
355 2537 490 2571 celebre
521 2537 562 2570 fit
585 2538 658 2571 eius
680 2550 817 2580 nomen,
852 2545 888 2573 et
921 2540 1083 2573 videlicet
1108 2551 1175 2574 non
1207 2538 1323 2585 parvis
1357 2541 1394 2571 et
1416 2537 1530 2585 populi
1552 2540 1588 2570 et
1608 2533 1721 2578 regio-

266 2595 345 2617 num
376 2582 627 2617 accessionibus
659 2595 740 2628 opes
774 2585 847 2619 eius
878 2590 1083 2630 augescunt,
1113 2585 1241 2619 cunctis
1272 2595 1334 2630 pro
1357 2595 1395 2617 se
1417 2593 1550 2629 quoque
1571 2591 1664 2625 spem
1685 2579 1720 2614 in

267 2641 308 2663 eo
334 2639 490 2662 summam
523 2628 721 2662 emendandi
743 2631 877 2673 publica
904 2632 1111 2665 incommoda
1138 2630 1389 2665 collocantibus.
1442 2630 1551 2662 famae
1582 2625 1720 2660 interim

214 2694 219 2698 -
268 2674 447 2709 ambitioso
471 2674 648 2719 praeconio
673 2674 850 2709 Lachanas
870 2677 995 2721 ubique
1016 2676 1270 2711 buccinabatur.
1315 2687 1379 2709 nec
1409 2673 1481 2708 dies
1509 2672 1720 2718 praeteribat

267 2732 336 2764 qua
359 2731 424 2754 non
458 2726 494 2754 et
519 2719 591 2754 eius
615 2731 751 2753 numero
791 2728 962 2755 cresceret
985 2722 1178 2764 exercitus,
1210 2727 1246 2756 et
1268 2732 1336 2767 qua
1359 2731 1423 2754 non
1447 2719 1521 2764 ipse
1543 2717 1657 2763 aliqua
1679 2728 1719 2751 se

264 2765 388 2809 insigni
419 2765 462 2799 de
494 2765 591 2800 hoste
619 2765 760 2799 victoria
801 2768 1060 2802 commendaret.
1114 2768 1357 2802 conturbarunt
1385 2766 1469 2798 baec
1503 2775 1569 2798 non
1599 2773 1717 2808 parum

265 2811 407 2846 subinde
437 2810 592 2846 nuntiata
621 2810 892 2847 Constantinum.
942 2812 1053 2859 ipsum
1078 2825 1236 2859 quoque,
1277 2811 1337 2847 ubi
1367 2810 1455 2845 fides
1486 2809 1622 2845 tandem
1653 2819 1719 2844 nou
