1846 3262
423 192 498 235 DE
533 191 815 235 MICHAELE
849 194 1225 240 PALAEOLOGO
1262 196 1307 238 L.
1335 194 1414 243 111.
1558 197 1656 243 215

185 307 436 363 προσβαλῶν
457 299 585 356 αὖθις
600 320 610 330 ·
648 304 669 350 ὅ
692 307 737 350 δὲ
758 305 933 363 Μιχαὴλ
954 303 1075 368 φόβῳ
1097 310 1274 368 ληφθεὶς
1299 309 1348 353 οὔ
1370 310 1522 370 μετρίῳ
1557 312 1658 370 (τὸν

183 375 263 432 γὰρ
293 373 496 431 δεσπότην
524 376 593 418 καὶ
625 375 668 427 ἐξ
699 375 827 431 ἇκοῆς
853 376 1102 430 ἕδεδίττετο,
1140 378 1194 422 τὰ
1225 378 1360 422 πολλὰ
1388 379 1468 436 πρὸ
1497 384 1573 423 τοῦ
1593 385 1651 439 τῷ
1676 385 1707 420 c

178 444 363 502 Ἰταλικῷ
391 441 668 502 στρατεῦματι
695 441 1027 502 φρυαττόμενος·
1063 446 1132 488 διὰ
1158 446 1238 503 γὰρ
1265 447 1311 491 τὸ
1341 448 1445 506 πρὸς
1473 448 1546 492 τὸν
1577 454 1654 493 τοῦ

188 512 437 569 Φερδερίχου
472 515 602 556 παῖδα
631 513 704 557 τὸν
729 513 893 571 Μαφρέ
928 515 1055 569 κῆδος
1087 516 1153 557 ἐπὶ
1190 519 1243 572 τῇ
1280 518 1460 574 θυγατρὶ
1492 517 1654 573 ἕτοιμον

147 591 171 626 5
181 585 402 637 βοηθῆσον
436 580 512 637 εἶχε
541 582 589 625 τὸ
618 583 774 625 ε’κεῒθεν
800 581 1119 639 στρατιωτικὸν)
1161 582 1279 640 ἀφεὶς
1307 584 1356 628 τὸ
1388 584 1456 627 ἐπ’
1489 587 1656 637 ε’κείνοις

179 655 357 708 θαρρεῖν
380 651 443 693 ἐπὶ
465 651 647 702 σπονδὰς
667 648 933 708 καταφεύγει,
970 652 1036 694 καὶ
1055 652 1226 707 πέμψας
1246 650 1409 697 ἱκετεύει
1427 653 1498 697 τὸν
1511 653 1654 699 Ἰωάν-

179 737 254 775 νην
282 717 627 775 μετακλαιόμενός
650 737 694 762 τε
722 719 797 770 τὰς
816 719 1021 777 προτέρας
1039 722 1336 776 παλιμβολίας,
1371 723 1547 779 καὶπερὶ
1568 728 1652 767 τῶν

175 786 409 843 μελλόντων
427 788 612 845 ἐχέγγυον
632 787 816 846 ἀσφαλὲς
837 788 935 838 τούς
955 786 1103 846 ὅρκους
1127 790 1280 834 ἐδίδου.
1349 787 1478 846 ε’ζήτει
1506 808 1550 835 τε
1581 794 1648 835 καὶ

177 861 389 900 συνελθεῖν
414 856 493 911 ἅμ’
517 858 653 916 ἐκείνῳ
665 890 679 910 ,
728 859 795 901 καὶ
814 858 950 901 πίστιν
968 858 1158 914 γενέσθαι
1184 859 1360 914 βεβαίαν
1379 859 1422 902 ἔκ
1444 863 1520 916 τῆς
1541 860 1645 918 πρὸς
1667 872 1699 908 D

122 937 166 972 10
177 924 383 982 ἀλλήλους
399 925 505 976 θέας
528 924 736 981 ἐβούλετο.
807 924 829 969 ὅ
847 929 947 982 γοῦν
969 924 1174 983 δεσπότης
1192 927 1266 984 τὴν
1287 929 1506 984 πρεσβείαν
1527 926 1647 981 δεξά-

173 1012 315 1051 μενος,
344 992 400 1045 ὥς
419 995 561 1049 λαβὼν
578 994 692 1051 παρὰ
710 994 914 1049 βασιλέως
933 993 1180 1053 ἐκχώρησιν,
1212 996 1367 1040 ἐκέλευε
1383 996 1480 1047 τοὺς
1497 995 1648 1055 ὅρκους

170 1063 374 1120 γενέσθαι.
445 1065 512 1106 καὶ
545 1063 598 1119 δὴ
623 1063 839 1107 συνελθὼν
868 1062 982 1123 αὐτῷ
1006 1064 1076 1121 ἐφ’
1099 1063 1339 1123 ὁρισθείσης
1366 1063 1543 1122 ἡμέρας,
1578 1068 1651 1110 καὶ

171 1128 544 1187 κατασπασάμενος
566 1130 764 1192 ἀπλάστῳ
781 1131 900 1188 ἤθει,
938 1134 973 1176 εἰ
991 1133 1174 1185 κάκεῖνος
1191 1136 1260 1178 καὶ
1278 1132 1402 1179 πάλιν
1421 1134 1494 1179 τὸν
1520 1132 1644 1180 δόλον

170 1200 366 1259 ἔκρυπτε,
403 1201 508 1259 πρὸς
528 1201 580 1244 τὰ
603 1203 729 1244 οῗκεΐα
751 1201 957 1257 ἐκπέμπει.
1297 1218 1299 1220 ·

118 1281 160 1317 15
307 1270 386 1316 21.
460 1269 547 1313 Τὸν
575 1270 714 1325 μέντοι
739 1287 782 1326 γε
811 1267 1015 1326 δεσπότην
1036 1267 1229 1327 Ἰωάννην
1254 1268 1582 1326 μεταλεσᾶμενος
1600 1269 1644 1316 ἔκ
1666 1282 1695 1318 Ρ
1723 1281 1789 1318 144

173 1339 479 1395 Θεσσαλονίκης
506 1337 527 1383 ὅ
560 1337 780 1394 βασιλεύς,
822 1338 1095 1396 μικρόνὸσον
1126 1337 1408 1396 διατρίψαντά
1439 1341 1502 1394 οἱ,
1552 1340 1642 1397 ἅμα

167 1415 260 1458 ταῖς
279 1406 475 1463 δυνάμεσι
494 1408 599 1465 πρὸς
615 1408 821 1463 ἀνατολὴν
840 1409 1045 1463 ἐκπέμπει,
1080 1415 1167 1458 τοῖς
1189 1408 1375 1465 Πέρσαις
1391 1407 1447 1459 ὥς
1467 1404 1516 1465 ἦν
1534 1426 1643 1466 συμ-

166 1478 353 1532 μίξοντα.
423 1471 475 1532 ἦν
504 1477 548 1520 δὲ
576 1476 746 1535 κάκείνῳ
771 1477 910 1534 τρυφὴ
939 1476 987 1520 τὸ
1015 1478 1179 1527 ἐκείνοις
1209 1475 1443 1534 ἐφεστάναι.
1514 1479 1587 1521 καί
1601 1496 1640 1522 τι

165 1550 240 1601 τῆς
261 1545 392 1588 αὐτοῦ
416 1543 540 1600 δόξης
560 1544 674 1597 ι’ίξιον
697 1543 1013 1601 διαπράξεσθαι.
1084 1540 1135 1600 ἦν
1154 1545 1232 1602 γὰρ
1253 1543 1274 1589 ὅ
1298 1545 1403 1603 ἀνὴρ
1427 1552 1518 1597 ταῖς
1536 1546 1641 1603 ἀλη-

110 1623 157 1658 20
169 1615 303 1665 θείαις
323 1610 544 1668 ὀξύτατος,
582 1612 638 1665 ὥς
657 1618 729 1658 νῦν
745 1615 820 1670 μὲν
840 1612 1017 1658 ἐνταῦθ’
1043 1611 1275 1658 ἀκούεσθαι
1285 1646 1300 1669 ,
1339 1618 1414 1658 νῦν
1434 1615 1480 1658 δὲ
1499 1622 1644 1674 παρεῖ-

163 1747 376 1794 propinquo,
400 1758 483 1783 vere
504 1747 646 1794 primum
670 1747 910 1790 illucescente,
935 1746 1075 1782 hostiles
1099 1746 1223 1782 iterum
1245 1745 1404 1791 regiones
1426 1745 1642 1782 invaderent.

163 1798 202 1829 at
223 1794 392 1836 Michaffl,
424 1794 542 1828 dolore
571 1794 769 1829 damnorum
800 1805 889 1840 quae
910 1793 978 1828 iam
1000 1798 1161 1828 senserat
1188 1792 1432 1827 imminentium
1463 1797 1554 1828 metu
1578 1805 1641 1828 cu-

162 1840 311 1884 mulato,
345 1840 567 1875 vehementer
595 1840 746 1875 afflictus
769 1840 812 1875 ad
836 1839 974 1874 Ioannis
997 1839 1055 1873 vel
1078 1839 1185 1875 solam
1206 1838 1410 1873 mentionem
1434 1843 1636 1874 consterna-

161 1887 285 1930 batur,
316 1886 461 1921 remissa
482 1898 550 1921 non
571 1898 691 1932 pamm
714 1887 775 1921 illa
797 1885 928 1921 ferocia
950 1885 1076 1931 priori,
1108 1897 1177 1932 qua
1210 1884 1330 1919 solitus
1354 1888 1457 1919 antea
1476 1890 1556 1920 erat
1577 1885 1635 1920 in·

161 1932 351 1973 solescere,
386 1932 514 1967 fiducia
535 1933 657 1979 utique
677 1933 871 1967 Italicorum
895 1932 1096 1967 auxiliorum
1119 1943 1141 1966 a
1163 1931 1346 1966 Manfredo
1369 1942 1518 1974 genero,
1549 1931 1632 1966 Fri-

161 1978 270 2012 derici
297 1978 390 2021 filio,
427 1978 493 2024 ipsi
520 1985 730 2024 paratorum.
778 1978 839 2013 sed
870 1984 952 2012 tunc
981 1978 1050 2012 ista
1079 1989 1143 2023 spe
1174 1988 1310 2023 opeque
1342 1976 1503 2012 damnata
1533 1976 1632 2023 quasi

160 2024 259 2059 malis
280 2024 482 2069 urgentibus
502 2030 642 2070 reperta
664 2025 808 2071 impari,
831 2024 876 2061 ad
898 2024 1139 2059 tractationem
1160 2023 1258 2068 pacis
1282 2023 1454 2067 confugit3
1479 2027 1515 2057 et
1536 2023 1632 2069 lega-

159 2070 205 2105 tis
237 2070 282 2104 ad
308 2071 470 2105 Ioannem
502 2071 720 2116 supplicibus·
746 2070 879 2113 missis,
916 2069 1005 2105 serio
1028 2070 1094 2104 iam
1118 2069 1295 2115 poenitere
1317 2080 1394 2103 sese
1416 2069 1573 2103 fraudum
1595 2072 1632 2103 et

157 2115 428 2162 inquietudinum
459 2117 723 2163 praeteritarum
763 2117 908 2151 obnoxie
940 2128 983 2151 ac
1014 2115 1276 2150 lamentabiliter
1308 2115 1504 2159 professus,
1549 2114 1632 2149 fidei

158 2162 440 2207 constantiaeque
466 2163 502 2196 in
534 2169 706 2209 posterum
735 2162 951 2197 immutabilis
972 2161 1095 2208 pignus
1127 2166 1233 2206 atque
1255 2160 1408 2194 obsidem
1429 2160 1556 2194 obtulit
1575 2160 1632 2195 iu-

156 2208 340 2242 risiurandi
363 2208 585 2254 religionem,
619 2221 688 2255 qua
709 2209 881 2255 praesenti
902 2219 941 2242 se
963 2208 1214 2253 obstringeret,
1250 2205 1407 2251 colloquii
1430 2206 1561 2251 copiam
1583 2206 1629 2241 ad

156 2254 193 2288 id
227 2254 426 2299 postulans,
460 2259 498 2289 et
532 2266 674 2300 sperare
695 2266 734 2290 se
756 2255 853 2290 aiens
874 2259 990 2289 mutuo
1014 2258 1197 2299 conspectu
1220 2251 1375 2286 sincerae
1397 2263 1482 2286 snae
1504 2252 1627 2287 volun-
1680 2270 1685 2274 «

156 2299 241 2335 tatis
264 2299 299 2334 in
322 2303 495 2334 aeternam
517 2301 728 2336 concordiam
750 2301 875 2344 fidem,
899 2300 1148 2347 quantumlibet
1169 2297 1359 2340 dubitanti,
1382 2309 1421 2332 se
1443 2299 1626 2334 facturum.

155 2346 247 2381 haud
270 2351 474 2392 aspernatus
494 2345 696 2391 legationem
719 2350 860 2393 despota
881 2346 1044 2388 Ioannes,
1076 2345 1135 2391 qni
1157 2355 1196 2379 se
1217 2343 1321 2390 plena
1341 2342 1386 2378 ad
1411 2344 1625 2379 tractandum

154 2396 332 2439 potestate
356 2392 560 2426 instructum
583 2393 628 2427 ab
647 2393 854 2439 imperatore
883 2393 1100 2433 meminerat,
1127 2390 1219 2425 diem
1246 2389 1423 2436 locumque
1453 2389 1624 2425 iuramen-

155 2444 267 2473 torum
289 2438 502 2472 ceremoniae
523 2438 723 2482 constituit3
753 2450 864 2493 eoque
887 2439 931 2473 ad
954 2437 1369 2478 condictumoccurrens,
1400 2439 1442 2470 ut
1462 2440 1539 2470 erat
1559 2447 1624 2471 na-

154 2484 259 2519 turali
282 2484 450 2519 facilitate
473 2487 509 2518 et
531 2485 618 2519 recti
639 2484 846 2520 conscientia
869 2483 1043 2526 credulus,
1065 2483 1199 2518 sincera
1219 2482 1296 2528 ipse
1317 2484 1432 2516 mente
1453 2481 1623 2528 nonpari

154 2531 304 2565 madore
332 2530 500 2564 iurantem
522 2541 566 2565 ac
587 2530 683 2564 dolos
703 2535 787 2566 tunc
821 2542 954 2576 quoqne
976 2530 1157 2564 verborum
1177 2528 1314 2563 fallacia
1335 2527 1624 2564 celantem-audi-

153 2575 206 2611 vit
227 2576 450 2618 ΜίοΙιιέΙοιῃ,
473 2587 618 2622 eumque
642 2577 784 2612 foedere
804 2576 874 2611 icto
894 2575 1025 2610 remisit
1046 2575 1091 2609 ad
1115 2574 1266 2621 propria.

246 2623 304 2657 21.
350 2623 400 2657 At
427 2622 616 2667 imperator
646 2622 823 2669 despotam
853 2622 1012 2657 Ioannem
1040 2620 1289 2656 Tbessalonica
1317 2620 1513 2654 revocatum
1541 2621 1622 2664 post

152 2667 317 2703 modicam
338 2668 431 2714 apud
453 2679 492 2703 se
514 2679 642 2703 moram
664 2679 739 2702 cum
762 2680 801 2703 co
826 2667 871 2703 iis
891 2668 927 2703 in
949 2667 1127 2703 Orientem
1149 2666 1276 2709 mittit,
1303 2665 1468 2701 adversus
1489 2665 1618 2699 Persas

150 2713 221 2748 illic
242 2720 483 2760 pugnaturum.
527 2714 763 2749 delectabatur
783 2715 839 2749 luc
859 2713 917 2749 vir
937 2713 1006 2749 isto
1029 2712 1280 2760 expeditionum
1301 2712 1440 2754 labore,
1464 2714 1502 2744 et
1522 2721 1617 2745 sum·-

152 2770 228 2794 mae
250 2760 302 2795 illi
322 2760 510 2807 voluptatis
529 2760 605 2795 loco
628 2765 707 2795 erat
730 2759 859 2807 aliquid
879 2760 979 2795 laude
1001 2759 1138 2805 dignum
1159 2770 1293 2804 gerere.
1339 2768 1426 2792 vera
1445 2755 1518 2790 eius
1541 2758 1617 2801 glo-

151 2805 205 2839 ria
230 2810 307 2840 erat
336 2806 586 2841 velocissimum
618 2807 739 2842 ducum
773 2806 918 2841 omnium
939 2806 974 2841 in
1003 2804 1234 2851 belligerando
1267 2814 1367 2846 esse,
1403 2801 1457 2836 ita
1477 2805 1518 2836 nt
1538 2813 1616 2836 cum

151 2849 276 2886 alicubi
298 2852 433 2888 versari
455 2852 654 2898 audiretur,
685 2863 766 2889 mox
782 2852 853 2889 illic
875 2852 1017 2889 adesset
1036 2863 1104 2899 quo
1125 2862 1225 2887 nemo
1250 2859 1397 2896 unquam
1424 2847 1622 2884 existiman-
