1846 3262
197 197 291 245 154
613 161 850 240 GEORGH
895 196 1247 240 PAcHYME-ms

191 311 285 356 τότε
307 311 535 366 κατείχετο,
566 312 693 367 χωρὶς
711 308 884 354 ἆπασῶν
901 308 1061 365 νήσων,
1099 313 1167 354 καὶ
1187 316 1269 356 τῶν
1289 313 1503 370 μεγίστων.
1553 312 1658 357 ἀλλὰ

193 385 298 424 θεοῦ
331 380 551 432 θέλοντος,
589 379 614 434 ἢ
645 383 803 434 μᾶλλον
836 385 1183 436 παραχωροῦντος
1211 382 1306 424 κατ’
1341 382 1551 439 εἴσπραξιν
1576 388 1660 426 τῶν

196 452 251 498 εἷς
282 451 430 491 ἐκεῖνον
466 447 850 503 πλημμελημάτων,
901 449 1030 504 αὐτῆς
1060 447 1210 492 ὡσανεί
1245 467 1353 501 τινος
1385 453 1555 508 καρδίας
1586 457 1660 508 τῆς

195 520 394 574 πατρίδος
419 515 640 572 παθούσης
671 515 1035 574 συνενεκριῦθησαν
1062 516 1222 571 πάντα,
1260 521 1326 561 καὶ
1345 520 1396 562 τὰ
1417 521 1490 574 μὲν
1509 520 1659 564 Ἰταλοὶ

151 604 155 609 ·
195 588 247 631 τὰ
276 588 320 629 δὲ
343 587 505 644 Πέρσαι
526 585 760 643 Βούλγαροί
777 604 819 630 τε
841 589 907 629 καὶ
931 589 1155 644 Τριβαλλοὶ
1180 589 1245 630 καὶ
1274 586 1419 638 πάντες
1438 588 1554 631 ἄλλοι
1576 592 1691 633 διε-5

144 668 176 702 D
198 659 418 714 μερίσαντο
433 689 445 708 ,
477 656 560 698 ἔστι
585 658 608 698 δ
615 656 627 671 ’
651 655 677 697 ἃ
699 658 764 698 καὶ
780 654 972 709 Ῥωμαῖοι
991 661 1041 713 τῇ
1060 658 1248 716 βασιλείᾳ
1266 655 1438 712 ὑπήκοοι
1459 657 1661 715 νοσφισά-

193 745 307 782 μενοι
330 725 434 768 καθ’
462 723 613 775 αὖτοὺς
633 720 738 780 ἦσαν
767 723 1040 777 δεσπόζοντες.
1114 725 1165 768 τὰ
1184 726 1232 768 δέ
1249 725 1290 781 γ’
1309 725 1486 782 ἡμέτερα
1506 729 1661 788 Νικαίᾳ

195 798 262 840 καὶ
284 792 461 852 Προύσῃ
482 795 548 837 καὶ
568 796 686 852 τρίτῃ
713 796 988 854 Φιλαδελφείᾳ
1012 796 1078 836 καὶ
1098 801 1183 844 τοῖς
1210 795 1323 850 πέριξ
1345 797 1658 851 διεγνωρίζοντο.

195 865 249 909 τὰ
268 865 341 919 μὲν
362 859 434 906 οὖν
455 863 560 906 ἄλλα
578 868 664 913 πῶς
686 865 752 905 καὶ
774 858 900 912 αὖθις
919 861 1235 918 ἇνεζωώθησαν,
1273 865 1346 906 καί
1363 881 1405 920 γε
1427 864 1662 916 ἄναζωοῦν-

196 952 264 978 ται
293 933 396 976 κατὰ
429 933 574 987 μικρὸν
603 933 813 981 ἐλεοῦντος
840 931 960 974 πάλιν
989 937 1063 975 τοῦ
1093 934 1234 985 θειόυ,
1272 934 1315 974 τί
1323 933 1404 988 χρὴ
1425 934 1491 976 καὶ
1511 933 1719 989 λέγεινςΙΟ

195 1003 301 1058 πλὴν
330 1002 426 1045 ἀλλ’
450 1002 568 1045 οὐδὲν
598 999 755 1044 τούτων
776 997 826 1056 ἦν
851 1001 1052 1058 ἀσφαλῶς
1082 1001 1183 1056 ἔχειν
1209 1001 1426 1057 λειπούσης
1449 1006 1521 1056 τῆς
1538 1006 1664 1055 βασιέ

197 1074 325 1122 λίδος.
394 1078 509 1120 ποῖος
537 1070 614 1127 γὰρ
644 1069 742 1124 ἡμῖν
777 1070 824 1112 οὗ
855 1068 1124 1127 προσκρούων
1151 1070 1376 1123 ὠνείδισεν,
1425 1070 1465 1113 εἴ
1486 1087 1565 1113 που
1595 1072 1662 1113 καὶ

198 1139 629 1197 διεπρεσβευσάμεθα,
668 1138 722 1189 ὥς
741 1137 903 1181 ἀπόλισι
926 1141 992 1181 καὶ
1012 1137 1153 1194 πόρρω
1177 1143 1251 1182 τοῦ
1268 1141 1478 1193 βασιλείου
1503 1137 1662 1196 θρόνου

57 1222 85 1255 P
112 1210 294 1256 100’κατ’
320 1207 497 1265 ἀνάγκην
518 1206 726 1263 διάγουσιν
739 1228 754 1263 ,·
791 1207 967 1261 ἄστροισι
988 1210 1124 1250 τοίνυν
1144 1207 1217 1262 τὴν
1238 1210 1418 1263 πατρίδα
1440 1210 1663 1263 διασημαι-

198 1278 392 1334 νομὲνους
419 1280 548 1332 ζητεῖν
572 1277 623 1319 τὰ
644 1274 765 1319 λοιπά
776 1309 789 1328 ,
829 1278 894 1318 καὶ
916 1277 1212 1319 ἀνακαλεῖσθαι
1234 1277 1346 1333 παρὰ
1366 1281 1448 1319 τῶν
1471 1275 1662 1331 κατεχόν-
1676 1283 1719 1318 15

198 1366 304 1400 των,
343 1346 445 1401 μηδ’
472 1345 571 1389 εἶναι
595 1345 668 1399 τὴν
691 1344 850 1399 ἀγωγὴν
879 1344 1058 1400 εὔλογον.
1129 1347 1195 1387 καὶ
1229 1345 1296 1387 διὰ
1331 1350 1454 1388 τοῦτο
1484 1347 1551 1387 καὶ
1581 1349 1664 1388 τῶν

199 1417 278 1474 πρὸ
312 1413 428 1470 ἡμῶν
457 1414 659 1468 βασιλέων
687 1413 818 1456 πολλὰ
849 1410 1131 1465 πονεσάντων,
1162 1412 1236 1456 οὐκ
1257 1413 1371 1469 ὀλίγα
1394 1414 1524 1455 δὲκαὶ
1548 1412 1666 1468 ἡμῶν

201 1484 404 1542 πρότριτα
434 1481 680 1535 παθόντων,
709 1482 826 1525 οὐδὲν
849 1480 1030 1538 ἠνύσθη.
1097 1481 1145 1524 τὸ
1166 1482 1243 1539 γὰρ
1269 1484 1335 1524 καὶ
1358 1482 1667 1538 φυλαττομένης

201 1553 356 1604 πόλεως
385 1555 440 1602 εἷς
467 1552 579 1595 κενὸν
612 1551 827 1608 ἀγρυπνεῖν
836 1584 849 1603 ,
885 1553 952 1594 καὶ
973 1553 1030 1601 εἷς
1044 1557 1185 1606 χεῖρας
1205 1550 1386 1606 κειμένης
1412 1545 1539 1600 αὖθις
1557 1550 1666 1606 γενέ-

199 1629 304 1668 σθαι
333 1623 388 1673 εἷς
413 1619 549 1677 μάτην
581 1621 678 1671 τούς
716 1620 987 1678 πειρωμένους
1015 1627 1171 1673 πονεῖν,
1218 1624 1322 1663 θεοῦ
1355 1620 1439 1662 ἐστὶ
1466 1617 1724 1675 μάλιστα,20

200 1759 279 1793 sunt
299 1753 536 1801 amplissimae.
583 1756 755 1788 caeterum
779 1753 842 1788 deo
865 1753 1021 1795 volente,
1046 1755 1107 1788 aut
1129 1751 1243 1798 potius
1264 1751 1483 1797 permittente
1504 1750 1541 1785 in
1563 1749 1668 1785 ultio-

200 1815 276 1838 nem
305 1802 502 1836 iniuriarum
534 1800 600 1845 ipsi
633 1801 821 1842 factarum,
855 1812 930 1834 cum
964 1800 1042 1845 ipsa
1076 1810 1187 1833 rerum
1223 1798 1377 1844 principe
1399 1801 1516 1831 nostra
1539 1796 1668 1842 patria,

199 1851 295 1884 velut
327 1848 430 1882 corde
463 1847 618 1892 imperii,
654 1847 750 1881 clade
778 1846 897 1880 ultima
931 1856 1114 1891 oppressa,
1147 1850 1269 1879 cuncta
1301 1845 1431 1890 pariter
1459 1842 1668 1888 reipublicae

200 1896 352 1930 membra
374 1893 467 1927 letali
489 1893 584 1938 quasi
607 1894 725 1927 morbo
749 1893 993 1937 elanguerunt,
1032 1892 1109 1925 dum
1132 1902 1247 1925 eorum
1277 1891 1442 1934 quaedam
1464 1889 1564 1931 Itali,
1599 1888 1668 1923 alia

200 1943 330 1977 Persae
360 1940 500 1984 Bulgari
533 1939 679 1974 Triballi
710 1944 937 1983 caeteraeque
973 1949 1086 1972 omnes
1118 1941 1237 1981 gentes
1267 1937 1435 1971 barbarae
1468 1936 1557 1969 inter
1590 1945 1668 1969 sese

200 1988 425 2035 partirentur.
471 1987 609 2020 fuerunt
643 1990 678 2019 et
713 1985 871 2019 nonnulla
904 1996 992 2030 quae
1013 1984 1078 2029 ipsi
1099 1983 1250 2017 Romano
1273 1982 1439 2028 imperio,
1478 1982 1534 2015 cui
1568 1984 1669 2015 erant

202 2034 348 2077 subditi,
384 2033 527 2067 rebelles
561 2033 678 2066 avulsa
711 2038 746 2065 et
777 2030 917 2066 seorsim
949 2034 1062 2068 tracta
1096 2029 1300 2063 dominorum
1333 2028 1466 2062 nomine
1495 2029 1666 2062 tenerent.

201 2085 341 2116 nostrae
364 2090 445 2114 vero
468 2089 524 2112 res
546 2078 677 2112 Nicaea
698 2079 809 2112 Prusa
830 2077 1000 2122 tertiaque
1024 2076 1256 2120 philadelphia
1284 2086 1359 2108 cum
1381 2074 1482 2108 terris
1505 2073 1667 2108 adiacen-

203 2127 295 2161 tibus
319 2125 577 2159 definiebantur.
624 2129 659 2158 et
692 2124 759 2159 alia
790 2124 925 2169 quidem
949 2126 987 2156 ut
1009 2132 1126 2156 rursus
1157 2121 1345 2156 revixerint
1377 2120 1480 2164 (nam
1503 2118 1666 2165 paulatim

204 2173 269 2207 deo
293 2172 475 2206 miserante
497 2171 739 2215 revaluerunt)
772 2170 853 2216 quid
886 2169 1008 2203 attinet
1034 2168 1177 2202 dicere?
1209 2179 1325 2201 verum
1349 2178 1391 2200 ne
1414 2168 1499 2200 haec
1529 2165 1666 2210 quidem

204 2221 262 2254 vel
284 2221 422 2253 servata
445 2217 500 2251 vel
520 2222 723 2263 recuperata
746 2228 867 2251 secura
899 2215 996 2249 nobis
1019 2219 1056 2249 et
1079 2218 1174 2248 certa
1196 2225 1273 2247 esse
1296 2216 1475 2257 poterant,
1506 2210 1667 2257 quamdiu

203 2264 361 2312 principe
394 2264 478 2297 urbe
511 2266 718 2298 carebamus.
765 2267 890 2308 quotus
912 2261 998 2295 enim
1021 2260 1165 2306 quisque
1187 2259 1318 2304 legatos
1341 2263 1499 2301 nostros,
1531 2258 1561 2291 si
1582 2267 1668 2302 quos

206 2323 320 2345 rerum
353 2310 613 2355 repetendarum
645 2321 747 2344 causa
777 2309 1010 2350 mittebamus,
1044 2318 1111 2340 non
1142 2306 1240 2340 irriso
1295 2305 1445 2339 convicio
1479 2303 1669 2348 repellebat

207 2363 369 2402 tanquam
402 2357 444 2389 ab
480 2357 633 2391 exulibus
656 2357 775 2390 missos
799 2355 909 2400 patria
936 2353 1056 2388 eiectis
1080 2357 1116 2386 et
1139 2316 1260 2398 procul
1281 2352 1325 2386 ab
1348 2350 1482 2396 imperii
1504 2349 1586 2384 sede
1607 2360 1670 2382 ne-

208 2402 357 2437 cessario
382 2402 591 2446 degentibus.
638 2414 745 2448 quare
768 2401 844 2435 illos
867 2400 925 2446 qui
948 2399 1149 2434 domesticos
1178 2398 1291 2441 lares,
1328 2397 1484 2432 hostibus
1506 2395 1667 2439 insessos,

208 2449 389 2493 designare
420 2448 477 2482 ubi
509 2450 643 2483 tandem
673 2451 786 2482 essent
811 2446 944 2482 nonnisi
965 2445 1194 2490 geographico
1217 2445 1313 2478 radio
1335 2455 1378 2477 ex
1403 2442 1533 2477 ratione
1555 2444 1668 2476 astro—

207 2507 283 2530 rum
305 2495 426 2540 quibus
450 2499 564 2528 essent
586 2495 751 2540 suppositi
772 2494 943 2535 valerent,
971 2493 1191 2536 incongruum
1216 2490 1463 2534 absurdumque
1485 2498 1562 2522 esse
1584 2486 1668 2521 reli-

209 2553 279 2587 qua
302 2544 406 2575 tanto.
423 2540 531 2575 minus
554 2542 736 2587 praecipua
757 2539 890 2585 imperii
911 2539 1063 2573 membra
1086 2550 1106 2572 a
1129 2536 1356 2571 detinentibus
1378 2545 1568 2579 reposcere,
1609 2533 1669 2578 qui

208 2587 354 2621 maxime
376 2587 484 2621 nodus
506 2599 550 2621 ne
572 2593 653 2622 ante
674 2598 736 2621 nos
758 2586 992 2632 imperantium
1014 2584 1111 2618 multi
1135 2588 1171 2617 et
1193 2582 1307 2628 magni
1321 2582 1463 2615 -labores
1485 2580 1668 2625 quidquam

207 2634 386 2668 admodum
417 2633 624 2678 proficerent
654 2633 808 2676 obstitit,
841 2632 930 2666 idem
962 2636 1097 2665 nostros
1126 2641 1261 2675 quoque
1284 2639 1349 2662 non
1371 2637 1497 2672 paucos
1521 2637 1583 2671 pro
1605 2636 1669 2658 no-

208 2684 303 2714 strae
334 2679 505 2714 facultatis
533 2680 664 2714 modulo
698 2679 751 2713 his
786 2682 879 2712 retro
915 2677 1033 2711 diebus
1062 2680 1212 2710 tentatos
1235 2678 1375 2709 conatus
1403 2682 1520 2706 cassos
1542 2671 1669 2705 effectu

207 2725 364 2760 reddidit.
411 2725 501 2771 quod
532 2737 632 2770 porro
663 2724 845 2759 novissime
880 2735 968 2757 nunc
998 2722 1142 2765 accidit,
1174 2721 1297 2756 multos
1328 2730 1493 2764 acresque
1515 2717 1673 2751 custodes

209 2772 434 2817 amplissimae
464 2771 804 2817 opulentissimaeque
831 2769 980 2804 civitatis
1009 2771 1139 2804 frustra
1169 2767 1354 2811 vigilasse,
1390 2769 1426 2800 et
1447 2764 1592 2799 hostium
1613 2773 1671 2796 re-

212 2818 330 2852 ducem
353 2818 539 2852 exercitum
561 2820 611 2852 rei
633 2818 711 2852 dum
735 2818 844 2852 adhuc
867 2817 1051 2861 gerebatur
1074 2813 1387 2860 supervenientem,
1409 2811 1563 2855 recipere
1580 2809 1670 2843 illam

213 2875 330 2899 rursus
353 2864 518 2899 eiiciendo
543 2875 670 2911 paucos
693 2876 714 2899 e
737 2862 862 2899 nostris
883 2862 942 2909 qui
964 2862 1001 2896 in
1024 2873 1097 2896 eam
1119 2863 1343 2907 penetrarant
1363 2857 1590 2905 nequidquam
1613 2866 1673 2889 oo—
