1884 3262
406 210 483 252 DE
513 209 787 253 MICHAELE
819 208 1194 254 PALAEOLOGO
1227 209 1276 252 L.
1304 207 1381 252 VI.
1538 207 1637 253 523

168 333 277 368 στων
304 327 389 366 τῶν
422 321 597 379 ἀγαθῶν
629 319 861 378 ἐπανήξειν,
897 326 1033 372 καλῶς
1064 323 1131 365 καὶ
1160 326 1244 366 τῶν
1274 322 1365 376 περὶ
1396 320 1544 364 ἐκεῖνον
1567 322 1637 364 δε-

166 391 464 446 χθησομένων,
501 396 665 446 μακρᾶς
686 391 784 446 νηὸς
806 388 1017 445 ἐπιβάντες
1040 392 1082 440 ἒς
1101 388 1220 434 πόλιν
1239 387 1479 446 κατήγοντο.
1550 391 1635 436 ἐπεὶ

168 460 214 503 δὲ
231 458 254 503 ὅ
272 460 469 514 ’βασιλεὺς
488 460 563 514 μὲν
583 459 722 514 ἔτυχεν
742 460 806 501 ἐπὶ
829 463 905 502 τοῦ
928 457 1134 515 παρόντος
1160 456 1276 502 ἀπών
1288 491 1301 511 ,
1340 458 1563 513 διατρίβων
1591 459 1632 501 ἓν
1653 464 1685 499 Β

166 530 376 586 Λοπαὸίῳ
403 529 514 586 (ἐκεῖ
527 528 606 583 γὰρ
624 529 677 570 τὰ
695 527 800 570 κατὰ
821 524 1025 583 Σάγγαριν
1052 526 1230 570 διελθὼν
1253 528 1326 569 καί
1349 527 1391 582 γ’
1414 525 1471 576 ὥς
1489 522 1538 581 ἦν
1557 536 1635 569 κα·-

134 595 525 653 5τασφαλισάμενος
553 596 696 651 ἔστησε
726 595 802 650 τὴν
834 597 1026 652 πορείαν,
1066 593 1122 644 ὥς
1149 595 1302 638 ἐκεῖθεν
1331 593 1633 650 κατοχυρῶσων

167 666 236 707 καὶ
258 665 332 714 τὰς
350 665 454 707 κατὰ
486 664 560 718 τὴν
578 661 803 723 ᾊχυράους
832 662 1012 719 ἄκρας),
1049 665 1196 713 ἐκεῖνος
1221 664 1267 705 δὲ
1297 667 1379 706 τῶν
1409 661 1532 718 ὁρίων
1557 667 1634 718 τῆς

163 729 374 786 Ῥωμαίων
391 734 609 786 ἐπιβαίνων
620 765 632 784 ,
669 732 826 786 βουλὴν
845 734 912 775 καὶ
935 732 973 776 οἱ
991 731 1178 788 πρέσβεις
1197 729 1401 787 εἰσάγουσι
1420 738 1505 781 τοῖς
1524 731 1632 787 ἀμφὶ

167 800 240 843 τὸν
259 799 450 856 Ἰωάννην
480 801 719 844 ἀποθέσθαι
747 804 895 843 τοῦτον
917 800 970 843 τὰ
989 800 1151 857 ἐρυθρὰ
1171 801 1238 843 καὶ
1256 802 1432 850 πεδίλοις
1459 800 1630 854 μέλασιν

166 866 485 924 ὑποδήσασθαι,
522 867 577 919 ὥς
599 869 652 924 δὴ
675 868 828 918 παντὸς
852 868 982 918 εὐθὺς
1006 869 1120 924 παρὰ
1138 868 1339 922 βασιλέως
1359 868 1628 924 γενησομένου

112 940 242 980 1οτοὕ
271 937 369 980 κατ’
405 937 530 980 αὐτὸν
561 935 806 992 ἀξιώματος.
873 932 925 991 ἦν
946 937 1024 992 γὰρ
1045 939 1301 992 συγκεᾲιενον
1327 938 1467 993 σφίσιν
1487 939 1554 979 καὶ
1574 936 1625 979 τὰ
1648 946 1680 981 C

166 1009 242 1060 τῆς
258 1006 493 1055 δεσποτείας
510 1007 658 1048 ἐκεῖνον
676 1002 1038 1061 ἀμφιβαλλόμενος
1057 1003 1271 1059 σύμβολα,
1309 1003 1397 1059 ἅμα
1417 1009 1476 1063 τῷ
1500 1007 1630 1048 παῖδα

165 1073 378 1130 γενέσθαι,
417 1077 652 1130 περιφανῶς
676 1074 849 1123 ἐσαῦθις
875 1075 1117 1124 κλὲίζεσθαι.
1186 1072 1234 1116 τὸ
1264 1072 1308 1114 δ’
1339 1072 1412 1115 ἐπ’
1434 1074 1630 1130 ἐρυθροῖς

164 1139 492 1197 μεταλαμβάνειν
521 1141 574 1184 τὰ
608 1141 652 1184 ἔκ
681 1138 901 1199 πορφύρας
932 1143 1076 1198 ὁίχροα
1095 1140 1154 1196 μὴ
1173 1142 1240 1184 καὶ
1261 1139 1366 1191 ὅλως
1385 1140 1561 1198 ἀπρεπὲς
1583 1137 1625 1199 ᾖ,

164 1209 268 1267 πρὸς
288 1214 345 1271 τῷ
362 1211 431 1254 καὶ
449 1209 584 1261 ἄλλως
604 1211 796 1269 δυσχερὲς
815 1214 996 1268 φανῆναι
1014 1214 1073 1272 τῷ
1089 1213 1263 1265 βασιλεῖ’.
1330 1214 1465 1254 ταῦτα
1483 1211 1628 1262 λέξαν-

164 1408 404 1444 cessitudinem
426 1409 507 1453 filii,
567 1412 684 1444 aterno
715 1408 834 1444 deinde
856 1408 984 1444 affectu
1005 1408 1096 1444 illum
1118 1409 1207 1444 omni
1228 1410 1392 1445 bonorum
1415 1421 1541 1454 genere
1564 1421 1628 1445 au-

166 1461 322 1497 cturum,
345 1455 506 1490 discussis
552 1455 672 1502 enique
696 1455 924 1501 suspicionum
947 1455 1073 1490 umbris
1096 1455 1179 1489 Lazi
1200 1455 1302 1501 plane
1324 1460 1561 1497 assenserunt3
1585 1468 1628 1490 ac

164 1501 381 1536 iureiurando
413 1513 434 1536 a
463 1501 588 1546 legatis
617 1505 783 1546 accepto,
815 1513 882 1547 quo
913 1501 1047 1536 nomine
1075 1501 1294 1548 imperatoris
1320 1506 1356 1536 et
1383 1513 1446 1536 sua
1476 1501 1628 1547 ipsorum

164 1546 235 1581 fide
265 1553 384 1582 sancte
405 1548 619 1593 spondebant
641 1547 772 1582 omnino
794 1548 869 1582 sore
899 1552 939 1581 ut
969 1547 1112 1582 loannes
1137 1547 1462 1593 Constantinopolim
1486 1547 1626 1592 profici-

164 1603 263 1627 scens
285 1593 334 1627 ibi
357 1593 461 1628 filiam
483 1592 698 1639 imperatoris
720 1593 860 1627 duceret
881 1604 1039 1636 uxorem,
1071 1605 1114 1628 ac
1144 1604 1221 1628 mox
1252 1593 1352 1628 bouis
1375 1594 1627 1639 honoribusque

164 1639 351 1673 cumulatus
382 1639 610 1673 remitteretur
642 1639 794 1680 domum,
824 1638 963 1673 comites
986 1651 1121 1685 quoque
1151 1650 1230 1673 suos
1251 1639 1457 1673 liberalitate
1480 1639 1626 1682 Augusti

163 1684 292 1719 ditatos
313 1684 480 1719 reducens
501 1696 636 1726 secum,
667 1696 755 1719 nave
776 1684 875 1719 simul
897 1696 1012 1719 omnes
1034 1686 1139 1729 longa⁴
1159 1696 1342 1720 conscensa
1364 1697 1482 1719 versus
1503 1686 1623 1719 urbem

163 1730 350 1765 solverunt.
395 1730 552 1776 quoniam
573 1741 657 1765 vero
677 1731 768 1765 forte
790 1735 872 1764 tunc
894 1731 1039 1775 contigit
1060 1733 1182 1766 abesse
1205 1733 1248 1765 ab
1271 1733 1357 1765 urbe
1384 1730 1624 1776 imperatorem

163 1778 422 1810 commorantem
444 1776 489 1810 ad
510 1776 710 1822 Lopadium,
733 1775 848 1822 ibique
870 1775 1035 1811 intentum
1057 1777 1112 1811 vel
1135 1777 1390 1822 praevertendis
1412 1777 1542 1811 damnis
1564 1776 1621 1810 vel

162 1821 269 1855 ruinis
297 1822 497 1866 reparandis
524 1822 699 1867 regionum
731 1822 824 1857 circa
853 1822 1031 1867 Sangarim
1067 1823 1162 1867 (boc
1183 1823 1270 1857 enim
1294 1828 1333 1856 ut
1355 1827 1475 1866 ageret
1495 1823 1624 1857 itinere

162 1877 282 1902 versus
313 1867 389 1901 illas
421 1873 540 1913 partes
570 1876 747 1913 suscepto,
779 1868 926 1913 Lopadii
949 1869 1198 1903 consistendum
1219 1868 1285 1903 sibi
1310 1872 1510 1914 putaverat,
1539 1868 1620 1903 inde

161 1911 324 1947 videlicet
345 1913 470 1947 vicinia
491 1913 546 1948 sui
568 1919 775 1958 caeteraque
807 1914 1021 1959 providentia
1042 1915 1237 1950 firmaturus
1261 1915 1424 1948 adversus
1446 1914 1511 1948 vim
1533 1914 1621 1948 Per-

160 1957 267 1993 sicam
291 1970 389 1993 arces
421 1959 513 1994 illius
542 1959 659 1994 limitis
691 1960 774 1994 sitas
806 1960 850 1994 ad
882 1961 1117 2003 Achenum),
1151 1960 1255 2005 legati
1285 1961 1429 1996 Romani
1458 1960 1619 1994 Ioannem

161 2003 291 2039 Lazum
320 2003 544 2047 deducentes,
582 2017 624 2040 ea
657 2005 871 2051 imperatoris
899 2006 1055 2042 absentia
1077 2007 1190 2041 obiter
1212 2007 1365 2051 cognita,
1399 2006 1454 2040 ubi
1477 2005 1620 2051 primum

161 2049 248 2084 fines
270 2050 440 2086 Romanos
460 2051 670 2095 attigerunt,
704 2051 912 2086 occasionem
933 2052 1014 2086 inde
1047 2059 1237 2098 opportune
1258 2056 1474 2096 sumpserunt
1495 2063 1620 2095 sugge-

161 2095 259 2129 rendi
289 2095 409 2131 Ioanni
439 2097 613 2141 eleganter
641 2099 809 2132 facturum
839 2097 954 2139 illum,
986 2098 1017 2133 si
1047 2099 1160 2132 rubris
1183 2097 1420 2132 calceamentis
1444 2097 1618 2142 paulisper

162 2141 273 2175 exutis
303 2141 402 2186 nigra
433 2143 589 2176 indueret
616 2154 724 2188 usque
748 2143 792 2178 ad
814 2143 1027 2198 imperatoris
1049 2144 1145 2179 brevi
1169 2143 1320 2179 adfuturi
1349 2142 1505 2176 reditum.
1552 2141 1621 2176 etsi

163 2185 252 2219 enim
281 2185 317 2220 in
350 2187 498 2222 discessu
522 2194 720 2223 conventum
746 2189 836 2224 inter
857 2201 950 2235 ipsos
978 2191 1090 2224 suerat
1111 2191 1340 2234 profecturum
1362 2188 1520 2222 Ioannem
1545 2199 1619 2222 cum

162 2231 228 2265 sibi
260 2231 368 2266 solitis
396 2233 585 2278 insignibus
615 2234 812 2280 despoticae
840 2235 1042 2280 potestatis,
1073 2240 1186 2269 tamen
1209 2246 1344 2270 causam
1368 2245 1445 2268 esse
1466 2234 1620 2268 idoneam

162 2276 376 2312 disserebant
398 2289 460 2312 cur
480 2279 515 2312 in
539 2291 580 2313 eo
602 2284 673 2314 tum
696 2280 864 2325 quidpiam
885 2281 1095 2324 remitteret,
1129 2292 1204 2315 cum
1231 2282 1369 2315 foenore
1390 2280 1518 2323 gloriae
1541 2290 1620 2314 mox

161 2326 364 2367 recepturus
393 2323 578 2358 honorifico
609 2325 753 2369 Augusti
780 2326 904 2361 iudicio
926 2326 962 2360 id
985 2326 1076 2372 quod
1097 2326 1215 2361 volens
1233 2326 1277 2361 ad
1300 2331 1433 2371 tempus
1454 2325 1620 2360 brevissi-

161 2379 251 2402 mum
273 2368 495 2414 deposuisset.
538 2370 734 2414 imperatori
755 2371 882 2417 quippe
903 2372 1076 2406 decretum
1099 2384 1174 2406 esse
1193 2372 1362 2412 Ioannem,
1383 2371 1499 2406 statim
1514 2375 1618 2416 atque

161 2413 196 2448 in
231 2414 511 2449 necessitudinem
542 2415 603 2450 filii
637 2416 793 2451 admotus
823 2418 855 2452 is
886 2417 953 2452 sibi
981 2419 1071 2452 foret
1093 2418 1261 2464 desponsa
1282 2417 1350 2463 ipsi
1374 2418 1510 2463 propria
1532 2417 1618 2460 filia,

162 2459 341 2504 magnifice
363 2471 485 2494 ornare
505 2460 548 2494 iis
570 2462 730 2505 symbolis
750 2474 929 2507 supremae
959 2463 1157 2507 dignitatis,
1191 2475 1279 2508 quae
1309 2463 1459 2508 despotis
1482 2463 1516 2498 in
1539 2463 1619 2498 aula

162 2505 383 2550 imperatoria
403 2505 509 2540 tribui
528 2507 693 2542 solebant.
739 2508 920 2542 doliturum
942 2515 1053 2544 autem
1075 2509 1164 2554 ipsi,
1192 2510 1221 2544 si
1242 2510 1398 2545 Ioannem
1422 2509 1554 2543 videret
1575 2519 1618 2543 ea

163 2561 228 2605 per
249 2563 287 2586 se
308 2563 515 2597 occupasse,
547 2564 636 2598 quae
658 2553 784 2588 habere
805 2554 897 2588 illum
918 2566 980 2589 suo
1003 2555 1186 2598 beneficio,
1217 2558 1253 2589 et
1274 2555 1339 2591 sibi
1361 2567 1510 2599 suaeque
1532 2566 1616 2598 erga

160 2596 254 2632 illum
283 2596 541 2632 benevolentiae
571 2597 732 2644 imputari
760 2603 912 2644 cuperet.
958 2600 1038 2646 quin
1069 2604 1104 2635 et
1136 2601 1258 2647 alioqui
1287 2613 1404 2647 parum
1437 2600 1616 2635 convenire

161 2641 229 2677 iam
257 2653 410 2689 purpura
438 2646 588 2678 utentem
619 2643 786 2681 bicolores
807 2657 852 2679 ex
873 2656 972 2680 roseo
994 2650 1031 2681 et
1052 2647 1219 2690 candido,
1252 2659 1340 2692 quae
1369 2646 1529 2691 propriae
1551 2646 1614 2679 de—

162 2691 335 2732 spotarum
367 2694 499 2732 essent,
531 2693 648 2724 vestes
674 2701 856 2725 assumere.
900 2690 1020 2738 itaque
1041 2705 1085 2728 ne
1105 2696 1306 2737 gravaretur
1327 2693 1469 2738 primum
1492 2701 1613 2726 occur-

162 2743 236 2785 sum
263 2733 459 2780 imperatori
490 2735 650 2770 exhibere
671 2735 704 2769 in
726 2748 768 2771 eo
792 2736 904 2778 cultu,
938 2737 995 2784 qni
1021 2739 1214 2774 facultatem
1245 2739 1278 2773 ei
1307 2750 1373 2773 non
1398 2736 1613 2790 praeriperet

162 2788 294 2824 πρῆσαι,
327 2780 417 2826 quod
437 2782 585 2826 avebat,
616 2780 761 2819 insolitis
781 2781 917 2831 honoris
935 2783 1124 2830 insignibus
1145 2784 1340 2821 decorandi.
1386 2783 1471 2820 haec
1493 2782 1611 2818 dicen-
