1884 3262
237 217 334 263 346
613 222 622 257 ἶ
658 214 910 258 GEORGII·
926 215 1277 266 PACHYMERIS

186 343 215 376 C
239 331 324 375 εἶτα
354 330 399 372 δὲ
425 330 490 370 καὶ
521 329 576 377 εἷς
597 324 728 371 Κάνιν
765 325 1053 387 (ἅρχοντάτις
1075 328 1208 388 εἴποι)
1243 330 1514 385 καταστάντι,
1547 331 1592 382 ὃς
1622 335 1690 375 καὶ

234 403 278 442 ἐκ
299 399 497 442 Κασπίων
519 395 716 440 πυλώνων
735 397 908 441 ἄνιστῶν
931 398 977 440 τὸ
1000 398 1123 448 ἔθνος
1145 399 1320 448 ἐξελθεῖν
1341 405 1584 457 θαρρῆσαν,
1621 403 1688 450 καὶ

234 468 372 523 σφίσιν
399 466 458 508 ἀεὶ
487 466 533 508 τὸ
563 470 677 509 νικᾶν
703 464 912 519 ὖπετίθει,
958 468 992 509 εἶ
1019 468 1248 517 τοῖς,ἷδίοις
1273 465 1409 520 νόμοις
1440 469 1685 524 προσέχοιεν.

234 536 271 578 οἱ
293 534 334 576 δ’
358 530 463 588 ἦσαν
486 542 572 584 τοῖς
592 533 737 590 ἆβροΐς
765 535 1013 590 ἀπέχεσθαι,
1050 542 1137 585 τοῖς
1155 540 1346 589 τυχοῦσιν
1367 536 1605 592 ἀρκεῖσθαι,
1639 536 1687 579 τὸ
1767 531 1812 599 ,ς’

233 602 483 660 φιλάλληλον
506 603 629 658 ἔχειν,
665 604 713 646 τὸ
741 602 968 658 αὐτόνομον
994 604 1353 661 ἀποστρέφεσθαι,
1387 605 1434 650 τὸ
1459 606 1720 652 κοινωνικόνό
1777 601 1780 604 ’

232 670 515 724 ἀσπάζεσθαι,
547 672 594 715 τὸ
626 674 754 727 μηδὲν
788 675 876 729 περὶ
907 674 1001 725 βίου
1029 671 1238 725 σπεύδειν,
1270 673 1315 716 τὸ
1338 672 1488 723 πάσαις
1501 679 1688 730 χρῆσθαι

231 747 406 797 τροφαῖς
425 742 552 796 μηδὲν
576 745 657 783 τῶν
680 739 867 796 βεβήλων
889 741 1075 795 ἔχοντας,
1112 741 1158 783 τὸ
1183 740 1335 798 γυναιξὶ
1360 750 1554 785 συνοικεῖν
1575 745 1688 786 πλεί-

179 814 212 848 D
236 826 373 863 σταις,
414 811 479 851 καὶ
514 808 684 858 ταύταις
713 811 1060 865 προσανατιθέναι
1090 810 1161 853 τὸν
1193 815 1274 853 τῶν
1308 810 1537 866 ἀναγκαίων
1567 828 1686 866 πορι-

232 876 362 932 σμόν,
396 876 451 927 ὥς
482 877 567 933 ἅμα
595 879 669 931 μὲν
699 877 744 920 τὸ
775 878 886 933 γένος
914 876 1202 932 πληθύνεσθαι
1235 877 1322 931 ἅμα
1352 879 1394 921 δ’
1421 879 1521 933 ἔχειν
1539 881 1607 921 καὶ
1630 873 1686 922 ὧν

230 946 405 998 δέοιντο,
436 946 483 988 τὸ
506 948 634 1002 μηδὲν
657 951 739 988 τῶν
760 946 866 988 καθ’
893 945 1120 989 ὑπόστασιν
1143 951 1433 1002 προσκτᾶσθαι
1453 945 1685 1002 κτημάτων,
1699 957 1744 992 10

228 1015 335 1070 μηδ’
360 1014 540 1069 ἐμμένειν
567 1016 781 1068 κτίσμασιν
810 1015 956 1067 οἴκων,
991 1015 1095 1058 ἀλλὰ
1124 1017 1382 1069 μεταβαίνειν
1405 1018 1470 1057 καὶ
1487 1033 1688 1072 μεταφοι-

221 1088 304 1125 τᾶν
324 1083 426 1138 πρὸς
447 1082 493 1125 τὸ
511 1081 737 1139 χρήσιμον,
770 1082 844 1125 κᾶν
861 1085 978 1138 χρεία
1006 1088 1164 1139 τροφῆς
1183 1083 1242 1137 εἴη
1264 1100 1347 1140 τῳ,
1381 1083 1504 1141 ὀϊστῷ
1527 1084 1689 1138 χρωμέ-

228 1168 323 1200 νους
353 1155 493 1205 θηρᾶν
525 1151 549 1206 ἢ
577 1153 644 1193 καὶ
666 1151 736 1194 τὸν
754 1153 880 1193 ἵππον
909 1153 1190 1200 ἔκκεντοῧντας
1214 1152 1394 1206 ἓκροφᾶν
1417 1153 1615 1204 αἳζιιατος,
1653 1154 1688 1194 εἲ

188 1232 190 1237 “
228 1221 277 1262 δέ
303 1236 362 1277 τῳ
394 1220 461 1261 καὶ
494 1220 792 1275 στεγανωτὲρας
815 1220 1005 1275 προσδέοι
1026 1224 1209 1275 τροφῆς,
1237 1219 1389 1277 ἔγκάτῳ
1411 1220 1494 1269 οἷὸς
1514 1220 1560 1262 τὸ
1583 1218 1686 1274 αἷμα

173 1293 206 1327 Ε
231 1288 513 1343 συγκλείοντας
545 1286 624 1329 ὑπὸ
654 1287 727 1341 τὴν
758 1289 975 1343 ἐφεστρίδα
1015 1287 1197 1339 τιθέναι,
1240 1286 1294 1336 ὥς
1331 1286 1518 1330 ἐντεῦθεν
1541 1288 1739 1344 μικρόν15

224 1356 433 1398 συσταθὲν
469 1357 512 1396 ἐκ
543 1360 618 1409 τῆς
647 1356 800 1396 ἐκεῖθεν
829 1353 1086 1410 θερμότητος
1114 1358 1273 1397 δεῖπνον
1300 1358 1517 1408 τίθεσθαι,
1549 1356 1624 1402 κῖίν
1645 1357 1688 1398 τί

223 1442 302 1466 που
336 1421 459 1480 ῥάκος
493 1421 668 1476 ἐντυχών
695 1439 757 1471 τις
783 1421 918 1478 εὕροι,
969 1421 1224 1478 ἕπιρράπτειν
1259 1427 1308 1479 τῇ
1338 1420 1566 1479 ἀμπεχόνῃ,
1607 1423 1684 1466 κᾶν

224 1491 311 1535 οἶον
340 1493 464 1534 ἐκεῖνο
487 1493 553 1533 καὶ
573 1487 621 1548 ᾖ,
664 1489 783 1546 κᾶνῆ
807 1488 1014 1546 ἀμπεχόνη
1034 1492 1092 1546 μὴ
1114 1491 1242 1533 δέοιτο
1282 1489 1335 1548 (ὃ
1357 1492 1400 1533 δὲ
1419 1489 1592 1543 σκοπός,
1628 1489 1684 1541 ὥς

223 1561 273 1604 ἂν
294 1562 360 1603 καὶ
384 1559 478 1604 ἄνευ
493 1562 634 1617 χρείας
654 1564 777 1603 τοῦτο
800 1565 1032 1613 ποιοῦντες,
1066 1561 1128 1602 ἐπὶ
1159 1563 1232 1614 τῆς
1257 1560 1394 1616 χρείας
1415 1567 1539 1603 ποιεῖν
1557 1554 1683 1616 ἄναγ-

313 1694 347 1730 4.
370 1695 444 1730 τῶν
466 1691 621 1740 ἆβρῶνῒ

219 1808 402 1849 ferrarius,
426 1820 467 1842 ex
491 1807 648 1842 officinae
671 1819 712 1842 ac
733 1806 882 1842 fornacis
898 1807 1039 1852 fuligine
1062 1807 1098 1841 in
1121 1805 1296 1851 imperium
1319 1805 1503 1851 productus
1527 1809 1562 1840 et
1580 1805 1682 1840 Canis

220 1855 432 1889 declaratus:
469 1855 518 1888 sic
540 1854 590 1887 illi
614 1854 799 1900 principem
830 1854 1012 1898 appellant.
1058 1854 1112 1887 hic
1135 1856 1268 1897 gentem
1294 1852 1459 1886 excitavit
1481 1853 1578 1885 istam
1602 1856 1641 1885 ut
1661 1863 1681 1884 e

221 1901 356 1945 Caspiis
380 1899 487 1945 portis
510 1900 646 1944 prodire
668 1911 734 1933 non
758 1899 946 1939 dubitaret,
977 1899 1129 1944 polliceri
1162 1909 1282 1940 ansus,
1314 1908 1524 1943 quocumque
1558 1897 1679 1931 bellum

219 1947 405 1988 inferrent,
437 1956 603 1991 nunquam
634 1944 777 1979 victoria
808 1945 1034 1987 fraudandos,
1067 1945 1098 1979 si
1119 1944 1249 1988 legibus
1271 1955 1292 1978 a
1315 1955 1353 1977 se
1376 1943 1556 1988 propositis
1580 1953 1682 1976 accu-

222 1997 296 2026 rate
329 1992 549 2026 observandis
583 1995 749 2025 attentam
780 1990 983 2032 diligentiam
1013 1990 1256 2035 impenderent.
1302 2001 1429 2022 summu.
1460 1989 1571 2032 legum
1594 1989 1681 2022 haec

220 2042 306 2071 erat.
345 2037 483 2071 delicias
516 2044 724 2072 aversantur.
769 2035 876 2070 obviis
907 2036 1056 2070 contenti
1092 2039 1202 2069 sunto.
1249 2041 1384 2068 mutuae
1415 2035 1588 2069 societatis
1621 2045 1681 2067 ca-

220 2084 357 2118 ritatem
388 2088 555 2117 sen-anto.
605 2083 763 2127 privatim
792 2082 857 2116 sibi
889 2094 951 2126 pro
983 2082 1122 2116 arbitrio
1154 2082 1328 2114 consulere
1349 2082 1492 2114 vitante.
1541 2079 1624 2112 nibil
1645 2079 1680 2113 in

219 2130 291 2164 vita
324 2129 482 2172 victuque
514 2129 715 2174 exquisitum
747 2128 942 2163 affectanto.
989 2128 1073 2162 cibis
1095 2127 1359 2171 quibuscumque
1383 2127 1454 2160 sine
1477 2125 1592 2160 mundi
1613 2125 1679 2159 im-

219 2175 376 2210 mundive
409 2174 603 2209 discrimine
624 2178 773 2208 utuntor.
819 2185 942 2208 uxores
965 2174 1062 2208 simul
1087 2173 1247 2218 plurimas
1271 2173 1443 2214 babent03
1484 2178 1520 2206 et
1543 2171 1594 2205 his
1619 2182 1678 2204 cu—

219 2233 291 2255 ram
322 2221 551 2266 parandarum
582 2232 692 2255 rerum
725 2219 768 2254 ad
798 2219 923 2253 victum
953 2220 1179 2264 vestitumque
1211 2218 1342 2252 utilium
1366 2217 1563 2252 mandante:
1600 2216 1680 2250 inde

219 2266 532 2311 multiplicationem
571 2267 703 2311 genti5‚
747 2265 895 2300 indidem
929 2265 1195 2300 necessariorum
1229 2264 1475 2299 abundantiam
1507 2266 1679 2297 nacturos.

219 2312 434 2358 praediorum
470 2325 511 2346 ac
542 2313 605 2346 soli
634 2311 865 2356 possessiones
897 2316 1129 2357 aspernantur.
1176 2310 1380 2344 fabricandis
1421 2309 1572 2344 domibus
1613 2319 1680 2342 non

219 2359 457 2392 immorantur:
491 2358 596 2392 vitam
627 2357 842 2392 desultoriam
873 2357 949 2391 hinc
982 2358 1081 2398 illuc,
1114 2367 1314 2401 quocunque
1336 2355 1466 2390 utilitas
1490 2353 1680 2395 vocaverit,

218 2403 355 2438 assidue
384 2403 635 2446 migrabundam
668 2404 858 2438 adamanto.
904 2404 963 2438 ubi
996 2403 1088 2438 cibus
1120 2403 1291 2445 defuerit,
1325 2407 1385 2436 aut
1407 2400 1533 2445 sagitta
1556 2404 1592 2434 et
1615 2411 1680 2434 ve-

219 2454 302 2483 natu
326 2454 489 2493 parante,
522 2454 580 2483 aut
603 2454 699 2484 secta
723 2449 801 2494 equi
824 2461 913 2484 vena
936 2449 1130 2494 sanguinem
1165 2451 1321 2492 suguuto.
1368 2448 1397 2481 si
1421 2445 1571 2482 solidiori
1593 2455 1678 2490 opus

217 2494 375 2530 alimento
404 2494 466 2536 sit,
499 2494 693 2530 intestinum
723 2495 796 2529 ovis
826 2496 989 2540 sanguine
1023 2495 1193 2540 oppletum
1218 2495 1280 2528 sub
1304 2493 1493 2538 ephippium
1517 2494 1677 2537 ponunto.

219 2540 270 2575 sic
292 2551 387 2574 mora
410 2546 602 2574 concretum
630 2546 666 2576 et
688 2541 745 2575 illo
770 2541 881 2575 calore
903 2547 1035 2576 coctum
1058 2540 1276 2584 sanguinem,
1308 2551 1381 2574 cum
1404 2537 1563 2572 vescendi
1586 2536 1676 2570 desi-

219 2586 347 2620 derium
371 2585 488 2627 suerit,
508 2591 661 2620 voranto.
695 2586 896 2632 ubicumque
920 2587 1024 2622 cuivis
1048 2586 1150 2632 panni
1173 2590 1232 2620 aut
1255 2586 1352 2631 pellis
1376 2585 1507 2618 lacerae
1521 2593 1674 2626 segmen-

218 2636 288 2666 tum
312 2633 401 2666 forte
423 2631 590 2665 abiectum
613 2632 811 2673 occurrerit,
834 2633 1002 2668 sublatum
1025 2633 1138 2667 statim
1165 2631 1264 2672 vesti,
1288 2643 1356 2676 qua
1371 2629 1508 2674 tegitur,
1533 2627 1674 2666 assuim,

218 2677 353 2712 etiamsi
373 2677 462 2711 bona
494 2677 540 2711 sit
571 2690 633 2712 nec
664 2682 758 2712 sarto
790 2684 900 2723 egeat.
946 2678 1100 2713 nimirum
1131 2679 1195 2712 hoc
1227 2677 1312 2711 citra
1339 2675 1575 2710 necessitatem
1598 2672 1676 2706 fieri

218 2724 338 2758 iubens
369 2723 405 2757 id
438 2724 584 2767 agebat,
617 2727 674 2764 ut,
710 2735 786 2757 cum
817 2736 903 2769 opus
933 2726 1042 2768 soret,
1076 2724 1238 2758 neminem
1271 2722 1416 2767 puderet
1450 2719 1675 2753 indumentum

219 2780 318 2802 manu
342 2781 403 2803 sua
426 2769 598 2814 proprium
620 2769 750 2804 sarcire
774 2773 809 2802 et
833 2770 1078 2804 consarcinatis
1105 2781 1166 2814 per
1190 2769 1420 2803 veteramenta
1443 2765 1536 2799 novis
1559 2768 1677 2798 assuta

218 2814 340 2859 pannis
362 2814 482 2849 vestiri
505 2815 712 2849 centonibus.
759 2826 861 2859 porro
894 2816 944 2849 his
971 2815 1295 2860 praescriptionibus
1317 2812 1478 2858 sperabat
1500 2815 1677 2844 assecutu-

218 2870 294 2894 rum
316 2871 355 2894 se
375 2865 418 2894 ut
437 2860 488 2894 sui
509 2873 636 2897 summa
658 2861 752 2896 vitae
774 2861 958 2895 securitate
982 2863 1199 2903 fruerentur,
1229 2859 1470 2905 expeditosque
1493 2856 1536 2891 ad
1559 2859 1676 2890 nutum
