1884 3262
442 211 517 254 DE
550 210 824 254 MICHAELE
858 212 1231 257 P'ALAEOLOGO
1268 214 1316 257 L.
1350 213 1428 260 VI.
1563 212 1660 259 431

196 321 440 377 ἐκλαμβάνει
458 357 473 377 ,
529 326 596 367 καὶ
633 327 841 379 Λαχανᾶς
877 325 1069 368 ἐντεῦθεν
1109 327 1338 381 φημίζεται.
1421 319 1542 380 οὗτος
1580 330 1666 369 τῶν

193 394 345 448 χοίρων
386 394 582 446 ἐπιμελῶς
624 393 725 447 ἔχων
768 392 917 435 ἑαυτοῦ
954 395 1166 449 κατημέλει
1188 427 1201 444 ,
1257 393 1348 451 οὔτ’
1389 395 1452 436 ἐπὶ
1490 402 1666 450 τροφαῖς

198 460 294 503 οὔτ’
327 461 399 504 ἐπ’
438 459 659 514 ivai-paam
686 459 1011 515 ἀσχολούμενος,
1058 461 1173 520 μόνῳ
1203 462 1246 505 δ’
1277 462 1391 520 ἄρτῳ
1418 463 1579 515 ἀποζῶν
1598 465 1664 505 καὶ
1688 470 1715 504 Ρ
1738 468 1806 504 295

198 529 353 585 ἀγρίοις
374 527 566 584 λαχάνοις
583 529 806 584 ἀπερίττως
828 528 904 584 εἶχε
925 531 991 572 καὶ
1013 529 1188 585 ἀφελῶς,
1226 533 1292 572 καὶ
1315 531 1417 584 πρὸς
1435 532 1533 581 τούς
1555 530 1666 574 ἑταί-

164 606 298 651 5ρους
317 601 383 640 καὶ
405 598 556 648 αὐτοὺς
577 598 673 640 κατ’
706 600 854 640 ἐκεῖνον
883 597 1004 647 ὄντας
1033 596 1093 647 οἷς
1117 597 1259 654 διεξῄει
1290 598 1505 651 πολλάκις,
1542 602 1667 654 δῆλος

198 663 249 720 ἦν
267 665 423 722 μεγάλα
451 669 541 721 περὶ
564 664 712 709 ἑαυτοῦ
744 664 1061 722 φανταζόμενος.
1134 667 1173 708 οἱ
1194 668 1239 708 δὲ
1266 666 1341 720 οὐχ
1360 661 1484 720 ἦττον
1504 669 1667 724 κατεγέ-

198 739 280 777 λων
298 734 322 788 ἢ
345 735 427 789 μὴν
449 736 671 778 ἐπίστευον.
744 736 931 777 ἐντεῦθεν
953 736 1102 784 ἐκεῖνος
1123 733 1334 784 τοιαύταις
1355 735 1429 777 οὐκ
1451 735 1535 778 οἶδ’
1566 734 1668 779 ὁπό-

197 808 275 845 θεν
294 805 424 845 ἐλπίσι
446 805 697 858 μετεωρίσας
720 803 792 845 τὸν
811 807 908 845 νοῦν
933 801 1065 861 ἑαυτῷ
1089 811 1297 858 προσεῖχε,
1338 806 1404 845 καὶ
1426 804 1546 858 εὐχὰς
1564 804 1666 847 ἀπε-

198 873 316 913 δίδου
340 876 426 929 θεῷ
451 869 505 921 ὥς
535 871 636 925 ἔχων
666 871 804 924 ἔτυχε·
839 875 919 913 ποῦ
949 871 1027 927 γὰρ
1058 873 1191 930 ἐκείνῳ
1218 871 1342 925 μετὸν
1364 874 1431 914 καὶ
1448 875 1574 915 θείων
1594 877 1667 915 λο-

147 957 188 989 10
199 940 293 995 γίων
319 938 394 982 κᾶν
415 940 477 981 ἐπὶ
497 943 609 990 νοῦν,
647 940 688 981 ἓν
707 947 792 988 τοῖς
809 938 947 994 ἀγροῖς
967 940 1036 982 ἴσα
1057 942 1123 981 καὶ
1141 948 1226 989 τοῖς
1244 940 1347 996 παρ’
1368 941 1496 983 αὐτοῦ
1512 948 1666 993 βοσκο-

198 1008 336 1061 με’νοις
370 1010 525 1061 χοίροις
555 1007 604 1049 τὸ
636 1005 832 1061 παράπαν
863 1009 1180 1066 ἐκδεδιῃτημίνῳ
1211 1011 1291 1050 καὶ
1313 1008 1476 1065 ἀφελῶς
1510 1009 1664 1064 ἐχοντι;
1688 1016 1718 1050 Β

199 1074 374 1124 σύννους
405 1071 478 1118 οὖν
507 1075 558 1118 τὰ
589 1075 723 1118 πολλὰ
752 1073 924 1130 διάγων,
971 1078 1037 1117 καὶ
1072 1076 1189 1118 οὐδὲν
1217 1074 1424 1132 προύργου
1451 1079 1666 1131 τιθέμενος

196 1148 272 1198 τῆς
304 1144 406 1199 πρὸς
435 1141 565 1198 ἀρχήν
598 1161 689 1186 τινα
717 1142 1030 1196 καταστάσεως,
1081 1143 1274 1194 πολλάκις
1305 1145 1356 1187 τὰ
1387 1145 1493 1188 αὐτοὶ
1519 1145 1663 1203 διεξῄει

196 1219 283 1261 τοῖς
302 1209 494 1268 ἀγρόταις
529 1214 692 1261 ἐκείνοις
726 1214 792 1254 καὶ
820 1218 1069 1268 συφορβοΐς,
1108 1211 1232 1268 ἁγίων
1262 1213 1375 1264 τινὰς
1396 1215 1581 1268 ἐντυχίας
1597 1216 1664 1258 λε’-

145 1294 186 1329 15
199 1298 280 1337 γων
296 1283 363 1323 καὶ
383 1278 668 1335 παρακινήσεις
687 1281 761 1330 τὰς
781 1280 883 1335 παρ’
908 1282 1066 1324 ἐκείνων
1087 1283 1141 1331 εἷς
1156 1281 1178 1324 ὃ
1199 1287 1415 1338 κινηθῆναι
1436 1285 1501 1324 καὶ
1516 1283 1666 1332 ἔθνους

199 1348 334 1404 ἄρξαι.
404 1354 536 1391 ταῦτα
567 1347 760 1398 πολλάκις
800 1348 955 1399 διεξιών
995 1348 1236 1394 ἐπιστεύετο.
1306 1353 1372 1392 καὶ
1413 1350 1492 1405 ἤδη
1530 1351 1665 1401 ἄλλως

198 1424 414 1473 προσεῖχον
440 1417 555 1475 αὐτῷ
578 1416 602 1472 ἢ
635 1415 690 1467 ὥς
720 1415 870 1460 &iduu-
907 1417 981 1472 τὴν
1002 1418 1079 1472 γὰρ
1106 1420 1365 1474 προθεσμίαν
1383 1419 1496 1474 ἔγγὺς
1514 1418 1660 1474 ἐδήλου
1685 1433 1716 1467 c

198 1490 273 1528 τοῦ
292 1489 527 1541 κινηθῆναι.
596 1490 694 1540 μιᾶς
716 1481 788 1529 οὖν
818 1485 865 1528 τὸ
890 1490 963 1540 τῆς
993 1484 1122 1543 ὁρμῆς
1143 1485 1338 1542 σύνθημα
1361 1489 1486 1542 λέγων
1507 1492 1662 1543 λαβεῖν,

290 1605 343 1639 10.
368 1603 453 1649 ἴσα]
477 1601 545 1641 ὅσα
568 1605 608 1639 Ρ.

197 1695 333 1741 linguae
356 1695 459 1730 oleris
482 1697 575 1732 notio
590 1722 601 1739 ‚
633 1696 762 1732 Graeci
795 1697 852 1743 qui
878 1697 951 1732 olus
974 1698 1150 1732 lachanum
1182 1699 1326 1739 vocant,
1357 1696 1480 1738 istum,
1503 1697 1561 1736 ubi
1585 1709 1664 1733 coe-

197 1743 249 1788 pit
271 1742 505 1784 innotescere,
539 1743 701 1777 bominem
727 1743 907 1777 Laebanae
940 1746 1107 1778 vocabulo
1143 1744 1408 1777 celebraverunt.
1455 1743 1511 1777 hic
1532 1744 1582 1777 ita
1605 1757 1664 1778 so-

197 1787 291 1822 licite
315 1787 432 1821 suibns
455 1788 522 1823 sibi
546 1789 785 1823 commendatis
809 1790 1009 1824 attendebat
1043 1795 1082 1824 ut
1105 1801 1180 1823 sese
1203 1789 1414 1834 negligeret,
1450 1801 1515 1823 non
1539 1801 1664 1824 curans

197 1834 278 1879 quid
301 1835 444 1868 vestiret
475 1839 535 1868 aut
568 1846 635 1880 quo
659 1840 875 1877 vesceretur,
911 1836 1056 1870 naturali
1079 1835 1322 1881 simplicissime
1347 1836 1535 1880 defungens
1557 1836 1662 1878 victu,

198 1880 270 1914 solo
295 1891 382 1924 pane
406 1885 442 1914 et
466 1880 580 1914 herbis
603 1881 795 1924 agrestibus
818 1886 1009 1916 contentus.
1056 1881 1277 1916 familiaribus
1296 1882 1456 1914 utebatur
1478 1881 1601 1916 indolis
1626 1889 1664 1916 et

197 1925 408 1960 educationis
429 1925 546 1960 similis
570 1926 796 1968 homunculis3
828 1928 951 1972 quibus
985 1927 1183 1973 plerumque
1216 1938 1337 1971 magna
1369 1927 1412 1961 de
1435 1939 1473 1960 se
1496 1927 1662 1972 quaedam

198 1971 273 2004 olim
297 1972 412 2005 futura
435 1971 532 2017 quasi
555 1972 742 2006 vaticinans
764 1972 935 2015 iactabat,
958 1985 1062 2020 saepe
1085 1973 1150 2007 illis
1172 1973 1399 2013 irridentibus,
1425 1984 1662 2019 nonnunquam

199 2017 300 2050 etiam
332 2029 399 2051 non
432 2018 533 2062 plane
557 2018 829 2053 detrectantibus
860 2019 1010 2056 credere,
1059 2019 1110 2052 his
1131 2019 1188 2053 ille
1211 2019 1325 2052 nescio
1349 2019 1438 2052 unde
1460 2020 1587 2064 spebus
1610 2020 1662 2052 in-

197 2063 322 2103 flatus,
345 2065 547 2107 gravitatem
571 2064 737 2098 affectare
761 2065 875 2110 coepit
896 2065 1082 2106 insolitam,
1107 2075 1374 2109 componereque
1397 2076 1435 2097 se
1457 2064 1490 2097 in
1514 2064 1661 2108 speciem

198 2108 461 2151 sanctimoniae,
494 2109 657 2154 colligens
693 2110 834 2144 subinde
864 2112 1026 2152 animum,
1069 2118 1103 2144 et
1132 2111 1231 2143 deum
1262 2109 1423 2143 invocans
1455 2110 1578 2154 quibus
1610 2110 1662 2144 uti

199 2157 336 2197 poterat
356 2155 513 2199 precibus
540 2156 635 2190 bomo
659 2156 810 2190 funditus
836 2157 940 2190 omnis
965 2155 1186 2190 institutionis
1212 2156 1326 2196 rudis,
1357 2154 1486 2200 quippe
1509 2155 1544 2188 in
1566 2156 1660 2200 agris

199 2209 336 2242 semper
357 2205 512 2234 versatus
534 2202 713 2246 pascendis
735 2203 886 2236 intentus
910 2203 1033 2247 porcis.
1081 2201 1271 2246 apparebat
1292 2200 1397 2244 igitur
1430 2203 1504 2234 fere
1528 2204 1660 2246 cogita-

199 2244 353 2286 bundus,
376 2246 488 2279 verbis
510 2258 614 2292 saepe
636 2247 831 2289 significans
863 2250 1001 2282 voluere
1022 2259 1060 2281 se
1092 2247 1200 2280 animo
1227 2246 1340 2279 nescio
1364 2257 1465 2291 quam
1488 2247 1661 2281 machina-

199 2290 324 2323 tionem
348 2291 430 2325 novi
453 2292 677 2327 constituendi
702 2294 932 2339 principatus,
957 2305 1054 2338 quem
1078 2293 1176 2338 quasi
1204 2293 1246 2325 ad
1269 2302 1407 2336 scopum
1430 2296 1508 2326 acta
1531 2298 1567 2326 et
1589 2304 1661 2327 me-

200 2334 389 2369 ditamenta
412 2341 534 2370 cuncta
557 2349 619 2371 sua
653 2339 828 2383 dirigeret.
877 2340 1091 2383 habebatque
1114 2339 1156 2371 de
1188 2337 1312 2371 talibus
1335 2338 1377 2371 ad
1401 2348 1480 2371 suos
1502 2338 1578 2372 illos
1601 2350 1660 2372 so-

199 2380 295 2414 dales
326 2381 472 2416 rusticos
502 2388 538 2416 et
569 2384 725 2418 subulcos
757 2385 865 2418 serios
889 2395 994 2429 saepe
1015 2394 1204 2425 sermones,
1236 2394 1423 2418 memorans
1445 2383 1532 2418 mira
1555 2384 1662 2419 etiam

199 2427 272 2460 visa
302 2430 338 2460 ct
366 2429 527 2472 quasdam
560 2429 785 2473 apparitiones
816 2435 1028 2471 sanctorum,
1061 2441 1081 2463 a
1111 2430 1232 2474 quibus
1263 2429 1389 2474 impelli
1412 2441 1451 2464 se
1473 2430 1590 2464 aiebat
1612 2431 1656 2464 ad

199 2471 314 2516 iugum
349 2473 583 2507 excutiendum
617 2479 653 2508 et
680 2476 742 2509 sibi
774 2476 1000 2520 usurpandum
1025 2475 1136 2519 gentis
1170 2474 1353 2520 imperium.
1399 2475 1564 2510 eiusmodi
1587 2480 1658 2510 tam

200 2529 304 2563 saepe
330 2518 507 2559 disseruit,
535 2526 574 2553 nt
605 2523 820 2565 quantumvis
850 2521 1093 2554 incredibilium
1123 2521 1223 2554 fidem
1248 2522 1387 2555 faceret.
1431 2521 1567 2567 iamque
1590 2521 1659 2555 alio

201 2563 232 2596 ei
259 2564 408 2609 plerique
439 2565 550 2599 studio
582 2577 681 2609 quam
705 2566 798 2611 prius
822 2567 1064 2607 attendebant,
1096 2562 1237 2601 maxime
1267 2577 1342 2600 cuin
1379 2566 1528 2602 ediceret
1554 2567 1660 2602 fatale

201 2613 336 2655 tempus
358 2612 518 2644 decretae
541 2611 607 2645 sibi
631 2612 790 2646 divinitus
812 2613 984 2657 potentiae
1007 2612 1200 2655 imminere,
1233 2624 1377 2658 moxque
1399 2624 1436 2647 se
1461 2618 1659 2658 erupturum

200 2655 235 2688 in
259 2655 332 2689 eius
355 2656 567 2701 arripiendae
590 2662 765 2700 conatum,
798 2669 897 2702 quem
921 2669 1083 2711 prospero
1105 2669 1264 2692 successu
1286 2659 1522 2693 fortnnandum
1545 2658 1662 2694 sciret.

201 2701 246 2734 ad
269 2700 354 2735 baec
376 2703 518 2736 arrectis
541 2702 734 2748 aliquandiu
765 2704 877 2738 subito
900 2705 987 2738 dlem
1011 2704 1258 2749 pronuntiavit,
1290 2716 1357 2749 qua
1389 2705 1442 2738 die
1464 2705 1661 2749 proditurus

203 2751 294 2780 esset
316 2759 335 2781 e
365 2747 506 2782 latebris
530 2754 565 2782 et
598 2756 728 2784 maturo
759 2749 825 2783 iam
850 2750 1022 2795 praeclaro
1045 2755 1168 2796 coepto
1192 2750 1272 2784 felix
1296 2755 1436 2784 auctore
1459 2752 1522 2784 deo
1545 2749 1661 2795 auspi-

203 2791 291 2825 cium
314 2792 467 2828 daturus.
513 2806 609 2828 nemo
638 2795 807 2830 dubitavit
841 2799 900 2830 aut
932 2796 1055 2831 renuit.
1103 2797 1355 2830 conclamarunt
1385 2807 1498 2830 omnes
1521 2795 1663 2830 duceret

204 2847 271 2882 quo
293 2838 414 2883 vellet3
444 2851 483 2875 se
506 2840 667 2876 alacriter
699 2841 734 2876 in
757 2842 886 2876 cunctis
909 2842 1139 2877 obsecuturos.
1184 2853 1248 2877 nec
1269 2843 1364 2876 facta
1385 2841 1485 2876 dictis
1507 2842 1661 2878 abluere.
