1846 3262
240 222 298 267 18
646 220 882 265 GEORGII
923 220 1276 265 PACHYMERIS

233 338 274 378 εἴ
304 334 408 390 μηδ’
442 333 644 387 ἄλλοθεν,
689 333 787 378 ἀλλ’
825 331 897 379 οὖν
925 340 1048 392 νεῦρα
1075 334 1255 389 πολέμου
1285 334 1356 378 τὸν
1376 339 1494 392 σφῶν
1521 338 1698 377 πλοῦτον

188 419 216 453 Β
242 405 411 459 ἔχουσιν.
483 403 586 446 ἀλλὰ
599 400 738 462 χρόνῳ
760 402 930 463 ὕστερον
951 410 1026 459 τῆς
1048 405 1256 458 βασιλείας
1274 400 1581 458 μεταπεσούσης
1601 407 1699 445 Χα-

237 469 359 528 δηνός
378 489 459 523 τις,
495 466 527 530 ᾧ
546 471 598 527 δὴ
615 474 682 515 καὶ
699 472 747 515 τὸ
769 478 842 529 τῆς
863 475 1056 531 ἐπαρχίας
1083 473 1242 527 ἀξίωμα
1266 473 1437 522 ε’σαῦθις
1458 472 1655 526 ἐπέθηκεν
1674 469 1695 514 ὅ

238 544 421 597 κρατῶν,
455 541 506 583 τὰ
536 541 668 584 πολλοὶ
698 541 802 598 παρ’
830 541 963 601 ἐκείνῳ
986 540 1209 596 δυνάμενος
1230 542 1271 592 ἐξ
1288 542 1429 583 αῗτιῶν
1449 538 1546 583 ὅσον
1565 540 1696 583 οὐκέτι

237 607 535 668 ῥηθησομένων
554 609 726 668 (ἐκεῖθεν
745 610 823 668 γὰρ
843 613 911 654 καὶ
929 609 949 655 ὅ
970 611 1112 668 παρὼν
1133 608 1251 666 λόγος
1278 611 1334 659 εἷς
1354 606 1604 651 κατάστασιν
1621 608 1728 663 τὴν5

237 678 472 736 πρέπουσαν
489 676 801 736 ἀναχθήσεται),
839 681 988 730 ἐκεῖνος
1003 680 1140 722 τοίνυν
1161 679 1372 736 συμφέρον
1391 680 1522 720 δοκεῖν
1542 677 1697 720 ἐθέλων

235 744 529 802 συμβουλεύειν
566 751 625 807 τῷ
665 752 830 801 βασιλεῖ
860 746 1164 807 (Παλαιολόγος
1203 747 1244 790 δ’
1274 742 1398 796 οὗτος
1425 741 1475 801 ἦν
1502 744 1694 802 Μιχαὴλ)

237 816 393 870 βουλὴν
423 813 569 872 εἶσᾶγει
598 813 718 871 τήνδε
751 818 818 860 καὶ
849 818 940 860 λίαν
958 819 1185 874 ἐπισφαλῆ,
1222 813 1278 866 ὥς
1298 815 1343 859 τὸ
1364 819 1532 871 πρᾶγμα
1551 814 1695 864 ἔδειξεν

183 902 216 936 c
238 883 422 941 ὕστερον.
492 885 560 928 καὶ
591 886 750 940 δεχθεὶς
784 883 839 936 ὥς
864 888 992 941 δῆθεν
1010 883 1298 942 συμφερόντως
1319 885 1468 939 λέγων,
1498 883 1697 936 πέμπεται

236 955 494 1010 καταπρᾶξαι
512 952 539 996 ἃ
558 951 730 1009 φθάσας
749 953 1026 1008 βεβούλευται.
1084 956 1151 997 καὶ
1175 954 1227 1009 δὴ
1251 953 1417 1002 ἐπιστὰς
1435 952 1589 1006 ταχέως
1610 958 1695 1001 τοῖς
1707 965 1751 998 10

235 1019 375 1071 τόποις
389 1022 455 1080 (οὗ
474 1021 552 1079 γὰρ
568 1018 618 1076 ἦν
638 1022 739 1079 πρὸς
759 1023 811 1066 τὰ
831 1022 1105 1078 ἐπεσταλμένα
1123 1021 1340 1078 βραδύνειν
1353 1021 1457 1071 ὅλως
1477 1020 1602 1063 αὐτὸν
1618 1037 1695 1062 κα-

236 1088 516 1147 ταρξάμενον)
527 1122 541 1143 ,
586 1089 744 1148 ἄνδρας
779 1090 1102 1146 βαθυπλούτους
1140 1090 1269 1146 εὑρὼν
1307 1091 1374 1133 καὶ
1407 1087 1585 1144 κτήμασι
1626 1089 1694 1131 καὶ

235 1158 448 1216 θρέμμασι
466 1160 718 1216 βρίθοντας,
753 1159 961 1218 στρατεύει
989 1159 1161 1210 τούτους
1190 1161 1232 1202 ἐκ
1253 1163 1336 1202 τῶν
1364 1158 1570 1215 σφετέρων
1593 1157 1695 1199 ἐκεί-

233 1245 316 1271 νων
336 1230 402 1271 καὶ
420 1225 479 1278 οἷς
499 1226 520 1271 ὁ
541 1225 714 1271 ἑκάστου
735 1230 827 1283 βίος
846 1228 1160 1286 συνεκεκρότητο
1173 1262 1184 1281 ,
1225 1229 1290 1271 καὶ
1314 1229 1369 1277 εἷς
1386 1224 1693 1284 τεσσαράκοντα

234 1298 471 1351 νομίσματα
490 1301 548 1355 τῷ
573 1295 639 1340 -ἒνὶ
648 1280 940 1351 ’συμποσώσας
953 1331 966 1353 ,
1000 1301 1066 1341 καὶ
1094 1295 1251 1341 τούτων
1269 1297 1317 1339 τὸ
1340 1300 1528 1339 πλεῖστον
1548 1296 1591 1337 ἐκ
1611 1298 1691 1337 τῶν
1703 1305 1745 1340 15

184 1375 216 1410 D
240 1365 395 1418 αὐτοῦ,
431 1364 478 1414 τὸ
495 1365 637 1408 λοιπὸν
665 1369 739 1408 τοῦ
770 1367 961 1417 τεθέντος
984 1367 1146 1420 τέλους,
1180 1365 1253 1409 οὐκ
1273 1366 1406 1421 ὀλίγον
1425 1363 1496 1418 ὄν,
1533 1368 1591 1423 τῷ
1610 1367 1692 1417 βα-

234 1437 373 1492 σιλικῷ
394 1435 560 1492 ταμιείῳ
587 1433 888 1488 εἰσκομίζεσθαι
915 1436 1063 1487 ἔταξεν.
1135 1434 1157 1478 ὃ
1184 1436 1251 1478 καὶ
1273 1433 1481 1491 πραχθέν,
1518 1430 1692 1489 πρώτως

232 1500 456 1546 παθόντων
474 1506 556 1545 τῶν
574 1501 735 1559 ἀνδρῶν
754 1502 780 1546 ἃ
801 1503 875 1546 οὐκ
892 1503 1070 1560 ἤλπισαν
1099 1501 1287 1556 πώποτε,
1325 1501 1521 1545 ἐπέκλασέ
1544 1519 1588 1544 τε
1616 1499 1690 1554 τὴν

233 1571 475 1627 προθυμίαν
527 1570 793 1626 βουλομένοις
811 1604 825 1627 ,
879 1575 946 1616 καὶ
989 1573 1292 1630 καθυφείκεσαν
1340 1575 1413 1626 τῆς
1464 1567 1687 1625 δυνάμεως.

174 1647 207 1683 Ε
233 1638 304 1696 (6)
337 1640 526 1695 ἐντεῦθεν
549 1641 616 1683 καὶ
648 1647 734 1690 τοῖς
753 1644 834 1684 τῶν
851 1644 1027 1698 Περσῶν
1053 1643 1254 1697 μαχίμοις,
1270 1642 1338 1683 καὶ
1362 1637 1488 1695 οῗςβέν
1504 1639 1746 1697 μαχαίρᾳρο

230 1708 279 1751 τὸ
303 1709 387 1763 ζῆν,
419 1711 501 1750 τῶν
521 1706 655 1752 ἄλλων
673 1707 976 1754 ὖποκλιθέντων
996 1718 1080 1761 τοῖς
1102 1708 1307 1765 Τοχάροις
1326 1707 1418 1764 ι’ίρτι
1437 1710 1689 1762 κατασχοῦσι

231 1776 305 1832 τὴν
324 1780 397 1832 τῆς
414 1776 619 1835 Περσίδος
641 1775 782 1836 ἀρχήν,
820 1779 1029 1839 συμφέρον
1049 1777 1176 1824 ἐδόκει
1195 1775 1464 1837 ἀφηνιάζουσι
1479 1772 1690 1835 καταφεύ-

232 1909 330 1944 quam
355 1909 397 1932 ea
418 1897 487 1934 fide
510 1901 743 1944 solverentur,
767 1914 834 1948 qua
855 1905 936 1938 tunc
960 1913 1046 1949 opus
1070 1902 1126 1936 vel
1150 1902 1293 1936 maxime
1325 1900 1441 1934 suerat
1464 1898 1509 1933 ad
1533 1898 1689 1934 excitan-

229 1945 295 1979 dos
326 1944 490 1980 militares
526 1947 674 1992 animos,
706 1952 745 1982 ut
773 1949 901 1984 vellent
934 1954 1038 1995 atque
1070 1948 1236 1983 auderent
1259 1951 1423 1993 quantum
1453 1946 1497 1979 iis
1520 1945 1625 1989 locis,
1652 1950 1689 1979 et

230 1990 439 2036 temporibus
466 1993 624 2037 publicae
655 1995 875 2029 necessitates
907 1996 1104 2041 poscebant.
1151 1998 1265 2029 tamen
1296 1993 1509 2038 aliquatenus
1534 1991 1611 2026 huic
1633 1991 1688 2025 in-

231 2037 404 2071 commodo
436 2038 655 2081 medebatur,
685 2042 776 2086 quod
806 2041 874 2075 illis
906 2042 1124 2076 abundabant
1154 2052 1239 2086 opes
1269 2039 1453 2085 propriae,
1486 2049 1574 2084 quae
1606 2036 1688 2071 belli

226 2094 355 2117 nervos
386 2084 698 2131 subministrarent,
730 2087 838 2121 donec
872 2087 1054 2133 posteriori
1077 2092 1254 2132 tempore,
1276 2086 1310 2119 in
1335 2085 1538 2119 deteriorem
1561 2086 1688 2117 statum

229 2128 374 2174 imperio
398 2130 559 2175 prolapso
577 2158 586 2175 ,
612 2132 794 2167 Chadenus
816 2134 971 2178 quidam,
1005 2133 1059 2168 cui
1084 2139 1118 2168 et.
1142 2133 1382 2178 praefecturae
1402 2131 1604 2175 dignitatem
1628 2129 1689 2163 de-

231 2174 314 2209 inde
349 2175 534 2220 imperator
566 2178 731 2220 contulit,
764 2180 901 2214 multum
937 2180 972 2214 in
996 2181 1072 2214 aula
1103 2179 1234 2224 pollens
1267 2190 1310 2212 ex
1334 2177 1446 2211 causis
1478 2176 1580 2221 paulo
1607 2180 1688 2221 post

231 2221 456 2256 memorandis
483 2222 544 2266 (ab
568 2223 669 2258 huius
693 2225 780 2259 enim
802 2227 971 2260 mentione
993 2230 1110 2260 nostra
1140 2225 1175 2259 in
1197 2236 1291 2259 suum
1316 2224 1415 2258 finem
1438 2222 1582 2257 historia
1603 2233 1687 2267 pro-

235 2267 349 2311 cedet)
375 2267 549 2303 consilium
572 2270 742 2314 suggessit
764 2270 960 2316 imperatori
983 2272 1066 2316 (suit
1091 2273 1121 2306 is
1145 2270 1293 2306 Michael
1319 2268 1563 2314 palaeologus)
1587 2267 1688 2303 valde

233 2312 456 2358 perniciosum
481 2319 604 2349 eventu
626 2317 891 2361 deprehensum,
915 2330 990 2353 cum
1012 2318 1086 2364 ipse
1109 2317 1193 2353 utile
1215 2321 1372 2363 putaret3
1397 2327 1506 2360 eoque
1530 2315 1691 2361 probato,

233 2365 395 2393 executor
417 2359 492 2405 ipse
515 2361 636 2396 missus
659 2368 713 2397 est
735 2364 794 2409 qui
817 2370 985 2400 suaserat.
1031 2376 1137 2410 quare
1168 2364 1198 2398 is
1222 2355 1382 2398 celeriter
1403 2362 1439 2395 in
1462 2362 1539 2396 illas
1562 2360 1688 2395 Orien-

232 2404 311 2438 talis
336 2404 451 2440 limitis
484 2408 659 2451 profectus
696 2420 813 2452 arces,
847 2422 921 2445 cum
944 2411 1109 2456 degentes
1141 2410 1177 2444 in
1199 2409 1242 2444 iis
1264 2407 1451 2454 reperisset
1476 2406 1687 2454 praedivites

233 2450 383 2485 homines
411 2451 600 2487 latifundiis
631 2460 807 2499 agrorum,
838 2468 1048 2502 gregumque
1079 2461 1182 2502 atque
1213 2459 1441 2491 armentorum
1463 2453 1686 2500 proventibus

233 2497 441 2551 opulentos&
461 2498 600 2533 militari
632 2511 736 2535 censu
760 2501 876 2537 habito
895 2503 1048 2549 initaque
1083 2503 1246 2549 pecuniae
1269 2502 1430 2546 cuiusque
1451 2510 1597 2541 summa,
1621 2498 1686 2532 sti-

232 2542 390 2596 pendlum
413 2544 555 2588 smgulis
577 2557 780 2582 nummorum
815 2549 1044 2594 quadraginta
1067 2550 1260 2592 constituit,
1294 2548 1387 2592 quod
1409 2546 1572 2591 reliquum
1596 2549 1686 2587 erat,

232 2589 337 2634 pretii
359 2600 426 2623 non
449 2590 567 2635 parvi,
592 2603 634 2626 ex
659 2593 777 2627 annuis
808 2594 938 2629 illorum
961 2601 1129 2631 tractuum
1152 2595 1393 2640 vectigalibus,
1417 2593 1499 2627 fisco
1523 2591 1685 2636 deinceps

231 2634 411 2680 praecepit
440 2635 550 2671 reddi.
599 2637 676 2672 hinc
706 2639 820 2674 evenit
856 2642 1000 2686 primum
1031 2647 1070 2677 ut
1099 2641 1336 2688 praesidiarii,
1370 2651 1460 2685 quae
1482 2637 1616 2673 minime
1637 2636 1685 2671 ti—

228 2686 387 2716 muerant
410 2681 523 2727 passi,
545 2683 789 2729 frangerentur
812 2687 921 2722 animo
946 2693 981 2722 et
1004 2689 1177 2734 antiquam
1200 2687 1411 2723 alacritatem
1432 2685 1582 2720 bellandi
1606 2694 1685 2728 per-

230 2725 371 2768 derent,
401 2738 567 2774 moxque,
601 2736 639 2764 ut
671 2730 733 2773 fit,
772 2731 907 2767 minutis
938 2734 1046 2779 copiis
1077 2735 1181 2770 multo
1210 2733 1415 2769 infirmiores
1446 2731 1683 2766 redderentur.

226 2772 287 2815 (6)
316 2773 487 2827 ⁸post-haec
510 2774 593 2809 viris
624 2775 772 2811 fortibus
803 2777 894 2813 inter
926 2780 1073 2823 Persas,
1107 2781 1229 2827 quibus
1252 2779 1357 2815 omnis
1384 2777 1523 2812 vivendi
1545 2786 1624 2822 spes
1646 2779 1684 2810 et

228 2817 377 2852 condltio
401 2830 435 2853 ιη
456 2820 558 2855 armis
580 2826 675 2862 erat,
697 2824 846 2858 caeteris
871 2824 1045 2861 inclinatis
1065 2827 1108 2862 ad
1133 2828 1333 2867 Tocharos,
1357 2824 1415 2870 qui
1437 2835 1548 2870 nuper
1572 2824 1684 2868 impe-

226 2861 311 2898 rium
335 2864 514 2901 Persarum
537 2873 763 2915 occuparant,
786 2871 1042 2917 rebellantibus,
1067 2874 1176 2911 visum
1200 2883 1424 2925 opportunum
1447 2882 1501 2915 est
1523 2879 1684 2926 refugere
