1884 3262
563 197 699 241 (Lm.
718 196 755 242 Ῑ.
808 196 1176 243 GLOSSARIUM.
1206 208 1216 224 “·
1516 197 1617 245 537

161 308 343 362 gustinus
363 307 434 348 lib.
453 307 614 357 Quaest.
633 310 690 352 83
714 307 862 360 quaest.
884 311 956 352 16:
984 306 1098 360 quod
1119 315 1252 347 autem
1280 307 1414 347 reru'm
1434 312 1617 348 omnium

161 378 292 404 eausa
318 372 398 415 eet,
427 367 551 403 etiam
569 367 793 418 sapientiae
819 379 916 404 suae
939 378 1069 403 causa
1094 372 1163 407 est,
1219 378 1291 402 nec
1315 380 1498 419 unquam
1518 365 1618 405 deus

160 424 247 461 sine
281 424 495 474 sapientia.
538 423 685 474 igitur
715 425 976 474 sempiternae
1012 436 1114 459 suae
1141 423 1365 473 sapientiae
1392 435 1528 461 'causa
1560 431 1618 462 est

160 480 416 530 sempiterna.
473 478 703 518 Victorinus
737 479 832 517 Afer
860 478 931 517 lib.
959 482 979 520 1
1014 478 1204 516 adversus
1233 478 1395 518 Arium:
1430 481 1619 531 aequalis

152 537 292 588 patri,
321 534 394 572 sed
422 536 554 573 maior
575 542 715 587 paler,
745 533 858 587 quod
884 536 969 586 ipse
995 533 1106 572 dedit
1131 536 1214 586 ipsi
1236 538 1398 583 omnia,
1426 541 1462 574 et
1487 550 1618 574 caus-a

160 599 220 630 est
241 593 322 643 ipsi
330 592 427 643 filio
452 599 500 630 ut
517 593 594 639 sit,
625 599 671 629 ut
694 592 772 630 isto
794 589 912 629 modo
935 592 1002 629 sic.
1059 590 1189 629 utitur
1215 596 1256 628 et
1282 593 1323 631 S.
1344 593 1553 631 Anselmus
1577 589 1617 632 et

159 648 384 687 Richardus
412 648 641 687 Victorinus
662 647 740 686 hoc
769 647 888 686 modo
913 646 1118 697 loquendi.
1176 647 1357 698 quamvis
1381 649 1422 688 S.
1442 649 1616 688 Thomas

162 705 311 757 Opusc.
333 710 471 743 contra
489 705 658 743 Graecos
679 718 766 757 cap.
789 709 810 745 1
834 710 873 742 et
892 704 933 742 in
950 705 1110 742 Summa
1132 706 1152 744 1
1174 717 1215 755 p.
1235 710 1386 755 quaest.
1406 708 1460 747 33
1481 712 1554 744 art.
1576 708 1614 754 1,

161 767 202 800 et
222 762 419 811 Eugenius
436 760 503 800 IV.
521 762 564 799 in
583 761 732 800 Concil.
751 761 924 802 Florent.
942 760 985 798 in
1004 760 1082 801 Lit.
1101 760 1177 799 Vn.
1202 766 1242 798 et
1266 760 1370 799 idem
1390 761 1614 800 Concilium
1637 764 1666 800 P
1687 762 1755 799 365

160 831 254 857 sess.
275 817 346 865 15,
373 818 567 864 doceant,
596 818 702 868 quod
725 817 865 856 Graeci
889 831 1058 855 causam
1077 816 1119 854 in
1140 816 1318 856 trinitate
1338 818 1563 871 appellant,
1591 832 1614 857 a

159 873 310 913 Latinis
328 874 502 913 securius
522 880 563 912 et
579 874 717 913 melius
731 875 981 926 principium
997 873 1091 914 dici

273 928 475 983 αἰψηρη
484 926 667 999 ἀγορή
698 945 737 983 p.
747 933 830 974 268
846 944 886 969 v.
897 933 935 971 9
984 935 1194 998 sumptum
1215 942 1265 969 ex
1278 929 1451 969 Homero
1468 929 1582 969 Iliad.
1590 945 1614 970 τ

160 999 201 1026 v.
221 990 322 1030 276·
356 984 410 1035 nis·
428 985 477 1040 ἄρ
484 983 742 1039 ’ἔφῶνησεν,
772 989 893 1028 λυσεν
911 982 953 1026 δ’
968 981 1124 1039 ἆγορην
1141 983 1346 1038 αἰψηρην,
1376 987 1445 1038 qui
1471 1000 1613 1026 versus

160 1043 268 1081 idem
290 1043 484 1095 repetitur
507 1043 652 1094 Odyss
671 1044 711 1094 β.
766 1043 894 1096 priori
921 1043 1011 1081 loco
1038 1042 1212 1093 explicat
1238 1042 1469 1081 scholiastes
1498 1049 1613 1084 vetus

161 1097 346 1151 αἰψηρην
370 1115 447 1151 την
472 1099 618 1151 ταχέως
643 1095 947 1151 ἄθροισθεῖσαν.
1005 1099 1054 1137 ab
1069 1098 1148 1137 hoc
1167 1098 1351 1137 dissentit
1368 1099 1615 1150 Eustathius,

160 1155 255 1195 dum
275 1156 325 1194 ad
343 1156 541 1206 geminum
559 1156 694 1194 locum
713 1156 857 1208 Odyss.
870 1158 896 1209 β
913 1168 1001 1208 pag.
1017 1155 1126 1197 1444
1147 1155 1206 1194 ed.
1227 1157 1339 1195 Rom.
1357 1157 1414 1195 sic
1433 1163 1615 1196 annotat:

160 1209 344 1266 αἰψηρήν
375 1210 420 1253 δὲ
445 1209 555 1253 εἶπεν
578 1228 655 1254 ουκ
682 1212 937 1260 ἐπιθετικως,
980 1227 1029 1253 ου
1056 1209 1132 1265 γὰρ
1159 1209 1319 1264 αἰψηρή
1348 1211 1453 1253 ἐστιν
1487 1209 1618 1266 ἆγορά

158 1271 290 1318 πᾶσα,
318 1268 634 1337 ἕπιρρηματικῶς
660 1267 705 1309 δὲ
731 1272 881 1336 μᾶλλον
908 1266 999 1309 ἀντὶ
1026 1284 1098 1309 του
1118 1265 1236 1321 ταχύ·
1264 1268 1333 1309 καὶ
1352 1267 1498 1310 ἔστιν’
1477 1284 1617 1323 ομοιον

158 1327 217 1378 τῷ
237 1322 326 1366 τότε
344 1340 413 1378 μοι
430 1321 532 1381 χάνῃ
554 1321 689 1379 εὐρεῖα
708 1322 836 1378 χθών.
892 1325 1002 1365 vides
1024 1324 1093 1363 hic
1111 1325 1256 1363 sentire
1273 1325 1526 1364 Eustathium
1549 1340 1616 1364 so-

158 1382 285 1420 lutam
312 1381 544 1420 concionem
571 1381 748 1420 subitam
774 1382 875 1432 dici,
906 1382 1038 1420 eadem
1058 1382 1250 1420 sententia
1275 1395 1350 1433 qua
1368 1382 1401 1420 si
1420 1383 1616 1421 scribere·

159 1445 228 1477 tur
255 1439 436 1476 solutam
469 1438 623 1486 subito,
652 1437 826 1490 epitheto
857 1438 1034 1478 adve1bii
1067 1451 1229 1476 munere
1258 1439 1467 1490 fungente,
1496 1444 1544 1477 ut
1571 1438 1617 1476 in

158 1494 232 1533 illo
253 1495 332 1534 alio
355 1508 479 1534 versu
497 1502 595 1533 tunc
614 1496 735 1532 tellus
756 1495 859 1533 milii
879 1496 971 1533 lata
993 1493 1196 1544 dehiscat,
1226 1495 1316 1533 lata
1345 1495 1511 1547 ponitur
1539 1508 1616 1546 pro

160 1551 254 1589 late.
310 1551 419 1603 quod
446 1557 486 1590 et
509 1551 689 1589 imitatur
709 1551 923 1602 Virgilius,
952 1552 1048 1590 dum
1073 1551 1121 1590 de
1138 1551 1235 1603 lupo
1254 1552 1308 1589 ait
1326 1552 1521 1604 gregibus
1540 1566 1617 1589 no·-

159 1615 329 1646 cturnus
351 1607 609 1654 obambulat,
637 1613 678 1646 et
708 1607 758 1646 de
787 1609 918 1646 Aenea
948 1623 989 1646 se
1013 1609 1243 1646 matutinus
1266 1608 1424 1660 agebat.
1482 1608 1616 1647 credi-

159 1663 286 1703 derim
315 1664 499 1716 equidem
528 1663 809 1716 Pachymerem
842 1665 965 1716 magis
989 1664 1210 1703 adhaesisse
1239 1665 1364 1716 priori
1386 1666 1615 1711 sententiae,

161 1733 263 1772 quae
288 1718 472 1774 αἰψηρήν
503 1734 640 1761 verum
672 1716 822 1775 ἆγορᾶς
847 1721 932 1761 sive
956 1718 1130 1763 συνόδου
1158 1721 1388 1760 adiunctum
1423 1721 1613 1771 agnoscit.

159 1777 196 1815 is
215 1776 319 1816 enim
337 1783 418 1816 tota
438 1776 514 1816 hac
530 1777 758 1816 narratione
778 1778 873 1817 satis
892 1778 1044 1817 indicat
1065 1791 1105 1816 se
1121 1778 1253 1816 favere
1268 1777 1515 1830 patriarchae
1534 1777 1615 1816 Ar-

160 1833 294 1885 senio‚
323 1840 364 1872 et
393 1833 540 1873 iniuste
574 1834 804 1874 damnatum
834 1841 1007 1887 putasse.
1063 1834 1171 1873 unde
1199 1831 1375 1875 σύνοδον
1397 1849 1418 1872 a
1440 1848 1517 1886 qua
1538 1834 1614 1872 da-

159 1896 320 1930 mantus
353 1897 414 1930 est
443 1888 628 1944 αἰψηρήν
652 1891 857 1942 vocando,
882 1892 991 1930 visus
1018 1897 1076 1931 est
1102 1891 1279 1930 indicare
1307 1891 1483 1930 voluisse
1500 1891 1612 1929 iudi-

161 1947 269 1987 cium
288 1946 394 1986 istud
413 1946 496 1986 eius
513 1948 839 2000 praefestinatum
859 1954 898 1987 et
917 1948 1060 2001 cupide
1077 1948 1273 2000 perlatum
1290 1948 1431 1997 fuisse,
1461 1947 1504 1985 in
1525 1962 1611 1996 gra-

157 2003 258 2043 tiam
288 2003 539 2056 imperatoris
562 2004 826 2044 incumbentis
854 2004 898 2043 in
928 2006 1122 2043 ultionem
1152 2004 1312 2043 duritiei
1347 2003 1611 2068 patriarchae,

159 2059 296 2113 potius
317 2074 437 2112 quam
460 2074 510 2099 ex
528 2062 670 2114 culpae
690 2061 844 2100 merito.
901 2061 1063 2101 adhibet
1083 2067 1122 2100 et
1143 2061 1238 2099 alibi
1254 2061 1359 2100 hanc
1385 2060 1495 2110 quasi
1514 2073 1612 2111 pro-

161 2115 377 2155 verbialem
406 2118 619 2156 formulam
651 2118 933 2170 Pachymeres,
976 2125 1023 2158 ut
1047 2117 1114 2157 lib.
1135 2117 1161 2158 5
1183 2131 1269 2170 cap.
1292 2122 1347 2159 12
1371 2116 1444 2154 sub
1473 2115 1612 2165 finem3

162 2171 234 2210 ubi
260 2185 351 2210 cum
370 2173 484 2211 ambo
511 2174 627 2214 codd.
641 2174 673 2212 B
694 2181 732 2213 et
750 2175 785 2213 A
805 2174 999 2214 haberent
1019 2177 1137 2215 λῦσαι
1158 2172 1201 2214 δὲ
1220 2170 1426 2224 λαιψηρην
1447 2168 1613 2226 οἷγορήν,

162 2227 374 2267 manifesto
398 2228 543 2268 mendo
575 2244 694 2269 manu
729 2232 946 2271 remedium
982 2231 1206 2276 attulimus,
1243 2229 1527 2278 rescribentes,
1567 2235 1615 2267 ut

164 2283 364 2336 oportuit,
402 2287 523 2326 λῦσεν
550 2282 592 2326 δ’
623 2285 806 2339 αἰψηρήν
837 2284 1009 2341 ἀγορήν,
1048 2300 1091 2325 ea
1126 2261 1268 2334 veiba,
1305 2291 1352 2323 ut
1379 2286 1614 2338 plerumque

163 2341 267 2379 solet
294 2339 339 2378 in
366 2354 536 2380 occursu
566 2342 863 2382 abhorrentium
887 2358 911 2382 a
938 2343 1094 2394 vulgari
1122 2355 1221 2392 usu,
1248 2355 1385 2381 secme
1409 2342 1616 2381 omittente

162 2396 354 2437 Vaticano
375 2397 525 2439 codice.

276 2449 570 2502 α’κᾶθιστος
596 2469 636 2507 p.
658 2454 741 2497 257
761 2469 801 2497 v,
822 2458 860 2497 6.
919 2454 1190 2494 celebrabatur
1205 2453 1284 2493 hoc
1300 2454 1444 2493 festum
1464 2449 1615 2494 ακαθι-

162 2522 258 2551 στον
285 2510 435 2548 dictum
464 2513 519 2565 τῷ
547 2508 734 2566 σαββάτῳ
758 2514 832 2563 τῆς
849 2508 1029 2563 πέμπτης
1047 2505 1282 2563 ἓβδομαδος
1287 2513 1358 2561 τῆς
1375 2523 1614 2563 τεσσαρακο-

163 2569 278 2619 στῆς,
305 2567 362 2605 ait
385 2551 538 2605 Rituale
559 2567 819 2606 Graecorum:
848 2567 925 2606 hoc
941 2574 1001 2606 est
1017 2568 1184 2605 sabbato
1204 2570 1370 2620 quintae
1390 2566 1613 2604 hebdoma-

164 2621 232 2660 dis
254 2623 601 2675 quadragesimae.
656 2623 763 2662 unde
781 2630 943 2675 apparet
964 2638 1043 2675 quo
1062 2625 1258 2676 pertineat
1275 2625 1345 2662 illa
1366 2623 1515 2661 mentio
1531 2624 1614 2662 τῶν

165 2676 363 2730 συνήθων
377 2682 568 2730 νηστειῶν
583 2678 840 2744 τελουμένων.
897 2679 1064 2731 origines
1079 2695 1200 2733 porro
1216 2679 1478 2719 institutionis
1495 2678 1610 2716 istius

165 2735 259 2773 festi
285 2737 372 2774 fuse
399 2735 678 2774 disseruntur
666 2749 710 2774 ιιι
727 2737 864 2775 eodem
882 2736 1043 2776 Ritnali.
1098 2736 1195 2775 haec
1215 2750 1367 2775 summa
1383 2741 1454 2774 est.
1511 2747 1609 2786 pro-

164 2791 270 2830 fecto
297 2791 340 2829 in
367 2792 563 2831 Persidem
585 2792 772 2831 adversus
792 2792 993 2832 ΟΙιοετοὸιι
1008 2793 1192 2832 Heraclio
1217 2794 1479 2844 imperatore,
1505 2790 1611 2830 Cha-

165 2859 290 2899 ganus
305 2847 506 2901 Mysorum
521 2854 561 2889 et
578 2847 818 2902 Scytharum
843 2849 949 2901 dux,
979 2855 1102 2903 rupto
1121 2863 1214 2889 cum
1233 2847 1419 2889 Romanis
1440 2846 1609 2897 foedere,
