1884 3262
285 163 384 211 400
701 162 935 206 GEORGII
967 163 1315 209 PACHYMERIS

285 293 399 334 φετο.
467 275 535 316 καὶ
559 272 693 332 ὥσπερ
716 273 755 318 εἷ’
775 291 836 325 τις
858 272 1198 331 κακοσπλάγχνως
1225 273 1644 332 ἴχωνὶπισυμβᾶντος
1663 279 1732 321 καὶ

287 346 412 388 ἄλλου
431 339 665 397 νοσήματος
686 345 855 387 διπλοῦν
875 342 952 398 ἔχει
974 344 1023 387 τὸ
1047 343 1194 400 ι’ίλγος,
1226 346 1293 387 καὶ
1318 344 1367 388 τὸ
1394 343 1592 403 πρότερον
1613 345 1733 396 αι’)’ξε-

236 419 268 454 D
291 430 357 456 ται
376 414 426 467 τῇ
451 415 523 454 τοῦ
544 411 820 467 ἐπιγενομένου
849 410 1138 468 προσκρούσει,
1168 414 1295 456 ἐκεῖνα
1311 411 1366 455 δ’
1391 409 1516 464 αὖθις
1534 413 1638 469 πρὸς
1657 413 1733 456 ἅλ-

286 484 390 534 ληλα
420 478 658 535 διαφέρετον
680 478 783 523 ὥστε
805 479 852 523 τὸ
877 482 1172 536 εἶςθεραπείαν
1198 477 1348 524 τούτου
1369 482 1435 523 καὶ
1453 482 1654 535 συστολὴν
1678 483 1734 531 εἷς

286 547 414 602 αὔξην
441 547 622 603 θατέρου
649 549 831 604 γίνεσθαι
851 551 916 590 καὶ
939 546 1200 604 ἀπαγορεύειν
1217 548 1289 591 τὸν
1311 545 1515 602 κάμνοντα
1525 572 1543 601 ,’
1565 549 1638 592 τὸν
1657 549 1732 591 αὖ·
1745 558 1767 593 5

286 616 357 659 τὸν
387 613 541 671 τρόπον
557 617 623 658 καὶ
641 614 732 659 τότε
754 621 802 673 τῇ
822 621 895 659 τοῦ
923 621 1026 659 θεοῦ
1048 618 1236 677 ἐκκλησίᾳ
1255 616 1474 671 συνέβαινε.
1541 614 1738 673 προόντος

285 684 363 741 γὰρ
380 682 652 744 ἀποχρώντως
667 689 741 727 τοῦ
759 684 864 727 κατὰ
882 685 952 728 τὸν
963 684 1165 741 Ἀρσένιον
1182 686 1422 740 ’σχίσματοςη
1458 686 1737 738 ἐπισυμπίπτει

289 754 356 795 καὶ
388 749 574 808 δεύτερον
603 751 720 806 τόδε,
756 751 858 796 ὥστ’
884 751 985 796 εἶναι
1003 755 1077 806 μὲν
1098 755 1164 796 καὶ
1185 753 1312 810 ἄμφω
1338 753 1389 796 τὰ
1409 753 1576 809 μέγιστα
1598 752 1737 810 ἀρρωα-

287 817 478 876 στήματα
508 822 574 862 καὶ
602 821 650 863 τὸ
677 820 778 877 μέγα
809 825 883 876 τῆς
911 822 1124 877 ἐκκλησίας
1143 826 1263 875 σῶμα
1285 823 1352 864 καὶ
1373 821 1648 864 ἀστασίαστον
1669 817 1736 864 οἶά

287 906 331 932 τε
357 889 720 942 διαλυμαίνεσθαι,
757 889 859 932 καθ’
891 887 997 932 αὖτὰ
1027 891 1072 933 δὲ
1101 891 1168 932 καὶ
1196 891 1291 944 λίαν,
1308 887 1550 944 ἀξύμβατα,
1585 888 1736 939 αὐτοὺς
1749 897 1792 932 10

288 956 334 999 δ’
362 952 487 1007 αὖθις
517 957 615 1006 τοὺς
646 955 837 1012 ἑκατέρας
864 959 1028 1012 μερίδος
1053 958 1156 1013 πρὸς
1178 956 1381 1013 ἀλλήλους
1402 960 1639 1014 διαφωνεῖν,
1668 958 1736 999 καὶ

147 1033 177 1068 P
200 1033 269 1069 272
291 1024 387 1074 τούς
406 1026 479 1078 μὲν
501 1023 631 1075 οὕτως
652 1025 747 1075 τοὺς
768 1027 793 1067 δ
800 1025 811 1040 ’
832 1025 968 1075 ἄλλως
976 1058 990 1078 ,
1027 1028 1093 1068 καὶ
1122 1025 1219 1075 τοὺς
1245 1027 1319 1081 μὲν
1344 1024 1483 1075 ἅπλῶς
1500 1025 1596 1075 τοὺς
1617 1024 1660 1067 δ’
1685 1023 1737 1067 oi·

290 1092 547 1149 κριβέστερον
576 1095 805 1136 διακεῖσθαι
827 1094 891 1136 ἐπὶ
919 1097 979 1152 τῷ
1007 1095 1213 1148 σχίσματι.
1280 1094 1342 1142 τίς
1364 1092 1414 1136 ἂν
1434 1093 1487 1135 τὰ
1504 1091 1595 1135 τότε
1615 1092 1737 1142 ἀξίως

288 1158 513 1216 θρηνήσοι,
547 1159 648 1203 ὅπου
675 1178 718 1217 γε
746 1163 812 1204 καὶ
846 1166 927 1203 πᾶν
955 1163 1020 1203 καὶ
1046 1166 1128 1204 τῶν
1159 1160 1435 1217 ἀπειρημένων
1461 1160 1737 1215 πλημμέλημα

290 1229 409 1272 οὐδὲν
428 1227 555 1271 ἐδόκει
577 1231 643 1271 καὶ
666 1231 721 1278 εἰς
741 1231 984 1284 συγκρίσεως
1001 1226 1119 1285 λόγον
1140 1233 1214 1272 τοῦ
1236 1234 1435 1272 κοινωνεῖν
1452 1225 1712 1283 ἀνεκτότερον
1720 1233 1791 1283 515

289 1297 384 1340 οὐδὲ
415 1296 493 1353 γὰρ
524 1295 621 1339 ὅσον
653 1299 719 1339 καὶ
750 1298 956 1352 πέπρακτο
984 1298 1047 1339 ἐπὶ
1075 1304 1160 1346 τοῖς
1191 1297 1270 1348 ἔξω
1307 1298 1583 1354 διεφημίζετο,
1632 1295 1738 1338 ἀλλὰ

286 1367 558 1421 προσετίθουν
579 1366 700 1408 πλείω
721 1367 786 1408 καὶ
801 1368 995 1422 χείριστα.
1024 1363 1400 1420 ἐπιδαψιλευόμενοι
1417 1371 1502 1414 τοῖς
1520 1363 1737 1415 κακίστοις,

234 1443 264 1478 Β
289 1431 345 1484 ὥς
374 1432 425 1477 ἂν
454 1431 698 1490 ὗπαγάγοιεν
727 1435 794 1477 καὶ
824 1434 895 1477 τὸν
923 1438 1060 1484 ποσῶς
1085 1432 1356 1490 ἡσυχάζοντα.
1422 1430 1468 1476 τό
1489 1449 1531 1489 γε
1551 1432 1629 1490 γὰρ
1656 1436 1738 1475 τῶν

378 1554 432 1590 18.
457 1564 494 1588 τε
504 1553 523 1587 ?

287 1657 519 1693 extendentes.
565 1658 837 1704 augescebatque
871 1657 907 1692 iu
943 1655 1016 1691 dies
1048 1656 1212 1698 schisma,
1245 1654 1294 1690 ita
1316 1657 1355 1689 ut
1377 1654 1435 1701 qui
1457 1653 1532 1689 heri
1555 1665 1619 1689 uon
1642 1652 1740 1688 dubi-

286 1710 395 1740 tasset
429 1705 671 1738 consuetudine
693 1704 745 1738 uti
768 1704 971 1748 cuiuspiam,
1006 1703 1156 1737 eumdem
1180 1701 1277 1736 hodie
1299 1704 1526 1736 aversaretur.
1571 1712 1613 1734 ac
1634 1699 1739 1734 veluti

285 1750 317 1785 si
343 1750 396 1784 cui
418 1749 484 1784 iam
506 1751 592 1783 male
614 1749 756 1784 interius
783 1751 906 1784 affecto
937 1759 1044 1783 novus
1070 1747 1204 1782 aliunde
1226 1747 1364 1792 insuper
1385 1747 1521 1781 morbus
1544 1744 1740 1787 accesserit,

285 1796 477 1839 duplicatur
500 1795 621 1829 misero
645 1795 760 1838 dolor,
797 1800 833 1829 et
854 1794 950 1840 prius
972 1794 1093 1828 malum
1117 1805 1137 1828 a
1163 1792 1417 1838 superveniente
1440 1792 1600 1836 languore
1623 1791 1739 1834 gravi-

283 1840 369 1875 tatis
392 1852 433 1874 ac
455 1841 628 1874 molestiae
651 1844 862 1884 augmentum
885 1839 1028 1883 accipit,
1051 1838 1232 1883 quinetiam
1254 1838 1319 1882 ipsi
1341 1838 1436 1871 ambo
1459 1836 1567 1871 morbi
1589 1840 1741 1880 pugnant

284 1886 374 1920 inter
398 1896 473 1920 sese
495 1886 528 1920 in
548 1885 727 1931 perniciem
749 1886 900 1929 aegroti,
924 1885 1017 1918 cuius
1039 1885 1082 1918 ad
1106 1883 1340 1918 incommodum
1362 1882 1596 1926 miseriamque
1617 1881 1740 1915 redun-

286 1932 347 1966 dat
369 1931 459 1977 quod
481 1942 569 1977 quae
593 1931 742 1965 remedia
764 1930 906 1965 levando
938 1931 1030 1964 forte
1050 1931 1246 1974 languorum
1270 1927 1369 1962 alteri
1391 1928 1486 1962 utilia
1508 1928 1741 1969 admoventur,

289 1977 406 2013 eadem
431 1977 527 2011 simul
553 1976 654 2011 alteri
676 1977 764 2010 vires
788 1975 1016 2016 accumulent,
1051 1974 1103 2009 sic
1125 1975 1179 2009 dei
1199 1973 1363 2008 ecclesiae
1385 1977 1465 2007 tunc
1487 1972 1649 2017 contigit,
1684 1971 1740 2006 cui

293 2035 368 2058 cum
398 2022 464 2056 iam
498 2026 598 2057 antea
628 2022 760 2057 abunde
787 2022 947 2056 malorum
971 2025 1061 2054 esset
1083 2032 1126 2054 ex
1147 2019 1334 2054 Arseniano
1365 2018 1563 2059 schismate,
1597 2018 1740 2052 alterum

294 2069 359 2103 hoc
381 2067 601 2114 supervenit,
630 2079 734 2112 grave
757 2072 935 2113 utrumque
959 2077 1021 2112 per
1043 2077 1119 2101 sese
1143 2065 1282 2107 vulnus,
1315 2064 1375 2099 sed
1397 2063 1540 2110 quodvis
1560 2074 1674 2098 eorum
1697 2074 1740 2098 ex

292 2118 408 2149 mutua
430 2113 594 2148 societate
614 2113 834 2158 importunius
858 2125 899 2147 ac
920 2112 1061 2153 tetrius,
1094 2123 1213 2156 magno
1237 2110 1401 2145 ecclesiae
1423 2120 1589 2164 corpore,
1619 2112 1741 2143 utcun-

293 2172 360 2206 que
382 2165 453 2194 tum
476 2161 517 2194 ab
542 2159 728 2194 haeresium
751 2158 970 2193 seditionibus
990 2158 1118 2199 libero,
1142 2168 1203 2202 per
1225 2157 1286 2190 hos
1308 2156 1467 2200 quosdam
1489 2156 1630 2189 infestos
1654 2154 1743 2188 invi-

294 2217 367 2239 cem
397 2206 543 2240 assultus
575 2204 864 2250 compugnantium
895 2204 987 2238 intra
1018 2203 1089 2237 eius
1130 2202 1263 2237 viscera
1292 2202 1438 2247 pestium
1470 2201 1608 2235 duarum
1646 2198 1741 2234 varie

291 2251 461 2295 discerpto
492 2251 678 2296 misereque
705 2253 865 2285 lacerato.
909 2249 942 2283 in
975 2260 1041 2294 quo
1064 2249 1144 2283 illud
1168 2248 1269 2282 etiam
1297 2247 1503 2292 inopinatum
1527 2245 1740 2287 cernebatur,

291 2301 331 2330 ut
355 2296 411 2341 qui
433 2308 531 2330 unam
553 2296 586 2330 in
607 2300 738 2341 partem
761 2295 968 2330 consensisse
991 2295 1213 2334 videbantur,
1247 2303 1364 2327 rursus
1386 2292 1474 2326 inter
1496 2302 1535 2325 se
1558 2290 1742 2325 contende-

292 2345 392 2382 rent,
415 2353 456 2375 ea
480 2343 522 2376 de
544 2341 666 2388 quibus
689 2345 934 2382 convenerant,
958 2340 1158 2385 quibusdam
1182 2339 1267 2381 hoc,
1291 2337 1455 2372 nonnullis
1479 2337 1546 2371 alio
1567 2335 1665 2371 modo
1686 2335 1740 2370 in-

289 2387 578 2432 terpretantibus,
609 2387 661 2421 his
683 2391 787 2433 caput
806 2389 1053 2421 controversiae
1075 2385 1272 2430 simpliciter
1294 2384 1451 2429 accipere
1473 2381 1656 2422 contentis,
1676 2380 1742 2415 illis

291 2432 444 2467 subtilius
476 2433 729 2466 enucleantibus
759 2434 850 2467 velut
872 2442 1011 2466 arcanos
1045 2430 1119 2465 eius
1144 2441 1279 2470 sensus;
1319 2434 1356 2464 et
1376 2430 1454 2463 dum
1477 2428 1598 2462 obnixe
1621 2426 1656 2459 iu
1678 2437 1741 2460 sua

291 2477 416 2524 quique
438 2477 564 2522 placita
586 2478 800 2520 incumbunt,
822 2477 1001 2512 scissuram
1023 2476 1298 2522 propagantibus.
1343 2475 1420 2520 quis
1443 2475 1526 2508 haec
1549 2483 1612 2517 pro
1632 2471 1742 2515 digni·-

291 2529 366 2558 tate
388 2522 634 2567 deploraverit!
679 2524 737 2557 ubi
762 2528 870 2557 totum
892 2523 1022 2557 demum
1046 2523 1154 2556 scelus
1177 2520 1335 2556 assentiri
1356 2519 1580 2559 renuentium,
1613 2516 1643 2550 si
1665 2516 1742 2561 quis

290 2581 334 2604 ex
355 2580 435 2602 vero
459 2573 632 2610 censeret,
664 2568 745 2602 nihil
779 2580 853 2603 esse
884 2568 1208 2613 deprehenderetur,
1239 2578 1280 2601 ac
1303 2570 1397 2600 certe
1419 2565 1644 2608 comparatum
1667 2572 1742 2596 cum

291 2614 505 2649 incommodis
529 2625 571 2647 ex
595 2614 784 2658 promiscua
807 2625 881 2648 cum
903 2614 997 2659 prius
1020 2612 1180 2648 abscissis
1203 2611 1429 2646 communione
1450 2607 1633 2644 orientibus
1653 2607 1742 2640 tole-

291 2660 431 2695 rabilius
463 2659 682 2704 reperiretur.
728 2671 839 2704 neque
873 2660 961 2693 enim
985 2663 1146 2704 quantum
1170 2658 1263 2692 intus
1284 2657 1319 2690 in
1344 2667 1384 2690 eo
1403 2659 1457 2690 est
1479 2658 1612 2695 actum,
1649 2651 1743 2686 fideli

291 2707 403 2742 famae
435 2704 560 2739 indicio
593 2703 676 2738 foris
705 2704 846 2739 enotuit.
894 2705 1064 2739 addebant
1102 2703 1234 2738 scilicet
1267 2703 1377 2748 palam
1413 2698 1555 2734 ostensis
1586 2697 1745 2732 abstrusa

296 2752 414 2797 plura,
448 2751 630 2794 eademque
652 2749 816 2794 pessima,
852 2750 1010 2784 liberales
1032 2749 1090 2784 isti
1114 2754 1307 2784 extrusores
1329 2744 1487 2780 mercium
1508 2742 1746 2790 pestilentissi-

297 2808 445 2838 marum,
484 2795 607 2842 quibus
638 2794 767 2829 scilicet
791 2794 959 2830 addictius
981 2795 1048 2830 sibi
1069 2795 1314 2838 adiungerent,
1351 2802 1437 2837 quos
1459 2793 1581 2825 natura
1603 2788 1658 2824 vel
1679 2798 1744 2823 usu
