1846 3262
757 212 1059 278 SUMMARIA.
1618 217 1648 261 7

163 318 418 365 Βουκελλάριά
442 331 482 355 τε
501 316 613 365 καὶεὴ
637 321 897 367 Παφλαγονία.
967 320 1107 358 23.τᾶ
1127 321 1303 366 περὶτοῦ
1321 323 1507 367 φανέντος
1532 336 1651 371 κομη-

160 380 227 403 του
243 365 285 403 ἐκ
304 367 426 414 βορρᾶ
445 364 506 402 ἐπὶ
525 367 616 413 μησὶ
633 371 715 410 τοῖς
729 369 894 412 θέρους,
918 368 982 404 καὶ
1012 369 1079 414 τῆς
1108 365 1168 404 ἐπὶ
1195 367 1318 405 δύσιν
1328 369 1563 427 ἐκστρατείας
1576 374 1649 408 τοιῗ

159 412 348 462 βασιλέως.
396 412 460 450 καὶ
483 414 571 458 περὶ
596 415 668 450 τοῦ
687 414 920 470 πατριάρχου
943 413 1136 472 Ἅρσενίου.
1207 414 1267 452 24.
1300 413 1348 452 τά
1365 416 1451 475 περὶ
1471 418 1541 453 τοῦ
1556 417 1646 454 Βέκ-

157 474 228 497 κου
260 460 324 496 καὶ
348 460 562 518 Ξιφιλίνου
591 474 668 496 των
692 461 764 519 τῆς
788 461 981 521 ἐκκλησίας
1005 459 1212 507 α’ρχόντων.
1279 465 1351 519 ιν25.
1385 463 1431 500 τά
1460 462 1544 508 περὶ
1574 466 1646 502 τοῦ

156 507 332 544 Σουλτάν
348 504 554 563 Ἅζατίνου,
574 508 637 543 καὶ
656 506 704 543 τοὶ
721 508 804 553 περι
819 510 896 544 τῶν
919 508 1111 564 Τοχάρων.
1181 509 1240 544 26.
1276 522 1376 552 οπως
1394 508 1599 555 ὑπεδέξατο
1620 509 1644 549 6

155 553 386 600 πατριάρχης
412 552 575 591 ἐλθόντα
601 553 667 590 τόν
694 554 867 601 βασιλέα,
911 555 975 591 και
997 551 1095 614 μεθ’
1123 565 1217 591 οσον
1249 554 1406 614 ἐλέγχου
1423 558 1485 594 καὶ
1516 557 1642 615 ζήλου.

155 603 214 638 27.
237 602 352 647 κῆδος
372 599 434 637 ἐπί
451 613 491 636 τε
508 603 555 648 τῇ
575 601 736 647 θυγατρὶ
756 602 823 648 τῆς
841 599 1028 648 Εὖλογίας
1039 599 1148 648 Ἀννῃ
1167 600 1232 636 καὶ
1249 602 1460 661 Νικηφόρφ
1479 604 1642 653 δεσπότῃ

156 648 228 693 υἱῷ
258 650 327 684 τοῦ
351 647 537 684 δεσπότου
570 648 736 694 Μιχαήλ.
807 650 865 685 28.
899 648 984 695 περὶ
1008 661 1077 685 του
1106 648 1365 695 φημισθέντος
1382 650 1551 696 ψεύδους
1573 644 1639 689 διὸὶ

161 694 340 740 Τοχάρων
356 692 573 741 ἐπιδρομήν
578 695 675 731 κατά
694 695 873 732 Νίκαιαν.

253 766 359 800 ΤΗΣ
385 766 668 801 ΤΕΤΔΡΤΗΣ.
730 766 762 800 1.
793 764 1007 810 δημηγορία
1033 762 1228 821 βασιλέως
1240 763 1338 822 πρὸς
1351 765 1442 807 τοῦς
1459 764 1642 811 α’ρχιερεῖς

152 810 237 854 περὶ
258 812 334 846 ταῖν
348 810 434 847 κατ’
455 809 585 847 αυτόν.
654 812 692 846 2.
717 824 820 853 οπως
838 811 907 847 τὸν
923 811 996 847 τοῦ
1013 812 1202 868 Γαλησίου
1217 807 1354 857 Ἰωσῆφ
1372 812 1466 858 πρός
1482 814 1550 850 τὸν
1566 828 1641 850 πα-

152 856 333 904 τριάρχην
354 857 569 895 ἀπέστελλεν
585 854 604 893 6
623 859 792 916 κρατοῦν,
817 857 937 914 ζητῶν
954 855 1062 894 λύσιν
1076 858 1149 893 τοιΐ
1166 855 1396 903 άφορισμοῦ.
1465 861 1500 896 3.
1534 873 1641 916 οπως

152 905 316 963 λίβελλος
330 906 555 950 κατηγορίας
569 903 665 940 κατὰ
681 905 753 940 τοῦ
768 903 1000 962 πατριάρχου
1021 902 1144 964 ἐδόθη
1160 905 1215 951 τῷ
1239 906 1423 962 βασιλεῖ.
1462 905 1496 941 4.
1532 903 1636 949 ὅπως

151 951 215 987 καὶ
231 948 329 987 ὅπου
346 951 545 1009 ἐζῃτοῦντο
563 965 611 987 τα
631 964 728 987 κατα
745 950 812 988 τὸν
833 949 1064 1008 πατριάρχην
1076 940 1277 1008 Ἆρσένιον.
1340 953 1375 988 5.
1401 965 1502 994 οπως
1524 950 1545 989 6
1562 966 1635 989 πα-

150 995 325 1054 τριάρχης
347 997 442 1043 πρὸς
467 997 618 1056 βασιλέα
639 997 816 1042 ἀφίκοιτο
835 996 940 1034 ’‘al''
917 1012 1020 1040 οπως
1046 997 1152 1042 παρὰ
1168 994 1301 1055 μικρόν
1321 1001 1636 1058 παραλογισθείη.

151 1047 186 1080 6.
221 1057 325 1086 οπως
350 1045 611 1089 συναχθέντων
637 1047 713 1080 τοῖν
739 1044 937 1103 ἀρχιερέων
956 1044 999 1082 τὸ
1017 1044 1156 1080 τέλειον
1172 1043 1327 1102 μήνυμα
1343 1045 1406 1081 καὶ
1427 1044 1488 1082 ἐπὶ
1509 1046 1632 1093 τούτῳ

149 1090 174 1136 ἡ
195 1088 386 1149 ἀπόφασις
402 1091 559 1138 γέγονεν.
629 1093 664 1127 7.
688 1105 789 1133 οπως
808 1090 1038 1133 ἀπελθόντες
1053 1094 1153 1137 τρεῖς
1161 1089 1350 1135 άρχιερεῖς
1367 1090 1407 1137 ἐξ
1421 1091 1634 1151 ἀποστολῆς

149 1138 226 1172 τῶν
247 1136 366 1175 ἄλλων
384 1140 437 1186 τῷ
455 1137 669 1197 πατριάρχῃ
687 1138 735 1174 τά
754 1140 822 1183 τῆς
838 1138 1091 1183 καθαιρέσεως
1106 1137 1386 1195 παρεδήλωσαν.
1456 1141 1490 1176 8.
1530 1153 1632 1181 οπως

148 1183 301 1240 πέμψας
326 1182 346 1222 6
372 1185 555 1243 βασιλευς
573 1176 694 1242 ἐξάγει
720 1185 790 1221 τοῦ
816 1187 1080 1243 πατριαρχειόυ
1111 1183 1181 1221 τόν
1202 1186 1456 1244 πατριάρχην,
1490 1187 1555 1223 καὶ
1584 1186 1632 1222 τά

148 1229 232 1266 τότε
259 1231 466 1277 συμβάντα.
535 1235 571 1269 9
603 1245 707 1273 οπως
728 1233 764 1268 οἱ
764 1234 848 1289 τῆς
865 1230 1052 1277 α’νατολης
1076 1229 1326 1288 πατριάρχαι,
1351 1230 1372 1270 6
1391 1234 1458 1277 τῆς
1473 1229 1633 1278 Ἀλεξαν·

148 1278 277 1320 δρείας
292 1279 356 1314 καὶ
370 1278 608 1323 Ἀντιοχείας,
630 1278 712 1323 περὶ
730 1276 799 1324 τήν
814 1282 1036 1325 καθαίρεσιν
1054 1280 1127 1314 τοῦ
1125 1278 1372 1335 πατριάρχου
1397 1279 1631 1339 διετέθησαν.

149 1325 206 1360 10.
241 1323 346 1366 ὅπως
370 1324 506 1371 ἤθελεν
524 1324 543 1361 ὁ
566 1326 800 1372 πατριάρχης
817 1325 877 1363 ἐπὶ
864 1327 964 1372 ὶτῆς
979 1326 1088 1371 τιμῆς
1113 1339 1167 1360 ων
1190 1323 1462 1362 ἀνακαλεῖσθαι
1483 1324 1536 1369 ὥς
1563 1325 1630 1371 α’ρ-

146 1370 270 1416 χιερέα
295 1371 361 1408 τὸν
382 1372 575 1430 Σάρδεων.
648 1375 704 1408 11.
739 1374 950 1431 δημηγορία
976 1387 1045 1409 του
1073 1371 1250 1418 βασιλέως
1269 1373 1352 1416 περὶ
1370 1374 1444 1409 ταῖν
1466 1374 1630 1418 σχιζομέ-

147 1430 235 1453 νων.
305 1420 362 1455 12.
395 1417 497 1461 ὅπως
519 1419 725 1479 ψηφίζεται
752 1420 771 1456 6
800 1422 868 1461 τῆς
892 1418 1081 1464 Ἀδριανοῦ
1107 1418 1300 1463 Γερμανὸς
1317 1421 1370 1461 εἰς
1389 1420 1433 1456 τὸ
1448 1432 1628 1466 πατριαρ-

146 1468 269 1510 χεῖον,
301 1466 364 1501 καὶ
383 1463 516 1507 ὁποῖος
542 1463 666 1507 οὗτος.
738 1468 793 1503 13.
830 1464 934 1504 οπως
944 1466 1130 1522 ἀνάγεται
1147 1466 1342 1508 Γερμανὸς
1368 1468 1421 1507 εἰς
1444 1479 1627 1526 πατριαρ-

146 1514 266 1556 χεῖον,
301 1513 371 1567 καὶ,
395 1514 432 1548 τί
459 1511 735 1568 διαπράττεται.
808 1513 863 1549 14.
901 1512 1005 1553 ὅπως
1030 1509 1100 1546 τὸν
1120 1510 1334 1556 Ολόβωλον
1358 1514 1576 1559 μεταγαγών
1605 1511 1626 1550 6

146 1557 427 1605 πατριαρχεύων
448 1561 502 1602 εἰς
528 1560 598 1606 τήν
620 1560 692 1595 τοῦ
710 1560 809 1596 θεοῦ
835 1557 1031 1606 ἐκκλησίαν
1060 1555 1228 1605 όφφικίφ
1249 1557 1408 1606 ῥήτορος
1434 1558 1541 1605 ἐτίμα
1561 1561 1625 1598 καὶ

143 1696 249 1741 plane
279 1696 442 1741 perditae
473 1668 790 1741 Maryandenorum
820 1696 1091 1742 nuceum-taque
1125 1701 1158 1732 et
1190 1696 1446 1742 Paphlagonia.
1496 1699 1554 1734 23.
1578 1698 1623 1733 de

144 1747 278 1778 cometa
302 1754 343 1777 ex
363 1748 468 1788 parte
490 1743 635 1778 Boreali
656 1749 849 1788 apparente
881 1745 1053 1779 mensibus
1074 1744 1238 1786 aestivis,
1271 1745 1381 1789 deque
1403 1745 1622 1788 expeditione

143 1786 363 1834 imperatoris
384 1791 422 1824 in
433 1790 674 1831 Occidentem
697 1791 844 1836 deniqne
867 1792 912 1826 de
936 1791 1084 1825 Arsenio
1095 1790 1314 1835 patriarcha
1360 1788 1418 1827 24.
1443 1791 1487 1825 de
1517 1791 1622 1826 Vecco

145 1840 181 1870 et
205 1835 383 1880 Xiphilino
402 1837 594 1881 primarias
615 1840 859 1881 praefecturae
891 1838 929 1871 in
961 1837 1105 1871 ecclesia
1129 1837 1341 1882 gerentibus.
1388 1837 1447 1872 25.
1473 1837 1516 1871 de
1540 1839 1621 1872 Sul-

143 1887 228 1917 tane
251 1883 400 1916 Azatino
425 1888 459 1917 et
481 1884 526 1918 de
551 1884 728 1918 Tocharis.
772 1885 830 1920 26.
855 1889 894 1919 ut
917 1884 1087 1929 exceperit
1109 1884 1315 1927 patriarcha
1336 1883 1538 1918 redeuntem
1553 1885 1620 1918 im-

139 1933 359 1973 peratorem,
382 1941 487 1974 quam
511 1930 587 1964 acri
608 1930 872 1974 reprehensione
896 1942 938 1965 ac
959 1932 1046 1966 zelo.
1091 1931 1149 1966 27.
1173 1931 1333 1974 affinitas
1355 1930 1447 1964 inter
1467 1931 1619 1975 impera—

142 1980 250 2009 torem
271 1979 307 2009 et
330 1975 507 2020 despotam
535 1976 742 2010 Michaelem
765 1982 955 2019 contracta,
979 1979 1082 2011 Anna
1105 1977 1281 2022 Eulogiae
1295 1975 1379 2020 filia
1402 1988 1528 2011 εοτοτιε
1543 1978 1618 2011 Au-

141 2022 260 2067 gusti,
302 2021 495 2067 Nicephoro
528 2023 694 2067 despotae
723 2023 906 2057 Michaelis
919 2024 1000 2068 filio
1023 2024 1060 2057 in
1082 2034 1221 2057 uxorem
1243 2023 1342 2057 data.
1387 2023 1443 2056 28.
1470 2023 1515 2059 de
1539 2025 1616 2058 vul-

141 2073 230 2114 gato
254 2067 412 2103 Nicaeae
426 2071 526 2113 falso
547 2070 671 2104 nuncio
693 2070 931 2105 invadentium
956 2081 1034 2105 eam
1056 2070 1176 2104 urbem
1201 2070 1443 2104 Tocharorum.

237 2137 434 2180 QUARTI.
483 2139 514 2175 1.
547 2138 659 2173 oratio
683 2138 902 2187 imperatoris
924 2139 974 2174 ad
996 2139 1168 2183 episcopos
1198 2139 1242 2173 de
1264 2139 1366 2173 rebus
1387 2139 1470 2174 ouis.
1516 2140 1550 2176 2.
1575 2144 1615 2175 ut

138 2184 374 2228 praepositum
400 2185 536 2219 Galesii
556 2185 738 2230 Iosephum
761 2187 810 2220 ad
828 2186 1069 2230 patriarcham
1094 2186 1306 2230 allegaverit
1328 2186 1530 2230 imperator,
1549 2197 1614 2230 pc·-

140 2235 218 2264 tens
239 2231 486 2266 absolutionem
510 2232 554 2265 ab
578 2233 936 2267 excommunicatione.
981 2233 1013 2268 3.
1036 2236 1076 2266 ut
1094 2232 1228 2266 libellus
1245 2233 1474 2267 accusationis
1491 2237 1613 2267 contra

138 2276 380 2321 patriarcham
403 2279 510 2312 datus
531 2279 578 2314 sit
599 2279 815 2324 imperatori.
868 2277 902 2313 4.
928 2279 1095 2324 quomodo
1120 2284 1154 2313 et
1177 2279 1235 2312 ubi
1258 2281 1455 2335 quaesitum
1478 2280 1522 2314 dc
1542 2291 1610 2324 pa-

140 2323 298 2357 triarcha
321 2325 465 2358 Arsenio
486 2325 544 2358 sit.
591 2326 625 2361 5.
649 2330 689 2360 ut
707 2326 914 2370 patriarcha
937 2326 986 2359 ad
1008 2326 1250 2370 imperatorem
1275 2327 1480 2366 accesserim
1514 2331 1547 2360 et
1571 2331 1609 2361 ut

136 2380 264 2414 parum
296 2371 450 2414 abfuerit
479 2371 562 2416 quin
595 2372 819 2416 deciperetur.
867 2374 901 2408 6.
926 2377 965 2406 ut
987 2372 1214 2417 congregatis
1232 2373 1390 2416 patribus
1412 2374 1538 2408 ultima
1560 2373 1609 2407 ci-

138 2416 228 2450 tatio
251 2421 287 2451 et
307 2422 387 2461 post
409 2428 486 2451 eam
510 2418 689 2452 damnatio
712 2420 908 2463 contigerit.
953 2420 988 2453 7.
1013 2423 1053 2452 ut
1072 2419 1168 2452 missi
1189 2430 1213 2452 a
1235 2419 1362 2463 synodo
1385 2419 1434 2453 acl
1453 2419 1607 2464 patriar-

138 2463 240 2496 cham
273 2463 341 2497 duo
357 2464 521 2513 episcopi
543 2475 643 2498 suam
678 2466 712 2499 ei
744 2466 1001 2499 damnationem
1035 2465 1290 2510 significarunt.
1346 2467 1382 2502 8.
1403 2471 1444 2500 ut
1468 2466 1608 2501 mittens

138 2509 327 2553 imperator
355 2503 514 2545 eduxerit
534 2512 767 2555 patriarchali
796 2512 896 2545 domo
928 2512 1200 2555 patriarcham‚·
1224 2517 1257 2546 et
1281 2523 1372 2556 quae
1395 2517 1475 2546 tunc
1498 2513 1606 2547 conti-

136 2556 266 2601 gerint.
312 2557 347 2591 9.
379 2562 418 2591 ut
451 2557 643 2592 orientales
665 2558 892 2603 patriarchae
914 2558 1171 2592 Alexandrinus
1200 2563 1236 2593 et
1259 2559 1492 2593 Antiochenuo
1513 2559 1606 2593 circa

134 2602 362 2647 patriarchae
384 2603 630 2647 depositionem
653 2605 773 2649 affecti
786 2605 936 2648 suerint.
994 2606 1050 2639 10.
1074 2610 1114 2640 ut
1133 2604 1299 2639 Arsenius
1321 2605 1359 2639 in
1379 2606 1606 2650 patriarchae

137 2649 315 2693 dignitate
355 2650 471 2684 adhuc
506 2651 708 2685 constitutus
738 2651 922 2685 restituere
951 2650 990 2684 in
1023 2652 1201 2697 integrum
1233 2652 1382 2686 voluerit
1411 2653 1604 2697 episcopum

139 2695 359 2730 sardensem.
408 2699 464 2733 11.
487 2697 599 2731 oratio
621 2698 840 2742 imperatoris
863 2697 907 2731 de
929 2697 1112 2732 schismate
1135 2697 1276 2732 avulsis·
1335 2699 1389 2733 12.
1412 2703 1451 2734 ul
1472 2699 1601 2743 suffra-

134 2742 208 2787 gii·
237 2742 362 2776 electus
391 2744 439 2778 sit
471 2743 509 2777 in
535 2744 773 2788 patriarcham
811 2744 1080 2788 Adrianopoleos
1110 2745 1286 2789 episcopus
1319 2745 1532 2786 Germanus‚·
1566 2749 1601 2779 et

132 2789 247 2832 qualis
268 2788 324 2822 hic
339 2789 464 2832 suerit.
513 2791 569 2825 13.
593 2795 635 2826 ut
656 2795 793 2825 evectus
813 2791 1008 2824 Germanus
1029 2791 1066 2824 in
1087 2791 1360 2836 patriarchalem
1383 2792 1500 2826 sedem
1519 2793 1602 2835 fuc-

131 2836 201 2875 rit‚·
224 2839 258 2869 et
277 2835 394 2879 prima
418 2836 491 2870 eius
512 2842 606 2871 acta.
664 2837 720 2873 14.
752 2841 792 2871 ut
816 2837 1019 2870 Holobolum
1040 2838 1246 2882 patriarcha
1271 2839 1464 2873 Germanus
1486 2843 1603 2872 trans-

132 2881 244 2916 latum
267 2882 305 2916 in
327 2882 385 2917 (lei
408 2884 585 2919 ecclesiam
609 2884 722 2929 officio
754 2883 902 2919 rhetoris
934 2883 1041 2919 honor
1043 2885 1156 2920 averit
1179 2890 1213 2920 et
1236 2885 1447 2931 magistrun
1469 2884 1601 2920 consei-
