1884 3262
304 219 406 266 610
700 213 1012 258 OBSERVAT.
1045 213 1359 259 PACHYMER.

306 326 490 374 cancelli,
519 330 556 360 et
577 324 618 360 in
641 324 743 374 ipsis
756 322 975 372 columnae,
1004 328 1041 360 et
1059 335 1162 374 quae
1179 335 1301 374 super
1315 335 1385 360 eas
1400 318 1495 362 sunl
1508 320 1764 376 hyperthyra,

311 392 347 422 et
381 385 494 419 intas
523 380 667 429 sellae,
697 381 887 431 ipsaeque
912 392 1054 417 sacrae
1070 392 1248 428 mensae,
1278 380 1417 416 omnia
1433 394 1478 417 ex
1495 387 1659 432 argento
1680 381 1764 416 cir·-

309 439 544 489 cumsasum
572 435 719 473 nabent
750 449 909 474 aurum.
965 435 1020 474 ita
1051 435 1142 485 ille;
1172 435 1315 499 quibus
1344 434 1486 473 similia
1513 436 1686 474 Codinus
1714 435 1764 473 de

307 495 460 546 templo
489 494 527 531 S.
549 491 718 544 Sophiae
747 497 949 531 memorat.
1005 505 1068 530 res
1088 504 1209 543 pono
1230 491 1315 543 ipsa
1333 491 1545 542 loquitur,
1565 499 1604 530 et
1621 491 1764 530 archi·-

308 557 487 588 tecturae
518 549 622 587 ratio
651 549 792 598 exigit,
828 547 896 586 isti
930 547 1028 586 moli
1059 548 1335 586 columnarum
1367 553 1406 585 et
1433 548 1576 585 caeteri
1599 553 1763 586 ornatus

310 605 507 645 substerni
537 604 658 643 basim
688 604 864 643 debuisse
883 617 904 643 e
924 604 1008 642 solo
1028 610 1250 653 extantem3
1279 616 1394 654 quam
1423 609 1463 641 et
1484 603 1764 642 Constantinus

311 662 505 700 indicavit
525 656 602 698 illis
626 661 770 712 prioris
788 660 1001 698 testimonii
1017 660 1150 699 verbis
1172 660 1214 700 οἱ
1231 662 1365 700 στῦλοι
1385 657 1457 711 μὲν
1482 659 1550 700 καὶ
1569 657 1618 699 τοὶ
1637 655 1765 700 κάτω-

300 724 401 767 ·θεν,
434 719 643 755 columnae
659 725 877 769 partesque
898 718 1003 753 imae
1021 730 1165 764 omnes,
1194 716 1336 766 quibus
1363 715 1551 767 exprimit
1571 728 1655 753 earn
1676 715 1766 754 sub-

309 776 567 813 structionem
600 774 666 811 isti
697 786 837 811 scenae
866 772 1120 811 sustinendae
1146 785 1264 824 quam
1290 785 1338 810 ex
1365 772 1547 810 Vitruvio
1580 771 1765 823 superius

309 831 541 870 vocavimus
576 830 814 877 stereobata,
845 842 961 881 super
987 842 1086 880 quae
1113 829 1309 880 stylobata
1327 834 1534 879 ponuntur
1551 829 1767 866 columna-

301 902 398 926 ¹rum
417 887 526 925 sedes
545 887 739 938 proxima.
795 884 874 922 hoc
895 891 1025 923 autem
1044 885 1169 924 veteri
1194 884 1333 922 Latino
1354 884 1474 923 verbo
1497 884 1766 936 propriissime

169 950 197 983 P
220 948 289 984 422
313 945 421 982 solea
449 949 517 981 est.
575 943 618 980 id
651 942 760 993 quod.
786 941 864 993 ipsi
894 940 1035 980 Graeci
1061 941 1365 990 intellexerunt,
1402 940 1670 993 superpositos
1700 938 1767 977 isti

310 999 422 1052 quasi
441 998 636 1050 crepidini
657 1003 819 1036 ornatus
841 999 998 1045 σολίους
1018 998 1284 1049 appellantes,
1313 997 1508 1035 vocabulo
1531 1011 1552 1034 a
1573 997 1678 1034 solea
1694 995 1765 1034 vcui

309 1056 542 1095 innituntur
558 1054 691 1092 duct-o.
747 1053 947 1092 Theodori
964 1054 1144 1091 Studitae
1161 1053 1280 1091 verba
1300 1052 1399 1091 haec
1415 1055 1556 1092 recitat
1574 1054 1766 1103 Georgius

302 1111 563 1152 *Hamartolus
579 1111 621 1147 in
640 1112 766 1148 Leone
787 1109 976 1148 Armeno:
1007 1110 1050 1150 οἵ
1066 1124 1106 1149 τε
1121 1113 1228 1149 θεῖοι
1247 1110 1379 1156 κίονες
1397 1109 1465 1149 καὶ
1486 1109 1529 1148 οἱ
1546 1107 1672 1149 admon
1690 1124 1767 1149 κα·-

310 1165 522 1220 λούμενοι,
555 1164 582 1205 εἳ
611 1165 655 1207 τὰ
684 1163 901 1217 σεβάσμιον
927 1169 1001 1206 τοῦ
1029 1166 1138 1218 ἱεροῦ
1165 1166 1436 1217 διατειχίζουσι
1461 1161 1766 1217 θυσιαστήριον.

311 1238 461 1263 necnon
490 1236 630 1259 sacrae
659 1222 894 1270 columnae,
925 1229 961 1258 et
989 1223 1060 1272 qai
1086 1220 1175 1259 solii
1201 1228 1419 1268 vocantur,-
1450 1235 1554 1272 quae
1568 1234 1767 1258 ven-eran-

300 1281 412 1318 ·dam
440 1293 466 1316 a
495 1278 637 1329 templo
668 1272 931 1328 intersepiant
963 1276 1103 1314 altare.
1162 1289 1296 1328 parem
1324 1277 1578 1329 κυριολογίαν
1607 1277 1768 1315 videtur

314 1336 515 1374 Cedrenus
548 1333 768 1382 affectasse,
796 1334 895 1372 dum.
917 1331 1013 1380 τούς
1040 1332 1181 1380 σωλίας
1209 1333 1331 1371 verbo
1351 1333 1492 1383 plurali
1509 1339 1625 1371 vocat
1640 1332 1766 1370 multa

311 1393 382 1430 illa
409 1398 446 1429 et
473 1390 582 1428 varia
607 1390 851 1428 vestibulum
872 1395 909 1426 et
929 1389 1036 1439 quasi
1060 1389 1308 1440 proscenium
1331 1402 1420 1427 arae
1441 1402 1573 1427 sacrae
1593 1403 1768 1440 compo-

312 1448 446 1486 nentia
476 1452 719 1484 ornamenta.
776 1446 897 1483 verba
926 1446 1008 1483 eius
1038 1445 1137 1483 haec
1164 1451 1279 1484 sunt:
1309 1443 1339 1497 ἦ
1363 1442 1531 1497 τροιῖλλα
1558 1448 1628 1497 τῆς
1652 1444 1768 1498 ἁγίας

312 1507 386 1544 τοῦ
408 1506 511 1543 θεοῦ
533 1518 601 1556 psa
605 1500 702 1552 αλης
725 1502 931 1552 ἐκκλησίας
955 1517 1154 1553 φουονικη
1176 1496 1277 1541 οὖσα
1296 1501 1428 1548 ἔπεσε,
1455 1498 1568 1572 τόντε
1599 1499 1768 1554 ἅμβωνα

311 1560 381 1600 καὶ
413 1557 506 1605 τούς
536 1559 698 1605 σωλείας
726 1559 764 1606 ἐξ,
794 1554 976 1609 ὄνυχίτου
998 1556 1154 1598 λίθου’
1141 1555 1258 1605 ὄντας
1279 1557 1489 1610 συνέτριψε
1507 1557 1573 1598 καὶ
1595 1558 1652 1604 εἰς
1667 1560 1768 1610 χοῦν

313 1613 529 1656 ἀπετέλεσε.
587 1615 715 1651 malla
731 1621 897 1651 sanctae
912 1613 978 1651 dei
998 1627 1170 1665 magnae
1187 1614 1375 1651 ecclesiae
1392 1622 1596 1651 camerata
1617 1616 1660 1651 in
1671 1615 1768 1665 Jor-

312 1675 439 1710 nic-em
459 1669 655 1719 concidit,
686 1678 721 1707 et
742 1670 948 1708 ambonem
965 1684 1015 1707 ac
1032 1671 1184 1720 soleas,
1216 1672 1288 1722 qui
1304 1678 1419 1707 erant
1440 1684 1484 1707 ex
1501 1670 1682 1721 onya-hile
1701 1672 1768 1708 lu·-

308 1727 428 1779 pide,
460 1729 650 1764 contrivit
665 1733 700 1763 et
719 1728 762 1764 in
774 1729 982 1778 pulverem
1000 1728 1247 1765 comminuit.
1301 1726 1399 1764 haec
1417 1727 1630 1765 Cedrenus.
1685 1732 1768 1765 tam

313 1790 412 1832 erat,
442 1784 596 1833 opinor,
625 1783 669 1819 in
691 1796 731 1819 ea
749 1783 914 1821 ecclesia
933 1796 1036 1820 unus
1056 1782 1202 1830 σωλὲας
1221 1796 1337 1833 quam
1358 1796 1461 1821 unus
1483 1781 1638 1835 ἅμβων.
1693 1795 1768 1821 cur

313 1840 436 1889 igitur
455 1839 667 1876 historicus
691 1836 878 1890 ἅμβωνος
894 1840 936 1876 in
957 1839 1168 1889 singulari,
1201 1841 1375 1879 σωλειῶν
1397 1839 1438 1876 in
1459 1839 1604 1890 plurali
1623 1839 1765 1876 memi-

314 1895 406 1934 nit?
452 1895 545 1945 quid
574 1894 829 1931 verisimilius
859 1895 1034 1932 dicamus
1064 1908 1180 1943 quam
1208 1895 1358 1932 idcirco
1386 1895 1426 1932 id
1462 1896 1638 1943 sactum,
1673 1890 1771 1946 qiiia·
1818 1936 1825 1942 Ι

317 1949 466 1991 σωλέαν
494 1964 517 1986 a
547 1950 725 1996 σωλείαις
753 1955 823 1987 aut
852 1950 1028 1997 σωλείοις
1059 1950 1180 2002 (nam
1207 1951 1310 1988 forte
1329 1951 1518 1997 σωλείους
1535 1948 1764 2005 scripserit)

314 2007 464 2045 studuit
488 2006 751 2056 distinguere,
780 2005 1117 2043 verisimilitudini
1147 2005 1262 2043 etiam
1289 2007 1526 2044 narrationis
1542 2007 1765 2046 consulens.

314 2077 406 2101 nam
437 2061 652 2100 contritum
678 2062 746 2099 illa
772 2062 887 2100 ruina
911 2062 954 2099 in
979 2061 1175 2099 minutum
1212 2075 1337 2113 usque
1371 2062 1576 2114 pulverem
1604 2063 1766 2113 soleam,

317 2118 395 2156 hoc
422 2124 479 2156 est
506 2118 722 2155 stereobata
742 2118 865 2156 solide
882 2124 1032 2156 structa
1056 2131 1107 2156 ex
1131 2119 1292 2156 materia
1311 2118 1503 2169 praedura
1525 2132 1767 2158 marmorum

319 2181 389 2212 aut
417 2174 532 2212 etiam
564 2174 736 2221 metalli,
769 2174 959 2212 credibile
987 2175 1116 2212 minus
1144 2181 1247 2212 erat:
1286 2174 1335 2212 de
1365 2175 1580 2223 columnis,
1609 2165 1765 2226 sigillis,

316 2231 412 2268 liliis
426 2261 435 2277 ‚
465 2230 595 2281 pomis
618 2236 657 2267 et
673 2203 758 2267 aliis
780 2229 914 2280 figuris
933 2243 984 2267 ex
1001 2229 1187 2282 onychite
1204 2244 1354 2279 gemma
1372 2243 1491 2282 supla
1513 2231 1659 2277 soleam
1679 2245 1764 2270 ere-

321 2286 413 2334 ctis,
445 2299 544 2336 quae
570 2292 712 2323 cuncta
733 2287 907 2326 σωλείων
922 2287 1115 2325 vocabulo
1133 2287 1340 2337 intelligit,
1364 2300 1426 2325 res
1443 2293 1527 2325 erat
1547 2301 1568 2324 a
1585 2287 1663 2325 fide
1682 2301 1764 2326 non

321 2342 560 2389 abhorrens,
592 2342 695 2392 quod
723 2342 799 2380 ista
827 2348 865 2380 et
891 2342 1105 2381 subtilioris
1128 2343 1275 2380 formae
1295 2349 1334 2381 et
1356 2342 1551 2382 mollioris
1567 2345 1764 2394 materiae,

319 2398 481 2448 insuper
509 2398 624 2435 etiam
654 2398 805 2449 primos
837 2398 1007 2450 impetus
1035 2399 1229 2438 ruentium
1258 2412 1308 2438 ex
1332 2399 1680 2451 fornicelapidum
1696 2413 1765 2439 a·

322 2453 526 2504 cepissent.
585 2467 668 2491 non
697 2454 843 2492 infitias
875 2455 1015 2493 iverim
1036 2461 1166 2493 tamen
1191 2456 1287 2493 alios
1308 2455 1452 2507 passim
1473 2461 1676 2505 auctores,
1703 2455 1763 2494 uti

320 2515 360 2546 et
380 2514 563 2546 nostrum
589 2509 656 2546 hic
684 2510 984 2562 Pachymerem,
1015 2512 1107 2549 dum
1125 2512 1275 2549 soleam
1295 2511 1528 2563 simpliciter
1545 2511 1763 2561 nominant,

321 2577 444 2616 aeque
464 2564 680 2602 stereobata
699 2580 790 2604 cum
810 2567 1068 2618 superpositis
1097 2568 1325 2619 stylobatis,
1350 2567 1526 2617 basibus,
1553 2567 1762 2616 columnis,

323 2620 536 2672 capitellis,
574 2620 703 2669 trabe,
743 2623 937 2673 cymatio,
966 2624 1181 2674 epistyliis,
1212 2624 1367 2674 sigillis,
1396 2623 1500 2661 vasis
1533 2636 1578 2660 ac
1608 2623 1760 2674 reliquo

323 2689 373 2714 ex
401 2681 485 2714 arte
510 2684 813 2727 coronamento,
843 2692 922 2716 una
948 2679 1058 2717 verbi
1083 2680 1245 2717 notione
1269 2678 1609 2730 comprehendere.
1664 2678 1763 2729 quin

319 2733 437 2770 etiam
456 2745 528 2782 pro
549 2744 614 2770 cer
617 2737 656 2768 to
676 2731 820 2781 habeo,
850 2734 970 2783 idque
991 2748 1224 2787 magnopere
1241 2734 1632 2773 animadvertendum
1647 2741 1762 2786 puto,

319 2801 403 2824 non
430 2787 553 2825 solam
579 2786 684 2825 hanc
708 2787 1040 2828 substructionem
1071 2804 1162 2829 cum
1187 2792 1266 2829 suis
1290 2789 1549 2839 ornamentis,
1583 2788 1628 2830 τό
1653 2792 1763 2843 βῆμα

308 2839 399 2885 ,ἀπὸ
422 2845 496 2885 τοῦ
519 2845 644 2894 ναοῦ,
672 2843 795 2883 altare
812 2857 858 2882 ae
875 2845 1163 2897 presbyterium
1186 2861 1208 2885 a
1231 2846 1378 2899 templo
1395 2845 1548 2898 reliquo
1573 2846 1761 2886 dirimen-
