1884 3262
294 183 324 230 4
333 184 392 229 16
706 180 936 225 GEORGII
971 181 1319 226 PACHYMERIS

290 294 408 350 βάσει
431 297 512 336 τῶν
537 290 730 347 μειζόνων
752 292 824 335 τὸν
845 291 1080 350 γράφοντα,
1117 292 1250 347 ἔμενεν
1276 293 1449 349 ἠρεμῶν.
1521 294 1592 336 καί
1614 309 1656 348 γε
1676 296 1736 350 τῷ

293 363 514 419 Ξιφιλίνῳ,
553 361 670 416 ἀνδρὶ
698 366 855 419 γεραρῷ
887 363 952 403 καὶ
988 358 1147 418 μεγάλῳ
1179 359 1377 418 οἰκονόμῳ
1415 365 1488 416 τῆς
1524 362 1735 415 ἐκκλησίας

153 439 181 472 Ρ
204 440 271 474 282
296 430 403 481 ὄντι,
441 434 752 483 καθυπισχνεῒτο
782 429 839 484 μὴ
865 428 913 471 ἂν
943 431 1007 472 καὶ
1031 427 1188 484 γράψαι
1217 429 1313 470 ποτὲ
1334 429 1389 477 εἷς
1409 428 1641 483 ἀντίρρησιν
1658 430 1735 482 δῆ-

291 503 390 548 θεν,
423 497 509 552 “μὴ
530 495 736 550 ὃόξωμεν”
758 499 857 553 φησὶ
891 501 1006 546 “τοΐς
1035 496 1225 550 κειμένοις
1246 500 1590 552 παρεγχειροῦντες
1618 494 1692 539 κᾶν
1711 493 1734 538 ὅ

291 582 330 608 τι
353 565 543 621 λέγοιμεν.
614 566 775 615 ἐκείνοις
802 566 876 619 μὲν
907 568 1071 607 δοκοῦσι
1097 569 1348 622 νεωτερισμῷ
1375 566 1451 606 τινὶ
1481 565 1545 606 ἐπὶ
1564 571 1648 614 τοῖς
1669 565 1767 611 ,ἔκ-5

293 637 588 688 κλησιαστικοῖς
619 630 742 686 ὁμόσε
766 640 912 689 χωρεῖν
942 634 1006 675 καὶ
1045 633 1195 686 ἀνέχειν
1227 637 1470 688 πειρᾶσθαι,
1518 630 1592 674 κᾶν
1631 631 1672 674 εἶ’
1695 648 1735 673 τι

294 707 431 758 φαῖεν,
471 700 544 743 κᾶν
576 705 763 757 φανερῶς
793 703 859 743 καὶ
888 708 972 750 τοῖς
1002 701 1192 754 κειμένοις
1212 698 1500 756 προσκρούοιεν
1523 697 1734 754 δόγμασιν,

293 767 499 824 αὐτάρκης
524 769 714 824 ἀποφυγὴ
736 769 779 811 τὸ
801 767 902 824 ὖπὲρ
923 774 995 822 τῆς
1024 770 1233 823 ἐκκλησίας
1267 771 1392 823 δῆθεν
1412 769 1635 819 ἵστασθαι,
1669 769 1737 809 καὶ

293 838 367 892 τὴν
388 842 459 892 τῆς
481 838 720 892 ἐργολαβίας
742 843 881 893 πεῖραν
901 837 1000 895 ῥᾷον
1023 838 1230 879 έκκλίνοιεν
1251 835 1312 878 ἄν.
1373 834 1469 890 ἡμῖν
1490 835 1557 887 δέ,
1593 833 1668 877 κᾶν
1685 834 1736 876 τὰ

237 915 265 948 Β
298 903 511 962 φανότατα
531 905 730 960 λέγοιμεν,
769 905 975 960 ἀγαπητὸν
998 907 1030 946 εἰ
1050 906 1107 959 μὴ
1128 905 1428 958 προσεχοίμεθα
1447 901 1595 957 μόνον,
1632 901 1737 944 ἀλλὰ
1748 914 1792 948 10

292 973 350 1028 μὴ
387 975 452 1015 καὶ
485 975 574 1029 περὶ
610 977 762 1027 τροπῆς
794 978 875 1014 τῶν
909 973 1094 1026 κειμένων
1125 971 1385 1028 φεύγοιμεν.”
1453 970 1576 1013 ταῦτ’
1609 969 1738 1026 ἔλεγεν

294 1044 441 1090 ἐκεῖνος
462 1039 575 1093 τότε,
607 1042 680 1089 τὰς
698 1046 779 1083 τῶν
801 1041 1040 1094 σχιζομένων
1060 1038 1280 1093 λαμβάνων
1303 1039 1380 1081 ἀνὰ
1398 1046 1533 1094 χεῖρας
1561 1036 1736 1094 γραφάς,

296 1107 360 1158 αἶς
400 1108 502 1151 πολὺ
530 1108 576 1151 τὸ
607 1108 768 1164 σαθρὸν
794 1106 977 1162 ἐχούσαις
1008 1110 1070 1150 ἐπὶ
1099 1109 1200 1150 πολὺ
1223 1106 1282 1157 οἷς
1303 1107 1435 1161 ἔλεγον
1455 1104 1641 1158 ἐβούλετο
1662 1106 1735 1158 μὲν

295 1177 531 1232 ἀντιλέγειν,
578 1177 749 1230 ἐπείχετο
775 1176 841 1227 δέ,
879 1175 952 1217 κᾶν
981 1178 1093 1225 τέλος
1118 1176 1191 1230 τὴν
1212 1183 1351 1230 πεῖραν
1371 1174 1417 1217 οὗ
1437 1174 1600 1228 διέδρα,
1637 1172 1735 1215 ὅθεν

296 1245 347 1298 δὴ
369 1246 435 1286 καὶ
453 1248 616 1293 πολλοῖς
637 1241 921 1299 περιπεπτώκει
944 1251 1028 1292 τοῖς
1047 1249 1247 1297 χαλεποῖς.
1285 1240 1376 1284 τότε
1399 1241 1443 1283 δ’
1466 1241 1538 1296 ἐφ’
1569 1239 1735 1296 ἡμέραις
1748 1251 1790 1286 15

294 1317 344 1368 τῇ
365 1309 523 1371 Λαύρα
543 1310 903 1367 προσκαρτερήσας
922 1314 986 1352 καὶ
1007 1315 1202 1363 καθαρῶς
1221 1308 1388 1365 ὑγιάνας
1406 1309 1460 1358 εἷς
1473 1311 1738 1351 Κωνσταντι-

244 1394 274 1427 c
298 1377 487 1423 νούπολιν
501 1379 778 1436 ἐπανέστρεφε,
809 1384 865 1437 τῷ
880 1379 1028 1436 Ἰωσὴφ
1045 1378 1147 1434 μεθ’
1167 1376 1407 1434 ἱλαρότητος
1427 1374 1736 1430 συνταξάμενος.

292 1533 407 1556 verum
427 1520 458 1555 ei
481 1523 539 1555 aut
571 1531 734 1566 apparens
767 1520 1071 1566 praevaricationis
1104 1520 1139 1554 in
1171 1519 1272 1553 rebus
1301 1517 1449 1552 maximis
1480 1517 1602 1551 crimen
1630 1517 1736 1563 impa-

294 1568 420 1608 cturis,
455 1566 642 1600 sustinebat
668 1579 704 1601 se
739 1578 758 1600 a
790 1567 966 1600 scribendo
990 1566 1190 1611 quietusque
1222 1565 1410 1610 perstabat.
1455 1563 1534 1608 quin
1558 1568 1593 1597 et
1616 1559 1736 1608 Xiphi-

294 1614 363 1648 lino
387 1613 460 1646 viro
485 1612 598 1656 gravi,
617 1624 736 1656 magno
762 1615 841 1646 tunc
865 1623 1041 1645 oeconomo
1065 1610 1248 1652 ecclesiae,
1271 1609 1482 1643 confirmavit
1503 1620 1541 1642 se
1561 1609 1736 1654 haudqua‘

293 1670 392 1704 quam
425 1659 670 1691 commentariis
703 1658 774 1691 eius
800 1657 933 1702 generis
962 1656 1195 1691 elucubrandis
1227 1667 1363 1700 operam
1393 1665 1536 1699 unquam
1559 1654 1735 1694 daturum3

293 1716 336 1738 ne
359 1703 553 1744 videamur,
576 1704 769 1748 inquiebat,
794 1705 894 1737 semel
917 1703 1098 1736 constituta
1120 1713 1236 1735 rursus
1258 1702 1293 1734 in
1315 1700 1450 1734 dubium
1473 1710 1614 1742 vocare,
1639 1700 1735 1745 quasi

293 1761 382 1794 quae
413 1749 513 1782 semel
546 1749 616 1782 fixa
645 1754 760 1782 tenere
790 1749 1020 1789 decrevimus,
1053 1759 1092 1781 eo
1124 1748 1196 1792 ipso
1219 1747 1253 1779 in
1283 1745 1542 1780 concertationis
1563 1745 1669 1779 aleam
1691 1746 1735 1778 de

293 1806 380 1828 novo
411 1793 592 1837 iaciamus,
627 1795 714 1839 quod
749 1805 821 1827 cum
851 1793 892 1827 iis
926 1794 982 1838 qui
1006 1793 1175 1827 contraria
1198 1794 1306 1837 palam
1330 1790 1479 1825 sentiunt
1500 1801 1650 1835 quosque
1672 1801 1734 1836 pro

294 1839 510 1874 novatoribus
533 1838 566 1872 in
590 1841 690 1873 rebus
713 1839 949 1872 ecclesiasticis
981 1839 1158 1879 habemus,
1192 1837 1278 1870 ultro
1301 1836 1540 1871 descendamus
1563 1835 1598 1868 in
1622 1841 1735 1869 certa-

295 1896 395 1926 men,
424 1884 541 1917 audire
573 1895 841 1929 cognoscereque
875 1884 1079 1917 sustinentes
1109 1883 1188 1928 quit}
1219 1882 1265 1915 illi
1300 1893 1360 1926 pro
1395 1891 1433 1914 se
1455 1880 1613 1923 allegent.
1659 1891 1734 1914 cum

295 1930 380 1963 enim
405 1929 612 1963 manifestum
647 1930 692 1963 sit
725 1940 782 1963 eos
818 1929 919 1962 semel
952 1932 1079 1962 statuta
1111 1931 1252 1972 rataque
1277 1927 1391 1960 habita
1414 1925 1527 1958 conari
1549 1925 1736 1959 convellere

296 1977 471 2019 dogmata,
495 1986 594 2008 unum
617 1975 712 2008 nobis
734 1975 888 2020 idemque
910 1975 1080 2007 sufficiens
1102 1973 1262 2006 adversus
1282 1970 1459 2005 instantias
1476 1981 1590 2004 eorum
1610 1981 1734 2014 omnes,

295 2020 332 2054 in
363 2020 531 2053 contrario
563 2021 738 2065 palamque
776 2031 836 2064 pro
872 2019 967 2053 nobis
990 2024 1100 2052 stante
1132 2017 1293 2051 ecclesiae
1315 2027 1500 2057 consensu,
1532 2019 1628 2060 patet
1649 2017 1736 2050 effu-

297 2065 410 2108 gium,
441 2077 506 2109 quo
538 2066 669 2099 abunde
694 2065 842 2106 securis,
874 2065 961 2098 nullo
994 2065 1061 2097 fine
1095 2063 1334 2096 miscendarum
1355 2062 1461 2095 litium
1479 2072 1519 2094 ac
1540 2061 1735 2105 iurgiorum,

296 2111 379 2144 licet
410 2111 506 2144 nobis
537 2111 763 2155 compendium
797 2112 910 2144 facere
944 2109 1187 2155 disceptatione
1220 2108 1437 2148 declinanda,
1468 2118 1534 2151 qua
1555 2109 1735 2152 utcumque

297 2167 359 2201 pro
385 2161 500 2189 nostra
522 2160 619 2201 parte
640 2156 821 2190 clarissima
843 2161 1039 2199 argumenta
1060 2156 1288 2199 proferamus,
1322 2153 1379 2186 vix
1402 2163 1540 2197 sperare
1561 2162 1735 2198 possumus

297 2206 513 2235 assecuturos
536 2213 596 2235 nos
618 2206 656 2235 ut
678 2213 765 2247 quae
787 2201 1039 2245 allegaverimus
1062 2203 1190 2233 attente
1213 2203 1475 2242 cognoscantur3
1499 2198 1600 2231 multo
1623 2202 1735 2231 autem

297 2246 513 2280 verisimilius
542 2247 661 2280 timere
688 2258 861 2292 possumus
892 2258 935 2280 ne
965 2246 1059 2279 nobis
1079 2245 1260 2289 imputetur
1293 2244 1423 2278 refictio
1446 2243 1680 2288 revocatioque
1700 2242 1735 2276 in

299 2291 433 2324 dubium
456 2294 558 2325 semel
593 2293 678 2326 omni
701 2292 861 2326 firmitate
883 2291 1132 2325 constitutorum
1165 2290 1375 2334 dogmatum3
1397 2288 1487 2334 quod
1510 2287 1675 2329 odiosius,
1699 2291 1736 2322 et

298 2336 395 2369 nobis
417 2337 610 2379 fugiendum
634 2340 686 2371 vel
709 2339 848 2371 maxime
871 2337 992 2370 crimen
1017 2341 1078 2369 est.
1124 2348 1165 2369 ea
1189 2342 1269 2368 tunc
1291 2335 1348 2368 ille
1371 2335 1521 2375 dicebat,
1544 2334 1676 2379 quoties
1698 2333 1734 2367 in

296 2392 413 2414 manus
435 2388 581 2415 sumeret
604 2384 808 2417 haerentium
829 2382 938 2417 adhuc
960 2381 1127 2416 schismati
1150 2380 1401 2415 commentarios
1423 2384 1621 2420 auctorum3
1650 2388 1733 2423 quos

297 2431 407 2460 tamen
432 2438 504 2460 cum
528 2427 647 2462 deinde
670 2429 817 2472 legeret,
853 2428 1119 2462 animadvertens
1141 2427 1275 2460 multam
1299 2437 1412 2459 eorum
1434 2425 1543 2459 labem
1565 2423 1734 2458 fraudem·

298 2483 385 2515 que,
407 2471 565 2516 impetum
588 2473 756 2507 interdum
780 2474 934 2518 capiebat
965 2472 1132 2506 refutandi
1155 2471 1326 2516 splendide
1348 2482 1435 2516 quae
1455 2469 1660 2504 mendaciter
1680 2468 1733 2502 af-

297 2517 537 2558 firmabantur,
569 2522 603 2551 et
634 2519 755 2553 fucatis
785 2518 1091 2552 ratiocinationibus
1114 2517 1308 2551 detrahendi
1330 2517 1467 2550 larvam.
1512 2514 1571 2548 sed
1593 2513 1734 2547 teneba—

298 2568 372 2601 tur,
395 2573 438 2596 ne
459 2561 494 2596 id
517 2564 666 2606 faceret,
701 2576 742 2598 ea
766 2576 863 2609 quam
887 2563 957 2597 dixi
979 2563 1127 2604 ratione3
1157 2574 1223 2608 qua
1244 2567 1355 2597 tamen
1377 2570 1534 2596 excussus
1557 2558 1600 2593 ad
1622 2563 1734 2592 extre-

301 2619 388 2641 mum
413 2611 486 2648 est,
520 2607 639 2641 venire
672 2613 806 2643 coactus
842 2610 884 2642 ad
916 2609 1179 2654 experimentum
1207 2608 1334 2661 scripto
1357 2604 1548 2651 disputandi
1569 2603 1734 2638 adversus

303 2658 420 2687 contra
442 2652 645 2695 sentientes3
679 2655 767 2688 unde
789 2654 821 2687 in
846 2654 966 2688 multas
990 2659 1026 2688 et
1056 2664 1176 2698 graves
1200 2653 1341 2697 contigit
1362 2663 1438 2686 eum
1459 2648 1630 2694 angustias
1651 2648 1736 2682 inci-

303 2698 395 2733 dere.
441 2703 523 2732 tunc
554 2703 665 2732 autem
691 2703 745 2733 sat
776 2699 885 2733 multis
919 2700 1036 2733 diebus
1068 2699 1254 2733 diversatus
1284 2697 1372 2744 apud
1403 2697 1565 2735 Lautam,
1606 2698 1642 2728 et
1667 2694 1734 2728 iam

303 2743 400 2787 plene
431 2744 606 2778 restitutus
637 2744 844 2787 valetudini,
874 2743 1195 2790 Constantinopolim
1221 2743 1389 2785 revertit,
1429 2741 1575 2776 salutato
1615 2740 1651 2774 in
1681 2739 1734 2775 di·-

303 2799 422 2833 gressu
443 2789 676 2824 humanissime
695 2790 849 2835 Iosepho.
