1884 3262
247 179 346 224 350
666 177 914 222 GEORGII·
932 178 1284 224 PACHYMERIS

246 293 292 336 δ’
326 287 451 340 αὖθις
482 291 550 332 καὶ
583 289 890 347 ἀντεφιλονείκει
925 291 1028 348 πρὸς
1059 294 1394 348 Κωνσταντῒνον,
1427 293 1473 338 ὃν
1507 295 1578 338 καί
1606 312 1703 339 ποτε

246 358 405 403 διώκων
434 359 664 401 ἀπέκλεισεν
684 361 740 409 εἷς
760 361 1022 414 Σθενίμαχον
1044 357 1239 416 ἡμέτερον
1260 361 1320 406 ὅν.
1391 365 1456 406 καὶ
1479 365 1514 406 εἴ
1532 363 1590 419 μὴ
1613 371 1705 413 ταῖς

194 436 227 470 D
250 433 329 470 τῶν
343 426 553 481 Ῥωμαίων
577 426 795 480 δυνάμεσιν
816 427 1016 483 ἐχρήσατο
1039 428 1143 485 πρὸς
1164 426 1389 484 βοήθειαν,
1426 429 1521 486 τάχ’
1551 431 1602 475 ἂν
1635 435 1702 474 καὶ

242 495 369 545 ἁλοὺς
397 493 596 538 ἀπώλετο.
668 496 762 539 ἀλλ’
786 494 812 551 ἡ
830 496 933 552 τύχη
959 496 1067 554 ῥέπει
1094 497 1170 547 τὰς
1197 496 1463 554 πλάστιγγας,
1490 502 1557 542 καὶ
1576 503 1702 543 δυνα-

241 566 400 618 μωθεὶς
434 559 561 613 αὗθις
591 563 612 607 ὃ
632 567 947 614 Κωνσταντΐνος
975 565 1047 607 τὸν
1069 568 1245 621 Μυτζῆν
1268 565 1399 609 διώκει
1415 567 1736 624 θαρραλεώτε-5

245 651 329 688 ρον.
401 631 421 675 ὃ
457 633 502 675 δὲ
533 631 619 686 ἅμα
649 633 800 683 τέκνοις
830 633 1076 687 καταλαβών
1103 634 1179 689 τὴν
1203 635 1520 691 Μεσὲμβρειαν,
1551 637 1704 679 ἐκεῖθεν

104 710 133 744 Ρ
157 710 223 745 239
248 699 409 744 ἱκετεύει
444 701 516 744 τὸν
543 702 715 755 βασιλέα
744 703 936 756 δέχεσθαι
969 707 1115 745 τοῦτον
1144 704 1212 746 καὶ
1239 701 1369 759 λύτρα
1390 701 1610 758 λαμβάνειν
1630 705 1704 760 τὴν

243 769 373 814 πόλιν.
416 779 418 781 ’
445 769 597 812 στέλλει
617 774 714 826 γοῦν
734 768 755 812 ὅ
778 771 970 824 βασιλεὺς
997 773 1038 821 ἐξ
1061 770 1188 826 αὐτῆς
1210 771 1281 814 τὸν
1303 775 1475 826 Γλαβᾶν
1496 790 1704 830 κουροπα-

244 837 374 894 λάτην
404 841 470 880 καὶ
498 838 624 894 μέγαν
653 841 807 881 παπίαν
828 837 1069 895 ἐσύστερον,
1103 842 1170 882 καὶ
1192 838 1236 889 ὃς
1258 839 1394 890 ἄλλοις
1414 838 1577 894 συνάμα
1600 841 1714 895 μετὰΥ

244 909 312 950 καὶ
339 905 571 962 αὐτάρκους
596 911 802 962 στρατοῦ,
835 907 1082 960 καταλαβὼν
1108 908 1183 963 τὴν
1213 909 1523 963 Μεσέμβρειαν,
1556 908 1760 965 {mimum

244 977 319 1031 μὲν
341 982 540 1031 περιποιεῖ
559 982 644 1024 τοῖς
667 974 904 1029 Ῥωι-ιαίοις,
943 976 1014 1018 τὸν
1035 976 1083 1018 δέ
1098 993 1139 1032 γε
1161 979 1335 1030 Μυτζῆν
1366 976 1432 1020 διὰ
1463 981 1537 1020 τοῦ
1560 980 1703 1032 Αἵμου

244 1046 341 1100 πεζῇ
363 1043 446 1098 ἄγει
465 1043 566 1099 πρὸς
582 1043 770 1096 βασιλέα.
841 1043 913 1086 τὸν
936 1045 981 1086 δὲ
999 1046 1065 1085 καὶ
1085 1044 1240 1098 δέχεται
1260 1043 1457 1100 πρόφρων
1477 1047 1543 1087 καὶ
1567 1063 1704 1101 παρη-

244 1119 356 1168 γορεῖ
373 1113 572 1165 εὐμενῶς,
601 1113 666 1153 καὶ
689 1111 790 1165 πρὸς
810 1115 868 1169 τῷ
891 1109 1147 1170 Σκαμάνδρῳ
1171 1111 1444 1167 ἀποχρώντως
1465 1118 1706 1169 προμηθευ-

191 1191 222 1225 Β
247 1179 421 1234 σάμενος
439 1179 564 1222 ἒκεΐσέ
581 1196 660 1221 που
679 1179 755 1221 σὺν
774 1187 860 1227 τοῖς
880 1179 1028 1228 τέκνοις
1054 1187 1322 1235 κατασκηνοῒ,
1362 1179 1572 1235 συνθήκας
1603 1181 1706 1238 πρὸς

244 1248 370 1292 αὐτὸν
390 1245 662 1302 ποιησάμενος
684 1245 786 1290 ὥστε
807 1249 874 1289 καὶ
893 1247 964 1290 τὸν
987 1245 1216 1304 πρώτιστον
1235 1248 1325 1291 υἱὸν
1341 1245 1530 1305 Ἰωάννην
1549 1266 1704 1308 συναρ-
1716 1256 1758 1291 15
1809 1288 1811 1290 ,

241 1315 368 1373 μόσαι
387 1321 437 1372 τῇ
458 1316 648 1371 θυγατρί.

374 1383 497 1427 Ἀλλὰ
516 1387 565 1439 τῇ
589 1383 663 1437 μὲν
680 1383 888 1439 πρωτίστῃ
908 1386 990 1425 τῶν
1010 1382 1250 1439 θυγατέρων
1270 1381 1423 1440 Εἰρήνῃ
1447 1382 1555 1426 οὕτω
1573 1401 1703 1440 πρου-

195 1461 224 1495 C
248 1451 329 1498 νόει
360 1457 442 1495 τῶν
473 1449 637 1506 γάμων,
710 1450 800 1509 (6)
832 1451 906 1505 τὴν
936 1452 985 1494 δέ
1008 1467 1051 1507 γε
1072 1453 1263 1507 δευτέραν
1274 1451 1422 1493 Ἄνναν
1442 1449 1578 1508 ᾑρεῖτο
1600 1452 1705 1507 πέμ-

244 1540 331 1565 πειν
349 1525 406 1578 τῷ
433 1524 650 1575 κρατοῦντι
667 1521 845 1575 Σερβίας
865 1518 1064 1578 Στεφάνῳ
1086 1524 1144 1578 τῷ
1173 1518 1338 1575 Οέἷρεσι,
1375 1519 1447 1576 ἐφ’
1472 1514 1504 1578 ᾧ
1526 1524 1584 1578 τῷ
1609 1522 1703 1564 δευ-

244 1591 347 1648 τέρῳ
370 1590 445 1647 υἱῷ
467 1589 706 1646 Μηλωτίνῳ
727 1586 767 1643 (ὃ
789 1588 867 1644 γὰρ
885 1586 1113 1642 ὅμωνυμῶν
1130 1592 1189 1646 τῷ
1211 1589 1333 1644 πατρὶ
1359 1589 1425 1630 καὶ
1454 1592 1615 1644 πρῶτος
1645 1591 1703 1647 τῷ
1715 1602 1760 1636 20

245 1659 336 1717 ρηγὶ
369 1658 572 1707 Παιονίας
601 1658 656 1707 εἷς
686 1656 896 1713 θυγατέρα
923 1654 1219 1714 γεγάμβρευτο)
1243 1658 1297 1706 εἷς
1322 1654 1451 1712 γάμον
1473 1654 1702 1700 συνάπτειν.

245 1859 324 1895 dum
348 1857 574 1893 contendebat
596 1866 672 1890 cum
696 1855 938 1896 Constantino,
962 1867 1002 1890 ac
1028 1856 1094 1890 fuit
1116 1867 1190 1890 cum
1215 1867 1289 1890 eum
1311 1855 1398 1890 bello
1425 1867 1632 1902 persequens
1653 1857 1704 1891 in-

200 1901 204 1905 *
247 1906 384 1941 cludere
407 1915 482 1938 sese
506 1906 645 1947 cogeret
667 1902 701 1935 in
724 1913 836 1935 arcem
859 1903 1036 1947 quamdam
1065 1905 1234 1944 nostram,
1271 1902 1324 1936 cui
1347 1902 1620 1936 Sthenimachum
1642 1914 1704 1936 no-

246 1962 322 1987 men
345 1956 417 1990 est,
440 1949 499 1983 ubi
521 1947 697 1992 quominus
721 1953 900 1992 caperetur
923 1952 958 1982 et
981 1947 1128 1992 periret,
1160 1952 1349 1992 opportune
1371 1947 1509 1981 allatum
1531 1959 1552 1981 a
1577 1948 1703 1982 Roma-

245 1997 297 2032 nis
329 1996 435 2040 copiis
468 1994 627 2029 auxilium
659 1993 843 2039 prohibuit.
889 1993 949 2027 sed
985 1994 1120 2027 fortuna
1150 1992 1271 2027 deinde
1295 1993 1390 2027 vices
1414 1993 1604 2028 alternante
1625 2005 1704 2028 suc-

250 2053 425 2083 cosmum,
460 2045 578 2074 auctus
601 2050 719 2073 rursus
742 2038 859 2073 animis
883 2043 918 2073 et
940 2038 1070 2072 viribus
1095 2038 1336 2073 Constantinus
1359 2043 1452 2073 tanto
1483 2043 1620 2084 tamque
1641 2051 1702 2073 va-

248 2089 315 2123 lido
339 2087 468 2132 impetu
488 2084 640 2119 incubuit
661 2085 696 2119 in
718 2084 878 2128 Mytzen,
910 2087 950 2118 ut
969 2084 999 2119 is
1022 2084 1130 2130 impar
1154 2085 1339 2119 resistendo
1364 2084 1608 2118 Mesembream
1628 2095 1703 2118 cum

245 2133 363 2168 liberis
394 2131 612 2174 confugiens,
644 2130 725 2164 inde
756 2131 877 2174 legatis
899 2131 943 2164 ad
967 2130 1204 2175 imperatorem
1226 2129 1432 2176 supplicibus
1456 2130 1564 2164 missis
1583 2136 1705 2175 pactus

248 2192 322 2216 cum
349 2190 389 2213 eo
419 2177 619 2212 deditionem
650 2176 697 2210 sit
730 2188 805 2210 cum
837 2176 889 2210 sui
922 2179 991 2209 tum
1026 2177 1097 2210 eius
1121 2175 1290 2215 civitatis,
1322 2187 1420 2221 quam
1443 2176 1478 2209 in
1500 2175 1554 2210 eui
1575 2176 1702 2210 servati

248 2224 396 2271 pretium
418 2224 570 2257 offerret.
617 2234 679 2256 nec
702 2221 875 2256 recusavit
895 2222 1094 2266 imperator,
1127 2223 1188 2255 sed
1216 2221 1329 2255 statim
1357 2222 1501 2256 Glabam
1526 2220 1704 2266 europeia·-

247 2276 337 2312 tam,
368 2269 428 2315 qui
457 2274 576 2313 postea
609 2279 748 2311 magnus
782 2267 900 2313 papias
926 2267 1009 2309 suit,
1044 2279 1118 2301 cum
1141 2267 1219 2301 aliis
1248 2272 1283 2301 et
1301 2267 1422 2302 idonea
1443 2278 1543 2302 manu
1565 2267 1702 2304 miiitum

248 2316 348 2351 misit.
393 2316 423 2348 is
454 2315 628 2358 ingressus
652 2314 896 2348 Mesembream
925 2312 998 2347 eius
1028 2312 1094 2348 rite
1118 2313 1359 2358 possessionem
1382 2313 1458 2347 iniit
1478 2311 1610 2357 imperii
1630 2311 1703 2346 Ro-

249 2362 339 2396 mani
362 2360 511 2401 nomine;
538 2364 609 2393 tum
632 2359 781 2402 Mytzem
806 2371 866 2404 per
889 2359 1051 2393 Haemum
1074 2359 1195 2393 itinere
1216 2358 1372 2392 terrestri
1395 2358 1555 2403 perduxit
1576 2357 1618 2392 ad
1641 2358 1704 2391 im·

247 2409 461 2454 peratorem‚
496 2405 555 2450 qui
586 2404 617 2438 ei
651 2404 903 2448 perhumaniter
935 2409 1077 2449 excepto
1112 2404 1268 2449 omnique
1301 2405 1421 2439 amoris
1453 2402 1703 2448 significatione

251 2456 406 2487 recreato
430 2452 551 2485 uberes
573 2451 697 2483 fundos
721 2451 809 2495 apud
833 2451 1073 2484 Scamandrum
1097 2450 1308 2494 assignavit,
1339 2461 1478 2495 quorum
1501 2448 1600 2483 annui
1621 2459 1703 2492 pro-

252 2502 375 2534 ventus
406 2497 450 2530 ad
479 2496 606 2530 victum
639 2495 670 2529 ei
702 2498 892 2541 cultumque
920 2496 1126 2541 splendidum
1161 2496 1292 2530 abunde
1326 2495 1531 2530 sufficerent.
1576 2494 1634 2527 ubi
1667 2495 1703 2527 et

250 2544 326 2589 ipse
347 2542 505 2587 deinceps
530 2552 603 2575 cum
626 2540 704 2574 filiis
728 2542 916 2577 diversatus
940 2546 1012 2580 est,
1048 2547 1148 2586 pacto
1172 2541 1264 2586 prius
1288 2553 1362 2575 cum
1383 2541 1584 2585 imperatore
1605 2538 1702 2580 inito,

251 2601 316 2635 quo
340 2588 428 2622 inter
446 2587 536 2632 ipsos
560 2592 672 2620 mutuo
697 2587 856 2621 convenit
879 2592 916 2622 ut
939 2588 1077 2632 Mytzae
1098 2587 1320 2633 primogenito
1342 2585 1458 2621 Ioanni
1478 2583 1702 2630 primogenita

249 2635 332 2670 item
354 2632 567 2679 imperatoris
588 2632 657 2666 filia
680 2633 954 2678 despondet-etur.

343 2681 405 2715 Sic
439 2679 564 2712 -Irenae
610 2678 775 2712 maximae
821 2684 975 2712 natarum
1019 2677 1163 2722 Augusti
1202 2677 1372 2722 provisum
1409 2674 1595 2719 coniugium
1636 2677 1702 2708 ent.

253 2728 324 2772 (6)
349 2727 392 2760 ab
416 2726 479 2760 hac
501 2734 584 2758 vero
608 2724 785 2757 secundam
808 2724 935 2758 Annam
959 2724 1114 2758 decrevit
1137 2726 1234 2764 pater
1247 2723 1379 2757 mittere
1402 2721 1447 2755 ad
1470 2722 1593 2755 etalem
1616 2720 1701 2753 Ser-—

253 2773 330 2807 biae
344 2771 562 2816 *Stephanum
585 2768 738 2810 Uresim,
759 2769 904 2803 secundo
928 2769 1000 2803 eius
1022 2770 1092 2803 filio
1115 2769 1279 2804 Meiotino
1301 2772 1494 2812 nupturam:
1528 2776 1606 2799 nam
1628 2764 1704 2810 pri-

255 2818 444 2863 mogenitus
465 2815 556 2862 patri
578 2814 784 2866 cognominis
815 2815 882 2850 iam
912 2825 1050 2850 uxorem
1079 2815 1227 2850 habebat
1258 2813 1348 2858 regis
1371 2811 1564 2848 Pannoniae
1585 2810 1700 2846 filiam.
