<?xml version="1.0" encoding="UTF-8"?>
<!DOCTYPE html PUBLIC "-//W3C//DTD XHTML 1.0 Transitional//EN"
    "http://www.w3.org/TR/xhtml1/DTD/xhtml1-transitional.dtd">
<html xmlns="http://www.w3.org/1999/xhtml" xml:lang="en" lang="en">
 <head>
  <title>
</title>
<meta http-equiv="Content-Type" content="text/html;charset=utf-8" />
  <meta name='ocr-system' content='tesseract 3.04.00' />
  <meta name='ocr-capabilities' content='ocr_page ocr_carea ocr_par ocr_line ocrx_word'/>
</head>
<body>
  <div class='ocr_page' id='page_1' title='image "./corpusscriptorum17niebuoft_0562.png"; bbox 0 0 1884 3262; ppageno 0'>
   <div class='ocr_carea' id='block_1_1' title="bbox 274 207 1342 267">
    <p class='ocr_par' dir='ltr' id='par_1_1' title="bbox 274 207 1342 267">
     <span class='ocr_line' id='line_1_1' title="bbox 274 207 1342 267; baseline 0.013 -24"><span class='ocrx_word' id='word_1_1' title='bbox 274 209 384 260; x_wconf 67' lang='lat'>,544</span> <span class='ocrx_word' id='word_1_2' title='bbox 685 207 998 255; x_wconf 86' lang='lat' dir='ltr'><strong>OBSERVAT.</strong></span> <span class='ocrx_word' id='word_1_3' title='bbox 1032 207 1342 267; x_wconf 76' lang='lat' dir='ltr'><strong>PACHYMER.</strong></span> 
     </span>
    </p>
   </div>
   <div class='ocr_carea' id='block_1_2' title="bbox 273 317 1745 2910">
    <p class='ocr_par' dir='ltr' id='par_1_2' title="bbox 275 317 1745 2402">
     <span class='ocr_line' id='line_1_2' title="bbox 282 317 1738 370; baseline -0.001 -9"><span class='ocrx_word' id='word_1_4' title='bbox 282 319 499 361; x_wconf 86' lang='lat' dir='ltr'><strong>canonibus</strong></span> <span class='ocrx_word' id='word_1_5' title='bbox 528 317 771 358; x_wconf 88' lang='lat' dir='ltr'><strong>contrarium</strong></span> <span class='ocrx_word' id='word_1_6' title='bbox 801 330 954 367; x_wconf 87' lang='lat' dir='ltr'><strong>usum,.</strong></span> <span class='ocrx_word' id='word_1_7' title='bbox 983 317 1211 356; x_wconf 80' lang='lat' dir='ltr'><strong>coniectura</strong></span> <span class='ocrx_word' id='word_1_8' title='bbox 1245 317 1445 370; x_wconf 81' lang='lat' dir='ltr'>divinavi,</span> <span class='ocrx_word' id='word_1_9' title='bbox 1485 333 1578 359; x_wconf 87' lang='lat' dir='ltr'><strong>cum</strong></span> <span class='ocrx_word' id='word_1_10' title='bbox 1620 320 1738 360; x_wconf 90' lang='lat' dir='ltr'><strong>codi-</strong></span> 
     </span>
     <span class='ocr_line' id='line_1_3' title="bbox 285 374 1738 427; baseline -0.001 -11"><span class='ocrx_word' id='word_1_11' title='bbox 285 392 349 416; x_wconf 87' lang='lat' dir='ltr'><strong>ces</strong></span> <span class='ocrx_word' id='word_1_12' title='bbox 385 389 519 415; x_wconf 90' lang='lat' dir='ltr'><strong>omnes</strong></span> <span class='ocrx_word' id='word_1_13' title='bbox 554 375 610 413; x_wconf 89' lang='lat' dir='ltr'><strong>ibi</strong></span> <span class='ocrx_word' id='word_1_14' title='bbox 646 374 958 413; x_wconf 75' lang='lat' dir='ltr'><strong>manifestissime</strong></span> <span class='ocrx_word' id='word_1_15' title='bbox 993 375 1175 426; x_wconf 78' lang='lat' dir='ltr'>corrupti</span> <span class='ocrx_word' id='word_1_16' title='bbox 1199 374 1316 413; x_wconf 84' lang='lat' dir='ltr'><strong>aliter</strong></span> <span class='ocrx_word' id='word_1_17' title='bbox 1341 390 1414 415; x_wconf 87' lang='lat' dir='ltr'><strong>nec</strong></span> <span class='ocrx_word' id='word_1_18' title='bbox 1438 375 1738 427; x_wconf 75' lang='lat' dir='ltr'>intelligibiliter</span> 
     </span>
     <span class='ocr_line' id='line_1_4' title="bbox 285 430 1738 483; baseline -0.001 -11"><span class='ocrx_word' id='word_1_19' title='bbox 285 447 375 472; x_wconf 89' lang='lat' dir='ltr'><strong>eum</strong></span> <span class='ocrx_word' id='word_1_20' title='bbox 395 434 526 470; x_wconf 88' lang='lat' dir='ltr'><strong>locum</strong></span> <span class='ocrx_word' id='word_1_21' title='bbox 550 431 794 470; x_wconf 79' lang='lat' dir='ltr'><strong>exhiberent.</strong></span> <span class='ocrx_word' id='word_1_22' title='bbox 839 430 1019 470; x_wconf 83' lang='lat' dir='ltr'><strong>advertat</strong></span> <span class='ocrx_word' id='word_1_23' title='bbox 1037 445 1206 482; x_wconf 86' lang='lat' dir='ltr'><strong>aequum</strong></span> <span class='ocrx_word' id='word_1_24' title='bbox 1228 431 1401 470; x_wconf 87' lang='lat' dir='ltr'><strong>animum</strong></span> <span class='ocrx_word' id='word_1_25' title='bbox 1420 433 1592 483; x_wconf 85' lang='lat' dir='ltr'><strong>prudens</strong></span> <span class='ocrx_word' id='word_1_26' title='bbox 1610 433 1738 471; x_wconf 86' lang='lat' dir='ltr'><strong>lector</strong></span> 
     </span>
     <span class='ocr_line' id='line_1_5' title="bbox 285 487 1736 541; baseline -0.001 -14"><span class='ocrx_word' id='word_1_27' title='bbox 285 496 326 528; x_wconf 84' lang='lat' dir='ltr'><strong>et</strong></span> <span class='ocrx_word' id='word_1_28' title='bbox 343 489 501 527; x_wconf 86' lang='lat' dir='ltr'><strong>iudicet.</strong></span> <span class='ocrx_word' id='word_1_29' title='bbox 559 488 634 526; x_wconf 87' lang='lat' dir='ltr'><strong>isto</strong></span> <span class='ocrx_word' id='word_1_30' title='bbox 656 488 763 539; x_wconf 91' lang='lat' dir='ltr'><strong>quod</strong></span> <span class='ocrx_word' id='word_1_31' title='bbox 780 487 958 525; x_wconf 88' lang='lat' dir='ltr'><strong>indicavi</strong></span> <span class='ocrx_word' id='word_1_32' title='bbox 983 488 1114 539; x_wconf 90' lang='lat' dir='ltr'><strong>capite</strong></span> <span class='ocrx_word' id='word_1_33' title='bbox 1136 487 1228 526; x_wconf 84' lang='lat' dir='ltr'>libri</span> <span class='ocrx_word' id='word_1_34' title='bbox 1254 487 1290 527; x_wconf 90' lang='lat' dir='ltr'>V</span> <span class='ocrx_word' id='word_1_35' title='bbox 1311 489 1502 526; x_wconf 87' lang='lat' dir='ltr'><strong>disserens</strong></span> <span class='ocrx_word' id='word_1_36' title='bbox 1520 489 1736 541; x_wconf 87' lang='lat' dir='ltr'><strong>imperator</strong></span> 
     </span>
     <span class='ocr_line' id='line_1_6' title="bbox 286 543 1738 598; baseline 0 -15"><span class='ocrx_word' id='word_1_37' title='bbox 286 545 395 598; x_wconf 84' lang='lat' dir='ltr'><strong>apud</strong></span> <span class='ocrx_word' id='word_1_38' title='bbox 413 543 678 597; x_wconf 85' lang='lat' dir='ltr'><strong>patriarcham</strong></span> <span class='ocrx_word' id='word_1_39' title='bbox 703 551 741 583; x_wconf 90' lang='lat' dir='ltr'><strong>et</strong></span> <span class='ocrx_word' id='word_1_40' title='bbox 762 544 960 595; x_wconf 84' lang='lat' dir='ltr'><strong>synodum</strong></span> <span class='ocrx_word' id='word_1_41' title='bbox 980 543 1029 581; x_wconf 90' lang='lat' dir='ltr'><strong>de</strong></span> <span class='ocrx_word' id='word_1_42' title='bbox 1051 544 1301 582; x_wconf 86' lang='lat' dir='ltr'><strong>concilianda</strong></span> <span class='ocrx_word' id='word_1_43' title='bbox 1320 544 1426 585; x_wconf 84' lang='lat' dir='ltr'><strong>inter</strong></span> <span class='ocrx_word' id='word_1_44' title='bbox 1451 544 1636 583; x_wconf 83' lang='lat' dir='ltr'><strong>ecclesias</strong></span> <span class='ocrx_word' id='word_1_45' title='bbox 1655 546 1738 583; x_wconf 80' lang='lat' dir='ltr'><strong>La-</strong></span> 
     </span>
     <span class='ocr_line' id='line_1_7' title="bbox 284 600 1736 652; baseline 0.001 -13"><span class='ocrx_word' id='word_1_46' title='bbox 284 603 406 640; x_wconf 85' lang='lat' dir='ltr'><strong>tinam</strong></span> <span class='ocrx_word' id='word_1_47' title='bbox 428 608 467 639; x_wconf 85' lang='lat' dir='ltr'><strong>et</strong></span> <span class='ocrx_word' id='word_1_48' title='bbox 486 601 676 639; x_wconf 84' lang='lat' dir='ltr'><strong>Graecam</strong></span> <span class='ocrx_word' id='word_1_49' title='bbox 708 614 830 652; x_wconf 83' lang='lat' dir='ltr'><strong>pace,</strong></span> <span class='ocrx_word' id='word_1_50' title='bbox 870 606 1074 638; x_wconf 85' lang='lat' dir='ltr'><strong>enumerat</strong></span> <span class='ocrx_word' id='word_1_51' title='bbox 1103 601 1232 652; x_wconf 89' lang='lat' dir='ltr'><strong>capita</strong></span> <span class='ocrx_word' id='word_1_52' title='bbox 1261 600 1311 638; x_wconf 88' lang='lat' dir='ltr'><strong>de</strong></span> <span class='ocrx_word' id='word_1_53' title='bbox 1334 601 1476 652; x_wconf 88' lang='lat' dir='ltr'><strong>quibus</strong></span> <span class='ocrx_word' id='word_1_54' title='bbox 1493 601 1736 640; x_wconf 83' lang='lat' dir='ltr'><strong>convenien-</strong></span> 
     </span>
     <span class='ocr_line' id='line_1_8' title="bbox 284 656 1738 708; baseline 0 -12"><span class='ocrx_word' id='word_1_55' title='bbox 284 659 381 696; x_wconf 88' lang='lat' dir='ltr'><strong>dum</strong></span> <span class='ocrx_word' id='word_1_56' title='bbox 410 663 530 706; x_wconf 90' lang='lat' dir='ltr'><strong>esset,</strong></span> <span class='ocrx_word' id='word_1_57' title='bbox 570 663 616 695; x_wconf 89' lang='lat' dir='ltr'><strong>ut</strong></span> <span class='ocrx_word' id='word_1_58' title='bbox 644 669 725 708; x_wconf 85' lang='lat' dir='ltr'><strong>pax</strong></span> <span class='ocrx_word' id='word_1_59' title='bbox 755 657 825 695; x_wconf 88' lang='lat' dir='ltr'><strong>illa</strong></span> <span class='ocrx_word' id='word_1_60' title='bbox 858 657 1122 704; x_wconf 80' lang='lat' dir='ltr'><strong>coalesceret3</strong></span> <span class='ocrx_word' id='word_1_61' title='bbox 1159 663 1199 694; x_wconf 88' lang='lat' dir='ltr'><strong>et</strong></span> <span class='ocrx_word' id='word_1_62' title='bbox 1234 657 1440 696; x_wconf 86' lang='lat' dir='ltr'><strong>contendit</strong></span> <span class='ocrx_word' id='word_1_63' title='bbox 1469 656 1738 697; x_wconf 79' lang='lat' dir='ltr'><strong>demonstrare</strong></span> 
     </span>
     <span class='ocr_line' id='line_1_9' title="bbox 282 712 1736 764; baseline -0.001 -11"><span class='ocrx_word' id='word_1_64' title='bbox 282 716 439 753; x_wconf 80' lang='lat' dir='ltr'><strong>nullum</strong></span> <span class='ocrx_word' id='word_1_65' title='bbox 460 727 595 752; x_wconf 82' lang='lat' dir='ltr'><strong>eorum</strong></span> <span class='ocrx_word' id='word_1_66' title='bbox 614 714 692 751; x_wconf 87' lang='lat' dir='ltr'><strong>tale</strong></span> <span class='ocrx_word' id='word_1_67' title='bbox 707 726 788 751; x_wconf 85' lang='lat' dir='ltr'><strong>esse</strong></span> <span class='ocrx_word' id='word_1_68' title='bbox 806 727 827 751; x_wconf 92' lang='lat' dir='ltr'><strong>a</strong></span> <span class='ocrx_word' id='word_1_69' title='bbox 847 727 926 764; x_wconf 90' lang='lat' dir='ltr'><strong>quo</strong></span> <span class='ocrx_word' id='word_1_70' title='bbox 948 713 1189 752; x_wconf 87' lang='lat' dir='ltr'><strong>admittendo</strong></span> <span class='ocrx_word' id='word_1_71' title='bbox 1207 712 1416 752; x_wconf 85' lang='lat' dir='ltr'><strong>abhorrere</strong></span> <span class='ocrx_word' id='word_1_72' title='bbox 1438 713 1644 764; x_wconf 88' lang='lat' dir='ltr'><strong>quisquam</strong></span> <span class='ocrx_word' id='word_1_73' title='bbox 1662 714 1736 752; x_wconf 87' lang='lat' dir='ltr'><strong>de-</strong></span> 
     </span>
     <span class='ocr_line' id='line_1_10' title="bbox 281 769 1736 823; baseline 0.001 -13"><span class='ocrx_word' id='word_1_74' title='bbox 281 771 372 810; x_wconf 82' lang='lat' dir='ltr'><strong>beat</strong></span> <span class='ocrx_word' id='word_1_75' title='bbox 403 777 508 809; x_wconf 88' lang='lat' dir='ltr'><strong>metu</strong></span> <span class='ocrx_word' id='word_1_76' title='bbox 544 771 685 822; x_wconf 87' lang='lat' dir='ltr'><strong>culpae</strong></span> <span class='ocrx_word' id='word_1_77' title='bbox 720 770 1034 808; x_wconf 78' lang='lat' dir='ltr'><strong>consciscendae.</strong></span> <span class='ocrx_word' id='word_1_78' title='bbox 1106 769 1277 821; x_wconf 87' lang='lat' dir='ltr'><strong>primum</strong></span> <span class='ocrx_word' id='word_1_79' title='bbox 1307 770 1410 808; x_wconf 87' lang='lat' dir='ltr'><strong>enim</strong></span> <span class='ocrx_word' id='word_1_80' title='bbox 1434 773 1670 823; x_wconf 78' lang='grc' dir='ltr'><strong><em>λειτουργεῖν</em></strong></span> <span class='ocrx_word' id='word_1_81' title='bbox 1693 784 1736 813; x_wconf 72' lang='grc' dir='ltr'><strong>τι</strong></span> 
     </span>
     <span class='ocr_line' id='line_1_11' title="bbox 280 823 1737 879; baseline -0.003 -11"><span class='ocrx_word' id='word_1_82' title='bbox 280 828 349 868; x_wconf 74' lang='grc' dir='ltr'><strong>καὶ</strong></span> <span class='ocrx_word' id='word_1_83' title='bbox 372 823 636 879; x_wconf 77' lang='grc' dir='ltr'><em>μνημονεύειν</em></span> <span class='ocrx_word' id='word_1_84' title='bbox 649 855 659 872; x_wconf 92' lang='grc'><em>,</em></span> <span class='ocrx_word' id='word_1_85' title='bbox 690 827 836 877; x_wconf 90' lang='lat' dir='ltr'><strong>quibus</strong></span> <span class='ocrx_word' id='word_1_86' title='bbox 860 826 990 865; x_wconf 85' lang='lat' dir='ltr'><strong>verbis</strong></span> <span class='ocrx_word' id='word_1_87' title='bbox 1004 854 1016 875; x_wconf 93' lang='lat'>‚</span> <span class='ocrx_word' id='word_1_88' title='bbox 1049 832 1168 877; x_wconf 82' lang='lat' dir='ltr'><strong>prout</strong></span> <span class='ocrx_word' id='word_1_89' title='bbox 1187 839 1229 863; x_wconf 89' lang='lat' dir='ltr'><strong>ea</strong></span> <span class='ocrx_word' id='word_1_90' title='bbox 1249 826 1329 864; x_wconf 87' lang='lat' dir='ltr'><strong>suis</strong></span> <span class='ocrx_word' id='word_1_91' title='bbox 1347 825 1447 865; x_wconf 90' lang='lat' dir='ltr'><strong>locis</strong></span> <span class='ocrx_word' id='word_1_92' title='bbox 1468 826 1509 863; x_wconf 90' lang='lat' dir='ltr'><strong>in</strong></span> <span class='ocrx_word' id='word_1_93' title='bbox 1524 825 1603 864; x_wconf 87' lang='lat' dir='ltr'><strong>hoc</strong></span> <span class='ocrx_word' id='word_1_94' title='bbox 1623 825 1737 864; x_wconf 81' lang='lat' dir='ltr'><strong>Glos-</strong></span> 
     </span>
     <span class='ocr_line' id='line_1_12' title="bbox 280 882 1738 934; baseline -0.001 -12"><span class='ocrx_word' id='word_1_95' title='bbox 280 884 384 923; x_wconf 88' lang='lat' dir='ltr'><strong>sario</strong></span> <span class='ocrx_word' id='word_1_96' title='bbox 404 897 629 922; x_wconf 83' lang='lat' dir='ltr'><strong>enarramus</strong></span> <span class='ocrx_word' id='word_1_97' title='bbox 644 911 655 932; x_wconf 90' lang='lat'>,</span> <span class='ocrx_word' id='word_1_98' title='bbox 694 883 956 933; x_wconf 83' lang='lat' dir='ltr'><strong>significavit,</strong></span> <span class='ocrx_word' id='word_1_99' title='bbox 994 882 1120 934; x_wconf 86' lang='lat' dir='ltr'>priori</span> <span class='ocrx_word' id='word_1_100' title='bbox 1157 882 1311 934; x_wconf 88' lang='lat' dir='ltr'><strong>quidem</strong></span> <span class='ocrx_word' id='word_1_101' title='bbox 1348 882 1556 920; x_wconf 84' lang='lat' dir='ltr'><strong>admittere</strong></span> <span class='ocrx_word' id='word_1_102' title='bbox 1574 882 1738 920; x_wconf 81' lang='lat' dir='ltr'><strong>Latinos</strong></span> 
     </span>
     <span class='ocr_line' id='line_1_13' title="bbox 279 938 1741 991; baseline -0.001 -13"><span class='ocrx_word' id='word_1_103' title='bbox 279 943 324 979; x_wconf 89' lang='lat' dir='ltr'><strong>in</strong></span> <span class='ocrx_word' id='word_1_104' title='bbox 344 940 657 978; x_wconf 84' lang='lat' dir='ltr'><strong>communionem</strong></span> <span class='ocrx_word' id='word_1_105' title='bbox 673 953 805 978; x_wconf 85' lang='lat' dir='ltr'><strong>sacrae</strong></span> <span class='ocrx_word' id='word_1_106' title='bbox 827 938 1048 990; x_wconf 52' lang='lat' dir='ltr'><strong>Liturgiae„</strong></span> <span class='ocrx_word' id='word_1_107' title='bbox 1067 938 1146 976; x_wconf 88' lang='lat' dir='ltr'><strong>hoc</strong></span> <span class='ocrx_word' id='word_1_108' title='bbox 1165 945 1223 977; x_wconf 88' lang='lat' dir='ltr'><strong>est</strong></span> <span class='ocrx_word' id='word_1_109' title='bbox 1243 952 1326 977; x_wconf 85' lang='lat' dir='ltr'><strong>eam</strong></span> <span class='ocrx_word' id='word_1_110' title='bbox 1344 939 1442 991; x_wconf 88' lang='lat' dir='ltr'><strong>ipsis</strong></span> <span class='ocrx_word' id='word_1_111' title='bbox 1459 938 1741 991; x_wconf 79' lang='lat' dir='ltr'><strong>praesentibus-</strong></span> 
     </span>
     <span class='ocr_line' id='line_1_14' title="bbox 279 996 1736 1042; baseline -0.001 -8"><span class='ocrx_word' id='word_1_112' title='bbox 279 1004 319 1035; x_wconf 88' lang='lat' dir='ltr'><strong>et</strong></span> <span class='ocrx_word' id='word_1_113' title='bbox 341 996 602 1035; x_wconf 80' lang='lat' dir='ltr'><strong>communiter</strong></span> <span class='ocrx_word' id='word_1_114' title='bbox 618 996 820 1034; x_wconf 86' lang='lat' dir='ltr'><strong>orantibus</strong></span> <span class='ocrx_word' id='word_1_115' title='bbox 842 1009 924 1033; x_wconf 88' lang='lat' dir='ltr'><strong>non</strong></span> <span class='ocrx_word' id='word_1_116' title='bbox 944 996 1116 1033; x_wconf 87' lang='lat' dir='ltr'><strong>aversari</strong></span> <span class='ocrx_word' id='word_1_117' title='bbox 1137 996 1345 1042; x_wconf 78' lang='lat' dir='ltr'><strong>celebrare,</strong></span> <span class='ocrx_word' id='word_1_118' title='bbox 1367 996 1491 1034; x_wconf 88' lang='lat' dir='ltr'><strong>altero</strong></span> <span class='ocrx_word' id='word_1_119' title='bbox 1509 996 1605 1034; x_wconf 86' lang='lat' dir='ltr'><strong>vero</strong></span> <span class='ocrx_word' id='word_1_120' title='bbox 1623 1007 1736 1034; x_wconf 86' lang='lat' dir='ltr'><strong>men-</strong></span> 
     </span>
     <span class='ocr_line' id='line_1_15' title="bbox 279 1051 1734 1104; baseline -0.001 -13"><span class='ocrx_word' id='word_1_121' title='bbox 279 1054 429 1091; x_wconf 79' lang='lat' dir='ltr'><strong>tionem</strong></span> <span class='ocrx_word' id='word_1_122' title='bbox 452 1066 575 1104; x_wconf 85' lang='lat' dir='ltr'><strong>papae</strong></span> <span class='ocrx_word' id='word_1_123' title='bbox 594 1053 722 1090; x_wconf 78' lang='lat' dir='ltr'><strong>facere</strong></span> <span class='ocrx_word' id='word_1_124' title='bbox 741 1052 939 1103; x_wconf 84' lang='lat' dir='ltr'><strong>publicam</strong></span> <span class='ocrx_word' id='word_1_125' title='bbox 959 1052 1001 1090; x_wconf 90' lang='lat' dir='ltr'><strong>in</strong></span> <span class='ocrx_word' id='word_1_126' title='bbox 1023 1051 1218 1101; x_wconf 83' lang='lat' dir='ltr'><strong>liturgicis</strong></span> <span class='ocrx_word' id='word_1_127' title='bbox 1238 1052 1441 1103; x_wconf 82' lang='lat' dir='ltr'><strong>precibus:</strong></span> <span class='ocrx_word' id='word_1_128' title='bbox 1471 1065 1527 1100; x_wconf 89' lang='lat' dir='ltr'><strong>ea,</strong></span> <span class='ocrx_word' id='word_1_129' title='bbox 1556 1051 1734 1102; x_wconf 87' lang='lat' dir='ltr'><strong>inquam,</strong></span> 
     </span>
     <span class='ocr_line' id='line_1_16' title="bbox 281 1107 1735 1158; baseline -0.002 -11"><span class='ocrx_word' id='word_1_130' title='bbox 281 1110 397 1147; x_wconf 88' lang='lat' dir='ltr'><strong>ambo</strong></span> <span class='ocrx_word' id='word_1_131' title='bbox 426 1123 510 1147; x_wconf 84' lang='lat' dir='ltr'><strong>esse</strong></span> <span class='ocrx_word' id='word_1_132' title='bbox 538 1109 649 1147; x_wconf 88' lang='lat' dir='ltr'><strong>licita</strong></span> <span class='ocrx_word' id='word_1_133' title='bbox 675 1108 839 1149; x_wconf 87' lang='lat' dir='ltr'><strong>evicisse</strong></span> <span class='ocrx_word' id='word_1_134' title='bbox 867 1108 943 1146; x_wconf 88' lang='lat' dir='ltr'><strong>sibi</strong></span> <span class='ocrx_word' id='word_1_135' title='bbox 972 1108 1082 1146; x_wconf 88' lang='lat' dir='ltr'><strong>visus</strong></span> <span class='ocrx_word' id='word_1_136' title='bbox 1112 1115 1170 1146; x_wconf 86' lang='lat' dir='ltr'><strong>est</strong></span> <span class='ocrx_word' id='word_1_137' title='bbox 1196 1108 1429 1146; x_wconf 77' lang='lat' dir='ltr'><strong>auctoritate</strong></span> <span class='ocrx_word' id='word_1_138' title='bbox 1453 1107 1640 1146; x_wconf 71' lang='lat' dir='ltr'><strong>Manuelis</strong></span> <span class='ocrx_word' id='word_1_139' title='bbox 1661 1120 1735 1158; x_wconf 88' lang='lat' dir='ltr'><strong>pa·-</strong></span> 
     </span>
     <span class='ocr_line' id='line_1_17' title="bbox 280 1163 1733 1216; baseline -0.003 -12"><span class='ocrx_word' id='word_1_140' title='bbox 280 1165 479 1204; x_wconf 82' lang='lat' dir='ltr'><strong>triarchae</strong></span> <span class='ocrx_word' id='word_1_141' title='bbox 513 1179 603 1203; x_wconf 90' lang='lat' dir='ltr'><strong>cum</strong></span> <span class='ocrx_word' id='word_1_142' title='bbox 628 1178 697 1203; x_wconf 86' lang='lat' dir='ltr'><strong>sua</strong></span> <span class='ocrx_word' id='word_1_143' title='bbox 726 1165 880 1216; x_wconf 85' lang='lat' dir='ltr'><strong>synodo</strong></span> <span class='ocrx_word' id='word_1_144' title='bbox 913 1170 951 1202; x_wconf 89' lang='lat' dir='ltr'><strong>et</strong></span> <span class='ocrx_word' id='word_1_145' title='bbox 979 1164 1140 1202; x_wconf 88' lang='lat' dir='ltr'><strong>Ioannis</strong></span> <span class='ocrx_word' id='word_1_146' title='bbox 1171 1165 1299 1202; x_wconf 89' lang='lat' dir='ltr'><strong>Ducae</strong></span> <span class='ocrx_word' id='word_1_147' title='bbox 1328 1163 1604 1216; x_wconf 87' lang='lat' dir='ltr'><strong>imperatoris,</strong></span> <span class='ocrx_word' id='word_1_148' title='bbox 1634 1175 1733 1214; x_wconf 87' lang='lat' dir='ltr'><strong>quos</strong></span> 
     </span>
     <span class='ocr_line' id='line_1_18' title="bbox 277 1219 1733 1272; baseline -0.003 -10"><span class='ocrx_word' id='word_1_149' title='bbox 277 1223 396 1262; x_wconf 84' lang='lat' dir='ltr'><strong>missa</strong></span> <span class='ocrx_word' id='word_1_150' title='bbox 414 1222 609 1272; x_wconf 84' lang='lat' dir='ltr'><strong>legatione</strong></span> <span class='ocrx_word' id='word_1_151' title='bbox 627 1222 696 1259; x_wconf 86' lang='lat' dir='ltr'><strong>illa</strong></span> <span class='ocrx_word' id='word_1_152' title='bbox 716 1222 822 1259; x_wconf 86' lang='lat' dir='ltr'><strong>ultro</strong></span> <span class='ocrx_word' id='word_1_153' title='bbox 843 1221 1067 1272; x_wconf 83' lang='lat' dir='ltr'><strong>promisisse</strong></span> <span class='ocrx_word' id='word_1_154' title='bbox 1083 1234 1228 1272; x_wconf 87' lang='lat' dir='ltr'><strong>papae,</strong></span> <span class='ocrx_word' id='word_1_155' title='bbox 1254 1222 1285 1258; x_wconf 90' lang='lat' dir='ltr'><strong>si</strong></span> <span class='ocrx_word' id='word_1_156' title='bbox 1314 1220 1525 1259; x_wconf 84' lang='lat' dir='ltr'><strong>abstineret</strong></span> <span class='ocrx_word' id='word_1_157' title='bbox 1544 1233 1567 1257; x_wconf 82' lang='lat' dir='ltr'><strong>a</strong></span> <span class='ocrx_word' id='word_1_158' title='bbox 1585 1219 1733 1258; x_wconf 82' lang='lat' dir='ltr'><strong>iuvan-</strong></span> 
     </span>
     <span class='ocr_line' id='line_1_19' title="bbox 282 1275 1743 1328; baseline -0.003 -11"><span class='ocrx_word' id='word_1_159' title='bbox 282 1280 344 1318; x_wconf 87' lang='lat' dir='ltr'><strong>dis</strong></span> <span class='ocrx_word' id='word_1_160' title='bbox 362 1278 509 1316; x_wconf 84' lang='lat' dir='ltr'><strong>Latinis</strong></span> <span class='ocrx_word' id='word_1_161' title='bbox 536 1277 605 1328; x_wconf 87' lang='lat' dir='ltr'><strong>qui</strong></span> <span class='ocrx_word' id='word_1_162' title='bbox 629 1276 968 1328; x_wconf 79' lang='lat' dir='ltr'><strong>Constantinopoli</strong></span> <span class='ocrx_word' id='word_1_163' title='bbox 985 1283 1082 1314; x_wconf 87' lang='lat' dir='ltr'><strong>tunc</strong></span> <span class='ocrx_word' id='word_1_164' title='bbox 1100 1277 1368 1328; x_wconf 81' lang='lat' dir='ltr'><strong>potiebantur,</strong></span> <span class='ocrx_word' id='word_1_165' title='bbox 1399 1275 1572 1314; x_wconf 85' lang='lat' dir='ltr'><strong>ostendit</strong></span> <span class='ocrx_word' id='word_1_166' title='bbox 1592 1288 1644 1313; x_wconf 82' lang='lat' dir='ltr'><strong>ex</strong></span> <span class='ocrx_word' id='word_1_167' title='bbox 1665 1288 1743 1313; x_wconf 68' lang='grc' dir='ltr'><strong><em>εει-ι</em></strong></span> 
     </span>
     <span class='ocr_line' id='line_1_20' title="bbox 283 1331 1734 1384; baseline -0.003 -11"><span class='ocrx_word' id='word_1_168' title='bbox 283 1336 371 1374; x_wconf 88' lang='lat' dir='ltr'><strong>dice</strong></span> <span class='ocrx_word' id='word_1_169' title='bbox 400 1335 586 1373; x_wconf 89' lang='lat' dir='ltr'><strong>ecclesiae</strong></span> <span class='ocrx_word' id='word_1_170' title='bbox 613 1333 664 1371; x_wconf 89' lang='lat' dir='ltr'><strong>ad</strong></span> <span class='ocrx_word' id='word_1_171' title='bbox 686 1333 803 1371; x_wconf 84' lang='lat' dir='ltr'><strong>fidem</strong></span> <span class='ocrx_word' id='word_1_172' title='bbox 831 1332 912 1371; x_wconf 88' lang='lat' dir='ltr'><strong>eius</strong></span> <span class='ocrx_word' id='word_1_173' title='bbox 943 1333 1002 1371; x_wconf 86' lang='lat' dir='ltr'><strong>rei</strong></span> <span class='ocrx_word' id='word_1_174' title='bbox 1027 1339 1157 1383; x_wconf 82' lang='lat' dir='ltr'><strong>gestae</strong></span> <span class='ocrx_word' id='word_1_175' title='bbox 1187 1332 1408 1370; x_wconf 82' lang='lat' dir='ltr'><strong>faciendam</strong></span> <span class='ocrx_word' id='word_1_176' title='bbox 1437 1332 1609 1384; x_wconf 87' lang='lat' dir='ltr'><strong>prolato.</strong></span> <span class='ocrx_word' id='word_1_177' title='bbox 1665 1331 1734 1370; x_wconf 88' lang='lat' dir='ltr'><strong>de-</strong></span> 
     </span>
     <span class='ocr_line' id='line_1_21' title="bbox 280 1387 1732 1441; baseline -0.003 -11"><span class='ocrx_word' id='word_1_178' title='bbox 280 1397 478 1430; x_wconf 87' lang='lat' dir='ltr'><strong>monstrat</strong></span> <span class='ocrx_word' id='word_1_179' title='bbox 505 1390 647 1428; x_wconf 89' lang='lat' dir='ltr'><strong>deinde</strong></span> <span class='ocrx_word' id='word_1_180' title='bbox 673 1389 899 1428; x_wconf 87' lang='lat' dir='ltr'><strong>eorumdem</strong></span> <span class='ocrx_word' id='word_1_181' title='bbox 926 1389 1162 1427; x_wconf 85' lang='lat' dir='ltr'><strong>auctoritate</strong></span> <span class='ocrx_word' id='word_1_182' title='bbox 1188 1389 1348 1426; x_wconf 90' lang='lat' dir='ltr'><strong>Latinos</strong></span> <span class='ocrx_word' id='word_1_183' title='bbox 1370 1395 1538 1441; x_wconf 89' lang='lat' dir='ltr'><strong>propter</strong></span> <span class='ocrx_word' id='word_1_184' title='bbox 1558 1387 1732 1426; x_wconf 79' lang='lat' dir='ltr'><strong>additio-</strong></span> 
     </span>
     <span class='ocr_line' id='line_1_22' title="bbox 280 1442 1732 1498; baseline -0.003 -12"><span class='ocrx_word' id='word_1_185' title='bbox 280 1461 373 1486; x_wconf 89' lang='lat' dir='ltr'><strong>nem</strong></span> <span class='ocrx_word' id='word_1_186' title='bbox 400 1447 444 1485; x_wconf 89' lang='lat' dir='ltr'><strong>in</strong></span> <span class='ocrx_word' id='word_1_187' title='bbox 475 1447 656 1498; x_wconf 87' lang='lat' dir='ltr'><strong>symbolo</strong></span> <span class='ocrx_word' id='word_1_188' title='bbox 687 1460 767 1484; x_wconf 89' lang='lat' dir='ltr'><strong>non</strong></span> <span class='ocrx_word' id='word_1_189' title='bbox 797 1459 878 1484; x_wconf 88' lang='lat' dir='ltr'><strong>esse</strong></span> <span class='ocrx_word' id='word_1_190' title='bbox 900 1445 1102 1483; x_wconf 83' lang='lat' dir='ltr'><strong>habendos</strong></span> <span class='ocrx_word' id='word_1_191' title='bbox 1127 1445 1367 1492; x_wconf 89' lang='lat' dir='ltr'><strong>haereticos,</strong></span> <span class='ocrx_word' id='word_1_192' title='bbox 1408 1458 1499 1483; x_wconf 87' lang='lat' dir='ltr'><strong>cum</strong></span> <span class='ocrx_word' id='word_1_193' title='bbox 1536 1443 1599 1482; x_wconf 89' lang='lat' dir='ltr'><strong>illi</strong></span> <span class='ocrx_word' id='word_1_194' title='bbox 1626 1442 1732 1482; x_wconf 86' lang='lat' dir='ltr'><strong>nihil</strong></span> 
     </span>
     <span class='ocr_line' id='line_1_23' title="bbox 280 1501 1742 1553; baseline -0.005 -10"><span class='ocrx_word' id='word_1_195' title='bbox 280 1511 379 1543; x_wconf 86' lang='lat' dir='ltr'><strong>tunc</strong></span> <span class='ocrx_word' id='word_1_196' title='bbox 397 1504 504 1542; x_wconf 80' lang='lat' dir='ltr'><strong>aliud</strong></span> <span class='ocrx_word' id='word_1_197' title='bbox 519 1518 540 1541; x_wconf 91' lang='lat' dir='ltr'><strong>a</strong></span> <span class='ocrx_word' id='word_1_198' title='bbox 559 1503 705 1541; x_wconf 86' lang='lat' dir='ltr'><strong>Latinis</strong></span> <span class='ocrx_word' id='word_1_199' title='bbox 728 1502 940 1553; x_wconf 82' lang='lat' dir='ltr'><strong>exegerint,</strong></span> <span class='ocrx_word' id='word_1_200' title='bbox 967 1501 1043 1540; x_wconf 90' lang='lat' dir='ltr'><strong>nisi</strong></span> <span class='ocrx_word' id='word_1_201' title='bbox 1066 1508 1109 1539; x_wconf 87' lang='lat' dir='ltr'><strong>ut</strong></span> <span class='ocrx_word' id='word_1_202' title='bbox 1127 1502 1438 1540; x_wconf 86' lang='lat' dir='ltr'><strong>additamentum</strong></span> <span class='ocrx_word' id='word_1_203' title='bbox 1457 1501 1565 1540; x_wconf 87' lang='lat' dir='ltr'><strong>istud</strong></span> <span class='ocrx_word' id='word_1_204' title='bbox 1583 1513 1606 1537; x_wconf 84' lang='lat' dir='ltr'><strong>a</strong></span> <span class='ocrx_word' id='word_1_205' title='bbox 1622 1513 1742 1551; x_wconf 30' lang='lat' dir='ltr'><strong>sym-⁴</strong></span> 
     </span>
     <span class='ocr_line' id='line_1_24' title="bbox 278 1555 1730 1610; baseline -0.003 -11"><span class='ocrx_word' id='word_1_206' title='bbox 278 1562 373 1599; x_wconf 89' lang='lat' dir='ltr'><strong>bolo</strong></span> <span class='ocrx_word' id='word_1_207' title='bbox 391 1561 602 1609; x_wconf 87' lang='lat' dir='ltr'><strong>tollerent,</strong></span> <span class='ocrx_word' id='word_1_208' title='bbox 639 1558 739 1597; x_wconf 88' lang='lat' dir='ltr'><strong>nihil</strong></span> <span class='ocrx_word' id='word_1_209' title='bbox 767 1558 1019 1610; x_wconf 87' lang='lat' dir='ltr'><strong>prohibentes</strong></span> <span class='ocrx_word' id='word_1_210' title='bbox 1046 1559 1253 1609; x_wconf 89' lang='lat' dir='ltr'><strong>quominus</strong></span> <span class='ocrx_word' id='word_1_211' title='bbox 1278 1559 1321 1596; x_wconf 91' lang='lat' dir='ltr'><strong>in</strong></span> <span class='ocrx_word' id='word_1_212' title='bbox 1341 1557 1504 1596; x_wconf 83' lang='lat' dir='ltr'><strong>caeteris</strong></span> <span class='ocrx_word' id='word_1_213' title='bbox 1520 1555 1730 1608; x_wconf 78' lang='lat' dir='ltr'><strong>scripturis</strong></span> 
     </span>
     <span class='ocr_line' id='line_1_25' title="bbox 278 1613 1729 1667; baseline -0.003 -12"><span class='ocrx_word' id='word_1_214' title='bbox 278 1617 323 1656; x_wconf 90' lang='lat' dir='ltr'><strong>id</strong></span> <span class='ocrx_word' id='word_1_215' title='bbox 357 1617 575 1656; x_wconf 79' lang='lat' dir='ltr'><strong>retinerent</strong></span> <span class='ocrx_word' id='word_1_216' title='bbox 597 1622 636 1654; x_wconf 92' lang='lat' dir='ltr'><strong>et</strong></span> <span class='ocrx_word' id='word_1_217' title='bbox 667 1616 869 1667; x_wconf 81' lang='lat' dir='ltr'><strong>legerent3</strong></span> <span class='ocrx_word' id='word_1_218' title='bbox 914 1614 1021 1666; x_wconf 88' lang='lat' dir='ltr'><strong>quod</strong></span> <span class='ocrx_word' id='word_1_219' title='bbox 1057 1615 1229 1653; x_wconf 87' lang='lat' dir='ltr'><strong>ostendit</strong></span> <span class='ocrx_word' id='word_1_220' title='bbox 1262 1614 1482 1652; x_wconf 84' lang='lat' dir='ltr'><strong>doctrinam</strong></span> <span class='ocrx_word' id='word_1_221' title='bbox 1518 1613 1645 1665; x_wconf 86' lang='lat' dir='ltr'><strong>ipsam</strong></span> <span class='ocrx_word' id='word_1_222' title='bbox 1681 1625 1729 1651; x_wconf 88' lang='lat' dir='ltr'><strong>ac</strong></span> 
     </span>
     <span class='ocr_line' id='line_1_26' title="bbox 278 1668 1745 1724; baseline -0.003 -12"><span class='ocrx_word' id='word_1_223' title='bbox 278 1674 421 1724; x_wconf 78' lang='lat' dir='ltr'><strong>dogma</strong></span> <span class='ocrx_word' id='word_1_224' title='bbox 449 1686 692 1724; x_wconf 86' lang='lat' dir='ltr'><strong>nequaquam</strong></span> <span class='ocrx_word' id='word_1_225' title='bbox 720 1673 816 1723; x_wconf 86' lang='lat' dir='ltr'><strong>ipsis</strong></span> <span class='ocrx_word' id='word_1_226' title='bbox 847 1671 1095 1723; x_wconf 87' lang='lat' dir='ltr'><strong>displicuisse</strong></span> <span class='ocrx_word' id='word_1_227' title='bbox 1114 1700 1125 1720; x_wconf 90' lang='lat'><strong>,</strong></span> <span class='ocrx_word' id='word_1_228' title='bbox 1166 1685 1213 1709; x_wconf 89' lang='lat' dir='ltr'><strong>ac</strong></span> <span class='ocrx_word' id='word_1_229' title='bbox 1256 1675 1541 1721; x_wconf 85' lang='lat' dir='ltr'><strong>consequenter</strong></span> <span class='ocrx_word' id='word_1_230' title='bbox 1575 1668 1745 1708; x_wconf 81' lang='lat' dir='ltr'><strong>crimen.-</strong></span> 
     </span>
     <span class='ocr_line' id='line_1_27' title="bbox 276 1726 1730 1779; baseline -0.003 -11"><span class='ocrx_word' id='word_1_231' title='bbox 276 1730 344 1768; x_wconf 86' lang='lat' dir='ltr'><strong>hic</strong></span> <span class='ocrx_word' id='word_1_232' title='bbox 360 1730 548 1777; x_wconf 83' lang='lat' dir='ltr'><strong>hae1es1s,</strong></span> <span class='ocrx_word' id='word_1_233' title='bbox 576 1729 724 1767; x_wconf 87' lang='lat' dir='ltr'><strong>iudicio</strong></span> <span class='ocrx_word' id='word_1_234' title='bbox 746 1742 905 1777; x_wconf 86' lang='lat' dir='ltr'><strong>eorum,</strong></span> <span class='ocrx_word' id='word_1_235' title='bbox 933 1742 1016 1766; x_wconf 87' lang='lat' dir='ltr'><strong>non</strong></span> <span class='ocrx_word' id='word_1_236' title='bbox 1038 1728 1171 1768; x_wconf 81' lang='lat' dir='ltr'><strong>fuisse.</strong></span> <span class='ocrx_word' id='word_1_237' title='bbox 1227 1726 1332 1766; x_wconf 87' lang='lat' dir='ltr'><strong>hanc</strong></span> <span class='ocrx_word' id='word_1_238' title='bbox 1349 1733 1447 1779; x_wconf 88' lang='lat' dir='ltr'><strong>puto</strong></span> <span class='ocrx_word' id='word_1_239' title='bbox 1468 1738 1551 1764; x_wconf 88' lang='lat' dir='ltr'><strong>esse</strong></span> <span class='ocrx_word' id='word_1_240' title='bbox 1572 1731 1730 1764; x_wconf 79' lang='lat' dir='ltr'><strong>senten-</strong></span> 
     </span>
     <span class='ocr_line' id='line_1_28' title="bbox 275 1783 1727 1850; baseline -0.003 -26"><span class='ocrx_word' id='word_1_241' title='bbox 275 1787 373 1824; x_wconf 84' lang='lat' dir='ltr'><strong>tiam</strong></span> <span class='ocrx_word' id='word_1_242' title='bbox 394 1787 488 1824; x_wconf 81' lang='lat' dir='ltr'><strong>illm</strong></span> <span class='ocrx_word' id='word_1_243' title='bbox 492 1799 557 1823; x_wconf 89' lang='lat' dir='ltr'><strong>um</strong></span> <span class='ocrx_word' id='word_1_244' title='bbox 572 1785 804 1834; x_wconf 87' lang='lat' dir='ltr'><strong>verborum,</strong></span> <span class='ocrx_word' id='word_1_245' title='bbox 836 1784 1012 1835; x_wconf 85' lang='lat' dir='ltr'><strong>alioquin</strong></span> <span class='ocrx_word' id='word_1_246' title='bbox 1029 1783 1147 1823; x_wconf 88' lang='lat' dir='ltr'><strong>huius</strong></span> <span class='ocrx_word' id='word_1_247' title='bbox 1165 1783 1372 1835; x_wconf 87' lang='lat' dir='ltr'><strong>scriptoris</strong></span> <span class='ocrx_word' id='word_1_248' title='bbox 1394 1796 1504 1822; x_wconf 84' lang='lat' dir='ltr'><strong>more</strong></span> <span class='ocrx_word' id='word_1_249' title='bbox 1529 1795 1576 1820; x_wconf 91' lang='lat' dir='ltr'><strong>ac</strong></span> <span class='ocrx_word' id='word_1_250' title='bbox 1599 1795 1727 1850; x_wconf 88' lang='lat' dir='ltr'><strong>pecu-</strong></span> 
     </span>
     <span class='ocr_line' id='line_1_29' title="bbox 275 1833 1728 1893; baseline -0.001 -13"><span class='ocrx_word' id='word_1_251' title='bbox 275 1842 369 1880; x_wconf 84' lang='lat' dir='ltr'><strong>liari</strong></span> <span class='ocrx_word' id='word_1_252' title='bbox 395 1842 510 1893; x_wconf 87' lang='lat' dir='ltr'><strong>genio</strong></span> <span class='ocrx_word' id='word_1_253' title='bbox 537 1855 630 1880; x_wconf 88' lang='lat' dir='ltr'><strong>sane</strong></span> <span class='ocrx_word' id='word_1_254' title='bbox 657 1841 955 1892; x_wconf 78' lang='lat' dir='ltr'><strong>pelplexorum:</strong></span> <span class='ocrx_word' id='word_1_255' title='bbox 993 1843 1080 1888; x_wconf 75' lang='grc' dir='ltr'><strong><em>πῶς</em></strong></span> <span class='ocrx_word' id='word_1_256' title='bbox 1109 1838 1164 1893; x_wconf 74' lang='grc' dir='ltr'><strong>μή</strong></span> <span class='ocrx_word' id='word_1_257' title='bbox 1187 1842 1498 1893; x_wconf 82' lang='grc' dir='ltr'><strong><em>κατηγοροῦντες</em></strong></span> <span class='ocrx_word' id='word_1_258' title='bbox 1517 1835 1619 1886; x_wconf 78' lang='grc' dir='ltr'><strong><em>ὅλως</em></strong></span> <span class='ocrx_word' id='word_1_259' title='bbox 1638 1833 1728 1878; x_wconf 83' lang='grc' dir='ltr'><strong><em>α’σε-</em></strong></span> 
     </span>
     <span class='ocr_line' id='line_1_30' title="bbox 278 1891 1735 1949; baseline -0.003 -10"><span class='ocrx_word' id='word_1_260' title='bbox 278 1899 388 1949; x_wconf 85' lang='grc' dir='ltr'><strong><em>βείας</em></strong></span> <span class='ocrx_word' id='word_1_261' title='bbox 412 1898 528 1949; x_wconf 88' lang='lat' dir='ltr'><strong>(huic</strong></span> <span class='ocrx_word' id='word_1_262' title='bbox 552 1897 642 1935; x_wconf 85' lang='lat' dir='ltr'><strong>voci</strong></span> <span class='ocrx_word' id='word_1_263' title='bbox 669 1897 892 1935; x_wconf 86' lang='lat' dir='ltr'><strong>Vaticanus·</strong></span> <span class='ocrx_word' id='word_1_264' title='bbox 913 1896 1119 1935; x_wconf 88' lang='lat' dir='ltr'><strong>substituit</strong></span> <span class='ocrx_word' id='word_1_265' title='bbox 1151 1897 1328 1948; x_wconf 84' lang='grc' dir='ltr'><strong><em>αι’ρεσιν,</em></strong></span> <span class='ocrx_word' id='word_1_266' title='bbox 1365 1909 1447 1934; x_wconf 88' lang='lat' dir='ltr'><strong>non</strong></span> <span class='ocrx_word' id='word_1_267' title='bbox 1474 1894 1595 1944; x_wconf 88' lang='lat' dir='ltr'><strong>male)</strong></span> <span class='ocrx_word' id='word_1_268' title='bbox 1631 1891 1735 1941; x_wconf 63' lang='grc' dir='ltr'><strong><em>τούς</em></strong></span> 
     </span>
     <span class='ocr_line' id='line_1_31' title="bbox 273 1946 1726 2021; baseline -0.003 -25.969"><span class='ocrx_word' id='word_1_269' title='bbox 273 1950 463 2003; x_wconf 79' lang='grc' dir='ltr'><strong><em>Ἰταλούς,</em></strong></span> <span class='ocrx_word' id='word_1_270' title='bbox 493 1950 636 2005; x_wconf 83' lang='grc' dir='ltr'><strong><em>η’ξίουν</em></strong></span> <span class='ocrx_word' id='word_1_271' title='bbox 660 1955 951 2021; x_wconf 81' lang='grc' dir='ltr'><strong><em>παραιροῦντας</em></strong></span> <span class='ocrx_word' id='word_1_272' title='bbox 979 1968 1053 2004; x_wconf 86' lang='grc' dir='ltr'><strong><em>την</em></strong></span> <span class='ocrx_word' id='word_1_273' title='bbox 1070 1949 1310 2005; x_wconf 80' lang='grc' dir='ltr'><em>προσθήκην</em></span> <span class='ocrx_word' id='word_1_274' title='bbox 1334 1954 1410 1992; x_wconf 79' lang='grc' dir='ltr'><strong>τοῦ</strong></span> <span class='ocrx_word' id='word_1_275' title='bbox 1430 1946 1652 2003; x_wconf 76' lang='grc' dir='ltr'><em>συμβόλου,</em></span> <span class='ocrx_word' id='word_1_276' title='bbox 1681 1949 1726 1990; x_wconf 80' lang='grc' dir='ltr'><strong><em>ἐν</em></strong></span> 
     </span>
     <span class='ocr_line' id='line_1_32' title="bbox 277 2005 1727 2063; baseline -0.004 -11"><span class='ocrx_word' id='word_1_277' title='bbox 277 2016 365 2059; x_wconf 84' lang='grc' dir='ltr'><strong><em>ταῖς</em></strong></span> <span class='ocrx_word' id='word_1_278' title='bbox 392 2013 548 2058; x_wconf 82' lang='grc' dir='ltr'><strong><em>λοιπαῖς</em></strong></span> <span class='ocrx_word' id='word_1_279' title='bbox 582 2014 754 2063; x_wconf 80' lang='grc' dir='ltr'><strong><em>γραφαῖς</em></strong></span> <span class='ocrx_word' id='word_1_280' title='bbox 793 2005 1048 2062; x_wconf 75' lang='grc' dir='ltr'><strong><em>ανάγραπτον</em></strong></span> <span class='ocrx_word' id='word_1_281' title='bbox 1076 2008 1236 2060; x_wconf 73' lang='grc' dir='ltr'><strong><em>ἔχοντας</em></strong></span> <span class='ocrx_word' id='word_1_282' title='bbox 1253 2038 1263 2057; x_wconf 90' lang='grc'><em>,</em></span> <span class='ocrx_word' id='word_1_283' title='bbox 1303 2006 1520 2048; x_wconf 82' lang='grc' dir='ltr'><strong><em>συνδιιέναι</em></strong></span> <span class='ocrx_word' id='word_1_284' title='bbox 1550 2010 1634 2054; x_wconf 87' lang='grc' dir='ltr'><strong><em>τοῖς</em></strong></span> <span class='ocrx_word' id='word_1_285' title='bbox 1658 2020 1727 2047; x_wconf 82' lang='grc' dir='ltr'><strong>πε-</strong></span> 
     </span>
     <span class='ocr_line' id='line_1_33' title="bbox 279 2063 1727 2120; baseline -0.006 -13"><span class='ocrx_word' id='word_1_286' title='bbox 279 2066 524 2120; x_wconf 84' lang='grc' dir='ltr'><strong><em>φρασμένοις</em></strong></span> <span class='ocrx_word' id='word_1_287' title='bbox 545 2065 617 2117; x_wconf 84' lang='lat' dir='ltr'><strong>(ita</strong></span> <span class='ocrx_word' id='word_1_288' title='bbox 640 2066 744 2104; x_wconf 91' lang='lat' dir='ltr'><strong>clare</strong></span> <span class='ocrx_word' id='word_1_289' title='bbox 773 2065 887 2103; x_wconf 87' lang='lat' dir='ltr'><strong>ambo</strong></span> <span class='ocrx_word' id='word_1_290' title='bbox 905 2064 1061 2103; x_wconf 88' lang='lat' dir='ltr'><strong>codices</strong></span> <span class='ocrx_word' id='word_1_291' title='bbox 1082 2065 1221 2116; x_wconf 88' lang='lat' dir='ltr'><strong>optimi</strong></span> <span class='ocrx_word' id='word_1_292' title='bbox 1245 2065 1276 2102; x_wconf 92' lang='lat' dir='ltr'>B</span> <span class='ocrx_word' id='word_1_293' title='bbox 1296 2070 1334 2102; x_wconf 89' lang='lat' dir='ltr'><strong>et</strong></span> <span class='ocrx_word' id='word_1_294' title='bbox 1357 2066 1403 2112; x_wconf 88' lang='lat' dir='ltr'><strong>A,</strong></span> <span class='ocrx_word' id='word_1_295' title='bbox 1423 2076 1513 2101; x_wconf 90' lang='lat' dir='ltr'><strong>cum</strong></span> <span class='ocrx_word' id='word_1_296' title='bbox 1533 2063 1727 2113; x_wconf 76' lang='lat' dir='ltr'><strong>fragmen.</strong></span> 
     </span>
     <span class='ocr_line' id='line_1_34' title="bbox 278 2116 1728 2185; baseline -0.003 -22"><span class='ocrx_word' id='word_1_297' title='bbox 278 2131 367 2163; x_wconf 90' lang='lat' dir='ltr'><strong>tum</strong></span> <span class='ocrx_word' id='word_1_298' title='bbox 389 2138 412 2161; x_wconf 91' lang='lat' dir='ltr'><strong>a</strong></span> <span class='ocrx_word' id='word_1_299' title='bbox 429 2122 589 2161; x_wconf 89' lang='lat' dir='ltr'><strong>Petavio</strong></span> <span class='ocrx_word' id='word_1_300' title='bbox 610 2122 758 2160; x_wconf 89' lang='lat' dir='ltr'><strong>editum</strong></span> <span class='ocrx_word' id='word_1_301' title='bbox 775 2120 1065 2175; x_wconf 82' lang='grc' dir='ltr'><strong><em>πεφραγμένως</em></strong></span> <span class='ocrx_word' id='word_1_302' title='bbox 1082 2122 1202 2172; x_wconf 89' lang='lat' dir='ltr'><strong>legat)</strong></span> <span class='ocrx_word' id='word_1_303' title='bbox 1221 2116 1575 2185; x_wconf 69' lang='grc' dir='ltr'><strong><em>ἀναγινώσκοντας.</em></strong></span> <span class='ocrx_word' id='word_1_304' title='bbox 1628 2117 1728 2158; x_wconf 84' lang='lat' dir='ltr'><strong>haec</strong></span> 
     </span>
     <span class='ocr_line' id='line_1_35' title="bbox 279 2176 1728 2227; baseline -0.003 -8"><span class='ocrx_word' id='word_1_305' title='bbox 279 2180 339 2219; x_wconf 87' lang='lat' dir='ltr'><strong>sic</strong></span> <span class='ocrx_word' id='word_1_306' title='bbox 357 2180 407 2218; x_wconf 91' lang='lat' dir='ltr'><strong>ad</strong></span> <span class='ocrx_word' id='word_1_307' title='bbox 422 2179 588 2218; x_wconf 88' lang='lat' dir='ltr'><strong>verbum</strong></span> <span class='ocrx_word' id='word_1_308' title='bbox 610 2185 773 2217; x_wconf 85' lang='lat' dir='ltr'><strong>sonant:</strong></span> <span class='ocrx_word' id='word_1_309' title='bbox 803 2186 849 2216; x_wconf 79' lang='lat' dir='ltr'><strong>ut</strong></span> <span class='ocrx_word' id='word_1_310' title='bbox 872 2180 1030 2218; x_wconf 74' lang='lat' dir='ltr'><strong>omnino</strong></span> <span class='ocrx_word' id='word_1_311' title='bbox 1045 2192 1126 2216; x_wconf 81' lang='lat' dir='ltr'><strong>non</strong></span> <span class='ocrx_word' id='word_1_312' title='bbox 1150 2185 1387 2215; x_wconf 71' lang='lat' dir='ltr'><strong>accusantes</strong></span> <span class='ocrx_word' id='word_1_313' title='bbox 1406 2176 1627 2227; x_wconf 75' lang='lat' dir='ltr'><strong>impietatis·</strong></span> <span class='ocrx_word' id='word_1_314' title='bbox 1643 2176 1728 2214; x_wconf 72' lang='lat' dir='ltr'><strong>aive</strong></span> 
     </span>
     <span class='ocr_line' id='line_1_36' title="bbox 279 2233 1726 2287; baseline -0.004 -12"><span class='ocrx_word' id='word_1_315' title='bbox 279 2237 482 2275; x_wconf 69' lang='lat' dir='ltr'><strong>haereseos</strong></span> <span class='ocrx_word' id='word_1_316' title='bbox 511 2236 660 2285; x_wconf 76' lang='lat' dir='ltr'><strong>Italos,</strong></span> <span class='ocrx_word' id='word_1_317' title='bbox 692 2237 905 2287; x_wconf 73' lang='lat' dir='ltr'><strong>petierint,</strong></span> <span class='ocrx_word' id='word_1_318' title='bbox 937 2235 1097 2272; x_wconf 66' lang='lat' dir='ltr'><strong>sublato</strong></span> <span class='ocrx_word' id='word_1_319' title='bbox 1127 2235 1241 2272; x_wconf 82' lang='lat' dir='ltr'><strong>modo</strong></span> <span class='ocrx_word' id='word_1_320' title='bbox 1269 2233 1545 2272; x_wconf 81' lang='lat' dir='ltr'><strong>additamento</strong></span> <span class='ocrx_word' id='word_1_321' title='bbox 1577 2247 1596 2269; x_wconf 82' lang='lat' dir='ltr'><strong>e</strong></span> <span class='ocrx_word' id='word_1_322' title='bbox 1613 2245 1726 2282; x_wconf 74' lang='lat' dir='ltr'><strong>sym-</strong></span> 
     </span>
     <span class='ocr_line' id='line_1_37' title="bbox 284 2287 1728 2344; baseline -0.003 -14"><span class='ocrx_word' id='word_1_323' title='bbox 284 2293 393 2340; x_wconf 83' lang='lat' dir='ltr'><strong>bolo,</strong></span> <span class='ocrx_word' id='word_1_324' title='bbox 441 2294 484 2330; x_wconf 86' lang='lat' dir='ltr'><strong>in</strong></span> <span class='ocrx_word' id='word_1_325' title='bbox 521 2293 688 2344; x_wconf 73' lang='lat' dir='ltr'><strong>reliquis·</strong></span> <span class='ocrx_word' id='word_1_326' title='bbox 722 2293 933 2344; x_wconf 71' lang='lat' dir='ltr'><strong>seripturis</strong></span> <span class='ocrx_word' id='word_1_327' title='bbox 963 2290 1011 2329; x_wconf 84' lang='lat' dir='ltr'><strong>id</strong></span> <span class='ocrx_word' id='word_1_328' title='bbox 1041 2293 1310 2343; x_wconf 77' lang='lat' dir='ltr'><strong>conscriptum</strong></span> <span class='ocrx_word' id='word_1_329' title='bbox 1354 2290 1560 2339; x_wconf 75' lang='lat' dir='ltr'><strong>habentes,</strong></span> <span class='ocrx_word' id='word_1_330' title='bbox 1599 2287 1728 2325; x_wconf 70' lang='lat' dir='ltr'><strong>simul</strong></span> 
     </span>
     <span class='ocr_line' id='line_1_38' title="bbox 284 2345 1728 2413; baseline -0.004 -27"><span class='ocrx_word' id='word_1_331' title='bbox 284 2349 419 2402; x_wconf 84' lang='lat' dir='ltr'><strong>efferre</strong></span> <span class='ocrx_word' id='word_1_332' title='bbox 452 2362 545 2386; x_wconf 82' lang='lat' dir='ltr'><strong>cum</strong></span> <span class='ocrx_word' id='word_1_333' title='bbox 577 2349 676 2387; x_wconf 66' lang='lat' dir='ltr'><strong>alica·</strong></span> <span class='ocrx_word' id='word_1_334' title='bbox 699 2363 811 2413; x_wconf 36' lang='lat' dir='ltr'><strong>‘quae</strong></span> <span class='ocrx_word' id='word_1_335' title='bbox 847 2363 892 2386; x_wconf 83' lang='lat' dir='ltr'><strong>ex</strong></span> <span class='ocrx_word' id='word_1_336' title='bbox 928 2349 982 2385; x_wconf 64' lang='lat' dir='ltr'><strong>iis</strong></span> <span class='ocrx_word' id='word_1_337' title='bbox 1014 2347 1168 2385; x_wconf 67' lang='lat' dir='ltr'><strong>chartis</strong></span> <span class='ocrx_word' id='word_1_338' title='bbox 1197 2345 1504 2400; x_wconf 79' lang='lat' dir='ltr'><strong>pronunciando</strong></span> <span class='ocrx_word' id='word_1_339' title='bbox 1544 2346 1728 2396; x_wconf 74' lang='lat' dir='ltr'><strong>legerent.</strong></span> 
     </span>
    </p>

    <p class='ocr_par' dir='ltr' id='par_1_3' title="bbox 282 2401 1729 2557">
     <span class='ocr_line' id='line_1_39' title="bbox 282 2401 1729 2457; baseline -0.003 -14"><span class='ocrx_word' id='word_1_340' title='bbox 282 2404 387 2444; x_wconf 83' lang='lat' dir='ltr'><strong>hanc</strong></span> <span class='ocrx_word' id='word_1_341' title='bbox 405 2406 523 2456; x_wconf 82' lang='lat' dir='ltr'><strong>plane</strong></span> <span class='ocrx_word' id='word_1_342' title='bbox 540 2405 786 2455; x_wconf 88' lang='lat' dir='ltr'><strong>sententiam,</strong></span> <span class='ocrx_word' id='word_1_343' title='bbox 814 2405 932 2457; x_wconf 90' lang='lat' dir='ltr'><strong>paulo</strong></span> <span class='ocrx_word' id='word_1_344' title='bbox 953 2404 1181 2442; x_wconf 85' lang='lat' dir='ltr'><strong>clarioribus</strong></span> <span class='ocrx_word' id='word_1_345' title='bbox 1202 2404 1411 2443; x_wconf 81' lang='lat' dir='ltr'><strong>dumtaxat</strong></span> <span class='ocrx_word' id='word_1_346' title='bbox 1430 2401 1571 2452; x_wconf 83' lang='lat' dir='ltr'><strong>verbis,</strong></span> <span class='ocrx_word' id='word_1_347' title='bbox 1599 2401 1729 2439; x_wconf 75' lang='lat' dir='ltr'><strong>inter-</strong></span> 
     </span>
     <span class='ocr_line' id='line_1_40' title="bbox 282 2457 1728 2514; baseline -0.004 -14"><span class='ocrx_word' id='word_1_348' title='bbox 282 2461 454 2514; x_wconf 84' lang='lat' dir='ltr'><strong>pretatio</strong></span> <span class='ocrx_word' id='word_1_349' title='bbox 474 2462 557 2499; x_wconf 89' lang='lat' dir='ltr'><strong>eius</strong></span> <span class='ocrx_word' id='word_1_350' title='bbox 573 2461 712 2514; x_wconf 89' lang='lat' dir='ltr'><strong>capitis</strong></span> <span class='ocrx_word' id='word_1_351' title='bbox 734 2468 869 2501; x_wconf 85' lang='lat' dir='ltr'><strong>nostra</strong></span> <span class='ocrx_word' id='word_1_352' title='bbox 886 2460 1085 2513; x_wconf 87' lang='lat' dir='ltr'><strong>exprimit.</strong></span> <span class='ocrx_word' id='word_1_353' title='bbox 1138 2461 1284 2499; x_wconf 89' lang='lat' dir='ltr'><strong>transit</strong></span> <span class='ocrx_word' id='word_1_354' title='bbox 1303 2460 1471 2511; x_wconf 85' lang='lat' dir='ltr'><strong>denique</strong></span> <span class='ocrx_word' id='word_1_355' title='bbox 1490 2459 1540 2496; x_wconf 88' lang='lat' dir='ltr'><strong>ad</strong></span> <span class='ocrx_word' id='word_1_356' title='bbox 1565 2457 1728 2496; x_wconf 86' lang='lat' dir='ltr'><strong>demon-</strong></span> 
     </span>
     <span class='ocr_line' id='line_1_41' title="bbox 283 2511 1726 2557; baseline -0.004 -1"><span class='ocrx_word' id='word_1_357' title='bbox 283 2517 487 2556; x_wconf 87' lang='lat' dir='ltr'><strong>strandum</strong></span> <span class='ocrx_word' id='word_1_358' title='bbox 508 2517 607 2555; x_wconf 82' lang='lat' dir='ltr'><strong>nihil</strong></span> <span class='ocrx_word' id='word_1_359' title='bbox 633 2532 714 2556; x_wconf 89' lang='lat' dir='ltr'><strong>esse</strong></span> <span class='ocrx_word' id='word_1_360' title='bbox 734 2517 892 2557; x_wconf 89' lang='lat' dir='ltr'><strong>illiciti</strong></span> <span class='ocrx_word' id='word_1_361' title='bbox 880 2532 922 2555; x_wconf 74' lang='lat' dir='ltr'><strong>in</strong></span> <span class='ocrx_word' id='word_1_362' title='bbox 944 2517 1186 2556; x_wconf 79' lang='lat' dir='ltr'><strong>admittenda</strong></span> <span class='ocrx_word' id='word_1_363' title='bbox 1214 2515 1583 2556; x_wconf 85' lang='lat' dir='ltr'><strong>commemoratione</strong></span> <span class='ocrx_word' id='word_1_364' title='bbox 1600 2511 1726 2551; x_wconf 87' lang='lat' dir='ltr'><strong>nomi-</strong></span> 
     </span>
    </p>

    <p class='ocr_par' dir='ltr' id='par_1_4' title="bbox 277 2569 1741 2910">
     <span class='ocr_line' id='line_1_42' title="bbox 282 2569 1726 2626; baseline -0.005 -14"><span class='ocrx_word' id='word_1_365' title='bbox 282 2574 347 2612; x_wconf 85' lang='lat' dir='ltr'><strong>nis</strong></span> <span class='ocrx_word' id='word_1_366' title='bbox 372 2587 497 2626; x_wconf 81' lang='lat' dir='ltr'><strong>papae</strong></span> <span class='ocrx_word' id='word_1_367' title='bbox 514 2573 558 2611; x_wconf 90' lang='lat' dir='ltr'><strong>in</strong></span> <span class='ocrx_word' id='word_1_368' title='bbox 584 2574 681 2612; x_wconf 88' lang='lat' dir='ltr'><strong>litu1</strong></span> <span class='ocrx_word' id='word_1_369' title='bbox 681 2574 777 2625; x_wconf 86' lang='lat' dir='ltr'><strong>gicis</strong></span> <span class='ocrx_word' id='word_1_370' title='bbox 798 2573 1090 2626; x_wconf 87' lang='lat' dir='ltr'><strong>precationibus</strong></span> <span class='ocrx_word' id='word_1_371' title='bbox 1115 2574 1370 2612; x_wconf 87' lang='lat' dir='ltr'><strong>Graecorum.</strong></span> <span class='ocrx_word' id='word_1_372' title='bbox 1428 2578 1468 2610; x_wconf 89' lang='lat' dir='ltr'><strong>et</strong></span> <span class='ocrx_word' id='word_1_373' title='bbox 1489 2571 1538 2609; x_wconf 88' lang='lat' dir='ltr'><strong>de</strong></span> <span class='ocrx_word' id='word_1_374' title='bbox 1563 2569 1639 2608; x_wconf 87' lang='lat' dir='ltr'><strong>hoc</strong></span> <span class='ocrx_word' id='word_1_375' title='bbox 1660 2582 1726 2605; x_wconf 88' lang='lat' dir='ltr'><strong>ca-</strong></span> 
     </span>
     <span class='ocr_line' id='line_1_43' title="bbox 280 2625 1741 2683; baseline -0.003 -15"><span class='ocrx_word' id='word_1_376' title='bbox 280 2630 365 2683; x_wconf 89' lang='lat' dir='ltr'><strong>pite</strong></span> <span class='ocrx_word' id='word_1_377' title='bbox 386 2629 444 2668; x_wconf 88' lang='lat' dir='ltr'><strong>sic</strong></span> <span class='ocrx_word' id='word_1_378' title='bbox 460 2629 663 2681; x_wconf 87' lang='lat' dir='ltr'><strong>loquitur</strong></span> <span class='ocrx_word' id='word_1_379' title='bbox 652 2644 695 2667; x_wconf 86' lang='lat' dir='ltr'><strong>m</strong></span> <span class='ocrx_word' id='word_1_380' title='bbox 714 2631 850 2669; x_wconf 90' lang='lat' dir='ltr'><strong>codice</strong></span> <span class='ocrx_word' id='word_1_381' title='bbox 868 2630 1104 2669; x_wconf 79' lang='lat' dir='ltr'><strong>Balberino·</strong></span> <span class='ocrx_word' id='word_1_382' title='bbox 1131 2645 1219 2670; x_wconf 85' lang='grc' dir='ltr'><strong><em>τινα</em></strong></span> <span class='ocrx_word' id='word_1_383' title='bbox 1236 2625 1278 2670; x_wconf 84' lang='grc' dir='ltr'><strong>δ’</strong></span> <span class='ocrx_word' id='word_1_384' title='bbox 1301 2628 1402 2682; x_wconf 72' lang='grc' dir='ltr'><strong><em>ἔχειν</em></strong></span> <span class='ocrx_word' id='word_1_385' title='bbox 1419 2642 1491 2679; x_wconf 86' lang='grc' dir='ltr'><strong><em>την</em></strong></span> <span class='ocrx_word' id='word_1_386' title='bbox 1508 2625 1725 2666; x_wconf 82' lang='grc' dir='ltr'><strong><em>κοινωνίαν</em></strong></span> <span class='ocrx_word' id='word_1_387' title='bbox 1740 2654 1741 2657; x_wconf 24' lang='lat'>¹</span> 
     </span>
     <span class='ocr_line' id='line_1_44' title="bbox 279 2677 1724 2754; baseline -0.006 -26"><span class='ocrx_word' id='word_1_388' title='bbox 279 2685 311 2739; x_wconf 73' lang='grc' dir='ltr'><strong>’ἦ</strong></span> <span class='ocrx_word' id='word_1_389' title='bbox 340 2681 405 2728; x_wconf 77' lang='grc' dir='ltr'><strong>ἐπ’</strong></span> <span class='ocrx_word' id='word_1_390' title='bbox 431 2683 682 2737; x_wconf 74' lang='grc' dir='ltr'><strong><em>ἐκκλησίας’</em></strong></span> <span class='ocrx_word' id='word_1_391' title='bbox 657 2702 842 2754; x_wconf 84' lang='grc' dir='ltr'><strong><em>αναφορα</em></strong></span> <span class='ocrx_word' id='word_1_392' title='bbox 863 2689 937 2727; x_wconf 83' lang='grc' dir='ltr'><strong>τοῦ</strong></span> <span class='ocrx_word' id='word_1_393' title='bbox 966 2682 1175 2739; x_wconf 79' lang='grc' dir='ltr'><strong><em>ὀνόματος,</em></strong></span> <span class='ocrx_word' id='word_1_394' title='bbox 1212 2701 1311 2727; x_wconf 79' lang='grc' dir='ltr'><strong><em>σπου</em></strong></span> <span class='ocrx_word' id='word_1_395' title='bbox 1335 2700 1379 2739; x_wconf 74' lang='lat' dir='ltr'><strong>ys</strong></span> <span class='ocrx_word' id='word_1_396' title='bbox 1405 2682 1473 2724; x_wconf 79' lang='grc' dir='ltr'><strong>καὶ</strong></span> <span class='ocrx_word' id='word_1_397' title='bbox 1500 2698 1553 2734; x_wconf 84' lang='grc' dir='ltr'><strong>μη</strong></span> <span class='ocrx_word' id='word_1_398' title='bbox 1585 2677 1724 2728; x_wconf 57' lang='grc' dir='ltr'><strong><em>πάντας</em></strong></span> 
     </span>
     <span class='ocr_line' id='line_1_45' title="bbox 281 2733 1724 2810; baseline -0.003 -28"><span class='ocrx_word' id='word_1_399' title='bbox 281 2740 402 2790; x_wconf 77' lang='grc' dir='ltr'><strong><em>ὄντας</em></strong></span> <span class='ocrx_word' id='word_1_400' title='bbox 425 2757 521 2790; x_wconf 83' lang='grc' dir='ltr'><strong><em>τους</em></strong></span> <span class='ocrx_word' id='word_1_401' title='bbox 539 2739 681 2789; x_wconf 73' lang='grc' dir='ltr'><strong><em>ἄλλους</em></strong></span> <span class='ocrx_word' id='word_1_402' title='bbox 697 2738 849 2795; x_wconf 80' lang='grc' dir='ltr'><strong><em>ανάγκη</em></strong></span> <span class='ocrx_word' id='word_1_403' title='bbox 869 2741 1040 2794; x_wconf 82' lang='grc' dir='ltr'><strong><em>μετέχειν</em></strong></span> <span class='ocrx_word' id='word_1_404' title='bbox 1064 2746 1164 2810; x_wconf 37' lang='grc' dir='ltr'><strong><em>τοῖς,</em></strong></span> <span class='ocrx_word' id='word_1_405' title='bbox 1174 2743 1385 2789; x_wconf 81' lang='grc' dir='ltr'><strong><em>κοινωνίας</em></strong></span> <span class='ocrx_word' id='word_1_406' title='bbox 1406 2743 1489 2787; x_wconf 85' lang='grc' dir='ltr'><strong><em>τοῖς</em></strong></span> <span class='ocrx_word' id='word_1_407' title='bbox 1509 2733 1724 2789; x_wconf 72' lang='grc' dir='ltr'><strong><em>ἐκκλησιά-</em></strong></span> 
     </span>
     <span class='ocr_line' id='line_1_46' title="bbox 281 2790 1724 2865; baseline -0.004 -26"><span class='ocrx_word' id='word_1_408' title='bbox 281 2800 393 2847; x_wconf 76' lang='grc' dir='ltr'><strong><em>ζουσι</em></strong></span> <span class='ocrx_word' id='word_1_409' title='bbox 421 2796 726 2865; x_wconf 80' lang='grc' dir='ltr'><strong><em>συνισταμένους</em></strong></span> <span class='ocrx_word' id='word_1_410' title='bbox 749 2801 1067 2851; x_wconf 81' lang='grc' dir='ltr'><strong><em>λειτουργοῦντος</em></strong></span> <span class='ocrx_word' id='word_1_411' title='bbox 1091 2801 1164 2838; x_wconf 84' lang='grc' dir='ltr'><strong>τοῦ</strong></span> <span class='ocrx_word' id='word_1_412' title='bbox 1195 2797 1350 2852; x_wconf 80' lang='grc' dir='ltr'><strong><em>ἱερέως,</em></strong></span> <span class='ocrx_word' id='word_1_413' title='bbox 1390 2794 1458 2836; x_wconf 73' lang='grc' dir='ltr'><strong>καὶ</strong></span> <span class='ocrx_word' id='word_1_414' title='bbox 1474 2809 1546 2846; x_wconf 83' lang='grc' dir='ltr'><strong><em>την</em></strong></span> <span class='ocrx_word' id='word_1_415' title='bbox 1563 2790 1724 2846; x_wconf 77' lang='grc' dir='ltr'><strong><em>τριάδος</em></strong></span> 
     </span>
     <span class='ocr_line' id='line_1_47' title="bbox 277 2814 1724 2910; baseline -0.004 -16"><span class='ocrx_word' id='word_1_416' title='bbox 277 2852 399 2910; x_wconf 74' lang='grc' dir='ltr'><strong><em>χάριν</em></strong></span> <span class='ocrx_word' id='word_1_417' title='bbox 424 2850 715 2909; x_wconf 82' lang='grc' dir='ltr'><strong><em>παραδιδόντος</em></strong></span> <span class='ocrx_word' id='word_1_418' title='bbox 738 2854 1199 2903; x_wconf 70' lang='grc' dir='ltr'><strong><em>κοινως.Δ11ειῐὶαηιιε</em></strong></span> <span class='ocrx_word' id='word_1_419' title='bbox 1187 2868 1231 2894; x_wconf 86' lang='lat' dir='ltr'><strong>m</strong></span> <span class='ocrx_word' id='word_1_420' title='bbox 1232 2814 1331 2894; x_wconf 67' lang='grc' dir='ltr'><strong><em>ρίιοο</em></strong></span> <span class='ocrx_word' id='word_1_421' title='bbox 1347 2857 1502 2894; x_wconf 87' lang='lat' dir='ltr'><strong>tantum</strong></span> <span class='ocrx_word' id='word_1_422' title='bbox 1523 2851 1724 2902; x_wconf 78' lang='lat' dir='ltr'><strong>discrepat</strong></span> 
     </span>
    </p>
   </div>
  </div>
 </body>
</html>
