1846 3262
191 185 285 231 166
611 183 849 228 GEORGII
882 184 1237 231 PACHYMERIS

146 311 150 314 ’
191 297 236 339 ‹5’
270 296 406 345 ἄλλως
434 294 561 349 εἶναι,
606 295 664 338 δι’
696 296 747 352 ἣν
777 295 874 340 οὐδὲ
902 297 956 340 τὰ
987 295 1182 355 γενόμενα
1214 297 1507 358 προσήσεσθαί
1533 319 1661 355 τινας,

193 365 303 408 δεινὰ
337 366 404 407 καὶ
432 363 566 415 ἄλλως
598 363 723 419 ὅντα,
760 370 843 409 τῶν
866 365 1030 411 εἰκότων
1054 368 1194 425 ἔκρινε.
1264 370 1388 424 μέσος
1410 365 1485 431 οὖν
1506 371 1666 414 {vanfe-

192 432 396 488 λημμένος
426 433 672 490 ἀμφοτέρων
709 439 790 478 τῶν
820 439 1025 491 λογισμῶν
1057 439 1099 479 ἐν
1131 437 1284 498 ἀπορίᾳ
1307 436 1567 494 καθειστήκει
1588 444 1664 483 τοῦ

144 517 172 549 B
198 505 277 544 τίσι
310 503 523 547 τίθεσθαι.
595 501 706 556 ὅμως
736 503 924 560 ἔκχωρῶν
954 509 1013 563 τῷ
1047 511 1175 565 καιρῷ
1206 506 1388 564 προϊόντι
1407 506 1462 558 ὥς
1483 506 1665 565 κρεῖττόν

193 588 230 613 τι
258 568 473 625 ἕπάξοντι,
511 571 628 628 ἀφεὶς
655 572 761 615 κατὰ
793 577 906 630 σφᾶς
933 574 1030 624 τοὺς
1058 573 1249 631 ἱεράρχας
1280 578 1371 634 περὶ
1396 574 1544 619 τούτου
1562 582 1700 631 βου-5

194 638 387 682 λεύεσθαι
414 639 517 684 ὥστε
546 642 612 683 καὶ
639 639 849 697 ὁμολογεῖν
879 642 1071 698 ἀλλήλοις
1091 644 1148 698 μὴ
1174 646 1485 702 διαφωνοῦντας
1501 678 1513 698 ,
1543 645 1668 696 αὐτὸς

194 709 259 751 ἐπὶ
297 708 372 758 τὰς
402 714 484 753 τῶν
522 714 666 752 κοινῶν
698 710 884 768 ἐτρέπετο
916 710 1153 767 διοικήσεις,
1200 713 1249 756 οὗ
1279 713 1361 770 μὴν
1390 714 1435 757 δὲ
1465 713 1569 758 ὥστε
1600 715 1668 758 καὶ

193 777 478 835 ἀφροντίστως
496 780 656 821 ἐκείνων
677 777 792 834 ἔχειν.
946 786 950 791 ’

140 857 169 891 C
196 863 200 866 ’
334 848 412 892 35.
486 852 529 890 Τ
527 848 548 891 ὁ
576 847 654 904 γὰρ
680 849 786 892 κατὰ
809 852 907 892 νοῦν
929 848 1339 905 βυσσοδομευόμενον
1359 850 1434 906 οὔχ
1454 849 1668 906 ἡσυχάζειν

194 915 317 958 ἐποίει
341 916 438 966 τοὺς
459 915 693 973 λογισμούς.
767 917 840 961 οὐκ
871 918 1035 975 ἀφανὴς
1057 919 1133 977 γὰρ
1155 915 1204 975 ἦν
1224 921 1264 970 ἐξ
1286 914 1341 963 ὧν
1361 927 1447 970 τοῖς
1463 918 1668 963 ὑπονοου-
1681 933 1726 968 10

193 984 330 1039 με’νοις
359 989 417 1044 τῷ
441 984 611 1044 Ἰωάννῃ
647 991 919 1043 προσκεῖσθαι
953 987 1134 1043 ἔγκλημα
1166 990 1359 1038 δυσνοίας
1389 989 1492 1046 πρὸς
1521 987 1669 1031 ἑαυτὸν

195 1055 316 1110 ἐπῆγε
347 1056 414 1097 καὶ
445 1052 693 1109 ὖπεβλέπετο
706 1088 720 1108 ,
761 1055 847 1099 ἔστι
878 1055 923 1098 δ’
950 1050 998 1098 οὗ
1021 1059 1087 1098 καὶ
1111 1057 1245 1107 αἰτίας
1264 1056 1542 1110 πλαττόμενος
1561 1057 1670 1112 ἀπη-

196 1126 277 1172 νῶς
312 1121 499 1175 ἐκόλαζε,
548 1125 654 1178 μηδὲ
690 1124 831 1181 μέχρις
862 1122 1065 1179 ὀνόματος
1092 1126 1284 1169 κοινωνὸν
1311 1127 1373 1168 ἐπὶ
1403 1131 1452 1183 τῇ
1482 1127 1670 1186 βασιλείᾳ

198 1191 335 1234 θέλων
362 1191 464 1247 ἔχειν
487 1192 559 1235 τὸν
575 1190 769 1247 Ἰωάννην
796 1194 864 1236 καὶ
890 1193 936 1236 τὸ
971 1194 1154 1237 ἐκποδὼν
1175 1199 1257 1238 τῶν
1280 1193 1386 1238 ὅλων
1415 1199 1672 1249 καταστῆσαι

146 1269 178 1304 D
198 1259 271 1302 διὰ
303 1261 496 1304 πλείστου
527 1258 784 1316 ποιούμενος.
854 1256 903 1316 ἦν
930 1262 974 1304 δὲ
1004 1261 1050 1304 τὸ
1071 1264 1144 1317 μὲν
1163 1264 1345 1319 ἔρεθίζον
1364 1266 1419 1314 εἷς
1436 1268 1569 1306 ταῦτα
1587 1267 1670 1306 τῶν
1684 1274 1728 1311 15

196 1329 271 1383 μὲν
305 1328 543 1385 ἀνθρώπων
563 1330 601 1372 οἳ
624 1332 713 1385 περὶ
733 1330 807 1384 τὴν
827 1329 1010 1386 ἀδελφὴν
1033 1331 1260 1387 Εὖλογίαν,
1289 1337 1372 1375 τῶν
1404 1333 1448 1375 δὲ
1476 1330 1672 1388 πραγμά-

198 1414 280 1441 των
307 1397 356 1440 τὸ
390 1398 462 1442 τὸν
487 1398 578 1442 υἱὸν
593 1396 853 1454 Ἀνδρόνικον
878 1402 928 1455 τῇ
948 1396 1083 1460 ἡλικίᾳ
1107 1398 1372 1456 προκόπτειν,
1406 1399 1453 1442 ὃν
1482 1401 1541 1455 μὴ
1565 1400 1672 1442 κατὰ

198 1510 307 1541 terum
333 1507 478 1542 oritur-as
501 1507 581 1542 inde
606 1508 727 1542 turbas
752 1507 973 1554 providebat,
1006 1507 1137 1553 cupidis
1160 1520 1274 1542 rerum
1296 1512 1459 1543 novarum
1482 1507 1673 1553 speciosum

200 1553 381 1588 adversum
405 1565 482 1588 sese
506 1553 705 1588 coniurandi
730 1558 944 1599 praetextum
967 1565 1034 1587 non
1058 1555 1286 1598 neglecturis3
1311 1566 1453 1600 quorum
1475 1555 1593 1600 utique
1614 1565 1672 1588 se-

199 1599 314 1633 ditiosi
345 1603 487 1635 conatus
518 1601 669 1635 favorem
703 1600 794 1646 apud
828 1600 948 1644 vulgus
972 1600 1060 1634 haud
1086 1601 1221 1634 dubium
1244 1601 1322 1634 inde
1345 1601 1543 1642 traherent,
1584 1599 1675 1645 quod

200 1645 352 1680 iustitiae
384 1658 425 1680 ac
459 1645 633 1690 religionis
667 1646 701 1680 in
734 1646 936 1680 vindicanda
968 1647 1059 1680 sacri
1083 1647 1205 1692 capitis
1228 1647 1372 1689 iniuria,
1409 1647 1475 1681 iam
1498 1645 1676 1691 plurimum

198 1692 384 1735 invidiosa,
409 1692 522 1726 colore
545 1692 780 1727 honestissimo
806 1692 1128 1727 commendarentur.
1176 1693 1228 1727 his
1251 1703 1435 1739 suspensus
1458 1691 1548 1727 curis
1572 1696 1677 1737 atque

199 1738 368 1772 utramvis
409 1737 445 1772 in
487 1743 621 1783 'partem
663 1738 840 1784 ambiguus
877 1739 1040 1784 optimum
1080 1739 1248 1774 iudicavit
1275 1739 1474 1785 permittere
1505 1737 1677 1783 negotium

201 1784 302 1830 quasi
329 1784 432 1818 sortis
455 1784 621 1827 arbitrio,
650 1785 747 1830 ipsos
771 1785 832 1830 qui
856 1791 1087 1820 convenerant
1117 1785 1297 1832 episcopos
1321 1785 1462 1820 sinendo
1483 1783 1593 1819 libere
1616 1784 1677 1818 de-

202 1842 345 1864 cernere
368 1830 458 1876 quod
482 1831 630 1872 vellent,
664 1836 843 1865 autumans
865 1831 1065 1874 allaturum,
1090 1836 1129 1866 ut
1151 1834 1258 1874 solet,
1283 1832 1409 1877 aliquid
1431 1832 1523 1865 forte
1545 1830 1581 1865 in
1604 1841 1677 1864 rem

202 1888 268 1910 non
299 1876 544 1911 incommodum
576 1881 709 1922 tempus
740 1878 850 1923 ipsum
873 1888 915 1911 ac
936 1889 1084 1920 moram3
1118 1889 1207 1923 quae
1230 1882 1269 1911 ut
1291 1878 1423 1922 longior
1453 1876 1677 1920 contingeret,

203 1922 376 1956 antistites
397 1922 487 1957 inter
510 1935 550 1957 se
572 1922 766 1958 commissos
793 1923 981 1964 admonuit,
1005 1923 1126 1957 darent
1148 1935 1285 1969 operam
1305 1927 1436 1957 mature
1458 1922 1678 1957 consideran-

203 1968 257 2003 dis
283 1968 438 2011 cunctis,
473 1981 536 2003 nec
562 1969 798 2004 deliberationi
820 1969 923 2003 finem
946 1969 1156 2014 imponerent
1180 1970 1290 2015 quoad
1313 1980 1429 2003 omnes
1452 1969 1496 2003 ad
1518 1979 1620 2003 unum
1643 1967 1678 2002 in

207 2015 406 2049 concordem
438 2015 641 2051 sententiam
677 2015 909 2050 convenirent.
955 2016 1030 2061 ipse
1059 2016 1125 2050 alio
1157 2026 1258 2050 curas
1290 2015 1394 2050 vertit
1416 2015 1460 2050 ad
1481 2014 1678 2049 instantium

207 2061 550 2106 administrationem,
583 2061 674 2096 haud
706 2066 820 2097 tamen
850 2063 1038 2096 attentione
1071 2061 1207 2108 penitus
1237 2072 1359 2096 aversa
1395 2062 1439 2096 ab
1462 2060 1506 2096 iis
1531 2071 1621 2106 quae
1643 2063 1678 2094 in

206 2107 337 2151 synodo
371 2118 392 2141 a
425 2109 579 2153 patribus
615 2112 818 2151 agerentur,
850 2119 936 2154 quos
959 2107 1055 2154 quasi
1087 2108 1226 2143 furtivis
1250 2107 1444 2150 obtutibus,
1482 2106 1574 2141 aliud
1596 2105 1679 2141 licet

204 2164 309 2198 agere
332 2153 511 2197 simulans,
536 2154 688 2200 perrexit
709 2155 905 2189 observare.

298 2200 354 2234 35.
403 2200 492 2234 Nam
523 2200 613 2246 quod
648 2200 905 2235 machinabatur
937 2199 1068 2243 animo,
1101 2199 1321 2245 acquiescere
1352 2199 1463 2245 ipsum
1493 2198 1528 2232 in
1553 2209 1593 2233 re
1614 2197 1678 2233 tali

208 2248 244 2280 et
266 2246 390 2280 nimiae
417 2245 564 2281 fiduciae
587 2246 769 2282 indormire
792 2259 859 2281 non
885 2246 1032 2281 sinebat.
1079 2248 1259 2280 multorum
1280 2246 1315 2280 in
1338 2245 1576 2291 imperatorem
1612 2243 1679 2289 gli-

206 2292 350 2326 scebant
371 2304 437 2326 non
464 2292 617 2327 obscuris
642 2294 811 2329 excitatae
831 2293 966 2327 indiciis
988 2292 1216 2337 suspiciones,
1246 2303 1366 2338 parum
1403 2302 1479 2326 eum
1513 2290 1679 2325 benevole

198 2337 240 2371 *in
288 2338 607 2383 upillum-Ioannem
632 2340 724 2374 affici
748 2344 852 2386 atque
874 2340 960 2373 adeo
983 2339 1019 2373 in
1043 2339 1116 2372 eius
1134 2338 1452 2373 circumventionem
1470 2337 1680 2379 incumbere,

207 2395 253 2418 un
279 2396 298 2417 e
331 2385 456 2419 crimen
489 2385 655 2430 perfidiae
686 2386 721 2420 in
753 2397 791 2420 se
822 2386 931 2431 ipsum
963 2386 1140 2419 attrahens
1163 2385 1310 2430 obliquis
1333 2384 1571 2430 plerorumque
1593 2381 1680 2416 indi-

207 2429 372 2474 gnitatem
395 2431 446 2465 rei
468 2442 535 2465 non
557 2432 737 2466 ferentium
761 2432 866 2466 oculis
888 2431 1141 2476 designabatur.
1189 2431 1367 2466 constabat
1389 2441 1464 2466 eum
1485 2428 1577 2463 fictis
1599 2439 1683 2462 cau-

207 2476 255 2510 sis
279 2476 433 2520 graviter
454 2477 616 2512 multasse
639 2478 815 2523 quosdam,
839 2490 979 2524 quorum
1004 2478 1103 2523 culpa
1126 2489 1191 2512 non
1215 2481 1292 2512 erat
1314 2476 1382 2511 alia
1404 2486 1504 2522 quam
1519 2474 1680 2508 Ioannem

201 2521 449 2566 *imperatorem
475 2523 582 2558 libera
611 2536 697 2559 voce
721 2524 958 2570 praedicasse3
993 2536 1091 2569 quem
1114 2536 1157 2558 ne
1180 2523 1313 2558 nomine
1335 2523 1471 2568 quidem
1493 2524 1592 2555 tenus
1615 2519 1682 2555 sibi

209 2568 346 2612 adiungi
371 2569 532 2612 collegam
567 2581 745 2615 supremae
781 2570 962 2617 potestatis
985 2573 1077 2605 ferre
1101 2575 1246 2617 poterat.
1294 2581 1358 2603 nec
1383 2567 1468 2603 satis
1491 2566 1682 2605 dissimula·

208 2614 271 2648 bat
293 2613 452 2659 redigere
474 2615 576 2660 plane
599 2627 637 2650 se
661 2627 802 2662 puerum
825 2618 861 2651 in
884 2617 1033 2651 ordinem
1066 2622 1102 2651 et
1135 2617 1179 2651 ab
1212 2615 1302 2650 omni
1324 2615 1476 2649 funditus
1500 2612 1682 2647 excludere

207 2660 474 2706 participatione
504 2661 638 2706 imperii
668 2662 757 2696 omni
779 2663 892 2698 studio
917 2675 1063 2709 cupere,
1098 2674 1138 2696 ac
1161 2663 1197 2696 in
1220 2674 1260 2696 eo
1283 2661 1374 2695 verti
1397 2659 1682 2695 fortunamsalu-

209 2712 347 2752 temque
388 2706 563 2752 propriam
608 2708 750 2742 ducere·
792 2720 832 2743 eo
866 2709 959 2743 illum
989 2709 1182 2744 incitabant
1212 2708 1336 2754 partim
1372 2705 1523 2741 homines
1554 2703 1684 2750 partim

212 2752 308 2797 ipsae
340 2764 407 2789 res.
457 2752 603 2797 Eulogia
637 2753 797 2788 videlicet
828 2755 902 2789 eius
935 2766 1033 2790 soror
1063 2756 1190 2790 nullum
1214 2753 1366 2789 faciebat
1390 2753 1491 2787 finem
1525 2750 1597 2785 eius
1620 2749 1685 2784 ini·

213 2797 356 2843 quitatis
379 2799 585 2833 suadendae.
633 2800 844 2835 Andronicus
868 2805 980 2836 autem
1003 2813 1100 2848 puer,
1123 2801 1215 2835 filius
1237 2798 1452 2847 imperatoris
1476 2795 1684 2841 Palaeologi‚

216 2847 373 2880 crescens
402 2844 438 2879 in
471 2844 547 2881 dies
578 2856 640 2891 spe
669 2846 849 2894 indoleque
881 2848 991 2891 bona,
1024 2848 1132 2883 tacito
1150 2847 1203 2883 sui
1225 2850 1369 2894 aspectu
1389 2848 1525 2892 patrem
1548 2842 1686 2879 assidue
