1884 3262
516 190 621 236 LIB.
639 189 719 235 m.
771 187 1261 238 CHRONOLOGICUS.
1514 196 1622 242 705«

154 299 279 351 pfica'e
306 298 392 338 fieri
425 299 582 339 dicitur.
641 304 692 339 ex
714 300 859 353 quibus
888 301 993 342 fiunt
1015 307 1058 343 et
1078 304 1292 345 solvuntur
1310 304 1497 359 trianguli
1517 306 1615 346 ZNC

154 362 194 394 et
212 357 317 396 ZNS.
372 356 417 395 in
435 357 577 408 quibus

649 509 735 588 ang:
792 536 822 574 C
855 541 909 580 68
962 486 994 580 g
1046 487 1076 581 g

646 592 821 633 latusCZ
851 595 904 636 50
937 597 989 636 19
1044 598 1073 637 0

767 649 825 687 CS
854 651 908 693 50
936 651 991 694 25
1020 649 1072 692 41

759 706 826 744 ΝΖ
855 707 910 749 45
939 707 994 750 34
1049 710 1077 748 Ο

759 762 825 801 Nc
853 763 908 806 24
939 766 988 806 11
1048 766 1077 804 Ο

762 819 824 857 NS
853 818 908 860 74
937 822 993 862 37
1049 822 1078 861 Ο

182 907 220 946 N
574 917 600 952 S
761 876 819 913 SZ
850 877 904 916 79
937 879 989 918 18
1044 879 1073 918 0
1093 875 1280 915 distantia
1296 877 1412 916 lunae
1428 891 1450 915 a
1464 879 1613 920 vertice

388 945 418 982 C
650 944 737 983 ang.
793 933 819 968 S
849 929 905 974 46
933 933 989 975 37
1045 934 1073 973 Ο
1093 934 1257 985 angulus
1269 935 1555 986 parallacticus.

154 1014 261 1052 unde
280 1018 499 1052 nascuntur
515 1019 596 1052 tres
614 1014 765 1067 priores
785 1012 1002 1064 parallaxes
1020 1012 1062 1051 in
1080 1015 1235 1067 synodo
1253 1028 1350 1056 vera
1368 1016 1542 1058 Nicaeae.

645 1069 867 1107 altitudinis
934 1070 989 1111 58
1048 1073 1076 1112 Ο

645 1125 869 1164 latitudinis
935 1125 991 1167 42
1018 1126 1074 1168 58

645 1181 902 1234 longitudinis
933 1180 988 1224 41
1047 1184 1070 1223 1

566 1711 605 1752 C

1026 1904 1085 1953 0

1024 2016 1077 2056 H.

154 2072 326 2125 primum
341 2078 497 2124 tempus
518 2073 815 2125 parallacticum
1035 2077 1057 2114 1
1146 2069 1200 2112 25
1310 2073 1339 2110 0

156 2129 259 2166 adde
278 2128 328 2165 ad
347 2141 479 2167 veram
499 2131 696 2180 synodum
864 2132 919 2172 30
1031 2131 1058 2170 3
1142 2130 1199 2170 22
1280 2128 1338 2169 58

156 2185 250 2236 quia
279 2184 324 2222 fit
357 2184 531 2235 synodus
556 2185 598 2223 in
628 2186 847 2236 quadrante

215 2240 458 2279 Occidentali
479 2241 676 2292 eclipticae
1039 2239 1041 2241 ¹

157 2297 203 2335 fit
221 2297 306 2334 visa
324 2297 499 2347 synodus
516 2298 645 2336 minus
663 2304 845 2337 accurata
872 2297 918 2336 D.
1029 2295 1081 2336 H.

212 2353 377 2391 Nicaeae
869 2356 923 2396 30
1035 2352 1064 2394 4
1147 2347 1202 2392 47
1284 2348 1339 2392 58
1366 2353 1457 2400 post
1469 2349 1607 2390 merid.

266 2431 337 2469 IX.
393 2431 484 2470 Huc
509 2444 632 2483 usque
663 2430 1024 2483 dueta.eclipsis.in
1046 2429 1254 2478 horizonte
1271 2428 1440 2466 Nicaeno
1458 2429 1609 2468 caduca

155 2487 360 2526 invenitur
393 2488 595 2527 deficiente
624 2489 772 2527 calculo
799 2501 845 2526 ea
876 2488 925 2526 de
955 2500 1092 2538 causa,
1123 2485 1230 2537 quod
1250 2485 1309 2523 sol
1332 2491 1371 2522 et
1389 2485 1485 2523 luna
1505 2492 1610 2524 tem-

155 2556 255 2596 pore
272 2544 379 2582 visae
398 2545 538 2595 synodi
556 2546 683 2582 minus
701 2551 925 2593 accuratae,
954 2543 997 2581 id
1014 2549 1072 2581 est
1090 2543 1208 2595 paulo
1226 2548 1317 2580 ante
1335 2541 1511 2591 quintam
1533 2555 1609 2592 po-

158 2600 434 2650 meridianam,
464 2601 535 2638 sub
560 2601 806 2640 horizontem
834 2603 911 2639 iam
939 2599 1239 2646 descenderant,
1280 2598 1460 2650 depressa
1492 2598 1610 2635 etiam

156 2658 395 2708 profundius
426 2657 521 2694 luna
554 2670 671 2708 quam
704 2657 893 2696 debuerat
925 2662 1088 2708 propter
1116 2654 1347 2708 parallaxim
1376 2653 1608 2701 altitudinis,

159 2725 258 2762 quae
284 2713 328 2750 in
356 2713 575 2763 quadrante
598 2714 841 2752 Occidentali
863 2713 1062 2764 eclipticae
1090 2713 1200 2751 sidus
1224 2710 1372 2758 deficit,
1402 2715 1440 2746 et
1458 2708 1609 2747 tardius
1635 2711 1663 2746 P
1683 2714 1751 2749 498

158 2768 202 2806 in
228 2769 482 2808 Occidentem
508 2775 595 2808 toto
624 2777 802 2822 tempore
832 2770 1084 2822 parallactico
1113 2780 1302 2821 apparens
1333 2764 1479 2804 reddit.
1533 2764 1609 2802 hac

158 2825 277 2874 igitur
297 2825 345 2864 de
364 2840 479 2865 causa
496 2826 602 2865 ultra
619 2839 755 2867 veram
769 2827 967 2880 synodum
986 2826 1136 2879 eclipsis
1161 2821 1360 2864 observari
1382 2835 1463 2860 non
1479 2820 1611 2873 potuit

216 2886 391 2932 Georgius
422 2887 644 2932 Pachymcres
673 2889 705 2922 Ι.
1282 2878 1337 2919 45
