1884 3262
338 197 438 244 284
753 195 986 240 GEORGII
1018 196 1364 240 PACHYMERIS

337 311 432 353 λαιὰ
470 313 544 364 τῆς
582 310 895 352 Κωνσταντίνου
934 306 1299 365 παρακνιζόμενος,
1346 306 1402 359 ὥς
1434 314 1687 364 καταστῆσαι
1718 309 1793 363 μὲν

286 387 318 420 D
341 377 536 434 κλήρους,
575 378 644 419 ἕνα
663 379 735 430 μὲν
758 378 820 419 ἐπὶ
841 383 899 435 τῷ
921 375 1159 434 περιωνύμῳ
1188 382 1269 420 τῶν
1296 376 1535 421 ἀποστόλων
1558 383 1643 436 ναῷ
1662 376 1792 421 θάτε-

339 464 410 499 ρον
441 446 484 487 δὲ
509 446 571 486 ἐπὶ
602 449 660 502 τῷ
688 450 768 488 τῶν
791 448 1061 500 Βλαχερνῶν,
1099 447 1164 487 καὶ
1187 443 1443 499 ὖμνοπόλους
1461 444 1648 502 ἔρρόγους
1671 445 1791 496 τάξαι

339 520 423 562 τοῖς
442 510 607 569 κλήροις
627 513 722 562 τοὺς
743 516 786 555 ἐκ
806 519 879 568 τῆς
899 511 1053 563 πόλεως
1073 514 1202 569 ἱερεῖς,
1224 511 1514 568 συστήσασθαι
1535 515 1579 556 δὲ
1597 516 1662 556 καὶ
1685 514 1790 556 κατὰ

338 582 408 624 τὸν
437 585 511 623 τοῦ
542 579 717 637 μεγάλου
739 580 912 624 Παύλου
934 582 1032 625 νειὸν
1053 584 1094 624 ἒν
1115 589 1200 631 τοῖς
1220 581 1401 638 ἀρχαίοις
1431 581 1825 639 ὄρφοινοτροφείοιςᾶ

337 651 769 705 γραμματικευομὲνων
808 649 982 705 σχολήν,
1031 652 1096 692 καὶ
1135 648 1272 706 ῥόγαις
1307 651 1479 703 ἐτησίοις
1510 648 1791 706 ἐπιρρωννύειν

337 715 408 760 τόν
431 735 474 760 τε
497 715 742 760 διδάσκαλον
760 720 826 760 καὶ
846 719 942 768 τούς
961 721 1134 770 παῖδας,
1162 717 1216 767 ὡς
1236 716 1462 774 ἓφιστοίνειν
1479 718 1602 760 ἐνίοτε
1623 722 1673 774 τῇ
1690 734 1791 772 σχο-

338 790 410 842 λῇ,
449 788 514 828 καὶ
550 784 686 836 ὁποῖος
720 787 888 837 ἕκαστος
918 788 984 828 καὶ
1015 785 1096 842 ὅπῃ
1123 785 1251 842 λόγων
1280 784 1528 841 προκόπτοι,
1564 786 1649 828 ἔστι
1677 780 1790 828 δὀὗρ

286 860 319 894 Ε
343 856 409 896 καὶ
439 854 490 896 τὰ
527 853 661 896 εἰκότα
693 859 1019 911 φιλοτιμεῖσθαι,
1059 855 1090 897 εἰ
1123 855 1162 896 δ’
1193 850 1263 897 οὖν
1293 854 1387 896 ἀλλ’
1415 854 1549 897 ἄνεσιν
1572 860 1658 903 τοῖς
1676 854 1792 895 παισὶ

336 920 493 965 διδόναι
521 926 594 976 τῆς
626 923 818 976 ἀσχολίας
849 921 953 965 κατά
986 941 1023 965 τι
1054 920 1225 977 πάτριον
1257 920 1448 977 σύνηθες.
1518 920 1610 965 τότε
1639 922 1683 964 δ’
1716 917 1789 964 οὖν
1802 933 1848 968 1ο

333 989 608 1033 ὗποκλιθὲντα
629 998 718 1040 ταῖς
737 995 808 1033 τοῦ
831 989 1018 1047 ἱεράρχου
1040 989 1222 1046 αἷτήσεσι
1242 991 1546 1048 προσπαθῆσαί
1573 1007 1614 1032 τε
1642 989 1789 1032 αὐτίκα

334 1063 393 1116 τῷ
424 1060 630 1116 καταδίκῳ
656 1060 722 1100 καὶ
755 1060 930 1109 ἐξελθεῖν
962 1063 1158 1102 κελεῦσαι.
1229 1058 1274 1101 ὃν
1295 1060 1345 1113 δὴ
1367 1059 1547 1107 κάκεῖνος
1569 1056 1790 1111 δεξάμενος

196 1139 225 1173 P
251 1139 314 1174 192
338 1131 502 1175 πολλοῖς
536 1122 585 1180 ἦν
617 1124 801 1182 ἀγάλλων
836 1134 920 1176 τοῖς
951 1127 1149 1182 ἀγαθοῖς,
1187 1128 1590 1183 προσεπισφραγίσας
1613 1127 1681 1168 καὶ
1711 1123 1788 1182 ῥή-

331 1213 456 1252 τορα,
494 1197 560 1237 καὶ
590 1193 665 1237 ὑπ’
701 1195 813 1253 αὐτῷ
836 1194 1070 1238 διδάσκοντι
1092 1200 1215 1237 πᾶσιν
1241 1197 1444 1252 ἕξηνοίγνυ
1468 1195 1514 1237 τὸ
1536 1198 1618 1237 τῶν
1639 1198 1785 1249 μαθη-

329 1263 473 1319 μάτων
495 1265 787 1306 διδασκαλεῖον.
1799 1270 1844 1305 15

470 1331 545 1376 15.
617 1335 704 1372 Τοῦ
742 1330 857 1379 ἔτους
887 1332 1037 1374 ἐκείνου
1072 1332 1138 1372 καὶ
1170 1328 1459 1380 καθοσιώσεως
1495 1329 1672 1386 ἔγκλημα
1701 1336 1789 1379 τοῖς

328 1401 419 1456 περὶ
459 1398 531 1441 τὸν
571 1396 916 1455 Φραγγόπουλον,
964 1401 1108 1442 οἲκεΐον
1137 1403 1303 1452 βασιλεῖ
1336 1416 1379 1454 γε
1420 1399 1546 1450 ὄντα,
1594 1398 1788 1447 κάκείνοις

327 1466 647 1524 ἀριθμουμένοις
675 1469 729 1516 εἷς
758 1465 916 1510 δώδεκα
945 1468 1258 1524 προσετρίβετο,
1307 1461 1363 1510 ὧν
1395 1467 1444 1522 δὴ
1475 1468 1542 1509 καὶ
1573 1466 1678 1509 κατὰ
1710 1469 1789 1508 τοῦ

327 1535 526 1590 βασιλέως
555 1533 862 1590 μελετησάντων
890 1534 944 1585 ὡς
975 1535 1219 1579 κτενούντων
1239 1538 1273 1577 εἷ
1292 1535 1467 1578 εὗοδοΐεν
1497 1534 1665 1586 αὐτίκα,
1692 1531 1786 1576 Κά-

331 1601 478 1657 ρουλός
498 1620 580 1654 τις,
616 1598 648 1661 ᾧ
671 1603 718 1657 δὴ
743 1606 808 1645 καὶ
830 1604 904 1658 τὴν
928 1605 1300 1660 πρωτοβεστιαρίου
1323 1601 1605 1655 ΙΠουζάλωνος
1624 1601 1786 1658 σφαγὴν
1797 1612 1845 1646 20

328 1671 349 1714 ὃ
372 1669 487 1727 λόγος
511 1673 824 1727 ἐξεργασθεῖσαν
853 1673 1004 1716 ἐδείκνυ
1027 1673 1074 1716 τὸ
1097 1671 1245 1726 πάλαι,
1285 1669 1339 1722 εἷς
1362 1671 1542 1721 κάκεῖνος
1567 1672 1622 1720 εἷς
1643 1687 1786 1730 κοινω-

418 1781 475 1815 21.
499 1778 682 1816 ἐδείκνυτο
707 1778 822 1816 πάλαι
842 1781 881 1814 Ρ.

335 1870 547 1915 splendorem
576 1870 692 1911 urbis3
727 1883 826 1916 quam
858 1870 900 1905 ad
931 1883 998 1905 rem
1029 1871 1095 1905 duo
1131 1871 1212 1906 cleri
1244 1883 1386 1916 corpora
1409 1871 1650 1912 constituerat,
1684 1881 1786 1905 unum

330 1916 498 1950 collocans
520 1916 557 1949 in
580 1916 706 1950 celebri
727 1917 952 1962 apostolorum
974 1918 1117 1962 templo,
1154 1918 1295 1951 alterum
1319 1918 1353 1951 in
1373 1918 1496 1962 templo
1512 1917 1787 1958 macheruntam,

332 1966 556 2006 cantoresque
598 1963 716 1996 annuis
756 1963 935 2007 stipendiis
968 1965 1102 2007 utrique
1137 1963 1317 1996 addiderat
1348 1974 1390 1996 ex
1420 1963 1652 1996 sacerdotibus
1681 1963 1786 1999 urbis.

332 2012 513 2052 praeterea
547 2009 637 2053 apud
669 2019 799 2042 sacram
831 2009 947 2042 aedem
980 2009 1092 2052 magni
1122 2009 1219 2042 Pauli
1250 2009 1284 2042 in
1318 2009 1464 2053 antiquis
1488 2008 1787 2053 orphanotrophiis

333 2053 573 2097 grammaticae
594 2054 739 2088 scholam
763 2054 977 2095 instituerat,
1010 2061 1046 2087 et
1068 2055 1281 2098 pensionibus
1305 2055 1423 2087 annuis
1445 2060 1515 2087 tum
1538 2054 1691 2098 magistri
1705 2060 1786 2087 ⁴tum

332 2109 513 2144 puerorum
536 2100 770 2133 sustentationi
793 2099 1006 2144 providerat,
1040 2103 1191 2145 adeoque
1214 2111 1283 2133 rem
1307 2101 1451 2134 curabat
1472 2105 1511 2133 ut
1533 2111 1599 2133 non
1623 2100 1787 2143 dedigna-

332 2149 429 2178 retur
450 2144 598 2178 invisere
621 2156 681 2189 per
704 2157 741 2179 se
762 2145 930 2179 interdum
950 2146 1062 2179 ludum
1084 2145 1175 2179 illum
1198 2148 1233 2178 et
1255 2157 1368 2179 coram
1389 2145 1565 2190 probando
1581 2155 1788 2189 cognoscere

332 2194 495 2235 quantum
526 2190 716 2224 auditorum
751 2191 894 2236 quisque
927 2191 1129 2236 proficeret,
1163 2191 1254 2225 datis
1283 2192 1406 2232 etiam,
1441 2191 1500 2225 ubi
1531 2202 1586 2225 res
1616 2195 1788 2236 posceret,

330 2235 490 2281 praemiis
523 2235 654 2279 ingenio
688 2247 728 2270 ac
757 2237 926 2281 profectui
955 2237 1166 2277 merentium,
1202 2248 1330 2271 necnon
1367 2241 1402 2270 et
1432 2248 1525 2271 more
1548 2237 1657 2281 patrio
1681 2236 1786 2270 ferias

330 2281 447 2325 pueris
478 2281 664 2325 indulgens.
710 2286 792 2316 tunc
814 2282 916 2327 igitur
937 2282 1079 2316 inflexus
1103 2282 1315 2327 patriarchae
1338 2282 1497 2327 precibus
1519 2282 1650 2316 remisit
1671 2281 1787 2316 subito
1827 2283 1829 2285 ’

330 2337 475 2371 poenam
499 2327 576 2360 olim
599 2327 766 2369 damnato,
783 2333 826 2372 ‚et
849 2334 888 2361 ut
911 2328 1113 2362 monasterio
1140 2329 1339 2362 educeretur
1360 2328 1545 2373 praecepit.
1577 2339 1680 2372 porro
1697 2329 1788 2361 hunc

331 2372 526 2416 patriarcha
548 2377 687 2417 paterno
711 2374 786 2407 sinu
810 2379 985 2418 exceptum
1013 2374 1263 2419 quamplurimis
1286 2375 1398 2418 potuit
1420 2374 1543 2408 amoris
1564 2372 1785 2418 significatio-

331 2417 428 2451 nibus
463 2417 625 2462 donisque
656 2419 849 2461 recreavit,
885 2421 1119 2465 rhetoremque
1153 2420 1334 2465 diplomate
1365 2420 1430 2453 rite
1463 2419 1609 2462 sigillato
1631 2419 1785 2452 declara-

327 2463 397 2542 ἔίις
431 2474 472 2496 ac
505 2463 618 2498 ludum
649 2464 801 2498 omnibus
830 2466 984 2511 aperuit,
1015 2467 1074 2500 ubi
1096 2466 1139 2500 ab
1162 2467 1226 2499 hoc
1248 2470 1471 2511 praeceptore
1493 2464 1691 2509 disciplinae
1710 2466 1786 2497 tra-

352 2512 499 2543 erentur.

421 2553 475 2588 15.
522 2554 586 2588 Illo
619 2566 721 2599 porro
755 2567 842 2590 anno
875 2556 999 2591 crimen
1028 2557 1142 2591 laesae
1171 2568 1290 2591 sacrae
1319 2555 1503 2590 maiestatis
1524 2554 1707 2600 impactum
1729 2557 1785 2588 est

330 2598 567 2645 Phrangopulo
602 2601 750 2643 cuidam,
786 2613 851 2646 quo
884 2602 1068 2647 imperator
1101 2603 1216 2637 intime
1245 2602 1402 2636 familiari
1434 2602 1610 2642 utebatur,
1642 2605 1678 2633 et
1707 2599 1785 2633 aliis

332 2644 400 2689 ipsi
433 2645 573 2679 consciis
605 2657 741 2680 numero
775 2647 958 2682 duodecim.
1004 2649 1214 2693 conspirasse
1243 2648 1440 2682 dicebantur
1469 2646 1504 2679 in
1534 2645 1784 2691 imperatorem,

333 2701 432 2734 quem
456 2691 556 2725 etiam
581 2691 773 2726 interficere
795 2693 1039 2737 quamprimum
1065 2695 1306 2736 decreverant,
1331 2695 1360 2728 si
1381 2702 1482 2738 quam
1505 2691 1654 2725 invenire
1678 2690 1786 2724 ratio-

334 2747 410 2769 nem
444 2737 644 2772 commodam
667 2742 804 2782 possent
825 2739 874 2772 rei
897 2739 1134 2774 conficiendae.
1181 2745 1326 2774 vocatus
1349 2750 1370 2773 a
1391 2737 1575 2772 coniuratis
1595 2737 1630 2770 in
1652 2741 1786 2782 partem

337 2785 372 2814 et
395 2782 521 2816 consilii
545 2786 580 2816 et
602 2783 685 2817 facti
706 2785 820 2818 fuerat
843 2784 986 2818 Carolus
1008 2786 1163 2829 quidam,
1198 2797 1220 2819 a
1242 2796 1308 2829 quo
1331 2783 1532 2817 trucidatum
1555 2781 1785 2828 protovestia-

337 2826 420 2861 rium
451 2827 662 2864 Muzalonem
698 2829 853 2875 superius
891 2829 1078 2865 docuimus:
1115 2842 1229 2866 verum
1252 2831 1281 2865 is
1302 2841 1367 2864 non
1389 2828 1560 2863 sustinens
1583 2828 1788 2863 malefacere
