1884 3262
271 702 571 774 ETRI
670 702 1188 810 1105511111
1284 707 1337 774 E
1406 705 1499 778 S.
1589 707 1638 778 1.

463 817 1366 901 OBSERVATIONUM

308 920 1512 978 PACHYMERIANARUM

739 1025 982 1068 LIBER
1049 1025 1084 1070 L

534 1109 1288 1162 GLOSSARIUM.

179 1394 192 1410 ‹-

191 1395 270 1463 A
280 1415 366 1472 γιᾶ
379 1430 439 1470 σμ
452 1433 546 1458 ατα
574 1431 615 1469 p.
634 1416 717 1461 258
734 1431 773 1456 v.
791 1420 828 1459 8.
881 1431 964 1457 esse
986 1414 1208 1471 ἅγιᾶσματα
1225 1419 1442 1471 particulas
1464 1418 1548 1457 sive
1573 1430 1639 1457 re·
1660 1424 1688 1459 P
1712 1424 1780 1459 363

181 1475 325 1526 liquias
346 1481 428 1513 tum
447 1476 558 1526 panis
579 1481 668 1512 tum,
684 1474 772 1512 vini
788 1475 1037 1513 eucharistici
1050 1475 1126 1514 rite
1141 1476 1361 1513 consecrati
1376 1481 1413 1513 et
1427 1475 1637 1514 transsub-

181 1531 357 1570 stantiati
395 1532 435 1568 in
475 1545 619 1583 corpus
650 1537 688 1568 et
720 1532 948 1581 sanguinem
980 1531 1127 1570 Christi
1154 1532 1330 1584 domini,
1367 1531 1645 1586 demonstrare*

181 1587 380 1626 suffecerit
399 1601 447 1626 ex
467 1602 545 1626 uno
567 1593 608 1627 et
628 1587 752 1625 altero
772 1588 861 1626 loco
883 1588 1068 1639 liturgiae
1085 1589 1125 1628 S.
1140 1588 1296 1638 Basilii,
1334 1587 1402 1626 ubi
1422 1588 1524 1627 inter
1542 1601 1635 1626 ora-

160 1694 163 1697 ·
180 1645 308 1682 tiones
326 1659 425 1695 quae
439 1651 531 1696 post
551 1644 887 1682 consecrationem
908 1652 998 1683 ante
1016 1646 1334 1683 communionem
1352 1658 1372 1682 a
1388 1645 1633 1684 sacrificante

179 1701 517 1752 pronuntiantur,
546 1715 624 1739 una
645 1700 766 1738 estin
785 1715 862 1752 qua
882 1699 1130 1741 dicim-‚01¹1
1159 1700 1182 1742 ὁ
1204 1699 1297 1749 θεὸς
1322 1700 1439 1753 ’ἡμῶν
1465 1700 1487 1741 ὅ
1512 1714 1634 1754 προσ-

181 1753 395 1808 δεξάμενος
413 1774 461 1797 τα
481 1759 591 1810 δῶρα
610 1759 753 1807 ταῦτα,
781 1754 1007 1810 καθάρισον
1031 1757 1137 1810 ἡμᾶς
1162 1754 1242 1800 vind
1263 1773 1412 1805 παντος
1427 1759 1635 1823 μολυσμοῦ

182 1812 328 1867 σαρκὸς
354 1813 421 1853 καὶ
450 1814 719 1881 animatos-,u
725 1813 794 1854 καὶ
810 1815 973 1864 δίδαξον
991 1811 1225 1881 οἱγιωσυνην
1241 1814 1430 1856 ἐπιτελεῖν
1454 1813 1498 1855 ἐν
1519 1810 1632 1868 φόβῳ

181 1882 276 1920 σου,
306 1870 374 1910 ἵνα
400 1870 442 1910 ἐν
469 1873 636 1925 καθαρῷ
662 1872 719 1910 τῶ
719 1872 946 1939 μαρτυρίῳ
973 1874 1044 1923 τῆς
1064 1867 1330 1922 συνειδήσεως
1347 1869 1464 1923 ’ἡμων
1483 1869 1631 1910 ὑποδε-

179 1925 336 1979 χόμενοι
351 1924 426 1978 τήν
431 1928 586 1993 μερίδα
602 1942 683 1966 των
704 1925 960 1980 αγιασμάτων
981 1940 1076 1975 σου,
1107 1927 1326 1980 ἓνωθωμεν
1344 1934 1419 1966 etc.
1475 1926 1542 1964 hic
1560 1925 1630 1978 με’-

181 1999 242 2036 ρις
267 1979 521 2036 ἄγιασματων
549 1989 719 2022 vocatur
742 1984 947 2022 manifeste
975 1959 1167 2035 panicula
1191 1998 1309 2035 quam
1331 1984 1497 2034 quisque
1515 1997 1629 2020 com-

182 2040 471 2078 municantium
489 2040 665 2092 percipit
687 2053 735 2077 ex
758 2054 861 2092 pane
883 2054 929 2078 ac
947 2041 1042 2079 vino
1065 2041 1315 2079 consecutis.
1373 2039 1493 2088 paulo
1521 2039 1628 2076 infe-

179 2096 261 2134 rius
278 2096 321 2133 in
341 2096 474 2133 eadem
496 2096 672 2134 oratione
694 2098 874 2135 sacerdos
894 2110 1034 2147 rogans
1052 2103 1094 2134 ut
1112 2098 1228 2135 detur
1243 2095 1539 2147 participaturis
1556 2107 1627 2133 eu-

181 2151 405 2189 chmistiam
439 2153 727 2202 perseverantia
754 2154 798 2191 in
825 2154 948 2203 gutia
968 2166 1091 2204 usque
1109 2153 1159 2191 ad
1180 2160 1398 2190 extremum
1424 2151 1625 2202 spiritum,

181 2222 257 2258 quo
283 2208 356 2244 ista
383 2222 493 2248 sacia
520 2209 694 2259 symbola
728 2209 809 2247 sint
832 2211 894 2247 illi
917 2223 991 2261 pro
1017 2210 1162 2247 viatico
1189 2209 1231 2246 in
1259 2208 1383 2246 vitam
1415 2214 1624 2257 aeternam,

180 2267 237 2302 sic
267 2264 464 2314 loquitui:
496 2263 564 2312 δος
589 2263 688 2316 ἡμῖν
714 2265 823 2318 μέχρι
852 2268 924 2317 τῆς
952 2263 1114 2317 ἐσχάτης
1136 2264 1253 2316 ημων
1274 2260 1483 2315 ἀναπνοῆς
1502 2259 1624 2312 α’ξίως

178 2319 446 2371 ’ὑποδέχεσθαι
476 2335 550 2371 την
575 2321 712 2361 ἐλπίδα
736 2337 817 2362 των
842 2318 1095 2373 ἇγιασματων
1132 2334 1204 2361 σου
1240 2320 1296 2368 εἰς
1325 2317 1489 2371 ἐφόδιον
1521 2322 1622 2371 ζωῆς

179 2377 346 2416 αἰωνίου
381 2383 454 2418 etc.
513 2389 602 2414 cum
633 2383 760 2415 autem
792 2374 1012 2430 ἆγιάσματα
1040 2378 1308 2414 eucharistiae
1332 2378 1526 2428 reliquia-5·
1554 2376 1620 2414 hic

177 2433 295 2482 verti,
322 2432 422 2470 nihil
440 2432 638 2471 diversum
658 2433 733 2470 ab
723 2447 807 2484 ipsa
827 2433 1062 2472 eucharistia
1080 2434 1298 2483 significare
1314 2434 1443 2480 volui;
1472 2432 1621 2484 quippe

180 2489 247 2541 qui
270 2489 455 2540 profitear
483 2502 572 2526 cum
602 2489 805 2528 catholicis
825 2491 1004 2527 omnibus
1021 2490 1095 2527 sub
1116 2490 1288 2541 qualibet
1308 2504 1506 2529 sacrarum
1527 2502 1618 2540 spe-

178 2546 325 2584 cierum
347 2545 544 2597 panicula
570 2551 699 2583 totum
719 2545 865 2583 Christi
892 2559 1034 2596 corpus
1061 2559 1163 2595 esse,
1192 2553 1230 2584 et
1259 2552 1304 2584 ut
1329 2546 1490 2585 ecclesia
1512 2544 1620 2582 canit
1639 2550 1668 2583 P
1692 2549 1758 2584 364

177 2602 282 2640 inter
306 2616 438 2648 sacra
466 2609 625 2639 tantum
651 2616 731 2639 esse
760 2602 835 2639 sab
848 2603 1087 2668 fingmento
1118 2611 1315 2655 quantum
1345 2611 1428 2641 toto
1454 2604 1618 2653 tegitur.

180 2658 287 2696 unde
311 2631 510 2710 quaelibet
530 2659 632 2696 mica
652 2661 732 2698 τῶν
752 2654 1005 2711 ἆγεασματων
1027 2659 1162 2710 utique
1180 2658 1351 2712 αγίασμα
1374 2665 1413 2698 et
1433 2672 1521 2696 veia
1546 2670 1618 2695 eu-

180 2713 363 2753 chaiistia
384 2721 454 2752 est.
514 2728 612 2753 usus
629 2720 758 2752 autem
776 2728 860 2752 sum
879 2715 948 2753 illa
964 2716 1090 2755 forma
1106 2717 1290 2768 loquendi
1314 2722 1357 2755 ut
1382 2727 1528 2752 uxorem
1551 2714 1617 2751 in·-

178 2783 339 2809 nuerem
359 2771 585 2822 antiquum,
611 2773 655 2808 in
672 2784 788 2822 quem
804 2770 1017 2811 historicus
1035 2772 1113 2811 hoc
1128 2773 1221 2812 loco
1245 2773 1409 2821 digitum
1434 2770 1618 2820 intendit,

177 2825 399 2877 significans
416 2833 516 2866 tunc
533 2827 694 2867 colitum
709 2827 752 2866 111
772 2828 1205 2882 constantinopolitana
1226 2829 1389 2868 ecclesia
1408 2828 1527 2866 fuisse
1550 2841 1617 2865 re-
