1884 3262
284 210 382 256 712
689 208 1001 252 OBSERVAT.
1017 209 1340 255 PACHYMER.

503 315 679 367 analogia
1270 319 1444 372 analogia

367 378 416 410 ut
443 371 512 414 24.
540 375 608 415 38.
636 371 688 409 ad
716 374 826 414 3600
1118 379 1167 412 ut
1198 376 1262 416 17.
1296 379 1360 417 16.
1390 377 1440 415 ad
1467 380 1576 420 3600

285 429 343 466 ita
352 429 538 480 scrupula
547 428 698 467 mediae
709 427 930 467 durationis
974 428 1032 468 ita
1042 430 1226 482 scrupula
1237 431 1391 470 mediae
1403 433 1619 473 durationis
1632 438 1698 478 30.
1707 438 1733 477 9

286 541 353 582 80.
382 542 421 582 9.
457 539 510 578 ad
547 485 671 584 44151.
700 543 737 581 1.
767 540 831 583 14.
862 543 927 582 11.
1124 542 1176 580 ad
1213 488 1382 587 6286}
1425 544 1480 587 44
1517 545 1574 589 46

397 601 553 650 tempus
568 597 805 636 incidentiae
1151 605 1307 652 tempus
1327 602 1548 641 emersionis

700 703 814 737 tota
851 697 1064 737 duratio
1102 701 1329 754 eclipsis.

862 776 914 816 H.
943 780 985 820 2.
1014 778 1083 821 58.
1112 772 1182 821 57.

397 853 441 892 in
459 855 677 894 meridiano
695 854 790 894 dato
1093 857 1136 896 in
1153 858 1369 898 meridiano
1387 859 1559 901 Nicaeno

401 910 553 950 duabus
562 912 671 951 horis
681 911 993 952 anteNicaenum
1095 914 1247 953 duabus
1274 915 1383 955 horis
1409 919 1576 958 redditis

343 965 427 1005 visa
438 969 613 1019 synodus
625 969 994 1009 accuratasiveecli-
1093 971 1267 1011 medium
1279 972 1342 1012 die
1352 976 1419 1026 30,
1431 974 1530 1014 hora
1548 976 1576 1020 4
1608 979 1660 1020 16
1715 978 1743 1019 8

398 1024 477 1074 psis
493 1025 599 1064 visae
617 1025 805 1066 medium.

287 1075 509 1118 Decembris
521 1081 583 1119 die
596 1084 662 1130 30,
678 1081 777 1119 hora
798 1086 826 1125 2
857 1085 908 1124 16
965 1085 991 1124 8
1036 1082 1195 1122 initium
1424 1086 1525 1126 hora
1551 1091 1578 1130 3
1636 1091 1658 1131 1
1690 1088 1746 1131 57

344 1135 439 1173 tolle
455 1150 528 1188 pro
543 1137 758 1175 incidentia
803 1141 823 1178 1
857 1137 909 1178 14
942 1141 988 1178 11

286 1189 445 1229 initium
467 1192 530 1231 die
549 1196 623 1241 30,
651 1192 753 1231 hora
801 1196 822 1232 1
885 1196 906 1233 1
940 1195 993 1235 57
1149 1193 1238 1233 finis
1375 1196 1475 1237 hora
1551 1202 1579 1243 6
1633 1203 1662 1242 0
1692 1200 1746 1244 54

345 1247 446 1284 adde
463 1262 536 1300 pro
557 1249 769 1286 emersione
803 1250 823 1288 1
856 1247 911 1291 44
940 1248 994 1290 46
1231 1247 1233 1254 ¹

289 1300 379 1341 finis
399 1303 463 1342 die
481 1308 559 1354 30,
587 1304 689 1343 hora
801 1304 829 1346 4
884 1307 912 1346 Ο
941 1304 996 1347 54
1230 1311 1322 1357 post
1337 1308 1551 1350 meridiem.

483 1366 575 1412 post
588 1360 801 1400 meridiem.

154 1498 270 1534 [³503
659 1495 901 1546 Typus·
971 1497 1392 1548 eclipseos-

906 1596 1131 1648 Septentrio

828 1861 833 1886 z
852 1874 859 1879 -
879 1885 884 1889 .
932 1886 935 1888 .
960 1860 968 1889 J
1078 1865 1090 1882 ι·
1113 1875 1116 1877 -
1246 1880 1251 1883 -
1276 1888 1278 1891 .

876 2073 956 2178 mm
1145 2101 1150 2112 Ι
1202 2062 1221 2086 v'
1390 2061 1580 2100 Occidens

851 2131 853 2133 ι
981 2133 995 2178 ‘1⁵
1012 2136 1029 2181 ’ὲ
1151 2125 1155 2132 ’

943 2214 1124 2255 Meridies

399 2321 560 2361 emersio
588 2320 654 2359 BD
698 2266 739 2366 I11
793 2322 849 2366 44
903 2324 960 2371 46
1068 2328 1281 2368 incidentia
1307 2329 1370 2368 BC
1418 2274 1459 2374 I1I
1511 2331 1565 2376 14
1623 2336 1672 2376 11

697 2426 937 2478 probatio
976 2441 1065 2480 per
1103 2430 1374 2481 quadrata.

1316 2510 1433 2550 radix
1523 2512 1761 2564 quadratum

322 2549 386 2589 AC
405 2566 553 2592 summa
571 2556 733 2596 semidd.
989 2565 1044 2604 80
1152 2565 1208 2607 48
1321 2567 1429 2610 1848
1541 2569 1734 2613 3415104

321 2607 387 2646 AB
409 2622 519 2648 arcus
536 2611 640 2649 inter
658 2619 792 2651 centra
1015 2621 1043 2661 6
1156 2624 1209 2665 19
1348 2625 1430 2664 379
1571 2624 1730 2667 143641

322 2664 416 2728 tolie
435 2668 562 2730 {ninus
579 2668 815 2724 quadratum
831 2683 854 2707 a
873 2683 959 2709 ma-

376 2733 466 2760 iori.
519 2728 643 2761 restat
1324 2736 1431 2776 1809
1541 2734 1733 2779 3271463

1198 2787 1306 2827 cuius
1322 2790 1439 2828 radix
1457 2795 1516 2830 est
1541 2794 1610 2834 30.
1665 2796 1694 2835 9

325 2830 429 2870 idem
445 2845 562 2885 supra
578 2835 786 2886 probatum
804 2851 875 2889 per
894 2839 1148 2892 logarithmos
1165 2843 1207 2882 in
1226 2844 1442 2884 duratione.
1630 2854 1640 2862 ⁴
