1884 3262
261 194 359 242 394
676 195 911 239 GEORGII
939 196 1288 242 PACHYMERIS

261 309 318 359 εἷς
334 307 534 359 Νίκαιαν,
572 304 627 356 ὥς
647 306 714 349 ἔπ’
738 307 918 368 εὐμενείᾳ
936 310 1065 364 δῆθεν
1085 310 1140 359 εἷς
1157 309 1232 364 τὴν
1253 314 1325 353 τοῦ
1341 310 1566 355 Ὑακίνθου
1601 311 1708 356 ἀπο-

261 376 439 425 στέλλων
465 372 608 429 μονή-ν.
678 375 792 419 οὕπω
806 375 953 431 χρόνος
973 377 1219 430 τετέλεσται,
1256 380 1321 420 καὶ
1344 381 1588 433 κινουμένων
1614 379 1707 423 τότε

261 448 344 486 τῶν
368 441 597 498 ἡμετέρων,
634 444 714 486 ἐπεὶ
737 443 918 487 κάκεῖνον
935 443 1055 498 ἤκουε
1075 449 1158 487 τῶν
1178 445 1424 501 δεδογμένων
1449 448 1706 500 ἀποστατεῖν,

211 519 242 553 D
266 507 479 563 δεξάμενος
494 513 563 553 καὶ
583 513 826 568 κατηγορίας
841 512 901 568 μὴ
924 511 1210 568 προσηκούσας
1229 514 1363 572 ἐκείνῳ
1379 515 1480 569 μηδ’
1505 513 1708 568 ὁπωσοῦν,

262 577 442 621 ἄλλοθεν
470 579 610 635 καιρὸν
632 580 801 634 νομίσας
823 580 1002 624 κάκεῖνον
1019 582 1093 636 μέν
1114 585 1341 636 τιμωρῆσαι
1360 579 1470 636 ἡμᾶς
1488 584 1533 625 δὲ
1550 585 1741 634 δεδίξαοὸ

263 650 367 688 σθαι
389 646 535 690 ἐκεῖνον
557 645 655 690 εἶναι
675 647 746 691 τὸν
767 647 996 704 πρέποντα,
1033 648 1201 703 πέμπων
1219 647 1298 691 ὑπὸ
1323 651 1485 703 δεσμοῖς
1502 649 1608 706 ἅγει,
1643 652 1711 694 καὶ

263 718 426 769 πρῶτον
454 716 528 767 μέν
559 715 726 769 ἀπηνῶς
755 714 1001 772 προστάσσει
1041 718 1108 759 καὶ
1145 715 1435 773 ἀπανθρώπως
1471 720 1709 772 αῗκίζεσθαι,

262 781 399 824 ἔπειτα
419 783 463 824 δὲ
482 783 548 825 τὸν
567 783 704 825 καινὸν
722 785 868 827 ἐκεῖνον
888 785 1099 839 θρίαμβον
1120 782 1394 842 ἀπεργάζεται.
1462 787 1610 845 σχοίνῳ
1633 786 1711 842 γὰρ

261 854 401 908 μακρᾷ
431 854 513 892 τῶν
540 849 754 905 τραχήλων
784 850 973 902 κελεύσας
1005 855 1171 908 ἐκδῆσαι
1202 851 1350 896 ἐκεῖνόν
1379 870 1422 896 τε
1453 858 1615 910 πρῶτον
1644 856 1710 896 καὶ

262 918 334 960 τὸν
362 918 536 973 ’Ῑασίτην
563 921 726 962 Μελίαν
755 917 942 975 δεύτερον
973 923 1040 962 καὶ
1071 919 1163 976 ἑξῆς
1190 920 1337 974 ἄλλον,
1375 921 1449 971 ἕως
1469 923 1534 964 καὶ
1556 921 1595 971 ἔς
1613 922 1767 970 deatum

212 993 245 1027 Ε
268 990 342 1028 τοῦ
365 985 549 1041 ἀριθμοῦ
566 991 648 1030 τῶν
666 987 827 1043 ἀνδρῶν
846 988 1108 1038 ποσωθέντος
1118 1021 1131 1041 ,
1166 987 1343 1031 ὕστατον
1365 990 1409 1031 δὲ
1425 990 1491 1031 καὶ
1514 989 1588 1044 τὴν
1610 990 1711 1032 ἐκεί-

261 1071 334 1097 νου
363 1053 535 1107 ἀνεψιὰν
562 1056 618 1104 εἷς
650 1055 723 1109 τὴν
755 1060 836 1098 τῶν
857 1061 1033 1111 μαγειῶν
1055 1058 1184 1111 δῆθεν
1204 1056 1366 1107 ἔνδειξιν
1374 1089 1388 1109 ,
1425 1057 1522 1106 τούς
1541 1058 1616 1111 μὲν
1636 1054 1710 1099 δύο

261 1122 360 1172 τούς
387 1121 574 1178 πρώτους
595 1121 650 1172 ὥς
669 1125 736 1165 καὶ
754 1124 817 1165 ἐπὶ
836 1127 886 1179 τῇ
905 1122 1098 1166 ὑποθέσει
1116 1124 1172 1179 μὴ
1194 1123 1488 1173 κατανεύοντας
1506 1126 1572 1166 καὶ
1593 1122 1711 1181 ἐγκά-

261 1207 348 1239 τοις
376 1187 593 1245 προβάτων
624 1191 863 1247 ἔπιφορτίζει
885 1191 960 1234 σύν
976 1192 1115 1241 αὐτοῖς
1133 1199 1218 1242 τοῖς
1235 1193 1391 1234 ἐκείνων
1412 1190 1709 1247 διαχωρήμασι,

263 1258 335 1300 τὸν
353 1256 507 1315 ῥήτορα
529 1259 573 1300 δέ
591 1257 865 1315 διαφερόντως
886 1261 952 1301 καὶ
979 1258 1106 1314 ’ἥπασι
1129 1257 1349 1316 προβάτων
1369 1259 1471 1302 κατὰ
1493 1257 1626 1313 στόμα
1644 1266 1765 1302 aee-,15

264 1323 366 1368 λεύει
396 1324 621 1368 τύπτεσθαι
651 1327 954 1382 συνεχέστερον,
986 1328 1051 1368 καὶ
1069 1325 1200 1377 οὕτως
1218 1326 1297 1369 ἀνὰ
1316 1326 1389 1381 τὴν
1408 1325 1526 1369 πόλιν
1546 1325 1711 1370 ἅπασαν

265 1394 645 1449 θριαμβευομένους
663 1392 797 1453 κύκλῳ
815 1399 888 1448 τῆς
909 1395 1118 1450 ἐκκλησίας
1146 1402 1399 1451 περιαγαγεῖν
1413 1427 1428 1447 ,
1465 1394 1713 1448 ἀτιμοῦντας

264 1462 387 1504 ἓκεΐσε
409 1463 528 1505 πλέον
550 1464 605 1512 εἷς
626 1460 761 1519 φόβου
780 1464 846 1504 καὶ
866 1462 1032 1517 ἀπειλῆς
1048 1470 1133 1513 τοῖς
1153 1467 1352 1519 κληρικοΐς
1377 1461 1552 1513 ἔνδειξιν.

126 1537 155 1570 Ρ
176 1538 244 1572 268
398 1528 641 1585 Ἐπράττετο
664 1531 738 1584 μὲν
769 1525 843 1573 οὖν
861 1535 992 1575 ταῦτα
1006 1530 1358 1588 Ἐλαφηβολιῶνος
1381 1531 1474 1588 ἕκτῃ
1491 1529 1619 1585 μηνὸς
1637 1534 1711 1573 τοῦ
1788 1519 1839 1552 ⁸³⁵

266 1595 447 1647 ἐπιόντος
476 1598 611 1652 ἔτους,
644 1603 716 1642 τοῦ
744 1597 996 1656 πατριάρχου
1012 1599 1214 1656 Ἀρσενιόυ
1241 1596 1437 1656 πρότερον
1457 1597 1482 1653 ἢ
1503 1603 1634 1640 ταῦτα
1651 1599 1766 1654 γί-20

263 1729 387 1764 delicet
409 1729 645 1772 diversorium
677 1741 743 1775 quo
766 1730 858 1764 facto
881 1729 1046 1764 hominem
1067 1730 1209 1765 humane
1232 1729 1422 1765 consulendi
1443 1728 1558 1775 specie
1579 1728 1711 1772 relega-

264 1775 316 1811 vit
339 1775 519 1817 Nicaeam,
552 1775 610 1809 ubi
644 1780 721 1809 erat
742 1775 778 1809 id
802 1776 1036 1810 monasterium
1068 1777 1178 1810 situm.
1224 1776 1368 1810 nondum
1390 1786 1495 1808 annus
1517 1773 1711 1816 effluxerat,

265 1832 339 1854 cum
373 1821 461 1854 inter
495 1821 597 1854 hasce
623 1826 758 1854 nostras
788 1821 831 1855 de
863 1821 1040 1856 concordia
1067 1821 1284 1856 ecclesiarum
1306 1824 1413 1855 motas
1435 1820 1607 1854 ardentius
1629 1831 1711 1853 con-

265 1866 469 1906 troversias,
505 1866 608 1899 certis
638 1869 806 1910 comperto
837 1866 962 1900 nuntiis
990 1866 1172 1910 imperator
1201 1867 1400 1901 Holobolum
1432 1877 1452 1900 e
1482 1864 1587 1909 priori
1618 1864 1710 1909 quod

265 1911 352 1945 alias
386 1911 582 1945 ostenderat
611 1910 735 1944 iudicio
768 1911 861 1955 pacis
892 1911 990 1946 istius
1024 1912 1192 1945 consilium
1223 1913 1386 1956 probante
1407 1910 1515 1954 palam
1538 1909 1602 1943 iam
1626 1909 1712 1943 resi-

263 1956 381 1997 liisse,
412 1955 607 2000 perindigne
636 1957 670 1989 id
699 1957 812 1990 ferens
836 1968 934 1990 aures
956 1957 1055 1990 facile
1080 1956 1236 2001 praebuit
1257 1955 1551 1990 calumniatoribus
1575 1954 1711 1998 indigna

263 2002 427 2046 quaedam
458 2005 494 2035 et
521 2013 542 2035 a
573 2001 633 2035 tali
664 2001 738 2036 viro
769 2001 875 2035 aliena
897 2002 939 2035 de
963 2002 1128 2036 Holobolo
1150 2001 1388 2036 deferentibus.
1433 2012 1539 2045 quare
1560 2000 1712 2034 occasio-

264 2058 340 2080 nem
363 2059 435 2081 eam
459 2047 661 2080 commodam
684 2051 777 2080 ratus
800 2047 896 2080 simul
917 2047 1015 2080 invisi
1040 2047 1162 2092 capitis
1184 2047 1385 2088 ulciscendi,
1407 2046 1504 2079 simul
1526 2045 1711 2079 deducendi

265 2103 328 2126 nos
354 2093 396 2126 ab
419 2092 593 2136 opinione,
617 2104 716 2137 quam
740 2092 783 2125 de
805 2092 876 2126 eius
899 2098 937 2125 ut
959 2091 1024 2126 viri
1048 2092 1250 2137 praestantis
1272 2092 1475 2125 auctoritate
1493 2091 1712 2135 doctrinaque

264 2138 472 2181 praeclaram
497 2138 718 2178 habebamus,
742 2138 862 2171 adduci
885 2149 959 2170 eum
981 2138 1124 2171 vinctum
1148 2139 1181 2172 in
1205 2138 1321 2171 urbem
1343 2137 1445 2170 iubet.
1493 2135 1548 2169 hic
1573 2135 1710 2180 primum

261 2183 353 2216 illum
387 2183 566 2217 crudeliter
595 2183 848 2228 immaniterque
877 2183 1005 2217 concidi
1035 2183 1154 2227 flagris
1175 2183 1340 2227 imperat,
1370 2182 1494 2215 deinde
1511 2181 1589 2215 novi
1612 2181 1710 2215 huius

265 2228 450 2272 spectaculi
482 2240 543 2274 per
577 2228 698 2262 civium
731 2240 791 2262 ora
823 2240 974 2274 pampam
998 2229 1156 2262 traducit.
1202 2229 1334 2272 longum
1363 2228 1406 2261 de
1429 2227 1513 2260 collo
1535 2226 1712 2261 trahentes

264 2275 376 2307 funem
399 2274 540 2317 primum
563 2274 764 2314 Holobolus‚
797 2276 943 2308 secundo
965 2274 1037 2308 loco
1060 2274 1181 2308 Iasites
1203 2274 1347 2316 Melias,
1377 2277 1448 2306 tum
1472 2272 1529 2306 alii
1552 2272 1711 2306 continua

263 2318 353 2352 serie
381 2319 526 2353 virorum
556 2319 716 2354 decadem
749 2319 940 2364 explentes,
975 2319 1135 2354 adiuncta
1166 2318 1341 2352 undecima
1364 2317 1524 2360 muliere,
1555 2316 1712 2352 Holoboli

265 2364 413 2397 eiusdem
437 2371 556 2409 nepte,
586 2365 729 2407 ostentui
753 2368 864 2398 tracta
885 2365 980 2398 velut
1003 2377 1120 2409 maga,
1154 2376 1215 2408 per
1239 2365 1428 2398 universam
1450 2364 1566 2396 urbem
1590 2368 1626 2397 et
1649 2373 1710 2407 pe·

266 2408 440 2443 culiariter
459 2411 549 2444 circa
571 2410 744 2444 ecclesiam
767 2411 865 2444 foedo
888 2411 1054 2455 triumpho
1077 2410 1169 2444 ducti
1191 2415 1280 2444 sunt.
1328 2414 1364 2443 et
1385 2409 1450 2442 duo
1468 2408 1602 2452 quidem
1618 2408 1709 2452 prio-

266 2465 324 2488 res
337 2479 346 2497 ,
377 2455 474 2499 quasi
498 2455 654 2489 videlicet
675 2456 808 2489 obiecta
833 2455 897 2489 sibi
920 2460 956 2489 et
977 2456 1062 2490 satis
1083 2456 1226 2501 probata
1248 2454 1385 2488 crimina
1409 2453 1628 2499 pertinaciter
1649 2464 1711 2485 ne-

267 2503 408 2544 garent,
443 2499 611 2533 intestinis
640 2501 746 2534 ovium
768 2501 840 2546 ipso
863 2502 973 2535 adbuc
997 2502 1072 2534 fimo
1095 2501 1231 2534 refertis
1253 2499 1408 2544 impliciti
1431 2498 1606 2542 onustique
1628 2508 1710 2541 pro-

269 2545 453 2586 cedebant,
484 2545 597 2579 addito
628 2545 661 2578 in
693 2546 893 2590 singularem
916 2546 1071 2580 Holoboli
1102 2545 1423 2585 dehonestationem,
1456 2549 1496 2576 ut
1518 2553 1579 2588 per
1601 2547 1709 2576 totam

267 2590 354 2624 viam
376 2590 576 2626 iecinoribus
599 2592 789 2624 earumdem
812 2592 920 2625 ovium
953 2603 972 2625 e
1002 2597 1119 2626 ventre
1140 2602 1259 2625 recens
1282 2589 1445 2624 extractis
1465 2588 1499 2622 in
1522 2587 1609 2621 facie
1630 2598 1710 2620 con—

266 2636 413 2670 tinenter
435 2635 642 2670 caederetur.
688 2648 776 2679 quae
804 2636 852 2669 sic
880 2641 957 2671 acta
987 2641 1065 2671 sunt
1096 2647 1160 2671 non
1192 2636 1300 2680 magis
1323 2635 1366 2669 ad
1388 2632 1600 2678 ignominiam
1622 2633 1710 2666 infe-

268 2681 342 2716 licis
364 2681 450 2715 illius
473 2692 571 2726 quam
597 2680 639 2714 ad
663 2679 881 2715 deterrendos
903 2687 1093 2726 perstantes
1120 2682 1228 2716 adbuc
1250 2681 1282 2714 in
1307 2681 1400 2725 par-is
1432 2677 1614 2711 reiectione
1637 2677 1709 2711 cle-

268 2727 378 2769 ricos,
413 2727 534 2772 quibus
565 2726 628 2759 hoc
659 2726 808 2770 exemplo
840 2727 1025 2761 luculenter
1047 2728 1281 2763 ostentabatur
1303 2729 1462 2771 quantum
1484 2722 1568 2767 ipsis
1589 2723 1624 2757 in
1646 2722 1710 2756 tali

269 2773 440 2817 proposito
464 2771 691 2817 perstantibus
709 2771 919 2815 impenderet
939 2773 1027 2806 mali.

356 2819 454 2853 Haec
472 2821 569 2863 gesta
589 2820 668 2852 sunt
687 2816 822 2851 ineunte
844 2828 930 2852 anno
953 2817 1007 2853 die
1029 2823 1126 2853 sexta
1147 2816 1328 2859 Octobris,
1350 2811 1545 2862 patriarcba
1564 2811 1708 2847 Amulio
