1884 3262
446 195 521 239 DE
556 193 831 238 MICHAELE
858 190 1239 235 PALAEOLOGO·
1273 191 1321 234 L.
1356 190 1414 233 V.
1569 187 1664 233 351

209 313 276 357 καὶ
298 311 349 366 δὴ
369 314 452 353 τῶν
470 309 574 367 πρὸς
599 306 804 364 ἀλλήλους
833 310 1062 350 συνθεσιῶν
1099 305 1252 349 στέλλει
1280 304 1355 358 μὲν
1376 303 1432 352 εἷς
1451 302 1670 359 πρεσβείαν

206 381 278 424 τὸν
305 377 518 436 ἶερᾶρχην,
555 378 818 432 συνεκπίμπει
847 377 978 419 δὲκαὶ
1006 374 1081 430 τὴν
1110 372 1235 430 κόρην
1261 371 1341 415 ὑπὸ
1371 371 1573 430 θεραπεία
1595 388 1671 425 με-

205 451 322 506 γίστῃ
342 452 545 504 βασιλικῇ.
615 449 687 489 καί
702 463 744 502 γε
767 448 1048 497 καταλαβοῦσι
1073 443 1148 497 τὴν
1166 442 1368 497 Βὲρροιαν
1386 442 1503 497 σφίσι
1522 440 1577 482 τοὶ
1593 443 1670 495 τῆς
1690 451 1722 485 D

206 522 364 572 βουλῆς
386 517 482 572 ἔστη
510 520 753 573 πεμφθῆναι
782 513 885 570 πρὸς
904 512 976 555 τὸν
999 511 1172 568 Οὕρεσιν
1193 511 1406 567 Στέφανον
1426 509 1498 552 τὸν
1513 525 1670 565 χαρτο-

174 584 373 644 ὅφύλακα
407 586 584 638 Βέκκον,
634 583 722 638 ἅμα
750 583 796 625 δὲ
834 581 910 624 σὺν
935 582 1071 639 ἐκείνῳ
1101 582 1167 622 καὶ
1196 579 1267 622 τὸν
1302 575 1671 632 Τραϊανουπόλεως

205 652 524 709 Κουδουμηνήν.
594 648 644 707 ἦν
668 653 713 695 δὲ
735 650 922 705 καὶπρὸς
953 653 1027 703 τῆς
1049 649 1265 703 δεσποίνης
1294 646 1578 701 ἒντεταγμένον
1610 650 1670 704 τῷ

200 721 487 780 χαρτοφύλακι
509 721 634 765 αὐτὸν
652 723 928 776 προαπελθεῖν
951 719 1015 760 καὶ
1038 718 1232 774 γνωρίσαι
1252 716 1303 758 τὰ
1322 715 1427 758 κατὰ
1448 715 1546 764 τοὺς
1565 714 1670 771 Σίρ-

204 797 308 846 βους
329 789 600 847 τρανότερον,
637 789 748 840 ὅπως
775 789 849 842 μὲν
879 788 1019 844 σφίσιν
1049 788 1156 829 ἐστὶν
1185 784 1212 842 ἦ
1242 787 1408 837 δίαιτα,
1445 782 1555 832 ὅπως
1577 781 1668 837 δὲῆ

204 859 318 911 τάξις
335 865 410 914 τῆς
430 861 588 903 ἐκείνων
612 858 740 914 ἀρχῆς
758 854 986 900 διιθῦνεται
999 869 1010 879 ·
1046 855 1172 910 ἓκείνη
1189 854 1268 910 γὰρ
1288 854 1354 896 καὶ
1377 853 1572 907 μεγίστην
1593 851 1668 906 τὴν

150 943 194 977 10
207 930 430 985 θεραπείαν
445 933 496 985 τῇ
521 929 700 983 θυγατρὶ
721 926 1016 981 προητοίμαζεν
1038 924 1100 966 ἐπὶ
1120 926 1241 980 χλιδῇ
1261 922 1435 981 παντοίᾳ
1456 924 1662 977 βασιλικῇ.
1687 930 1720 965 Ε

202 999 338 1056 ἐκείνῳ
355 997 491 1040 τοίνυν
511 993 818 1052 προαπελθόντι
836 995 1046 1049 γνωρίσειν
1065 995 1132 1035 καὶ
1155 996 1350 1051 σημανεῖν
1383 987 1664 1045 προσετάσσε-

200 1068 272 1119 το,
311 1067 405 1121 πρὶν
427 1064 478 1107 ἂν
506 1066 626 1120 ἐπιβῇ
654 1063 830 1117 Σερβίας
851 1060 873 1104 ὅ
894 1059 1161 1116 πατριάρχης.
1230 1060 1270 1102 οἱ
1295 1058 1340 1101 δ’
1362 1055 1598 1106 ἐπιστάντες
1616 1057 1665 1100 οὗ

197 1131 324 1188 μόνον
346 1133 466 1176 οὐδὲν
483 1137 565 1175 τῶν
590 1134 646 1181 εἷς
662 1131 889 1185 θεραπείαν
909 1128 1016 1172 εἶδον
1032 1131 1156 1172 ἐκεῖσε
1177 1130 1244 1171 καὶ
1269 1127 1400 1183 ἀρχῆς
1420 1131 1496 1181 τῆς
1514 1124 1667 1180 τυχού-

199 1219 276 1257 σης
303 1201 441 1254 ἄξιον,
477 1201 581 1244 ἀλλὰ
614 1202 680 1243 καὶ
709 1199 757 1242 τὸ
786 1198 1083 1255 θεραπευτικὸν
1112 1198 1160 1241 τὸ
1190 1199 1233 1239 ἓν
1267 1198 1429 1244 ἐκείνοις
1455 1195 1618 1248 βλέπων
1642 1192 1664 1238 ὅ
1687 1194 1717 1228 Ρ
1739 1192 1807 1229 240

144 1282 186 1318 15
203 1269 374 1327 Οἷίρεσις
393 1271 459 1312 καὶ
476 1271 645 1312 οἰκίδιον
658 1302 670 1321 ,
703 1270 770 1310 καὶ
793 1272 951 1322 μᾶλλον
968 1267 1015 1309 τὸ
1035 1271 1118 1309 τῶν
1135 1265 1387 1321 ἡμιανδρίων
1397 1296 1411 1316 ,
1448 1265 1493 1306 τί
1523 1263 1574 1306 ἂν
1595 1265 1664 1306 καὶ

198 1339 338 1395 εἷἠσαν
360 1333 473 1380 οὗτοι
496 1335 805 1380 διεπυνθάνετο.
877 1333 934 1384 ὥς
954 1335 997 1376 δ’
1019 1334 1142 1389 ἤκουε
1160 1333 1268 1389 παρ’
1294 1334 1453 1375 ἐκείνων
1470 1330 1535 1374 ὅτι
1551 1330 1666 1382 τάξις

197 1405 306 1449 ἐστὶν
328 1405 434 1460 αὕτη
454 1408 684 1458 βασίλειος,
720 1405 787 1446 καὶ
806 1401 861 1453 ὥς
879 1407 930 1460 τῇ
950 1404 1132 1457 βασιλίδι
1158 1404 1214 1451 εἷς
1237 1401 1463 1458 θεραπείαν
1485 1399 1662 1443 ἀκολου-

196 1473 398 1529 θήσαιεν,
434 1475 581 1523 ἐκεῖνος
616 1470 907 1527 ἀταλαστήσας
940 1473 1066 1528 φησὶν
1109 1475 1141 1495 “
1154 1472 1201 1513 αἲ
1232 1470 1298 1522 αἶ’,
1334 1470 1378 1512 τί
1399 1473 1558 1523 ταῦτα,·
1595 1471 1664 1518 καὶ

195 1541 292 1599 ἡμῖν
309 1541 358 1586 οὖ
378 1540 565 1598 συνήθης
584 1540 690 1597 αὕτη
709 1539 736 1597 ἦ
759 1539 939 1584 δίαιτα.”
1008 1541 1075 1583 καὶ
1093 1539 1166 1583 τὸν
1184 1536 1313 1596 φάναι
1329 1555 1372 1581 τε
1394 1539 1460 1579 καὶ
1477 1535 1567 1592 ἅμα
1588 1537 1662 1593 τὴν

287 1653 321 1687 8.
345 1649 386 1687 δὲ
409 1651 539 1686 deerat.
678 1652 731 1685 18.
755 1647 1039 1695 ἐπαλαστήσαςί)
1178 1648 1233 1682 19.
1257 1646 1346 1692 τὸν]
1369 1636 1511 1683 τοῦτοί)

194 1755 270 1779 cum
291 1743 394 1789 igitur
416 1742 460 1776 de
497 1742 649 1777 omnibus
675 1745 755 1776 ante
786 1744 986 1775 conventum
1010 1742 1118 1782 esset,
1152 1739 1196 1780 ad
1220 1738 1451 1773 executionem
1483 1740 1659 1784 pactorum

194 1789 298 1824 mittit
319 1789 503 1834 imperator
527 1789 673 1834 legatum
698 1787 949 1833 patriarcham,
975 1791 1011 1820 et
1034 1798 1107 1820 cum
1132 1797 1173 1819 eo
1195 1796 1352 1830 sponsam
1375 1784 1539 1829 virginem
1563 1785 1657 1829 regio

193 1835 373 1879 magnifice
395 1834 556 1880 stipatam
590 1835 761 1868 comitatu.
809 1834 861 1867 liis
883 1833 983 1867 simul
1016 1831 1148 1867 cunctis
1171 1832 1229 1865 ubi
1261 1831 1467 1865 Berrhoeam
1492 1842 1660 1876 pervene-

193 1885 272 1915 runt
287 1907 297 1923 ‚
318 1881 479 1926 expedire
502 1880 721 1914 communiter
742 1879 852 1914 visum
885 1884 940 1913 est
972 1879 1240 1926 praemittendos
1273 1877 1317 1911 ad
1341 1877 1549 1922 Stephanum
1567 1877 1659 1911 Ure-

194 1927 255 1962 sim
278 1926 572 1972 chartophylacem
595 1927 741 1960 Veccum
767 1931 804 1959 et
828 1937 902 1959 cum
926 1937 966 1959 eo
989 1924 1257 1969 Traianopoleos
1279 1923 1473 1969 episcopum
1486 1923 1659 1957 Cudume-

194 1985 272 2008 nen.
314 1974 429 2006 fuerat
461 1978 572 2006 autem
596 1973 639 2005 ab
677 1973 832 2016 Augusta
866 1972 1081 2017 peculiariter
1112 1971 1378 2005 commendatum
1404 1969 1658 2014 chartophylaci

191 2024 231 2054 ut
253 2019 477 2064 praecederet
499 2029 677 2063 sponsam,
698 2020 859 2063 priorque
883 2018 918 2052 in
941 2018 1094 2051 Serbiam
1119 2015 1303 2051 adveniens
1325 2015 1524 2060 exploraret
1546 2015 1589 2049 ad
1614 2015 1656 2048 li-

191 2065 329 2111 quidnm
360 2064 528 2110 quodnam
559 2064 594 2098 id
625 2070 719 2098 esset
750 2064 917 2098 hominum
943 2075 1067 2108 genus,
1097 2074 1187 2108 quae
1209 2061 1256 2096 ibi
1280 2063 1390 2095 forma
1412 2062 1503 2094 vitae
1526 2061 1656 2094 cultus-

192 2122 280 2155 que,
312 2121 400 2156 quae
439 2110 526 2144 ratio
559 2110 810 2144 consuetudinis
847 2110 977 2151 civilis,
1011 2109 1088 2154 quis
1121 2109 1205 2142 ordo
1240 2107 1395 2152 publicae
1423 2107 1496 2148 rei,
1530 2118 1572 2139 ac
1601 2106 1654 2140 ius

192 2166 340 2201 ususque
365 2155 586 2201 principatus.
633 2168 709 2190 nam
733 2167 807 2190 cam
829 2157 887 2190 illa
908 2155 1138 2202 proficiscenti
1161 2154 1251 2188 filiae
1275 2156 1476 2197 apparatum
1500 2155 1536 2185 et
1559 2163 1655 2197 pom-

192 2212 270 2247 pam
293 2212 392 2246 quam
415 2206 573 2247 potuerat
595 2203 740 2236 maxime
762 2202 910 2246 regiam,
944 2207 980 2235 et
1001 2212 1077 2235 cum
1091 2200 1214 2245 specie
1236 2211 1277 2232 ac
1299 2198 1407 2243 pretio
1432 2198 1474 2231 ad
1498 2197 1655 2242 magnifi-

192 2246 338 2281 centiam
353 2270 362 2286 ‚
386 2254 458 2280 tum
488 2257 571 2289 usu,
598 2253 634 2282 et
656 2249 754 2293 copia
779 2250 821 2282 ad
846 2248 1018 2282 mollitiem
1044 2246 1250 2290 deliciasque
1274 2248 1524 2288 comparatam,
1547 2245 1655 2278 ambi-

191 2292 280 2327 tiose
303 2292 533 2334 attribuisset,
563 2294 716 2328 muliebri
739 2293 871 2328 scilicet
903 2292 1101 2327 curiositate
1124 2303 1224 2326 nosse
1253 2290 1381 2324 avebat
1405 2289 1529 2335 ecquid
1554 2291 1653 2335 paria

190 2338 282 2380 illis,
318 2341 378 2372 aut
411 2349 478 2383 qua
507 2339 583 2373 istis
617 2340 836 2384 proportione
868 2338 1126 2383 respondentia,
1166 2340 1343 2381 repertura
1366 2340 1458 2370 esset
1479 2347 1543 2370 sua
1563 2335 1650 2371 filia.

191 2395 232 2418 ea
256 2385 299 2417 de
322 2395 425 2418 causa
456 2383 602 2418 iusserat
634 2386 779 2430 priorem
811 2397 851 2419 eo
876 2385 1045 2430 proficisci
1069 2384 1234 2426 Veccum,
1268 2386 1304 2416 et
1337 2382 1401 2415 sibi
1431 2393 1494 2427 per
1516 2382 1651 2417 nuntios

189 2429 384 2475 significare
409 2441 496 2474 quae
521 2431 759 2475 comperisset,
783 2431 977 2476 priusquam
1002 2429 1196 2475 patriarcha
1215 2439 1290 2462 cum
1313 2439 1402 2462 nova
1422 2439 1546 2474 sponsa
1563 2429 1650 2462 Ser-

189 2475 277 2509 biam
299 2475 548 2520 ingrederetur.
595 2481 632 2510 at
654 2477 787 2511 Veccus
810 2482 846 2511 et
874 2477 1087 2510 Cudumenes
1115 2474 1174 2508 ubi
1207 2485 1416 2519 pervenere,
1447 2474 1534 2508 adeo
1556 2474 1648 2509 >nihil

187 2520 237 2555 ibi
259 2522 304 2556 ad
327 2521 547 2555 ministerium
571 2523 774 2555 commodum
785 2532 803 2564 ,·
817 2522 860 2557 ad
883 2533 1040 2566 pompam
1061 2520 1228 2565 exquisite
1242 2526 1408 2563 ornatum,
1431 2526 1492 2554 aut
1514 2520 1647 2554 omniuo

188 2567 245 2600 vel
266 2566 428 2602 mediocri
451 2567 586 2611 dignum
609 2567 809 2611 magistratu
840 2571 1062 2612 repererunt,
1091 2572 1130 2600 ut
1159 2566 1268 2611 ipsum
1290 2566 1420 2600 illorum
1441 2566 1646 2600 instrumen-

189 2616 262 2646 tum
293 2624 335 2647 ac
367 2612 558 2647 comitatum
588 2613 785 2658 Stephanus
816 2613 934 2647 Uresis
966 2613 1212 2655 admiraretur,
1242 2618 1279 2647 et
1311 2612 1385 2647 viso
1412 2613 1645 2654 tabernaculo,

188 2658 391 2702 praesertim
422 2654 534 2693 autem
568 2659 694 2693 familia
724 2659 954 2704 obsequioque
983 2659 1229 2700 eunuchorum,
1268 2658 1367 2703 quasi
1401 2658 1647 2703 obstupescens

187 2703 455 2749 inopinatissima
477 2716 536 2746 re,
569 2708 751 2751 quaereret
771 2705 852 2750 quid
877 2705 962 2739 haec
980 2704 1118 2738 tandem
1148 2708 1263 2740 essent
1285 2708 1322 2738 et
1342 2714 1442 2749 quem
1464 2714 1560 2736 usum
1583 2703 1644 2737 ha-

189 2749 333 2792 berent,
357 2761 431 2784 cum
462 2762 546 2785 vero
582 2751 735 2785 audisset
765 2756 897 2795 partem
931 2761 1007 2784 esse
1040 2750 1132 2785 illam
1167 2751 1384 2796 praemissam
1398 2776 1400 2780 ,
1415 2748 1568 2783 satellitii
1602 2761 1645 2783 ac

188 2795 404 2839 supellectilis
427 2797 565 2841 reginae
589 2797 817 2838 adventantis,
838 2796 1058 2831 indolescenti
1073 2796 1190 2831 similis
1211 2796 1417 2830 exclamaret
1438 2797 1460 2814 ‘²
1471 2794 1547 2836 heu,
1563 2794 1642 2838 heu,

188 2851 277 2885 quae
298 2845 335 2876 et
354 2852 513 2888 quorsum
543 2843 640 2878 ista?
671 2853 733 2878 uos
763 2843 883 2878 harum
915 2842 1110 2878 deliciarum
1140 2853 1249 2878 usum-
1266 2853 1347 2876 non.
1365 2841 1594 2884 habemus3’?.
1608 2846 1646 2876 et
