1846 3262
231 238 325 284 178
649 231 887 277 GEORGII
920 231 1273 275 PACHYMERIS

225 348 281 400 ὥς
299 350 366 406 καὶ
387 348 503 390 παισὶ
524 346 743 398 παίζεσθαι
762 342 959 401 ἀγόμενον
978 345 1021 387 ἐκ
1041 340 1175 401 ῥινός,
1213 345 1280 387 καὶ
1298 342 1510 401 πειθήνιον
1530 345 1571 395 ἒς
1591 342 1693 388 ὅπου

223 419 363 467 θέλοις
388 414 545 473 ὁρμᾶν,
581 410 797 470 ποηφάγον
811 446 824 466 ,
863 415 930 456 καὶ
950 412 1064 471 ἄρτῳ
1089 414 1155 455 καὶ
1177 417 1304 470 κριθῇ
1333 414 1439 457 κατὰ
1461 413 1508 457 τὸ
1531 411 1694 470 πρόβα-

222 504 294 530 τον
311 481 608 540 ψωμιζόμενον.
679 481 727 525 τὸ
746 481 791 525 δ’
819 477 929 538 ἦθος
953 479 1185 538 χειρόηθες.
1259 480 1283 536 ἦ
1311 482 1355 524 δ’
1392 482 1528 538 ἄμυνα
1557 480 1694 541 τούτῳ

221 554 325 611 πρὸς
355 551 402 593 τὸ
432 554 589 593 λυποῦν
621 549 701 610 (τῷ
729 552 907 610 μεγίστῳ
925 551 1005 606 γὰρ
1036 549 1149 606 μέρει
1172 551 1241 592 καὶ
1264 555 1388 594 τοῦτο
1422 556 1693 608 φιλοτιμεῖται

220 627 304 670 τοῖς
338 615 452 672 ζώοις
483 617 508 674 ἦ
544 615 688 675 φύσις,
735 617 790 670 ὥς
819 619 858 663 εἶ’
885 636 944 670 τις
971 621 1196 662 ἐπιτίθοιτο
1219 619 1596 676 προσαμυνεΐσθαι)
1618 619 1725 674 οὐχ5

220 688 326 746 ὃπλῇ
356 687 463 731 κατὰ
492 687 590 739 τοὺς
610 689 763 739 ἵππους
793 687 817 744 ἢ
850 687 988 744 κέρατι
1014 687 1120 730 κατὰ
1150 691 1253 741 βοῦς
1287 687 1402 746 (οὐδὲ
1419 688 1498 745 γὰρ
1531 689 1694 744 κέρασιν

163 773 195 808 1>
222 756 428 813 ἔστεπται)
442 790 455 810 ,
491 756 566 799 οὐκ
593 754 729 800 ὀδόντι
762 757 869 799 κατὰ
893 756 992 806 τοὺς
1023 754 1229 812 κάπρους,
1269 757 1343 799 οὐκ
1364 756 1475 809 ὄνυξι
1493 757 1597 800 κατὰ
1619 757 1694 807 τὰς

217 830 373 883 γαλᾶς,
412 823 555 880 μόνοις
577 826 621 868 δὲ
643 832 729 876 τοΐς
761 825 953 878 ὀδοῦσιν,
991 823 1128 879 οἶμαι,
1167 823 1236 867 διὰ
1266 823 1486 880 δηγμάτων
1501 827 1692 881 μετρίων,

219 895 320 939 ὅσον
351 896 418 937 καὶ
447 894 670 946 ἀποσοβεῖν
700 893 746 937 τὸ
775 899 931 938 λυποῦν
960 893 1019 949 μὴ
1050 890 1262 946 βλάπτον·
1309 892 1406 936 οὐδὲ
1436 890 1514 949 γάρ
1544 910 1606 942 τις
1632 894 1694 943 ι’ὁς

219 971 307 1014 τοῖς
325 963 491 1007 ὀδοῦσιν
516 961 791 1020 ἔντέθραπται
807 962 903 1006 κατ’
929 963 1059 1005 ἐκεῖνα
1089 961 1116 1004 ἃ
1136 961 1188 1016 δὴ
1223 967 1310 1011 τοῖς
1339 960 1540 1012 τοιούτοις
1565 959 1592 1016 ἡ
1612 960 1693 1017 φῦ·
1706 969 1750 1001 10

222 1050 286 1084 σις
307 1031 470 1085 ὁπλίζει.
540 1039 666 1075 τοῦτο
689 1030 745 1082 ὥς
765 1031 807 1074 εἴ
819 1049 857 1074 τι
885 1031 1005 1087 τέρας
1031 1032 1188 1074 ἐκεῖθεν
1222 1030 1327 1086 πρὸς
1345 1030 1520 1083 βασιλέα
1552 1033 1692 1073 διακο-

217 1102 368 1157 μισθὲν
387 1099 562 1156 ἑκάστης
582 1100 725 1156 θέαμα
751 1096 800 1155 ἦν
821 1102 887 1144 καὶ
907 1099 1041 1158 τρυφὴ
1062 1106 1148 1150 τοῖς
1169 1097 1296 1156 ὁρῶσι
1323 1099 1380 1142 δι’
1404 1099 1557 1158 ἀγορᾶς
1575 1096 1692 1142 ἑλκό-

215 1188 352 1225 μενον.
1583 1168 1589 1177 ’

348 1237 474 1281 Ἀλλὰ
505 1241 638 1281 ταῦτα
675 1237 750 1292 μὲν
784 1241 843 1296 τῷ
875 1241 1094 1293 κρατοῦντι
1126 1233 1384 1291 πεπράχαται
1420 1232 1584 1291 δοκήσει
1614 1239 1690 1278 τοῦ

84 1318 113 1353 Ρ
139 1318 204 1354 119
228 1309 428 1353 συνοίσειν
447 1313 532 1357 τοῖς
553 1305 772 1364 ἡμετέροις.
840 1308 908 1348 καὶ
937 1304 1036 1349 ὅσον
1062 1305 1138 1360 μὲν
1167 1306 1223 1356 εἷς
1250 1303 1412 1362 εἰρήνην
1445 1303 1622 1347 ἀνυστὸν
1639 1300 1690 1360 ἦν
1704 1311 1746 1347 15

217 1378 264 1421 τὸ
297 1374 706 1434 πραγματευόμενον,
755 1373 890 1424 ἄλλως
923 1375 968 1417 δὲ
1002 1376 1070 1417 καὶ
1109 1375 1150 1424 ἐς
1188 1374 1378 1430 μέγιστον
1409 1371 1689 1429 ἐλυμήναντο·

163 1456 192 1490 Β
219 1444 292 1505 (5)
326 1453 418 1495 ταῖς
444 1444 522 1501 γὰρ
551 1443 733 1499 συνεχέσι
763 1444 1053 1498 μετακομίσεσι
1081 1447 1165 1486 τῶν
1193 1442 1400 1499 βορέαθεν
1418 1443 1690 1499 μειρακίσκων

216 1519 380 1571 πλῆθος
401 1515 442 1557 ἐν
464 1517 592 1569 καιρῷ
614 1511 772 1554 συστὰν
788 1511 1080 1567 στρατιωτικὸν
1097 1510 1253 1567 ηὔξησέ
1270 1529 1313 1554 τε
1335 1511 1409 1567 τὴν
1430 1515 1513 1554 τῶν
1529 1508 1688 1554 Αἰθιό-

216 1601 306 1627 πων
328 1578 486 1638 ὅρμήν,
533 1581 602 1623 καὶ
635 1577 737 1637 ὑπὲρ
763 1579 816 1623 τὰ
844 1579 1079 1635 ἐσκαμμένα
1105 1576 1291 1634 ἐπήδων,
1338 1578 1395 1629 ὥς
1417 1577 1612 1629 πολλάκις
1629 1584 1688 1639 τῷ

309 1679 342 1714 2.
365 1673 565 1724 ποηφόρον
588 1676 628 1712 Ρ.

219 1774 256 1807 et
275 1770 343 1817 ipsi
365 1769 512 1815 ungulis.
558 1769 668 1816 ipsum
691 1768 818 1816 alioqui
842 1768 965 1804 animal
986 1771 1198 1804 mansuetum
1221 1780 1263 1804 ac
1285 1767 1379 1803 cicur
1395 1792 1406 1810 ‚
1438 1771 1477 1803 ut
1507 1767 1610 1803 etiam
1633 1767 1687 1803 lu-

218 1818 362 1852 dendum
385 1828 422 1851 se
444 1815 557 1862 pueris
587 1818 772 1862 praebeat,
806 1821 842 1850 et
869 1827 950 1851 naso
988 1820 1138 1851 tractum
1158 1827 1226 1850 non
1250 1815 1391 1849 invitum
1415 1818 1579 1861 sequatur
1601 1826 1687 1860 quo-

218 1875 348 1910 cunque
368 1862 516 1897 duxeris.
563 1862 671 1897 herba
699 1861 869 1896 vescitur:
901 1861 962 1896 sed
994 1867 1031 1897 et
1059 1873 1182 1908 panem
1219 1864 1255 1895 et
1285 1861 1448 1895 hordeum
1480 1872 1545 1895 non
1575 1862 1686 1895 minus

216 1921 319 1956 quam
341 1920 422 1943 oves
442 1908 587 1943 libenter
615 1912 742 1953 gustat.
789 1907 919 1942 indoles
941 1908 1135 1943 tractabilis
1158 1919 1222 1941 nec
1243 1907 1418 1940 iracunda.
1465 1906 1494 1940 si
1523 1906 1607 1952 quid
1631 1908 1686 1941 of-

217 1956 337 1991 fendat
360 1955 461 2000 (nam
491 1956 598 1989 ferme
632 1953 858 1989 animantibus
888 1959 1012 1988 natura
1042 1953 1164 2008 quibus
1200 1952 1341 1987 iniurias
1365 1952 1565 1998 propulsent
1588 1963 1685 1988 arma

217 2014 286 2037 non
308 2001 496 2046 negavit),
521 2000 552 2036 si
574 2000 673 2046 quid,
695 2000 854 2046 inquam,
875 1999 1034 2034 infestum
1054 1998 1232 2044 ingruerit,
1258 2010 1322 2032 non
1346 1999 1382 2033 id
1405 1998 1500 2033 calce
1522 2002 1563 2033 ut
1587 1998 1683 2044 equi,

218 2059 286 2083 non
308 2052 348 2082 ut
378 2048 482 2082 boves
519 2058 644 2089 cornu,
682 2058 750 2092 quo
782 2050 899 2088 caret,
932 2057 999 2080 non
1027 2046 1129 2080 dente
1159 2044 1375 2090 sanguinario
1398 2050 1435 2078 et
1455 2045 1622 2085 terribili,
1646 2048 1685 2079 ut

217 2093 315 2140 apri,
338 2104 405 2128 non
427 2093 595 2137 unguibus
618 2097 658 2127 ut
678 2093 786 2135 feles,
807 2092 868 2127 sed
894 2091 996 2135 solis,
1021 2097 1124 2138 puto,
1148 2102 1214 2126 non
1238 2091 1348 2125 acutis
1367 2090 1526 2128 dentibus
1549 2091 1684 2125 ulcisci-

217 2145 275 2175 tur
297 2151 360 2185 per
382 2150 513 2174 morsus
535 2151 602 2174 non
631 2138 804 2181 rabiosos,
844 2139 905 2173 sed
935 2138 1146 2180 moderatos,
1177 2142 1217 2172 ut
1247 2136 1418 2181 intelligas
1451 2137 1541 2172 nolle
1573 2137 1684 2183 ipsum

219 2186 295 2221 aliis
329 2196 474 2226 nocere,
517 2185 602 2220 satis
633 2184 762 2219 habens
801 2185 844 2219 ab
874 2195 950 2219 sese
986 2183 1290 2230 quomodocunque
1320 2182 1519 2228 propulsare
1551 2195 1684 2217 noxam.

220 2244 332 2278 neque
354 2230 407 2265 vis
430 2230 500 2265 ulla
521 2230 643 2265 veneni
665 2230 823 2265 dentibus
846 2231 964 2265 subest
984 2230 1020 2265 in
1042 2229 1224 2275 perniciem
1241 2240 1354 2263 morsu
1379 2229 1621 2274 propaganda,
1646 2233 1686 2264 ut

219 2278 257 2312 in
280 2276 394 2311 multis
424 2276 648 2312 animantibus
684 2277 807 2323 quibus
837 2277 957 2311 dentes
979 2281 1102 2311 natura
1128 2287 1192 2321 pro
1216 2274 1320 2310 armis
1342 2275 1445 2309 dedit,
1492 2276 1562 2310 tale
1585 2286 1682 2320 pere-

219 2323 339 2368 grinae
370 2323 499 2357 formae
523 2322 645 2357 animal
677 2335 719 2358 ex
750 2322 934 2368 Aethiopia
964 2323 1006 2357 ad
1037 2322 1274 2368 imperatorem
1296 2321 1431 2355 missum
1453 2321 1684 2366 spectaculum

218 2369 279 2449 giu
307 2368 538 2414 quotidianum
569 2374 606 2404 et
641 2368 820 2404 iucundum
848 2367 1047 2414 Byzantinis
1079 2368 1259 2415 praebuit,
1289 2378 1352 2413 per
1382 2367 1461 2401 fora
1491 2370 1528 2402 et
1553 2367 1685 2413 plateas

243 2418 369 2449 uctum.
735 2422 737 2426 ’

312 2461 412 2502 Quae
433 2459 618 2506 imperator
641 2461 836 2496 ostentabat
858 2472 899 2496 eo
923 2460 1080 2502 consilio,
1111 2463 1151 2495 ut
1179 2459 1323 2506 populus
1351 2458 1543 2494 delectatus
1567 2459 1683 2494 fructu

217 2507 283 2542 isto
306 2505 479 2551 longinqui
502 2506 693 2541 commercii
714 2519 831 2553 pacem
855 2511 890 2542 et
913 2507 1110 2542 societatem
1132 2506 1247 2540 initam
1271 2516 1347 2540 cum
1369 2505 1535 2550 Aethiope
1558 2510 1597 2539 ut
1619 2506 1683 2539 n'o-

219 2553 302 2587 stris
324 2553 427 2587 rebus
449 2551 566 2586 utilem
588 2553 763 2598 probaret.
809 2557 846 2587 et
869 2557 944 2588 erat
964 2553 1000 2587 in
1023 2564 1065 2587 ea
1088 2554 1179 2587 forte
1201 2551 1408 2586 conducibile
1430 2550 1626 2597 quidpiam,
1649 2550 1682 2585 si

219 2598 296 2645 quis
320 2598 355 2633 in
377 2598 568 2644 praesentis
592 2609 654 2632 usu
678 2599 932 2644 tranquillitatis
957 2598 1210 2645 acquiesceret:
1235 2598 1295 2633 sed
1319 2597 1378 2644 qui
1401 2596 1500 2641 longe
1525 2597 1681 2632 consule-

218 2649 274 2679 ret
294 2644 328 2679 in
351 2648 534 2690 posterum,
558 2655 712 2689 magnam
735 2656 884 2679 summae
905 2656 1019 2680 rerum
1042 2648 1078 2679 et
1099 2644 1225 2679 nomini
1248 2642 1443 2678 Christiano
1469 2643 1584 2688 parari
1599 2653 1682 2688 per·

219 2690 340 2725 niciem
373 2690 442 2724 ista
470 2689 507 2724 in
539 2690 705 2724 barbaros
735 2690 945 2734 indulgentia
977 2691 1132 2726 sentiret.
1182 2690 1239 2735 (5)
1265 2688 1475 2734 experientia
1499 2694 1594 2723 certe
1617 2689 1680 2723 do-

220 2736 294 2771 cuit
317 2739 433 2770 auctos
456 2740 492 2770 et
515 2736 752 2770 corroboratos
775 2737 960 2783 Aethiopas
982 2737 1048 2771 isto
1072 2737 1180 2771 libere
1203 2746 1364 2770 concesso
1385 2738 1572 2769 commeatu
1589 2746 1680 2789 pue-

219 2793 334 2817 rorum
358 2792 378 2816 e
400 2782 593 2816 borealibus
615 2782 799 2825 tractibus,
823 2782 883 2828 qui
906 2782 1029 2817 deinde
1051 2783 1085 2816 in
1111 2782 1206 2816 coelo
1230 2780 1357 2816 mitiori
1379 2780 1544 2815 affluente
1566 2785 1680 2816 victus

219 2828 316 2876 copia
340 2827 376 2862 in
399 2839 497 2862 acres
518 2828 699 2863 bellatores
723 2828 978 2870 adolescerent,
1013 2827 1244 2863 formidabiles
1280 2827 1429 2862 evasisse
1442 2851 1453 2870 ‚
1477 2826 1608 2861 conscri
1633 2827 1679 2861 tis

177 2914 179 2916 ,
217 2873 425 2910 exercitibus
446 2873 604 2920 invictis3
628 2885 692 2910 nec
711 2873 778 2909 iam
800 2874 922 2910 virium
950 2874 1104 2910 conscios
1137 2884 1274 2910 suarum
1297 2884 1374 2908 sese
1394 2872 1487 2909 intra
1508 2883 1612 2908 cauce
1627 2873 1678 2908 los
