1884 3262
252 203 349 249 500
663 193 899 240 GEORGII
929 191 1279 236 PACHYMERIS

253 314 430 369 εὐπρεπῆ
457 312 532 353 τοῦ
562 307 633 351 τὸν
655 306 1062 363 πορφυρογέννητον,
1104 301 1368 358 ἀποβαλόντα
1386 301 1454 347 διὰ
1482 301 1530 346 τὸ
1548 301 1702 351 πένθος
1753 367 1755 369 q

198 392 230 427 D
254 384 305 426 τὰ
323 375 481 437 ἐρυθρά
493 410 506 430 ,
533 377 591 431 μὴ
611 383 752 433 φορεῖν
782 375 925 418 ἄλλοτε
951 371 1283 429 παρασκευάσαι,
1321 371 1556 427 εὐτρεπίσας
1576 368 1702 413 ἀλλό-

248 467 354 505 χροα
374 447 426 490 τὰ
449 445 524 488 σῦν
545 449 672 503 λευκῷ
694 447 887 499 πορφυρᾶ
904 446 1044 501 χρυσῷ
1061 438 1268 493 ποικιλτά,
1305 442 1372 482 καὶ
1390 439 1457 482 διὰ
1476 436 1700 494 μαργοῖρων

112 531 139 565 Ρ
162 529 227 564 341
251 518 298 560 τὸ
315 514 525 570 βασιλικὸν
546 519 711 568 σημεῖον
731 511 826 562 τούς
854 511 996 561 ἀετοὺς
1027 510 1230 566 περιθείς,
1269 510 1335 551 καὶ
1353 508 1520 562 πέμψας
1539 507 1582 549 ἐκ
1602 503 1700 570 voti-

249 602 331 628 των
349 579 490 626 πέδιλά
508 598 551 623 τε
568 582 635 623 καὶ
647 578 810 636 χαλινά,
847 580 985 636 σφίσιν
1005 577 1061 629 ὦς
1079 575 1337 634 παρασήμοις
1356 576 1427 618 τὸν
1443 575 1532 618 υἱὸν
1551 574 1699 631 προσέ-
1711 584 1734 619 5

252 669 393 696 ταττεν
425 646 715 704 ἒμπομπείειν,
760 646 874 706 μόνῳ
902 652 983 690 τῶν
1017 649 1207 704 ἓρυθρῶν
1235 642 1434 688 ἐκστάντα
1452 646 1510 701 τῷ
1528 647 1702 697 βασιλεῖ’.

252 720 383 777 σοφὸν
411 720 455 761 δὲ
483 717 566 773 ἄρα
592 719 659 759 καὶ
687 716 733 759 τὸ
763 720 836 758 τοῦ
866 719 1008 771 καιροῦ
1040 711 1112 770 ἦν,
1153 712 1207 764 ὥς
1227 714 1283 768 μὴ
1307 710 1424 763 δόξαι
1444 710 1496 754 τὰ
1522 711 1702 766 ἐπίσημα

252 785 537 844 μεταλλάττειν
558 787 625 827 καὶ
652 783 728 839 ἅμ’
758 782 1021 838 ἀποβαλόντα
1053 783 1106 826 τὰ
1129 782 1289 838 ἐρυθρὰ
1305 776 1632 835 μεταλαμβάνειν
1649 777 1703 822 τὰ

252 853 462 907 ποικιλτά,
499 853 605 896 ἀλλὰ
628 850 776 909 χρόνου
811 852 974 910 ῥυέντος
1005 851 1073 894 διὰ
1093 852 1139 895 τὸ
1162 851 1315 898 πένθος
1331 851 1395 891 ἐπὶ
1415 845 1557 902 μόνοις
1573 847 1699 900 μέλα-

252 942 316 967 σιν
336 923 505 977 ἀνεκτὴν
522 922 596 977 τὴν
614 921 844 976 μεταβολὴν
867 918 1089 975 δεδόχθαι,
1128 918 1183 970 ὦς
1208 920 1250 969 ἐξ
1273 918 1401 975 ἀρχῆς
1421 915 1702 971 κοσμηθέντος
1713 921 1757 956 10

199 1002 230 1037 Β
254 997 328 1036 τοῦ
360 990 611 1047 φορέσαντος
640 996 726 1038 τοῖς
740 989 843 1042 μετὰ
871 988 1043 1042 βασιλέα
1061 992 1286 1045 λαμπροῖς,
1324 984 1458 1035 uis-3212
1479 984 1617 1041 ῥητοῖς
1636 982 1703 1038 γε’-

253 1077 349 1115 ρασι
365 1059 572 1113 βασιλείας
595 1057 847 1111 τούπίσημον
876 1057 1049 1111 ξ’χοντος.
1120 1058 1186 1098 καὶ
1209 1055 1261 1110 δὴ
1282 1054 1420 1110 ἤπειγέ
1438 1070 1480 1095 τε
1496 1052 1567 1095 τὸν
1584 1050 1703 1108 ἀρχι-

253 1127 440 1172 διοὶκονον
458 1125 674 1182 ὅλκρατῶν,
698 1127 765 1167 καὶ
786 1123 977 1180 παραυτά
994 1124 1121 1180 μηδὲν
1131 1121 1335 1178 μελλήσας
1354 1122 1614 1171 ἀπέστελλεν,
1634 1118 1697 1176 ἐφ’

253 1191 286 1255 ᾧ
304 1195 362 1251 μὴ
384 1196 496 1251 γνοίη
517 1193 538 1236 ὃ
559 1191 763 1249 βασιλεύς.
832 1192 928 1235 ἀλλ’
960 1194 1106 1242 ἐκεῖνος
1123 1193 1197 1246 μὲν
1223 1193 1290 1234 καὶ
1317 1191 1388 1233 τόν
1411 1189 1590 1231 δοθέντα
1609 1205 1701 1230 και-

253 1264 325 1321 ρὸν
345 1262 552 1316 συντεμὼν
570 1261 741 1316 ἤλαυνεν
759 1260 829 1318 ἐφ’
853 1258 971 1318 ἑῴας,
1005 1261 1197 1314 βασιλεὺς
1214 1261 1258 1302 δὲ
1275 1255 1470 1316 πειράσας
1487 1259 1699 1299 διαλαθεῖν
1711 1262 1755 1300 15

252 1331 363 1386 ὅμως
394 1331 441 1373 τὸ
469 1330 573 1372 κατὰ
602 1329 758 1383 βουλὴν
786 1328 860 1371 οὐκ
891 1328 1036 1383 ἤνυεν,
1082 1327 1178 1371 ἀλλ’
1213 1325 1451 1384 εὐφώρατον
1487 1326 1621 1381 γέγονε
1650 1325 1698 1369 τὸ

251 1397 484 1455 ἀπόρρητον
506 1430 519 1451 ,
576 1399 643 1439 καὶ
678 1397 752 1451 τὴν
795 1396 1014 1453 συμφορὰν
1048 1394 1069 1438 ὁ
1111 1396 1262 1439 παθών
1294 1393 1349 1445 ὥς
1383 1393 1459 1449 εἶχε
1504 1393 1696 1450 διέφερεν.

199 1468 230 1502 0
254 1466 274 1510 ὃ
295 1468 432 1521 μέντοι
450 1482 492 1522 γε
515 1466 716 1522 πεμφθεὶς
741 1465 905 1514 ἐπιστὰς
921 1464 1053 1522 βαρὺς
1072 1463 1227 1518 ἔδοξεν,
1266 1462 1408 1521 ἄδωρα
1427 1465 1542 1518 δῶρα
1565 1462 1700 1519 φέρων

248 1539 307 1595 τῷ
337 1535 413 1593 υἱῷ
445 1533 557 1590 παρὰ
586 1532 797 1587 βασιλέως.
868 1533 1000 1590 ὀλίγον
1026 1533 1072 1576 δὲ
1098 1532 1304 1591 προλιπών
1322 1531 1419 1575 ὅσον
1441 1528 1700 1575 ἐπισκευάσαι

338 1676 371 1710 6.
394 1675 445 1721 τῷ
468 1673 617 1722 ἐρυθρῷ
639 1674 679 1708 P.

247 1798 368 1833 denter
389 1797 532 1842 arripuit
552 1797 728 1842 redigendi
749 1797 792 1832 ad
818 1797 1069 1832 convenientem
1099 1796 1259 1843 deinceps
1285 1799 1437 1832 ornatum
1461 1797 1701 1844 Porphyroge-

247 1845 310 1884 niti
333 1843 545 1877 Constantini
569 1843 705 1878 minoris
730 1844 782 1877 sui
803 1843 884 1884 filii;
909 1844 962 1877 cui
985 1843 1072 1886 quod
1095 1844 1257 1882 hactenus
1278 1843 1490 1886 indulserat,
1522 1847 1561 1877 ut
1583 1843 1698 1877 rubris

246 1889 401 1924 vestibus
432 1888 600 1934 etiamque
633 1889 756 1922 calceis
789 1889 940 1922 similiter
979 1894 1083 1933 atque
1126 1889 1201 1934 ipse
1243 1893 1420 1930 uteretur,
1461 1888 1697 1934 tempestivum

247 1935 388 1980 amplius
412 1945 477 1968 non
499 1938 599 1975 erat,
617 1934 729 1968 adulto
757 1939 792 1968 et
814 1934 856 1969 ad
880 1934 1129 1978 imperatoriam
1152 1938 1270 1968 evecto
1303 1934 1499 1978 dignitatem
1524 1935 1697 1980 primoge-

247 1981 318 2018 nito
342 1980 415 2014 eius
439 1979 645 2014 Andronicm
670 1985 827 2025 poterant
849 1980 936 2013 enirn
958 1980 1197 2014 aemulationes
1224 1983 1260 2013 et
1289 1979 1486 2014 ambitiosae
1515 1991 1593 2025 spes
1614 1980 1696 2014 inde

246 2030 350 2060 natae
370 2026 495 2059 fratres
518 2029 741 2068 committere,
770 2037 844 2059 cum
876 2025 1130 2070 perturbatione
1161 2025 1317 2070 publicae
1348 2025 1613 2071 tranquillitatis.
1656 2029 1696 2060 ut

246 2071 353 2116 igitur
369 2095 380 2112 ‚
409 2071 498 2116 quod
529 2071 719 2105 necessario
749 2071 936 2105 faciendum
966 2076 1060 2113 erat,
1090 2082 1191 2117 quam
1221 2071 1354 2104 minime
1387 2073 1527 2105 moleste
1558 2073 1694 2115 captato

248 2122 329 2161 apte
353 2121 540 2161 opportuno
564 2117 714 2163 tempore
736 2117 833 2150 fieret
847 2142 855 2152 .
879 2117 965 2150 hunc
987 2128 1099 2150 rerum
1121 2117 1298 2150 articulum
1321 2117 1696 2151 accommodatissimum

248 2162 292 2196 ad
315 2161 352 2196 id
373 2164 487 2204 ratus,
513 2172 579 2207 quo
610 2162 683 2207 ipse
715 2163 802 2196 ultro
835 2162 1076 2196 Constantinus
1096 2165 1235 2207 propter
1263 2162 1388 2196 luctum
1411 2164 1584 2207 Augustae
1605 2173 1697 2197 mor-

249 2210 330 2240 tuae
350 2207 456 2241 rubra
479 2207 702 2252 deposuisset,
723 2207 822 2242 iussit
841 2208 1024 2253 imperator
1044 2208 1273 2242 Melitenioten
1293 2208 1343 2241 ini
1365 2220 1386 2242 a
1408 2220 1447 2242 se
1464 2208 1589 2243 offerre
1610 2219 1698 2254 qua-

249 2252 299 2285 les
323 2257 457 2295 gestare
478 2252 569 2286 illum
592 2252 750 2298 deinceps
782 2258 955 2298 oporteret
984 2258 1118 2295 vestes,
1151 2253 1373 2287 versicolores
1402 2255 1479 2288 albo
1514 2253 1638 2289 mixtas
1660 2257 1700 2289 et

249 2307 422 2341 purpura,
447 2298 579 2331 intextu
602 2298 677 2332 auri
697 2298 910 2344 variegatas,
934 2299 1160 2345 superadditis
1177 2311 1238 2344 pro
1254 2299 1423 2334 Caesareo
1447 2299 1572 2344 insigni
1594 2299 1697 2345 aqui-

251 2342 294 2375 lis
319 2353 421 2386 opere
443 2343 659 2387 phrygionico
686 2344 840 2380 formatis
870 2346 1153 2379 contesseratione
1182 2345 1451 2389 margaritarum.
1497 2345 1570 2379 eius
1591 2357 1698 2389 gene-

253 2386 304 2421 ris
327 2390 363 2420 et
384 2388 512 2422 formae
533 2395 604 2423 tum
625 2389 830 2425 indumentis
850 2401 982 2425 crurum
1005 2391 1194 2437 pedumque
1218 2394 1287 2424 tum
1304 2391 1474 2437 ephippiis
1496 2402 1538 2425 ac
1558 2391 1697 2432 fraenis,

253 2432 441 2466 declaravit
463 2432 647 2478 imperator
677 2447 739 2481 per
759 2435 1015 2478 Melitenioten‚
1046 2438 1133 2471 velle
1163 2447 1240 2471 sese
1260 2439 1364 2482 atque
1393 2448 1535 2482 aequum
1556 2447 1696 2471 censere

252 2477 289 2511 in
310 2480 480 2522 posterum
502 2478 553 2512 uti
573 2479 849 2523 Constantinum,
882 2482 985 2516 solius
1015 2482 1194 2517 unicoloris
1216 2485 1252 2516 et
1269 2482 1501 2527 impermixtae
1521 2492 1694 2527 purpurae

252 2533 317 2557 usu
339 2522 574 2557 concedentem
593 2526 692 2558 fratri
713 2527 832 2561 maiori
849 2526 914 2562 iam
935 2529 1099 2572 Augusto.
1143 2532 1281 2563 strenue
1302 2528 1434 2562 curavit
1452 2527 1612 2573 quidquid
1633 2527 1693 2561 de-

253 2568 447 2602 mandatum
467 2569 579 2603 fuerat
598 2570 868 2614 archidiaconus,
892 2576 928 2607 et
949 2573 1122 2608 celerrime
1146 2575 1231 2608 clam
1253 2574 1443 2608 Andronico
1459 2575 1638 2619 pervectus
1658 2572 1695 2607 in

255 2613 431 2666 Orientem
461 2616 541 2648 ante
570 2616 679 2650 omnia
713 2616 932 2652 Constantino
962 2619 1253 2665 Porphyrogenito
1278 2622 1316 2654 et
1344 2619 1503 2654 mandata
1534 2619 1572 2652 et
1591 2616 1693 2661 dona,

254 2670 373 2737 Earum
394 2659 476 2693 hcet
497 2662 619 2703 grata,
644 2662 794 2706 parentis
816 2665 961 2707 Augusti
992 2665 1151 2700 reddidit.
1194 2668 1364 2700 caeterum
1387 2663 1474 2698 baud
1496 2663 1547 2697 sic
1568 2673 1693 2710 arcano

278 2706 372 2739 aben
394 2715 484 2739 mors
503 2707 677 2750 Augustae
697 2707 754 2741 diu
778 2708 908 2752 potuit,
939 2712 978 2744 ut
1000 2718 1164 2745 amantem
1195 2711 1331 2745 falleret
1350 2710 1457 2745 virum
1478 2707 1552 2743 eius
1573 2709 1692 2753 Augu-

252 2755 341 2802 stum
361 2750 544 2793 iuniorem3
574 2750 632 2796 qui
661 2751 728 2786 cito
754 2753 922 2798 cognitum
942 2756 1006 2790 sibi
1027 2756 1306 2792 luctuosissimum
1325 2766 1439 2791 casum
1458 2754 1538 2789 tulit
1565 2757 1605 2788 ut
1628 2766 1694 2800 po-

249 2798 328 2830 tmt.
373 2806 496 2842 corpus
518 2807 621 2842 porro
641 2797 793 2834 dominae
813 2803 966 2836 mortuae
987 2801 1084 2837 simul
1107 2802 1325 2848 compositum
1344 2805 1381 2837 et
1402 2803 1554 2836 curatum
1575 2811 1619 2835 ex
1634 2811 1692 2835 re-
