<?xml version="1.0" encoding="UTF-8"?>
<!DOCTYPE html PUBLIC "-//W3C//DTD XHTML 1.0 Transitional//EN"
    "http://www.w3.org/TR/xhtml1/DTD/xhtml1-transitional.dtd">
<html xmlns="http://www.w3.org/1999/xhtml" xml:lang="en" lang="en">
 <head>
  <title>
</title>
<meta http-equiv="Content-Type" content="text/html;charset=utf-8" />
  <meta name='ocr-system' content='tesseract 3.04.00' />
  <meta name='ocr-capabilities' content='ocr_page ocr_carea ocr_par ocr_line ocrx_word'/>
</head>
<body>
  <div class='ocr_page' id='page_1' title='image "./corpusscriptorum17niebuoft_0208.png"; bbox 0 0 1846 3262; ppageno 0'>
   <div class='ocr_carea' id='block_1_1' title="bbox 213 218 1261 267">
    <p class='ocr_par' dir='ltr' id='par_1_1' title="bbox 213 218 1261 267">
     <span class='ocr_line' id='line_1_1' title="bbox 213 218 1261 267; baseline -0.003 0"><span class='ocrx_word' id='word_1_1' title='bbox 213 219 310 267; x_wconf 87' lang='lat'>190</span> <span class='ocrx_word' id='word_1_2' title='bbox 626 218 863 263; x_wconf 87' lang='lat' dir='ltr'>GEORGII</span> <span class='ocrx_word' id='word_1_3' title='bbox 909 219 1261 264; x_wconf 85' lang='lat' dir='ltr'>PACHYMERIS</span> 
     </span>
    </p>
   </div>
   <div class='ocr_carea' id='block_1_2' title="bbox 68 329 1740 1765">
    <p class='ocr_par' dir='ltr' id='par_1_2' title="bbox 68 329 1740 1765">
     <span class='ocr_line' id='line_1_2' title="bbox 208 329 1684 389; baseline 0 -11"><span class='ocrx_word' id='word_1_4' title='bbox 208 329 323 378; x_wconf 69' lang='grc' dir='ltr'><strong><em>οὗτοι</em></strong></span> <span class='ocrx_word' id='word_1_5' title='bbox 341 332 414 376; x_wconf 85' lang='grc' dir='ltr'><strong><em>τὸν</em></strong></span> <span class='ocrx_word' id='word_1_6' title='bbox 434 331 633 386; x_wconf 73' lang='grc' dir='ltr'><strong><em>βασιλέα,</em></strong></span> <span class='ocrx_word' id='word_1_7' title='bbox 671 337 855 387; x_wconf 74' lang='grc' dir='ltr'><strong><em>βασιλεῖς</em></strong></span> <span class='ocrx_word' id='word_1_8' title='bbox 874 332 934 389; x_wconf 83' lang='grc' dir='ltr'>μὴ</span> <span class='ocrx_word' id='word_1_9' title='bbox 960 332 1074 383; x_wconf 65' lang='grc' dir='ltr'><strong><em>ὄντες</em></strong></span> <span class='ocrx_word' id='word_1_10' title='bbox 1095 332 1200 389; x_wconf 82' lang='grc' dir='ltr'><strong><em>μηδ’</em></strong></span> <span class='ocrx_word' id='word_1_11' title='bbox 1227 331 1431 378; x_wconf 75' lang='grc' dir='ltr'><strong><em>ὁπωσοῦν.</em></strong></span> <span class='ocrx_word' id='word_1_12' title='bbox 1502 338 1684 379; x_wconf 78' lang='grc' dir='ltr'><strong><em>τοιοῦτοι</em></strong></span> 
     </span>
     <span class='ocr_line' id='line_1_3' title="bbox 209 400 1680 461; baseline 0 -15"><span class='ocrx_word' id='word_1_13' title='bbox 209 404 251 446; x_wconf 82' lang='grc' dir='ltr'>δ’</span> <span class='ocrx_word' id='word_1_14' title='bbox 276 402 387 451; x_wconf 71' lang='grc' dir='ltr'><strong><em>ὄντες</em></strong></span> <span class='ocrx_word' id='word_1_15' title='bbox 407 402 450 443; x_wconf 88' lang='grc' dir='ltr'><strong><em>τί</em></strong></span> <span class='ocrx_word' id='word_1_16' title='bbox 466 400 624 451; x_wconf 81' lang='grc' dir='ltr'><strong><em>ἀξιοῦσι</em></strong></span> <span class='ocrx_word' id='word_1_17' title='bbox 643 405 863 456; x_wconf 83' lang='grc' dir='ltr'><strong><em>τιμᾶσθαι,</em></strong></span> <span class='ocrx_word' id='word_1_18' title='bbox 900 402 958 458; x_wconf 86' lang='grc' dir='ltr'>μὴ</span> <span class='ocrx_word' id='word_1_19' title='bbox 977 401 1188 457; x_wconf 77' lang='grc' dir='ltr'><strong><em>ἀληθινῶς</em></strong></span> <span class='ocrx_word' id='word_1_20' title='bbox 1206 401 1514 458; x_wconf 79' lang='grc' dir='ltr'><strong><em>βασιλεύοντες,·</em></strong></span> <span class='ocrx_word' id='word_1_21' title='bbox 1551 401 1577 459; x_wconf 82' lang='grc' dir='ltr'><em>ἦ</em></span> <span class='ocrx_word' id='word_1_22' title='bbox 1601 403 1680 461; x_wconf 79' lang='grc' dir='ltr'>γὰρ</span> 
     </span>
     <span class='ocr_line' id='line_1_4' title="bbox 209 468 1680 527; baseline 0 -12"><span class='ocrx_word' id='word_1_23' title='bbox 209 471 307 526; x_wconf 87' lang='grc' dir='ltr'><strong><em>τιμὴ</em></strong></span> <span class='ocrx_word' id='word_1_24' title='bbox 334 474 500 524; x_wconf 79' lang='grc' dir='ltr'><strong><em>βασιλεῖ’</em></strong></span> <span class='ocrx_word' id='word_1_25' title='bbox 526 470 650 524; x_wconf 82' lang='grc' dir='ltr'><strong><em>μετὸν</em></strong></span> <span class='ocrx_word' id='word_1_26' title='bbox 680 472 746 513; x_wconf 76' lang='grc' dir='ltr'>καὶ</span> <span class='ocrx_word' id='word_1_27' title='bbox 777 470 825 514; x_wconf 84' lang='grc' dir='ltr'>οὗ</span> <span class='ocrx_word' id='word_1_28' title='bbox 846 475 1043 526; x_wconf 85' lang='grc' dir='ltr'><strong><em>σκηνικῶς</em></strong></span> <span class='ocrx_word' id='word_1_29' title='bbox 1073 468 1344 524; x_wconf 80' lang='grc' dir='ltr'><strong><em>βασιλεύοντι.</em></strong></span> <span class='ocrx_word' id='word_1_30' title='bbox 1415 471 1547 515; x_wconf 81' lang='grc' dir='ltr'><strong><em>ταῦθ’</em></strong></span> <span class='ocrx_word' id='word_1_31' title='bbox 1571 470 1680 527; x_wconf 80' lang='grc' dir='ltr'><strong><em>ὁρῶν</em></strong></span> 
     </span>
     <span class='ocr_line' id='line_1_5' title="bbox 210 531 1679 597; baseline 0.001 -15"><span class='ocrx_word' id='word_1_32' title='bbox 210 542 381 592; x_wconf 78' lang='grc' dir='ltr'><strong><em>ἐκεῖνος,</em></strong></span> <span class='ocrx_word' id='word_1_33' title='bbox 429 540 497 580; x_wconf 82' lang='grc' dir='ltr'>καὶ</span> <span class='ocrx_word' id='word_1_34' title='bbox 528 542 686 592; x_wconf 82' lang='grc' dir='ltr'><strong><em>μᾶλλον</em></strong></span> <span class='ocrx_word' id='word_1_35' title='bbox 716 541 759 590; x_wconf 77' lang='grc' dir='ltr'>ἐξ</span> <span class='ocrx_word' id='word_1_36' title='bbox 794 537 977 595; x_wconf 72' lang='grc' dir='ltr'><strong><em>ὑπογύου</em></strong></span> <span class='ocrx_word' id='word_1_37' title='bbox 1007 531 1170 594; x_wconf 71' lang='grc' dir='ltr'><strong><em>βλέπων</em></strong></span> <span class='ocrx_word' id='word_1_38' title='bbox 1193 540 1291 589; x_wconf 73' lang='grc' dir='ltr'><strong><em>τοὺς</em></strong></span> <span class='ocrx_word' id='word_1_39' title='bbox 1318 540 1431 597; x_wconf 78' lang='grc' dir='ltr'><strong><em>παρὰ</em></strong></span> <span class='ocrx_word' id='word_1_40' title='bbox 1450 544 1533 583; x_wconf 84' lang='grc' dir='ltr'><strong><em>τῶν</em></strong></span> <span class='ocrx_word' id='word_1_41' title='bbox 1553 540 1679 584; x_wconf 85' lang='grc' dir='ltr'><strong><em>ἀπελ-</em></strong></span> 
     </span>
     <span class='ocr_line' id='line_1_6' title="bbox 208 605 1714 665; baseline 0 -14"><span class='ocrx_word' id='word_1_42' title='bbox 208 605 373 651; x_wconf 88' lang='grc' dir='ltr'><strong><em>θόντων</em></strong></span> <span class='ocrx_word' id='word_1_43' title='bbox 391 607 595 662; x_wconf 77' lang='grc' dir='ltr'><strong><em>βασιλέων</em></strong></span> <span class='ocrx_word' id='word_1_44' title='bbox 618 607 997 664; x_wconf 75' lang='grc' dir='ltr'><strong><em>εὖεργετουμένους,</em></strong></span> <span class='ocrx_word' id='word_1_45' title='bbox 1031 607 1215 659; x_wconf 78' lang='grc' dir='ltr'><strong><em>συνειδὸς</em></strong></span> <span class='ocrx_word' id='word_1_46' title='bbox 1244 608 1346 663; x_wconf 64' lang='grc' dir='ltr'><strong><em>ἔχων</em></strong></span> <span class='ocrx_word' id='word_1_47' title='bbox 1369 608 1554 665; x_wconf 74' lang='grc' dir='ltr'><strong><em>ἠλέγχετο</em></strong></span> <span class='ocrx_word' id='word_1_48' title='bbox 1568 641 1582 662; x_wconf 83' lang='grc'>,</span> <span class='ocrx_word' id='word_1_49' title='bbox 1612 610 1714 652; x_wconf 73' lang='grc' dir='ltr'>καὶὸ</span> 
     </span>
     <span class='ocr_line' id='line_1_7' title="bbox 160 675 1682 734; baseline 0.001 -16"><span class='ocrx_word' id='word_1_50' title='bbox 160 684 191 718; x_wconf 85' lang='lat' dir='ltr'>C</span> <span class='ocrx_word' id='word_1_51' title='bbox 216 676 414 734; x_wconf 74' lang='grc' dir='ltr'><em>εὐηργέτει</em></span> <span class='ocrx_word' id='word_1_52' title='bbox 442 676 540 729; x_wconf 82' lang='grc' dir='ltr'><strong><em>με’ν,</em></strong></span> <span class='ocrx_word' id='word_1_53' title='bbox 581 676 687 732; x_wconf 84' lang='grc' dir='ltr'><strong><em>πλὴν</em></strong></span> <span class='ocrx_word' id='word_1_54' title='bbox 714 676 791 733; x_wconf 77' lang='grc' dir='ltr'>οὐχ</span> <span class='ocrx_word' id='word_1_55' title='bbox 816 677 914 721; x_wconf 76' lang='grc' dir='ltr'><strong><em>ὅσον</em></strong></span> <span class='ocrx_word' id='word_1_56' title='bbox 946 678 1108 730; x_wconf 77' lang='grc' dir='ltr'><strong><em>ἔκεΐνοι,</em></strong></span> <span class='ocrx_word' id='word_1_57' title='bbox 1150 677 1197 720; x_wconf 83' lang='grc' dir='ltr'>τὸ</span> <span class='ocrx_word' id='word_1_58' title='bbox 1226 678 1300 731; x_wconf 75' lang='grc' dir='ltr'><strong><em>μὲν</em></strong></span> <span class='ocrx_word' id='word_1_59' title='bbox 1318 677 1387 719; x_wconf 80' lang='grc' dir='ltr'><strong><em>διὰ</em></strong></span> <span class='ocrx_word' id='word_1_60' title='bbox 1408 677 1483 732; x_wconf 85' lang='grc' dir='ltr'><strong><em>τὴν</em></strong></span> <span class='ocrx_word' id='word_1_61' title='bbox 1504 675 1682 734; x_wconf 81' lang='grc' dir='ltr'><strong><em>ἀνάγκην</em></strong></span> 
     </span>
     <span class='ocr_line' id='line_1_8' title="bbox 211 743 1683 803; baseline -0.001 -14"><span class='ocrx_word' id='word_1_62' title='bbox 211 747 279 789; x_wconf 83' lang='grc' dir='ltr'>καὶ</span> <span class='ocrx_word' id='word_1_63' title='bbox 305 744 403 795; x_wconf 75' lang='grc' dir='ltr'>τούς</span> <span class='ocrx_word' id='word_1_64' title='bbox 434 745 620 800; x_wconf 75' lang='grc' dir='ltr'><strong><em>ἐλέγχους</em></strong></span> <span class='ocrx_word' id='word_1_65' title='bbox 651 745 793 796; x_wconf 77' lang='grc' dir='ltr'><strong><em>δεδιώς</em></strong></span> <span class='ocrx_word' id='word_1_66' title='bbox 819 744 875 797; x_wconf 80' lang='grc' dir='ltr'>ὥς</span> <span class='ocrx_word' id='word_1_67' title='bbox 900 745 997 789; x_wconf 80' lang='grc' dir='ltr'><strong><em>κατ’</em></strong></span> <span class='ocrx_word' id='word_1_68' title='bbox 1023 745 1273 802; x_wconf 76' lang='grc' dir='ltr'><strong><em>ὀφθαλμοὺς</em></strong></span> <span class='ocrx_word' id='word_1_69' title='bbox 1292 745 1438 798; x_wconf 80' lang='grc' dir='ltr'><strong><em>ι’ίντας,</em></strong></span> <span class='ocrx_word' id='word_1_70' title='bbox 1466 745 1514 789; x_wconf 82' lang='grc' dir='ltr'>τὸ</span> <span class='ocrx_word' id='word_1_71' title='bbox 1536 747 1582 789; x_wconf 74' lang='grc' dir='ltr'>δέ</span> <span class='ocrx_word' id='word_1_72' title='bbox 1599 743 1683 803; x_wconf 74' lang='grc' dir='ltr'>φύ-</span> 
     </span>
     <span class='ocr_line' id='line_1_9' title="bbox 211 811 1683 871; baseline 0 -14"><span class='ocrx_word' id='word_1_73' title='bbox 211 831 272 857; x_wconf 91' lang='grc' dir='ltr'>σει</span> <span class='ocrx_word' id='word_1_74' title='bbox 290 812 524 870; x_wconf 83' lang='grc' dir='ltr'><strong><em>χρώμενος,</em></strong></span> <span class='ocrx_word' id='word_1_75' title='bbox 561 814 660 864; x_wconf 72' lang='grc' dir='ltr'><strong><em>ἴσως</em></strong></span> <span class='ocrx_word' id='word_1_76' title='bbox 678 815 737 871; x_wconf 87' lang='grc' dir='ltr'>μὴ</span> <span class='ocrx_word' id='word_1_77' title='bbox 760 815 1053 871; x_wconf 68' lang='grc' dir='ltr'><strong><em>παρακατέχειν</em></strong></span> <span class='ocrx_word' id='word_1_78' title='bbox 1076 813 1318 870; x_wconf 74' lang='grc' dir='ltr'><strong><em>αἱρούμενος</em></strong></span> <span class='ocrx_word' id='word_1_79' title='bbox 1341 814 1444 871; x_wconf 88' lang='grc' dir='ltr'><strong><em>ζωὴν</em></strong></span> <span class='ocrx_word' id='word_1_80' title='bbox 1471 811 1683 857; x_wconf 79' lang='grc' dir='ltr'><strong><em>ταλαιπώ-</em></strong></span> 
     </span>
     <span class='ocr_line' id='line_1_10' title="bbox 213 880 1682 941; baseline 0 -15"><span class='ocrx_word' id='word_1_81' title='bbox 213 901 297 941; x_wconf 88' lang='grc' dir='ltr'><strong><em>ρων</em></strong></span> <span class='ocrx_word' id='word_1_82' title='bbox 322 880 585 940; x_wconf 74' lang='grc' dir='ltr'><strong><em>ἀνθρώπιον,</em></strong></span> <span class='ocrx_word' id='word_1_83' title='bbox 613 888 695 926; x_wconf 83' lang='grc' dir='ltr'><strong><em>τῶν</em></strong></span> <span class='ocrx_word' id='word_1_84' title='bbox 716 882 923 940; x_wconf 82' lang='grc' dir='ltr'><strong><em>προύργου</em></strong></span> <span class='ocrx_word' id='word_1_85' title='bbox 945 883 1100 933; x_wconf 86' lang='grc' dir='ltr'><strong><em>παντὸς</em></strong></span> <span class='ocrx_word' id='word_1_86' title='bbox 1121 883 1343 938; x_wconf 78' lang='grc' dir='ltr'><strong><em>ἀναγκαίου</em></strong></span> <span class='ocrx_word' id='word_1_87' title='bbox 1374 885 1549 940; x_wconf 78' lang='grc' dir='ltr'><strong><em>πορίζειν</em></strong></span> <span class='ocrx_word' id='word_1_88' title='bbox 1567 882 1682 938; x_wconf 69' lang='grc' dir='ltr'><strong><em>ἕχον-</em></strong></span> 
     </span>
     <span class='ocr_line' id='line_1_11' title="bbox 212 950 1739 1010; baseline -0.002 -15"><span class='ocrx_word' id='word_1_89' title='bbox 212 969 285 1002; x_wconf 87' lang='grc' dir='ltr'>τος</span> <span class='ocrx_word' id='word_1_90' title='bbox 313 951 387 1007; x_wconf 82' lang='grc' dir='ltr'><strong><em>τὴν</em></strong></span> <span class='ocrx_word' id='word_1_91' title='bbox 422 951 583 1009; x_wconf 83' lang='grc' dir='ltr'><strong><em>τροφὴν</em></strong></span> <span class='ocrx_word' id='word_1_92' title='bbox 611 953 674 995; x_wconf 77' lang='grc' dir='ltr'><strong><em>ἐπὶ</em></strong></span> <span class='ocrx_word' id='word_1_93' title='bbox 707 954 932 1010; x_wconf 75' lang='grc' dir='ltr'><strong><em>θεραπείαν</em></strong></span> <span class='ocrx_word' id='word_1_94' title='bbox 965 953 1125 996; x_wconf 77' lang='grc' dir='ltr'><strong><em>ἐκείνων</em></strong></span> <span class='ocrx_word' id='word_1_95' title='bbox 1155 950 1302 995; x_wconf 74' lang='grc' dir='ltr'><strong><em>ἰόντων</em></strong></span> <span class='ocrx_word' id='word_1_96' title='bbox 1323 950 1429 994; x_wconf 78' lang='grc' dir='ltr'><strong><em>κατά</em></strong></span> <span class='ocrx_word' id='word_1_97' title='bbox 1451 970 1489 995; x_wconf 85' lang='grc' dir='ltr'><strong><em>τι</em></strong></span> <span class='ocrx_word' id='word_1_98' title='bbox 1511 951 1683 1006; x_wconf 78' lang='grc' dir='ltr'><strong><em>ἀρχαῖον</em></strong></span> <span class='ocrx_word' id='word_1_99' title='bbox 1695 958 1739 992; x_wconf 88' lang='grc'>10</span> 
     </span>
     <span class='ocr_line' id='line_1_12' title="bbox 211 1014 1683 1079; baseline -0.001 -15"><span class='ocrx_word' id='word_1_100' title='bbox 211 1019 401 1075; x_wconf 87' lang='grc' dir='ltr'><strong><em>νόμιμον.</em></strong></span> <span class='ocrx_word' id='word_1_101' title='bbox 469 1020 576 1063; x_wconf 78' lang='grc' dir='ltr'><strong><em>ἀλλὰ</em></strong></span> <span class='ocrx_word' id='word_1_102' title='bbox 606 1025 738 1064; x_wconf 77' lang='grc' dir='ltr'><strong><em>ταῦτα</em></strong></span> <span class='ocrx_word' id='word_1_103' title='bbox 764 1023 840 1076; x_wconf 77' lang='grc' dir='ltr'><strong><em>μὲν</em></strong></span> <span class='ocrx_word' id='word_1_104' title='bbox 864 1022 964 1070; x_wconf 74' lang='grc' dir='ltr'><strong><em>ἴσως</em></strong></span> <span class='ocrx_word' id='word_1_105' title='bbox 995 1023 1062 1064; x_wconf 81' lang='grc' dir='ltr'>καὶ</span> <span class='ocrx_word' id='word_1_106' title='bbox 1095 1022 1371 1077; x_wconf 82' lang='grc' dir='ltr'><strong><em>παρακαίρια,</em></strong></span> <span class='ocrx_word' id='word_1_107' title='bbox 1402 1020 1472 1077; x_wconf 73' lang='grc' dir='ltr'>ἐφ’</span> <span class='ocrx_word' id='word_1_108' title='bbox 1499 1014 1533 1079; x_wconf 78' lang='grc' dir='ltr'><em>ᾧ</em></span> <span class='ocrx_word' id='word_1_109' title='bbox 1555 1018 1683 1074; x_wconf 84' lang='grc' dir='ltr'><strong><em>μόνον</em></strong></span> 
     </span>
     <span class='ocr_line' id='line_1_13' title="bbox 161 1083 1685 1150; baseline -0.001 -17"><span class='ocrx_word' id='word_1_110' title='bbox 161 1088 193 1123; x_wconf 81' lang='lat' dir='ltr'>D</span> <span class='ocrx_word' id='word_1_111' title='bbox 219 1092 344 1141; x_wconf 77' lang='grc' dir='ltr'><strong><em>δεῖξαι</em></strong></span> <span class='ocrx_word' id='word_1_112' title='bbox 361 1086 479 1146; x_wconf 76' lang='grc' dir='ltr'><strong><em>φύσει</em></strong></span> <span class='ocrx_word' id='word_1_113' title='bbox 497 1090 652 1144; x_wconf 80' lang='grc' dir='ltr'><strong><em>προσὸν</em></strong></span> <span class='ocrx_word' id='word_1_114' title='bbox 674 1095 724 1147; x_wconf 83' lang='grc' dir='ltr'>τῇ</span> <span class='ocrx_word' id='word_1_115' title='bbox 744 1093 931 1150; x_wconf 73' lang='grc' dir='ltr'><strong><em>βασιλεία</em></strong></span> <span class='ocrx_word' id='word_1_116' title='bbox 957 1090 1005 1133; x_wconf 84' lang='grc' dir='ltr'>τὸ</span> <span class='ocrx_word' id='word_1_117' title='bbox 1030 1087 1290 1146; x_wconf 77' lang='grc' dir='ltr'><strong><em>εὐεργετικόν.</em></strong></span> <span class='ocrx_word' id='word_1_118' title='bbox 1360 1083 1408 1132; x_wconf 76' lang='grc' dir='ltr'>οὗ</span> <span class='ocrx_word' id='word_1_119' title='bbox 1436 1090 1584 1138; x_wconf 74' lang='grc' dir='ltr'><strong><em>ἐκεῖνος</em></strong></span> <span class='ocrx_word' id='word_1_120' title='bbox 1606 1087 1685 1132; x_wconf 81' lang='grc' dir='ltr'>αὖ-</span> 
     </span>
     <span class='ocr_line' id='line_1_14' title="bbox 213 1156 1685 1216; baseline -0.002 -14"><span class='ocrx_word' id='word_1_121' title='bbox 213 1157 379 1216; x_wconf 82' lang='grc' dir='ltr'><strong><em>τοῖρκως</em></strong></span> <span class='ocrx_word' id='word_1_122' title='bbox 398 1165 603 1212; x_wconf 74' lang='grc' dir='ltr'><strong><em>μετεῖχεν,</em></strong></span> <span class='ocrx_word' id='word_1_123' title='bbox 641 1158 690 1202; x_wconf 80' lang='grc' dir='ltr'>οὗ</span> <span class='ocrx_word' id='word_1_124' title='bbox 714 1159 766 1201; x_wconf 80' lang='grc' dir='ltr'>τὰ</span> <span class='ocrx_word' id='word_1_125' title='bbox 797 1157 929 1202; x_wconf 79' lang='grc' dir='ltr'><strong><em>πολλά</em></strong></span> <span class='ocrx_word' id='word_1_126' title='bbox 948 1176 990 1214; x_wconf 86' lang='grc' dir='ltr'>γε</span> <span class='ocrx_word' id='word_1_127' title='bbox 1016 1156 1395 1214; x_wconf 76' lang='grc' dir='ltr'><strong><em>μικρολογούμενος.</em></strong></span> <span class='ocrx_word' id='word_1_128' title='bbox 1468 1157 1685 1200; x_wconf 75' lang='grc' dir='ltr'><strong><em>ἀπέστελλε</em></strong></span> 
     </span>
     <span class='ocr_line' id='line_1_15' title="bbox 215 1224 1685 1283; baseline -0.001 -12"><span class='ocrx_word' id='word_1_129' title='bbox 215 1229 260 1271; x_wconf 74' lang='grc' dir='ltr'>δὲ</span> <span class='ocrx_word' id='word_1_130' title='bbox 285 1229 352 1270; x_wconf 75' lang='grc' dir='ltr'>καὶ</span> <span class='ocrx_word' id='word_1_131' title='bbox 383 1226 486 1283; x_wconf 83' lang='grc' dir='ltr'><strong><em>πρὸς</em></strong></span> <span class='ocrx_word' id='word_1_132' title='bbox 513 1226 610 1277; x_wconf 79' lang='grc' dir='ltr'>τούς</span> <span class='ocrx_word' id='word_1_133' title='bbox 635 1224 847 1278; x_wconf 77' lang='grc' dir='ltr'><strong><em>ἐπιδόξους</em></strong></span> <span class='ocrx_word' id='word_1_134' title='bbox 877 1232 950 1282; x_wconf 85' lang='grc' dir='ltr'>τῆς</span> <span class='ocrx_word' id='word_1_135' title='bbox 966 1227 1143 1276; x_wconf 86' lang='grc' dir='ltr'><strong><em>Ἰταλίας</em></strong></span> <span class='ocrx_word' id='word_1_136' title='bbox 1155 1259 1169 1279; x_wconf 87' lang='grc'>,</span> <span class='ocrx_word' id='word_1_137' title='bbox 1213 1228 1280 1268; x_wconf 80' lang='grc' dir='ltr'>καὶ</span> <span class='ocrx_word' id='word_1_138' title='bbox 1299 1229 1459 1280; x_wconf 83' lang='grc' dir='ltr'><strong><em>μᾶλλον</em></strong></span> <span class='ocrx_word' id='word_1_139' title='bbox 1491 1225 1589 1276; x_wconf 74' lang='grc' dir='ltr'><strong><em>τοὺς</em></strong></span> <span class='ocrx_word' id='word_1_140' title='bbox 1609 1229 1685 1282; x_wconf 84' lang='grc' dir='ltr'>τῆς</span> 
     </span>
     <span class='ocr_line' id='line_1_16' title="bbox 214 1292 1738 1352; baseline -0.003 -13"><span class='ocrx_word' id='word_1_141' title='bbox 214 1297 428 1352; x_wconf 71' lang='grc' dir='ltr'><strong><em>ἐκκλησίας</em></strong></span> <span class='ocrx_word' id='word_1_142' title='bbox 435 1328 448 1348; x_wconf 85' lang='grc'>,</span> <span class='ocrx_word' id='word_1_143' title='bbox 483 1296 629 1352; x_wconf 83' lang='grc' dir='ltr'><strong><em>φίλους</em></strong></span> <span class='ocrx_word' id='word_1_144' title='bbox 649 1296 823 1346; x_wconf 75' lang='grc' dir='ltr'><strong><em>ἐκείνους</em></strong></span> <span class='ocrx_word' id='word_1_145' title='bbox 841 1298 908 1338; x_wconf 85' lang='grc' dir='ltr'>καὶ</span> <span class='ocrx_word' id='word_1_146' title='bbox 927 1293 1142 1351; x_wconf 84' lang='grc' dir='ltr'><strong><em>μακρόθεν</em></strong></span> <span class='ocrx_word' id='word_1_147' title='bbox 1163 1292 1381 1349; x_wconf 79' lang='grc' dir='ltr'><strong><em>κτώμενος.</em></strong></span> <span class='ocrx_word' id='word_1_148' title='bbox 1695 1298 1738 1334; x_wconf 87' lang='grc'>15</span> 
     </span>
     <span class='ocr_line' id='line_1_17' title="bbox 68 1359 1686 1421; baseline -0.002 -13"><span class='ocrx_word' id='word_1_149' title='bbox 68 1363 99 1399; x_wconf 81' lang='lat' dir='ltr'>P</span> <span class='ocrx_word' id='word_1_150' title='bbox 125 1364 191 1399; x_wconf 72' lang='lat'>127</span> <span class='ocrx_word' id='word_1_151' title='bbox 355 1365 430 1410; x_wconf 89' lang='lat'>10.</span> <span class='ocrx_word' id='word_1_152' title='bbox 503 1362 610 1407; x_wconf 86' lang='grc' dir='ltr'><strong><em>Τότε</em></strong></span> <span class='ocrx_word' id='word_1_153' title='bbox 633 1363 675 1407; x_wconf 74' lang='grc' dir='ltr'>δ’</span> <span class='ocrx_word' id='word_1_154' title='bbox 701 1362 989 1421; x_wconf 76' lang='grc' dir='ltr'><strong><em>ἔνευκαιρήσας</em></strong></span> <span class='ocrx_word' id='word_1_155' title='bbox 1006 1366 1048 1407; x_wconf 76' lang='grc' dir='ltr'>ἐκ</span> <span class='ocrx_word' id='word_1_156' title='bbox 1065 1368 1147 1407; x_wconf 84' lang='grc' dir='ltr'><strong><em>τῶν</em></strong></span> <span class='ocrx_word' id='word_1_157' title='bbox 1167 1359 1303 1406; x_wconf 76' lang='grc' dir='ltr'><strong><em>ἄλλων</em></strong></span> <span class='ocrx_word' id='word_1_158' title='bbox 1324 1362 1397 1407; x_wconf 81' lang='grc' dir='ltr'><strong><em>τὸν</em></strong></span> <span class='ocrx_word' id='word_1_159' title='bbox 1417 1366 1493 1419; x_wconf 82' lang='grc' dir='ltr'>τῆς</span> <span class='ocrx_word' id='word_1_160' title='bbox 1512 1363 1686 1420; x_wconf 81' lang='grc' dir='ltr'><strong><em>καρδίας</em></strong></span> 
     </span>
     <span class='ocr_line' id='line_1_18' title="bbox 213 1429 1682 1489; baseline -0.001 -13"><span class='ocrx_word' id='word_1_161' title='bbox 213 1433 391 1489; x_wconf 70' lang='grc' dir='ltr'><strong><em>ἔμμονον</em></strong></span> <span class='ocrx_word' id='word_1_162' title='bbox 434 1433 629 1489; x_wconf 85' lang='grc' dir='ltr'><strong><em>λογισμὸν</em></strong></span> <span class='ocrx_word' id='word_1_163' title='bbox 672 1432 773 1489; x_wconf 69' lang='grc' dir='ltr'><strong><em>ε’γνω</em></strong></span> <span class='ocrx_word' id='word_1_164' title='bbox 805 1434 1092 1476; x_wconf 79' lang='grc' dir='ltr'><strong><em>καταστέλλειν</em></strong></span> <span class='ocrx_word' id='word_1_165' title='bbox 1129 1434 1335 1482; x_wconf 84' lang='grc' dir='ltr'><strong><em>κακίστοις</em></strong></span> <span class='ocrx_word' id='word_1_166' title='bbox 1366 1429 1682 1488; x_wconf 73' lang='grc' dir='ltr'><strong><em>ἐπιχειρήμασιν.</em></strong></span> 
     </span>
     <span class='ocr_line' id='line_1_19' title="bbox 216 1497 1685 1557; baseline -0.001 -12"><span class='ocrx_word' id='word_1_167' title='bbox 216 1501 238 1545; x_wconf 81' lang='grc' dir='ltr'><strong><em>ὃ</em></strong></span> <span class='ocrx_word' id='word_1_168' title='bbox 262 1503 337 1557; x_wconf 76' lang='grc' dir='ltr'><strong><em>μὲν</em></strong></span> <span class='ocrx_word' id='word_1_169' title='bbox 366 1497 439 1545; x_wconf 71' lang='grc' dir='ltr'><strong><em>οὖν</em></strong></span> <span class='ocrx_word' id='word_1_170' title='bbox 472 1501 665 1557; x_wconf 82' lang='grc' dir='ltr'><strong><em>λογισμὸς</em></strong></span> <span class='ocrx_word' id='word_1_171' title='bbox 688 1501 736 1544; x_wconf 85' lang='grc' dir='ltr'>τὸ</span> <span class='ocrx_word' id='word_1_172' title='bbox 763 1503 830 1543; x_wconf 77' lang='grc' dir='ltr'>καὶ</span> <span class='ocrx_word' id='word_1_173' title='bbox 856 1500 1054 1544; x_wconf 76' lang='grc' dir='ltr'><strong><em>εῗσέπειτοῖ</em></strong></span> <span class='ocrx_word' id='word_1_174' title='bbox 1089 1501 1129 1544; x_wconf 83' lang='grc' dir='ltr'>οἷ</span> <span class='ocrx_word' id='word_1_175' title='bbox 1155 1499 1370 1556; x_wconf 81' lang='grc' dir='ltr'><strong><em>συνάρχειν</em></strong></span> <span class='ocrx_word' id='word_1_176' title='bbox 1398 1500 1470 1543; x_wconf 84' lang='grc' dir='ltr'><strong><em>τὸν</em></strong></span> <span class='ocrx_word' id='word_1_177' title='bbox 1496 1498 1685 1556; x_wconf 80' lang='grc' dir='ltr'><strong><em>Ἰωάννην</em></strong></span> 
     </span>
     <span class='ocr_line' id='line_1_20' title="bbox 215 1566 1685 1628; baseline -0.001 -14"><span class='ocrx_word' id='word_1_178' title='bbox 215 1573 285 1614; x_wconf 78' lang='grc' dir='ltr'>καὶ</span> <span class='ocrx_word' id='word_1_179' title='bbox 316 1573 430 1614; x_wconf 83' lang='grc' dir='ltr'><strong><em>δυοῖν</em></strong></span> <span class='ocrx_word' id='word_1_180' title='bbox 459 1573 656 1626; x_wconf 85' lang='grc' dir='ltr'><strong><em>κεφαλαΐν</em></strong></span> <span class='ocrx_word' id='word_1_181' title='bbox 687 1569 752 1628; x_wconf 81' lang='grc' dir='ltr'>(τὸ</span> <span class='ocrx_word' id='word_1_182' title='bbox 785 1568 1029 1626; x_wconf 75' lang='grc' dir='ltr'><strong><em>τοῦλόγου)</em></strong></span> <span class='ocrx_word' id='word_1_183' title='bbox 1062 1571 1162 1623; x_wconf 87' lang='grc' dir='ltr'><strong><em>μίαν</em></strong></span> <span class='ocrx_word' id='word_1_184' title='bbox 1189 1570 1416 1612; x_wconf 74' lang='grc' dir='ltr'><strong><em>ἐπικεῖσθαι</em></strong></span> <span class='ocrx_word' id='word_1_185' title='bbox 1444 1566 1685 1626; x_wconf 73' lang='grc' dir='ltr'><strong><em>καλύπτραν</em></strong></span> 
     </span>
     <span class='ocr_line' id='line_1_21' title="bbox 217 1636 1740 1698; baseline -0.001 -15"><span class='ocrx_word' id='word_1_186' title='bbox 217 1641 285 1683; x_wconf 80' lang='grc' dir='ltr'>καὶ</span> <span class='ocrx_word' id='word_1_187' title='bbox 313 1640 404 1682; x_wconf 88' lang='grc' dir='ltr'><strong><em>λίαν</em></strong></span> <span class='ocrx_word' id='word_1_188' title='bbox 436 1637 596 1698; x_wconf 74' lang='grc' dir='ltr'><strong><em>ἀπᾷδον</em></strong></span> <span class='ocrx_word' id='word_1_189' title='bbox 626 1636 727 1693; x_wconf 73' lang='grc' dir='ltr'><strong><em>εἶχε,</em></strong></span> <span class='ocrx_word' id='word_1_190' title='bbox 762 1640 888 1695; x_wconf 83' lang='grc' dir='ltr'><strong><em>χωρὶς</em></strong></span> <span class='ocrx_word' id='word_1_191' title='bbox 920 1641 987 1681; x_wconf 82' lang='grc' dir='ltr'>καὶ</span> <span class='ocrx_word' id='word_1_192' title='bbox 1012 1642 1086 1681; x_wconf 87' lang='grc' dir='ltr'>τοῦ</span> <span class='ocrx_word' id='word_1_193' title='bbox 1116 1638 1175 1693; x_wconf 89' lang='grc' dir='ltr'>μὴ</span> <span class='ocrx_word' id='word_1_194' title='bbox 1207 1639 1249 1681; x_wconf 76' lang='grc' dir='ltr'><strong><em>ἓν</em></strong></span> <span class='ocrx_word' id='word_1_195' title='bbox 1280 1638 1459 1695; x_wconf 85' lang='grc' dir='ltr'><strong><em>ἀσφαλεῖ</em></strong></span> <span class='ocrx_word' id='word_1_196' title='bbox 1477 1639 1740 1681; x_wconf 79' lang='grc' dir='ltr'><strong><em>καθίστα-20</em></strong></span> 
     </span>
     <span class='ocr_line' id='line_1_22' title="bbox 216 1701 1685 1765; baseline -0.001 -13"><span class='ocrx_word' id='word_1_197' title='bbox 216 1713 344 1752; x_wconf 87' lang='grc' dir='ltr'><strong><em>σθαι·</em></strong></span> <span class='ocrx_word' id='word_1_198' title='bbox 379 1706 452 1751; x_wconf 81' lang='grc' dir='ltr'><strong><em>τὸν</em></strong></span> <span class='ocrx_word' id='word_1_199' title='bbox 468 1708 543 1762; x_wconf 77' lang='grc' dir='ltr'><strong><em>μὲν</em></strong></span> <span class='ocrx_word' id='word_1_200' title='bbox 559 1706 636 1765; x_wconf 80' lang='grc' dir='ltr'>γὰρ</span> <span class='ocrx_word' id='word_1_201' title='bbox 662 1701 784 1758; x_wconf 74' lang='grc' dir='ltr'><strong><em>οὗτος</em></strong></span> <span class='ocrx_word' id='word_1_202' title='bbox 802 1707 875 1752; x_wconf 80' lang='grc' dir='ltr'><strong><em>τὸν</em></strong></span> <span class='ocrx_word' id='word_1_203' title='bbox 898 1707 940 1751; x_wconf 82' lang='grc' dir='ltr'>δ’</span> <span class='ocrx_word' id='word_1_204' title='bbox 966 1708 1114 1758; x_wconf 73' lang='grc' dir='ltr'><strong><em>ἐκεῖνος</em></strong></span> <span class='ocrx_word' id='word_1_205' title='bbox 1135 1707 1308 1765; x_wconf 76' lang='grc' dir='ltr'><strong><em>στέρξω,</em></strong></span> <span class='ocrx_word' id='word_1_206' title='bbox 1337 1706 1415 1749; x_wconf 83' lang='grc' dir='ltr'><strong><em>ἀνὰ</em></strong></span> <span class='ocrx_word' id='word_1_207' title='bbox 1435 1707 1560 1764; x_wconf 77' lang='grc' dir='ltr'><strong><em>μέρος</em></strong></span> <span class='ocrx_word' id='word_1_208' title='bbox 1579 1705 1685 1750; x_wconf 82' lang='grc' dir='ltr'><strong><em>ἀπο-</em></strong></span> 
     </span>
    </p>
   </div>
   <div class='ocr_carea' id='block_1_3' title="bbox 218 1849 1687 2908">
    <p class='ocr_par' dir='ltr' id='par_1_3' title="bbox 218 1849 1687 2587">
     <span class='ocr_line' id='line_1_23' title="bbox 218 1849 1684 1896; baseline -0.003 -10"><span class='ocrx_word' id='word_1_209' title='bbox 218 1863 261 1887; x_wconf 86' lang='lat' dir='ltr'>ac</span> <span class='ocrx_word' id='word_1_210' title='bbox 284 1861 444 1885; x_wconf 86' lang='lat' dir='ltr'>consessu</span> <span class='ocrx_word' id='word_1_211' title='bbox 465 1861 622 1884; x_wconf 84' lang='lat' dir='ltr'>verorum</span> <span class='ocrx_word' id='word_1_212' title='bbox 648 1850 856 1896; x_wconf 80' lang='lat' dir='ltr'>principum3</span> <span class='ocrx_word' id='word_1_213' title='bbox 877 1861 1019 1896; x_wconf 89' lang='lat' dir='ltr'>quorum</span> <span class='ocrx_word' id='word_1_214' title='bbox 1041 1849 1121 1896; x_wconf 90' lang='lat' dir='ltr'>quid</span> <span class='ocrx_word' id='word_1_215' title='bbox 1138 1861 1220 1894; x_wconf 84' lang='lat' dir='ltr'>ergo</span> <span class='ocrx_word' id='word_1_216' title='bbox 1241 1849 1307 1884; x_wconf 87' lang='lat' dir='ltr'>sibi</span> <span class='ocrx_word' id='word_1_217' title='bbox 1330 1849 1490 1883; x_wconf 87' lang='lat' dir='ltr'>honorem</span> <span class='ocrx_word' id='word_1_218' title='bbox 1508 1852 1684 1893; x_wconf 77' lang='lat' dir='ltr'><strong>arrogant,</strong></span> 
     </span>
     <span class='ocr_line' id='line_1_24' title="bbox 220 1895 1686 1941; baseline -0.001 -10"><span class='ocrx_word' id='word_1_219' title='bbox 220 1909 295 1932; x_wconf 89' lang='lat' dir='ltr'>cum</span> <span class='ocrx_word' id='word_1_220' title='bbox 318 1897 404 1932; x_wconf 84' lang='lat' dir='ltr'>tales</span> <span class='ocrx_word' id='word_1_221' title='bbox 428 1908 493 1939; x_wconf 91' lang='lat' dir='ltr'>non</span> <span class='ocrx_word' id='word_1_222' title='bbox 517 1896 613 1931; x_wconf 69' lang='lat' dir='ltr'>sint?</span> <span class='ocrx_word' id='word_1_223' title='bbox 636 1908 713 1930; x_wconf 90' lang='lat' dir='ltr'>nam</span> <span class='ocrx_word' id='word_1_224' title='bbox 739 1898 845 1931; x_wconf 89' lang='lat' dir='ltr'>bonor</span> <span class='ocrx_word' id='word_1_225' title='bbox 868 1897 959 1941; x_wconf 82' lang='lat' dir='ltr'>regis</span> <span class='ocrx_word' id='word_1_226' title='bbox 982 1897 1054 1930; x_wconf 88' lang='lat' dir='ltr'>veri</span> <span class='ocrx_word' id='word_1_227' title='bbox 1079 1896 1217 1941; x_wconf 79' lang='lat' dir='ltr'>propria</span> <span class='ocrx_word' id='word_1_228' title='bbox 1241 1907 1296 1930; x_wconf 87' lang='lat' dir='ltr'>res</span> <span class='ocrx_word' id='word_1_229' title='bbox 1321 1901 1384 1936; x_wconf 87' lang='lat' dir='ltr'>est,</span> <span class='ocrx_word' id='word_1_230' title='bbox 1408 1906 1474 1929; x_wconf 91' lang='lat' dir='ltr'>non</span> <span class='ocrx_word' id='word_1_231' title='bbox 1497 1895 1587 1929; x_wconf 78' lang='lat' dir='ltr'>mimi</span> <span class='ocrx_word' id='word_1_232' title='bbox 1610 1895 1686 1929; x_wconf 79' lang='lat' dir='ltr'>dia·</span> 
     </span>
     <span class='ocr_line' id='line_1_25' title="bbox 220 1941 1686 1987; baseline -0.002 -10"><span class='ocrx_word' id='word_1_233' title='bbox 220 1944 354 1978; x_wconf 83' lang='lat' dir='ltr'>demate</span> <span class='ocrx_word' id='word_1_234' title='bbox 376 1942 511 1979; x_wconf 82' lang='lat' dir='ltr'>larvati.</span> <span class='ocrx_word' id='word_1_235' title='bbox 557 1943 642 1977; x_wconf 82' lang='lat' dir='ltr'>haec</span> <span class='ocrx_word' id='word_1_236' title='bbox 665 1943 813 1977; x_wconf 69' lang='lat' dir='ltr'>Michael</span> <span class='ocrx_word' id='word_1_237' title='bbox 836 1943 927 1976; x_wconf 89' lang='lat' dir='ltr'>clare</span> <span class='ocrx_word' id='word_1_238' title='bbox 951 1942 1175 1987; x_wconf 76' lang='lat' dir='ltr'>perspiciens,</span> <span class='ocrx_word' id='word_1_239' title='bbox 1199 1953 1240 1976; x_wconf 84' lang='lat' dir='ltr'>ac</span> <span class='ocrx_word' id='word_1_240' title='bbox 1263 1941 1428 1976; x_wconf 83' lang='lat' dir='ltr'>beneficia</span> <span class='ocrx_word' id='word_1_241' title='bbox 1450 1952 1539 1986; x_wconf 85' lang='lat' dir='ltr'>quae</span> <span class='ocrx_word' id='word_1_242' title='bbox 1562 1951 1686 1985; x_wconf 77' lang='lat' dir='ltr'>magna.</span> 
     </span>
     <span class='ocr_line' id='line_1_26' title="bbox 219 1987 1686 2034; baseline -0.003 -10"><span class='ocrx_word' id='word_1_243' title='bbox 219 1991 254 2024; x_wconf 86' lang='lat' dir='ltr'>in</span> <span class='ocrx_word' id='word_1_244' title='bbox 282 1990 403 2024; x_wconf 89' lang='lat' dir='ltr'>multos</span> <span class='ocrx_word' id='word_1_245' title='bbox 427 1989 591 2023; x_wconf 83' lang='lat' dir='ltr'>extabant</span> <span class='ocrx_word' id='word_1_246' title='bbox 616 1988 764 2034; x_wconf 82' lang='lat' dir='ltr'>priorum</span> <span class='ocrx_word' id='word_1_247' title='bbox 787 1989 1040 2034; x_wconf 84' lang='lat' dir='ltr'>imperatorum,</span> <span class='ocrx_word' id='word_1_248' title='bbox 1065 1987 1135 2022; x_wconf 82' lang='lat' dir='ltr'>suis</span> <span class='ocrx_word' id='word_1_249' title='bbox 1159 1994 1355 2032; x_wconf 77' lang='lat' dir='ltr'>comparata</span> <span class='ocrx_word' id='word_1_250' title='bbox 1377 1987 1586 2033; x_wconf 81' lang='lat' dir='ltr'>praecellere</span> <span class='ocrx_word' id='word_1_251' title='bbox 1608 1998 1686 2021; x_wconf 88' lang='lat' dir='ltr'>sen·</span> 
     </span>
     <span class='ocr_line' id='line_1_27' title="bbox 220 2033 1687 2081; baseline -0.003 -11"><span class='ocrx_word' id='word_1_252' title='bbox 220 2036 328 2079; x_wconf 83' lang='lat' dir='ltr'>tiens;</span> <span class='ocrx_word' id='word_1_253' title='bbox 353 2035 534 2080; x_wconf 87' lang='lat' dir='ltr'>simulque,</span> <span class='ocrx_word' id='word_1_254' title='bbox 568 2034 659 2080; x_wconf 85' lang='lat' dir='ltr'>quod</span> <span class='ocrx_word' id='word_1_255' title='bbox 682 2034 758 2081; x_wconf 86' lang='lat' dir='ltr'>ipse</span> <span class='ocrx_word' id='word_1_256' title='bbox 792 2034 1012 2069; x_wconf 78' lang='lat' dir='ltr'>convincente</span> <span class='ocrx_word' id='word_1_257' title='bbox 1034 2034 1152 2068; x_wconf 86' lang='lat' dir='ltr'>intime</span> <span class='ocrx_word' id='word_1_258' title='bbox 1175 2033 1381 2068; x_wconf 80' lang='lat' dir='ltr'>conscientia</span> <span class='ocrx_word' id='word_1_259' title='bbox 1403 2034 1528 2067; x_wconf 85' lang='lat' dir='ltr'>tacitus</span> <span class='ocrx_word' id='word_1_260' title='bbox 1552 2033 1687 2067; x_wconf 77' lang='lat' dir='ltr'>fateba-</span> 
     </span>
     <span class='ocr_line' id='line_1_28' title="bbox 220 2078 1686 2124; baseline -0.003 -8"><span class='ocrx_word' id='word_1_261' title='bbox 220 2085 298 2124; x_wconf 90' lang='lat' dir='ltr'>tur,</span> <span class='ocrx_word' id='word_1_262' title='bbox 332 2093 375 2115; x_wconf 90' lang='lat' dir='ltr'>ne</span> <span class='ocrx_word' id='word_1_263' title='bbox 410 2081 470 2115; x_wconf 75' lang='lat' dir='ltr'>alii</span> <span class='ocrx_word' id='word_1_264' title='bbox 502 2084 709 2115; x_wconf 80' lang='lat' dir='ltr'>monstrante</span> <span class='ocrx_word' id='word_1_265' title='bbox 742 2091 855 2114; x_wconf 86' lang='lat' dir='ltr'>rerum</span> <span class='ocrx_word' id='word_1_266' title='bbox 878 2080 1047 2115; x_wconf 89' lang='lat' dir='ltr'>evidentia</span> <span class='ocrx_word' id='word_1_267' title='bbox 1070 2084 1249 2114; x_wconf 79' lang='lat' dir='ltr'>cernerent</span> <span class='ocrx_word' id='word_1_268' title='bbox 1271 2085 1306 2113; x_wconf 90' lang='lat' dir='ltr'>et</span> <span class='ocrx_word' id='word_1_269' title='bbox 1328 2080 1362 2114; x_wconf 90' lang='lat' dir='ltr'>in</span> <span class='ocrx_word' id='word_1_270' title='bbox 1385 2090 1424 2113; x_wconf 89' lang='lat' dir='ltr'>se</span> <span class='ocrx_word' id='word_1_271' title='bbox 1446 2078 1612 2113; x_wconf 85' lang='lat' dir='ltr'>invidiose</span> <span class='ocrx_word' id='word_1_272' title='bbox 1635 2079 1686 2112; x_wconf 91' lang='lat' dir='ltr'>lo-</span> 
     </span>
     <span class='ocr_line' id='line_1_29' title="bbox 220 2125 1685 2173; baseline -0.002 -12"><span class='ocrx_word' id='word_1_273' title='bbox 220 2133 432 2173; x_wconf 78' lang='lat' dir='ltr'>querentur,</span> <span class='ocrx_word' id='word_1_274' title='bbox 450 2133 621 2168; x_wconf 81' lang='lat' dir='ltr'>metuens,</span> <span class='ocrx_word' id='word_1_275' title='bbox 646 2138 721 2160; x_wconf 79' lang='lat' dir='ltr'>cum</span> <span class='ocrx_word' id='word_1_276' title='bbox 745 2126 842 2160; x_wconf 86' lang='lat' dir='ltr'>huius</span> <span class='ocrx_word' id='word_1_277' title='bbox 866 2126 1125 2171; x_wconf 80' lang='lat' dir='ltr'>praecavendae</span> <span class='ocrx_word' id='word_1_278' title='bbox 1147 2125 1351 2171; x_wconf 79' lang='lat' dir='ltr'>ignominiae</span> <span class='ocrx_word' id='word_1_279' title='bbox 1372 2125 1591 2167; x_wconf 76' lang='lat' dir='ltr'>necessitate,</span> <span class='ocrx_word' id='word_1_280' title='bbox 1612 2129 1685 2158; x_wconf 86' lang='lat' dir='ltr'>tum</span> 
     </span>
     <span class='ocr_line' id='line_1_30' title="bbox 218 2170 1687 2208; baseline -0.002 -1"><span class='ocrx_word' id='word_1_281' title='bbox 218 2174 331 2208; x_wconf 89' lang='lat' dir='ltr'>indole</span> <span class='ocrx_word' id='word_1_282' title='bbox 353 2174 462 2208; x_wconf 85' lang='lat' dir='ltr'>bonae</span> <span class='ocrx_word' id='word_1_283' title='bbox 486 2177 629 2207; x_wconf 76' lang='lat' dir='ltr'>naturae</span> <span class='ocrx_word' id='word_1_284' title='bbox 652 2172 740 2207; x_wconf 85' lang='lat' dir='ltr'>haud</span> <span class='ocrx_word' id='word_1_285' title='bbox 764 2173 952 2207; x_wconf 74' lang='lat' dir='ltr'>sustinente</span> <span class='ocrx_word' id='word_1_286' title='bbox 975 2172 1078 2206; x_wconf 85' lang='lat' dir='ltr'>vitam</span> <span class='ocrx_word' id='word_1_287' title='bbox 1102 2172 1298 2206; x_wconf 87' lang='lat' dir='ltr'>miserorum</span> <span class='ocrx_word' id='word_1_288' title='bbox 1322 2171 1489 2206; x_wconf 85' lang='lat' dir='ltr'>bominum</span> <span class='ocrx_word' id='word_1_289' title='bbox 1512 2170 1687 2205; x_wconf 86' lang='lat' dir='ltr'>interver-</span> 
     </span>
     <span class='ocr_line' id='line_1_31' title="bbox 219 2217 1685 2264; baseline -0.002 -11"><span class='ocrx_word' id='word_1_290' title='bbox 219 2220 323 2254; x_wconf 87' lang='lat' dir='ltr'>tenda</span> <span class='ocrx_word' id='word_1_291' title='bbox 349 2219 516 2264; x_wconf 84' lang='lat' dir='ltr'>operariis</span> <span class='ocrx_word' id='word_1_292' title='bbox 537 2219 692 2253; x_wconf 84' lang='lat' dir='ltr'>mercede</span> <span class='ocrx_word' id='word_1_293' title='bbox 713 2218 844 2252; x_wconf 83' lang='lat' dir='ltr'>iniustis</span> <span class='ocrx_word' id='word_1_294' title='bbox 867 2219 1018 2252; x_wconf 88' lang='lat' dir='ltr'>detinere</span> <span class='ocrx_word' id='word_1_295' title='bbox 1041 2219 1214 2262; x_wconf 83' lang='lat' dir='ltr'>manibus,</span> <span class='ocrx_word' id='word_1_296' title='bbox 1249 2218 1340 2263; x_wconf 90' lang='lat' dir='ltr'>quod</span> <span class='ocrx_word' id='word_1_297' title='bbox 1373 2217 1607 2262; x_wconf 84' lang='lat' dir='ltr'>antiquissima</span> <span class='ocrx_word' id='word_1_298' title='bbox 1629 2218 1685 2250; x_wconf 85' lang='lat' dir='ltr'>lex</span> 
     </span>
     <span class='ocr_line' id='line_1_32' title="bbox 220 2263 1686 2308; baseline -0.002 -9"><span class='ocrx_word' id='word_1_299' title='bbox 220 2271 327 2304; x_wconf 79' lang='lat' dir='ltr'>vet-at,</span> <span class='ocrx_word' id='word_1_300' title='bbox 350 2266 492 2299; x_wconf 87' lang='lat' dir='ltr'>stimulis</span> <span class='ocrx_word' id='word_1_301' title='bbox 514 2266 604 2299; x_wconf 85' lang='lat' dir='ltr'>ultro</span> <span class='ocrx_word' id='word_1_302' title='bbox 628 2265 752 2299; x_wconf 83' lang='lat' dir='ltr'>additis</span> <span class='ocrx_word' id='word_1_303' title='bbox 774 2265 863 2299; x_wconf 85' lang='lat' dir='ltr'>haud</span> <span class='ocrx_word' id='word_1_304' title='bbox 886 2265 1039 2298; x_wconf 88' lang='lat' dir='ltr'>mollibus</span> <span class='ocrx_word' id='word_1_305' title='bbox 1056 2265 1205 2299; x_wconf 83' lang='lat' dir='ltr'>innatam</span> <span class='ocrx_word' id='word_1_306' title='bbox 1229 2264 1272 2299; x_wconf 80' lang='lat' dir='ltr'>ad</span> <span class='ocrx_word' id='word_1_307' title='bbox 1289 2265 1375 2298; x_wconf 88' lang='lat' dir='ltr'>bene</span> <span class='ocrx_word' id='word_1_308' title='bbox 1390 2263 1582 2297; x_wconf 85' lang='lat' dir='ltr'>merendum</span> <span class='ocrx_word' id='word_1_309' title='bbox 1605 2273 1686 2308; x_wconf 87' lang='lat' dir='ltr'>pro—</span> 
     </span>
     <span class='ocr_line' id='line_1_33' title="bbox 220 2309 1685 2357; baseline 0 -14"><span class='ocrx_word' id='word_1_310' title='bbox 220 2311 414 2357; x_wconf 84' lang='lat' dir='ltr'>pensionem</span> <span class='ocrx_word' id='word_1_311' title='bbox 436 2310 601 2345; x_wconf 81' lang='lat' dir='ltr'>incitavit.</span> <span class='ocrx_word' id='word_1_312' title='bbox 649 2311 709 2346; x_wconf 86' lang='lat' dir='ltr'>sed</span> <span class='ocrx_word' id='word_1_313' title='bbox 743 2311 826 2345; x_wconf 86' lang='lat' dir='ltr'>haec</span> <span class='ocrx_word' id='word_1_314' title='bbox 858 2310 999 2345; x_wconf 88' lang='lat' dir='ltr'>otiosius</span> <span class='ocrx_word' id='word_1_315' title='bbox 1033 2316 1069 2345; x_wconf 91' lang='lat' dir='ltr'>et</span> <span class='ocrx_word' id='word_1_316' title='bbox 1092 2312 1181 2345; x_wconf 83' lang='lat' dir='ltr'>sorte</span> <span class='ocrx_word' id='word_1_317' title='bbox 1203 2309 1441 2355; x_wconf 86' lang='lat' dir='ltr'>intempestive</span> <span class='ocrx_word' id='word_1_318' title='bbox 1464 2309 1685 2354; x_wconf 75' lang='lat' dir='ltr'>disputamus.</span> 
     </span>
     <span class='ocr_line' id='line_1_34' title="bbox 223 2356 1686 2401; baseline -0.002 -11"><span class='ocrx_word' id='word_1_319' title='bbox 223 2357 374 2391; x_wconf 79' lang='lat' dir='ltr'>sufficiat</span> <span class='ocrx_word' id='word_1_320' title='bbox 403 2357 508 2401; x_wconf 85' lang='lat' dir='ltr'>igitur</span> <span class='ocrx_word' id='word_1_321' title='bbox 539 2358 704 2391; x_wconf 81' lang='lat' dir='ltr'>hactenus</span> <span class='ocrx_word' id='word_1_322' title='bbox 734 2356 984 2391; x_wconf 78' lang='lat' dir='ltr'>demonstrasse</span> <span class='ocrx_word' id='word_1_323' title='bbox 1014 2362 1137 2392; x_wconf 81' lang='lat' dir='ltr'>natura</span> <span class='ocrx_word' id='word_1_324' title='bbox 1174 2356 1388 2391; x_wconf 86' lang='lat' dir='ltr'>coniunctum</span> <span class='ocrx_word' id='word_1_325' title='bbox 1420 2366 1495 2389; x_wconf 91' lang='lat' dir='ltr'>cum</span> <span class='ocrx_word' id='word_1_326' title='bbox 1527 2365 1686 2400; x_wconf 74' lang='lat' dir='ltr'>suprema</span> 
     </span>
     <span class='ocr_line' id='line_1_35' title="bbox 223 2403 1686 2448; baseline -0.003 -11"><span class='ocrx_word' id='word_1_327' title='bbox 223 2407 398 2448; x_wconf 76' lang='lat' dir='ltr'>potestate</span> <span class='ocrx_word' id='word_1_328' title='bbox 423 2403 652 2437; x_wconf 73' lang='lat' dir='ltr'>benefaciendi</span> <span class='ocrx_word' id='word_1_329' title='bbox 676 2404 823 2438; x_wconf 88' lang='lat' dir='ltr'>studium</span> <span class='ocrx_word' id='word_1_330' title='bbox 849 2414 935 2437; x_wconf 87' lang='lat' dir='ltr'>esse.</span> <span class='ocrx_word' id='word_1_331' title='bbox 981 2414 1049 2448; x_wconf 89' lang='lat' dir='ltr'>quo</span> <span class='ocrx_word' id='word_1_332' title='bbox 1072 2403 1150 2444; x_wconf 85' lang='lat' dir='ltr'>ille,</span> <span class='ocrx_word' id='word_1_333' title='bbox 1182 2406 1343 2448; x_wconf 86' lang='lat' dir='ltr'>quantum</span> <span class='ocrx_word' id='word_1_334' title='bbox 1367 2405 1423 2436; x_wconf 85' lang='lat' dir='ltr'>sat</span> <span class='ocrx_word' id='word_1_335' title='bbox 1446 2406 1559 2444; x_wconf 89' lang='lat' dir='ltr'>esset,</span> <span class='ocrx_word' id='word_1_336' title='bbox 1583 2411 1686 2445; x_wconf 86' lang='lat' dir='ltr'>prae-</span> 
     </span>
     <span class='ocr_line' id='line_1_36' title="bbox 222 2445 1685 2494; baseline -0.002 -12"><span class='ocrx_word' id='word_1_337' title='bbox 222 2449 314 2482; x_wconf 85' lang='lat' dir='ltr'>ditus</span> <span class='ocrx_word' id='word_1_338' title='bbox 337 2448 437 2482; x_wconf 86' lang='lat' dir='ltr'>etiam</span> <span class='ocrx_word' id='word_1_339' title='bbox 461 2449 503 2482; x_wconf 87' lang='lat' dir='ltr'>ad</span> <span class='ocrx_word' id='word_1_340' title='bbox 526 2449 675 2483; x_wconf 87' lang='lat' dir='ltr'>illustres</span> <span class='ocrx_word' id='word_1_341' title='bbox 698 2460 760 2494; x_wconf 87' lang='lat' dir='ltr'>per</span> <span class='ocrx_word' id='word_1_342' title='bbox 781 2449 913 2483; x_wconf 85' lang='lat' dir='ltr'>Italiam</span> <span class='ocrx_word' id='word_1_343' title='bbox 935 2448 1026 2484; x_wconf 87' lang='lat' dir='ltr'>viros</span> <span class='ocrx_word' id='word_1_344' title='bbox 1042 2474 1052 2490; x_wconf 92' lang='lat'>,</span> <span class='ocrx_word' id='word_1_345' title='bbox 1076 2448 1276 2494; x_wconf 85' lang='lat' dir='ltr'>praesertim</span> <span class='ocrx_word' id='word_1_346' title='bbox 1299 2447 1520 2482; x_wconf 84' lang='lat' dir='ltr'>ecclesiastici</span> <span class='ocrx_word' id='word_1_347' title='bbox 1542 2445 1685 2488; x_wconf 84' lang='lat' dir='ltr'>ordinis,</span> 
     </span>
     <span class='ocr_line' id='line_1_37' title="bbox 224 2492 1684 2540; baseline -0.001 -13"><span class='ocrx_word' id='word_1_348' title='bbox 224 2494 327 2540; x_wconf 87' lang='lat' dir='ltr'>pretii</span> <span class='ocrx_word' id='word_1_349' title='bbox 350 2506 417 2528; x_wconf 88' lang='lat' dir='ltr'>non</span> <span class='ocrx_word' id='word_1_350' title='bbox 440 2494 552 2538; x_wconf 84' lang='lat' dir='ltr'>exigui</span> <span class='ocrx_word' id='word_1_351' title='bbox 586 2495 674 2528; x_wconf 84' lang='lat' dir='ltr'>dona</span> <span class='ocrx_word' id='word_1_352' title='bbox 705 2495 816 2537; x_wconf 85' lang='lat' dir='ltr'>misit,</span> <span class='ocrx_word' id='word_1_353' title='bbox 848 2495 948 2540; x_wconf 86' lang='lat' dir='ltr'>longe</span> <span class='ocrx_word' id='word_1_354' title='bbox 971 2506 1142 2540; x_wconf 81' lang='lat' dir='ltr'>aucupans</span> <span class='ocrx_word' id='word_1_355' title='bbox 1166 2495 1232 2529; x_wconf 85' lang='lat' dir='ltr'>sibi</span> <span class='ocrx_word' id='word_1_356' title='bbox 1264 2494 1378 2529; x_wconf 84' lang='lat' dir='ltr'>utilem</span> <span class='ocrx_word' id='word_1_357' title='bbox 1400 2492 1545 2538; x_wconf 82' lang='lat' dir='ltr'>gratiam</span> <span class='ocrx_word' id='word_1_358' title='bbox 1567 2502 1684 2526; x_wconf 88' lang='lat' dir='ltr'>eorum</span> 
     </span>
     <span class='ocr_line' id='line_1_38' title="bbox 226 2540 1685 2587; baseline -0.003 -12"><span class='ocrx_word' id='word_1_359' title='bbox 226 2541 272 2575; x_wconf 84' lang='lat' dir='ltr'>ad</span> <span class='ocrx_word' id='word_1_360' title='bbox 294 2551 436 2574; x_wconf 82' lang='lat' dir='ltr'>arcanas</span> <span class='ocrx_word' id='word_1_361' title='bbox 459 2540 730 2585; x_wconf 82' lang='lat' dir='ltr'>opportunitates</span> <span class='ocrx_word' id='word_1_362' title='bbox 753 2542 964 2576; x_wconf 86' lang='lat' dir='ltr'>consiliorum</span> <span class='ocrx_word' id='word_1_363' title='bbox 986 2546 1230 2586; x_wconf 80' lang='lat' dir='ltr'>votorumque,</span> <span class='ocrx_word' id='word_1_364' title='bbox 1259 2551 1347 2587; x_wconf 87' lang='lat' dir='ltr'>quae</span> <span class='ocrx_word' id='word_1_365' title='bbox 1372 2544 1485 2573; x_wconf 88' lang='lat' dir='ltr'>mente</span> <span class='ocrx_word' id='word_1_366' title='bbox 1511 2540 1685 2572; x_wconf 85' lang='lat' dir='ltr'>versabat.</span> 
     </span>
    </p>

    <p class='ocr_par' dir='ltr' id='par_1_4' title="bbox 226 2584 1685 2908">
     <span class='ocr_line' id='line_1_39' title="bbox 321 2584 1685 2634; baseline -0.002 -13"><span class='ocrx_word' id='word_1_367' title='bbox 321 2588 374 2621; x_wconf 88' lang='grc'>10.</span> <span class='ocrx_word' id='word_1_368' title='bbox 421 2585 549 2620; x_wconf 83' lang='lat' dir='ltr'>Horum</span> <span class='ocrx_word' id='word_1_369' title='bbox 584 2598 685 2620; x_wconf 90' lang='lat' dir='ltr'>unum</span> <span class='ocrx_word' id='word_1_370' title='bbox 716 2591 813 2629; x_wconf 87' lang='lat' dir='ltr'>erat,</span> <span class='ocrx_word' id='word_1_371' title='bbox 843 2593 880 2621; x_wconf 90' lang='lat' dir='ltr'>et</span> <span class='ocrx_word' id='word_1_372' title='bbox 902 2587 1068 2634; x_wconf 79' lang='lat' dir='ltr'>profunde</span> <span class='ocrx_word' id='word_1_373' title='bbox 1109 2587 1244 2632; x_wconf 86' lang='lat' dir='ltr'>quidem</span> <span class='ocrx_word' id='word_1_374' title='bbox 1272 2586 1380 2621; x_wconf 84' lang='lat' dir='ltr'>animo</span> <span class='ocrx_word' id='word_1_375' title='bbox 1413 2584 1516 2618; x_wconf 78' lang='lat' dir='ltr'>fixum</span> <span class='ocrx_word' id='word_1_376' title='bbox 1540 2585 1685 2629; x_wconf 81' lang='lat' dir='ltr'>olimque</span> 
     </span>
     <span class='ocr_line' id='line_1_40' title="bbox 226 2629 1685 2678; baseline -0.003 -11"><span class='ocrx_word' id='word_1_377' title='bbox 226 2637 420 2672; x_wconf 84' lang='lat' dir='ltr'>versatum,</span> <span class='ocrx_word' id='word_1_378' title='bbox 443 2631 624 2676; x_wconf 80' lang='lat' dir='ltr'>expunctio</span> <span class='ocrx_word' id='word_1_379' title='bbox 646 2632 766 2677; x_wconf 85' lang='lat' dir='ltr'>pupilli</span> <span class='ocrx_word' id='word_1_380' title='bbox 779 2660 788 2673; x_wconf 91' lang='lat'>,</span> <span class='ocrx_word' id='word_1_381' title='bbox 811 2636 906 2667; x_wconf 85' lang='lat' dir='ltr'>cuius</span> <span class='ocrx_word' id='word_1_382' title='bbox 929 2633 1144 2678; x_wconf 77' lang='lat' dir='ltr'>cogitationis</span> <span class='ocrx_word' id='word_1_383' title='bbox 1165 2644 1210 2667; x_wconf 84' lang='lat' dir='ltr'>ex</span> <span class='ocrx_word' id='word_1_384' title='bbox 1232 2633 1394 2667; x_wconf 81' lang='lat' dir='ltr'>hactenus</span> <span class='ocrx_word' id='word_1_385' title='bbox 1417 2635 1590 2675; x_wconf 87' lang='lat' dir='ltr'>utcunque</span> <span class='ocrx_word' id='word_1_386' title='bbox 1611 2629 1685 2664; x_wconf 79' lang='lat' dir='ltr'>dis-</span> 
     </span>
     <span class='ocr_line' id='line_1_41' title="bbox 228 2674 1683 2725; baseline -0.002 -13"><span class='ocrx_word' id='word_1_387' title='bbox 228 2678 386 2713; x_wconf 77' lang='lat' dir='ltr'>simulata</span> <span class='ocrx_word' id='word_1_388' title='bbox 407 2678 442 2712; x_wconf 88' lang='lat' dir='ltr'>iu</span> <span class='ocrx_word' id='word_1_389' title='bbox 465 2689 550 2723; x_wconf 86' lang='lat' dir='ltr'>opus</span> <span class='ocrx_word' id='word_1_390' title='bbox 573 2682 727 2723; x_wconf 82' lang='lat' dir='ltr'>apertum</span> <span class='ocrx_word' id='word_1_391' title='bbox 750 2677 931 2723; x_wconf 84' lang='lat' dir='ltr'>aliquando</span> <span class='ocrx_word' id='word_1_392' title='bbox 954 2679 1179 2725; x_wconf 80' lang='lat' dir='ltr'>proferendae</span> <span class='ocrx_word' id='word_1_393' title='bbox 1201 2678 1404 2713; x_wconf 83' lang='lat' dir='ltr'>commodam</span> <span class='ocrx_word' id='word_1_394' title='bbox 1426 2687 1515 2710; x_wconf 79' lang='lat' dir='ltr'>nuno</span> <span class='ocrx_word' id='word_1_395' title='bbox 1536 2675 1602 2710; x_wconf 85' lang='lat' dir='ltr'>sibi</span> <span class='ocrx_word' id='word_1_396' title='bbox 1629 2674 1683 2709; x_wconf 84' lang='lat' dir='ltr'>vi—</span> 
     </span>
     <span class='ocr_line' id='line_1_42' title="bbox 227 2721 1685 2770; baseline -0.001 -12"><span class='ocrx_word' id='word_1_397' title='bbox 227 2724 374 2758; x_wconf 84' lang='lat' dir='ltr'>debatur</span> <span class='ocrx_word' id='word_1_398' title='bbox 402 2723 687 2769; x_wconf 78' lang='lat' dir='ltr'>opportunitatem</span> <span class='ocrx_word' id='word_1_399' title='bbox 719 2724 882 2770; x_wconf 89' lang='lat' dir='ltr'>temporis</span> <span class='ocrx_word' id='word_1_400' title='bbox 916 2731 1049 2760; x_wconf 85' lang='lat' dir='ltr'>nactus.</span> <span class='ocrx_word' id='word_1_401' title='bbox 1104 2725 1285 2760; x_wconf 80' lang='lat' dir='ltr'>absurdum</span> <span class='ocrx_word' id='word_1_402' title='bbox 1316 2729 1354 2758; x_wconf 88' lang='lat' dir='ltr'>et</span> <span class='ocrx_word' id='word_1_403' title='bbox 1376 2721 1685 2768; x_wconf 62' lang='lat' dir='ltr'>pen-incommodum</span> 
     </span>
     <span class='ocr_line' id='line_1_43' title="bbox 227 2766 1685 2817; baseline -0.002 -13"><span class='ocrx_word' id='word_1_404' title='bbox 227 2771 371 2814; x_wconf 78' lang='lat' dir='ltr'>putabat</span> <span class='ocrx_word' id='word_1_405' title='bbox 392 2771 576 2804; x_wconf 78' lang='lat' dir='ltr'>adhaerere</span> <span class='ocrx_word' id='word_1_406' title='bbox 597 2770 699 2804; x_wconf 89' lang='lat' dir='ltr'>istum</span> <span class='ocrx_word' id='word_1_407' title='bbox 722 2770 788 2804; x_wconf 86' lang='lat' dir='ltr'>sibi</span> <span class='ocrx_word' id='word_1_408' title='bbox 812 2781 952 2815; x_wconf 89' lang='lat' dir='ltr'>puerum</span> <span class='ocrx_word' id='word_1_409' title='bbox 974 2771 1107 2817; x_wconf 86' lang='lat' dir='ltr'>imperii</span> <span class='ocrx_word' id='word_1_410' title='bbox 1130 2773 1313 2815; x_wconf 83' lang='lat' dir='ltr'>collegam,</span> <span class='ocrx_word' id='word_1_411' title='bbox 1341 2780 1404 2803; x_wconf 84' lang='lat' dir='ltr'>nec</span> <span class='ocrx_word' id='word_1_412' title='bbox 1426 2766 1534 2812; x_wconf 83' lang='lat' dir='ltr'>magis</span> <span class='ocrx_word' id='word_1_413' title='bbox 1556 2768 1685 2802; x_wconf 80' lang='lat' dir='ltr'>tolera-</span> 
     </span>
     <span class='ocr_line' id='line_1_44' title="bbox 227 2815 1685 2863; baseline -0.002 -13"><span class='ocrx_word' id='word_1_414' title='bbox 227 2816 296 2850; x_wconf 89' lang='lat' dir='ltr'>bile</span> <span class='ocrx_word' id='word_1_415' title='bbox 314 2821 374 2850; x_wconf 88' lang='lat' dir='ltr'>aut</span> <span class='ocrx_word' id='word_1_416' title='bbox 396 2816 496 2850; x_wconf 82' lang='lat' dir='ltr'>facile</span> <span class='ocrx_word' id='word_1_417' title='bbox 521 2827 622 2862; x_wconf 85' lang='lat' dir='ltr'>quam</span> <span class='ocrx_word' id='word_1_418' title='bbox 655 2816 721 2850; x_wconf 87' lang='lat' dir='ltr'>duo</span> <span class='ocrx_word' id='word_1_419' title='bbox 745 2816 852 2861; x_wconf 90' lang='lat' dir='ltr'>(quod</span> <span class='ocrx_word' id='word_1_420' title='bbox 875 2816 988 2861; x_wconf 88' lang='lat' dir='ltr'>aiunt)</span> <span class='ocrx_word' id='word_1_421' title='bbox 1019 2818 1133 2863; x_wconf 86' lang='lat' dir='ltr'>capita</span> <span class='ocrx_word' id='word_1_422' title='bbox 1154 2827 1220 2851; x_wconf 90' lang='lat' dir='ltr'>uno</span> <span class='ocrx_word' id='word_1_423' title='bbox 1243 2817 1313 2860; x_wconf 78' lang='lat' dir='ltr'>tegi</span> <span class='ocrx_word' id='word_1_424' title='bbox 1336 2815 1434 2861; x_wconf 85' lang='lat' dir='ltr'>pileo.</span> <span class='ocrx_word' id='word_1_425' title='bbox 1481 2824 1559 2848; x_wconf 78' lang='lat' dir='ltr'>nam</span> <span class='ocrx_word' id='word_1_426' title='bbox 1580 2823 1685 2859; x_wconf 83' lang='lat' dir='ltr'>prae·-</span> 
     </span>
     <span class='ocr_line' id='line_1_45' title="bbox 227 2858 1685 2908; baseline -0.002 -12"><span class='ocrx_word' id='word_1_427' title='bbox 227 2867 382 2908; x_wconf 79' lang='lat' dir='ltr'>terquam</span> <span class='ocrx_word' id='word_1_428' title='bbox 405 2862 496 2908; x_wconf 85' lang='lat' dir='ltr'>quod</span> <span class='ocrx_word' id='word_1_429' title='bbox 525 2862 575 2897; x_wconf 86' lang='lat' dir='ltr'>sic</span> <span class='ocrx_word' id='word_1_430' title='bbox 607 2867 728 2897; x_wconf 79' lang='lat' dir='ltr'>nutare</span> <span class='ocrx_word' id='word_1_431' title='bbox 759 2873 802 2896; x_wconf 81' lang='lat' dir='ltr'>ac</span> <span class='ocrx_word' id='word_1_432' title='bbox 823 2861 956 2898; x_wconf 86' lang='lat' dir='ltr'>minime</span> <span class='ocrx_word' id='word_1_433' title='bbox 977 2862 1044 2898; x_wconf 88' lang='lat' dir='ltr'>sibi</span> <span class='ocrx_word' id='word_1_434' title='bbox 1067 2867 1196 2898; x_wconf 80' lang='lat' dir='ltr'>certum</span> <span class='ocrx_word' id='word_1_435' title='bbox 1214 2861 1429 2897; x_wconf 78' lang='lat' dir='ltr'>existimabat</span> <span class='ocrx_word' id='word_1_436' title='bbox 1459 2860 1534 2896; x_wconf 77' lang='lat' dir='ltr'>fore</span> <span class='ocrx_word' id='word_1_437' title='bbox 1555 2858 1685 2906; x_wconf 78' lang='lat' dir='ltr'>princi-</span> 
     </span>
    </p>
   </div>
  </div>
 </body>
</html>
