1884 3262
528 146 634 192 LIB.
662 144 740 191 ΙΙΙ,
791 142 1284 189 CHRONOLOGICUS.
1551 143 1652 190 759

191 255 272 319 2221
296 255 471 318 lffssfflssffit‘
502 250 670 316 ῐΜἺξΙ-ηὲἷξέ
773 253 962 292 Ioannem
978 252 1150 292 Veccum
1161 265 1257 305 prae
1274 252 1439 292 caeteris
1450 252 1657 293 reluctan-

261 310 270 318 '
297 307 476 360 'Greg.x.'
508 319 652 352 Palaeol.
716 316 797 349 tem
817 311 955 349 condit
970 310 1012 348 in
1033 323 1242 350 carcerem.
1273 323 1308 351 c.
1330 313 1398 352 1¹3.
1471 312 1476 316 ’

176 364 285 404 1273
392 365 420 403 2
559 359 612 401 14
770 368 997 406 Pertinaces
1010 367 1051 405 in
1069 366 1279 406 schismate
1288 367 1547 406 recusationis
1560 380 1654 405 suae

716 439 854 464 causas
872 425 913 463 in
931 424 1108 463 libellum
1125 423 1356 474 conficiunt,
1387 437 1505 475 quem
1525 425 1653 478 impe—

711 482 839 521 ratori
856 482 1040 520 offerunt.
1072 494 1105 522 c,
1131 480 1196 524 14.

768 538 956 578 Arsenius
975 538 1019 576 in
1037 538 1153 576 exilio
1176 537 1351 577 moritur
1371 540 1428 580 30
1451 537 1649 590 Septemb.

712 610 745 635 c.
765 599 834 638 20.

765 650 1059 705 Dyrrhachium
1079 650 1221 690 =subito
1251 656 1293 689 et
1316 650 1539 690 vehementi
1567 656 1653 690 ter-

709 722 777 748 rae
805 715 919 747 motu
948 712 1066 746 noete
1094 722 1176 746 una
1200 708 1422 747 destruitur
1448 707 1652 747 habitato-

709 767 819 805 ribus
837 765 1046 817 oppressis,
1076 767 1102 807 5
1131 769 1172 807 7.
1493 802 1499 809 ,

767 823 950 862 Affinitas
997 821 1250 873 imperatoris
1299 821 1502 873 designata
1556 835 1649 861 cum

709 880 885 932 principe
907 879 1066 917 Serbiae
1086 878 1346 917 disturbatur.
1376 879 1402 920 5
1432 882 1471 921 6.

763 936 1017 975 Andronicus
1040 935 1274 976 adsciscitur
1292 949 1314 972 a
1327 941 1441 987 patre
1461 936 1503 974 in
1523 935 1646 974 colle-

706 1007 793 1044 gam
812 992 991 1044 imperii‚
1020 998 1063 1031 et
1079 1005 1172 1031 cum
1188 992 1305 1031 Anna
1324 1005 1452 1032 uxore
1475 1006 1646 1032 corona-

706 1056 784 1089 tur.
814 1050 842 1092 4
874 1052 938 1091 19.

761 1106 980 1157 Imperator
991 1104 1222 1143 affinitatem
1235 1110 1275 1142 et
1289 1104 1428 1143 foedus
1439 1104 1644 1143 contrahit

707 1175 798 1202 cum
814 1162 921 1214 Noga
944 1161 1216 1200 Tocharorum
1234 1161 1425 1214 principe,
1455 1161 1549 1199 data
1569 1162 1644 1213 ipsi

706 1220 748 1258 in
758 1232 927 1258 uxorem
940 1217 1201 1270 Euphrosyne
1213 1232 1285 1257 sua
1303 1218 1383 1256 filia
1404 1217 1543 1260 notha,
1564 1219 1589 1259 5
1603 1218 1643 1258 4.

764 1276 945 1314 Pontifex
983 1282 1172 1313 exoratus
1207 1288 1229 1312 a
1266 1275 1425 1313 Graecis
1456 1275 1643 1313 Carolum

708 1333 860 1370 Siciliae
890 1345 1020 1383 regem
1048 1331 1214 1384 impedit
1235 1332 1283 1370 ab
1308 1331 1514 1371 inserendo
1535 1332 1644 1371 Con-

708 1389 1096 1442 stantinopol.be110.
1126 1390 1152 1431 5
1181 1392 1250 1431 26.

170 1491 278 1534 1274
378 1494 403 1532 3
553 1493 605 1536 15
763 1504 929 1542 Ioannes
950 1502 1101 1540 Veccus
1124 1502 1235 1540 lectis
1256 1502 1463 1554 diligenter
1481 1507 1642 1554 patrum
1664 1507 1693 1544 P
1714 1508 1784 1545 538

706 1561 861 1612 scriptis
891 1566 931 1598 et
958 1559 1227 1598 ecclesiasticis
1252 1560 1517 1598 monumentis
1534 1558 1643 1597 schi-

705 1618 907 1656 smaticam
936 1616 1172 1654 sententiam
1201 1616 1310 1655 ultro
1331 1617 1508 1668 deponit,
1539 1616 1641 1655 etin

703 1673 957 1726 procuranda
979 1673 1230 1712 ecclesiarum
1250 1673 1462 1712 concordia
1480 1679 1640 1712 strenue

701 1731 932 1784 imperatori
955 1736 1208 1782 cooperatur.
1237 1731 1263 1772 5
1296 1731 1359 1773 15.

757 1787 1004 1827 Schismatici
1022 1786 1188 1839 Iosepho
1201 1786 1452 1839 patriarchae
1469 1799 1638 1838 persua-

702 1846 798 1888 dent
824 1851 872 1884 ut
907 1845 1055 1898 scripto
1075 1844 1234 1896 publico
1260 1844 1455 1893 declaret,
1483 1844 1638 1882 iureiu-

697 1902 825 1941 rando
855 1901 1111 1954 interposito,
1140 1914 1181 1939 se
1206 1914 1414 1952 nunquam
1436 1901 1479 1939 in
1497 1913 1635 1953 pacem

696 1959 946 1999 ecclesiarum
967 1972 1262 1997 consensurum.
1289 1959 1314 2000 5
1347 1961 1413 2000 16.

752 2017 973 2069 Imperator
987 2029 1128 2067 magna
1146 2015 1499 2053 ecclesiasticorum
1517 2018 1633 2066 parte

695 2075 740 2111 in
760 2087 872 2111 suam
891 2073 1125 2110 sententiam
1146 2077 1317 2110 attracta
1329 2102 1340 2121 ,
1370 2072 1514 2122 legatos
1533 2071 1632 2109 mit-

694 2132 746 2169 tit
762 2131 930 2169 Romam
959 2129 1010 2167 ad
1030 2142 1168 2180 pacem
1194 2128 1445 2167 ecclesiarum
1464 2141 1629 2180 compo-

696 2187 878 2237 nendam,
898 2200 988 2225 cum
1006 2185 1234 2238 patriarcha
1251 2186 1307 2225 ita
1322 2185 1481 2224 interim
1491 2190 1629 2223 trans-

695 2245 827 2296 igens,
855 2249 904 2283 ut
935 2244 1018 2294 ipse
1044 2242 1302 2294 patriarchali
1335 2242 1479 2293 palatio
1508 2254 1628 2280 exce-

696 2302 829 2352 deret,
868 2300 1068 2354 pollicitus
1103 2299 1219 2338 etiam
1250 2313 1290 2338 se
1317 2299 1466 2338 throno
1495 2312 1630 2337 cessu-

693 2372 784 2397 rum
799 2387 810 2408 ‚
839 2358 871 2396 si
895 2357 945 2396 de
966 2370 1063 2410 pace
1090 2370 1180 2396 cum
1207 2371 1309 2410 papa
1334 2358 1628 2397 conveniretur.

695 2417 721 2457 5
748 2418 800 2457 17
818 2421 859 2453 et
879 2419 947 2457 21.

749 2472 909 2524 Eulogia
937 2485 1051 2510 soror
1075 2469 1326 2523 imperatoris
1353 2470 1467 2509 enixe
1490 2471 1627 2510 favens

693 2528 949 2568 schismaticis
980 2543 1003 2566 a
1033 2529 1159 2566 fratre
1193 2529 1408 2577 avertitur,
1453 2527 1561 2578 quod
1593 2526 1625 2564 is

694 2599 829 2638 pacem
865 2585 1116 2624 ecclesiarum
1153 2591 1426 2637 promoveret3
1472 2597 1518 2621 ac
1553 2595 1625 2634 per

691 2643 813 2682 filiam
834 2642 1001 2682 Mariam
1031 2643 1335 2681 Constantinum
1365 2641 1624 2692 Bulgarorum

465 2656 474 2859 Ι
652 2656 662 2863 Ι
691 2713 821 2752 regem
839 2700 882 2739 in
901 2713 990 2739 eum
1010 2698 1194 2741 concitat.
1223 2700 1248 2740 5
1278 2702 1318 2748 3,
1340 2704 1379 2736 et
1399 2700 1424 2739 6
1450 2701 1486 2740 1.

747 2757 879 2809 Legati
906 2757 1155 2809 imperatoris
1193 2762 1351 2794 mutuos
1378 2768 1401 2792 a
1432 2752 1621 2804 Gregorio

687 2815 875 2868 pontifice
890 2814 1037 2868 legatos
1052 2814 1290 2853 adducentes
1309 2818 1501 2852 autumno
1513 2811 1621 2848 Con-
