1884 3262
458 201 533 245 DE
563 200 841 244 MIGHAELE
871 199 1247 244 PALAEOLOGO
1276 201 1324 243 L.
1352 200 1430 244 IV.
1571 198 1668 245 313

197 315 414 373 στρατείας
432 314 586 368 αἴτιον,
623 313 679 365 ὥς
709 315 777 357 καὶ
804 318 928 358 τοῦτο
951 311 1128 369 αὐτὸς-ὅ
1150 313 1346 368 βασιλεῦς
1364 309 1584 369 ὁμολόγει,
1620 312 1670 356 τὸ

198 386 400 441 συρραγέν
423 386 576 439 σχίσμα
602 388 676 438 τῆς
700 384 941 439 ἐκκλησίας,
979 384 1047 425 καὶ
1070 382 1116 426 τό
1143 382 1249 426 πολὺ
1270 387 1354 426 τῶν
1376 380 1671 428 &mnodum

198 454 458 513 ῥακενδυτῶν
490 471 534 496 τε
565 454 632 495 καὶ
669 450 941 509 σακκοφόρων
973 456 1159 506 πλῆθος,
1203 453 1270 494 καὶ
1309 449 1330 495 ὅ
1357 451 1486 502 πολῦς
1511 452 1672 495 ε’κείνων

199 523 381 581 φορυτὸς
408 527 492 566 τῶν
522 524 577 572 εἷς
603 521 730 564 αὐτὸν
758 518 1108 576 κατηγορημάτων
1121 552 1134 571 ,
1176 515 1290 575 καὶὴ
1316 521 1422 577 πρὸς
1440 525 1574 563 ταῦτα
1593 524 1670 564 τοῦ

166 592 399 647 ὄβασιλέως
420 593 547 634 δειλία
567 592 642 645 τὴν
661 591 918 634 ἀποστασίαν
936 586 1253 638 ὕποπτεύοντος.
1325 589 1374 632 οὗ
1398 589 1476 645 γὰρ
1495 584 1546 644 ἦν
1566 587 1672 643 ἥσυ-

194 659 330 717 χοῖζειν
352 659 504 710 αὐτούς
515 693 529 713 ,
566 659 661 702 ἀλλ’
681 658 955 713 εἶσδυσμίνοις
971 658 1047 707 τὰς
1063 661 1144 700 τῶν
1164 654 1401 713 ἀνθρώπων
1422 660 1551 708 οἰκίας
1567 659 1665 716 σφί-
1688 666 1720 701 C

199 747 263 773 σιν
283 725 334 786 ἦν
358 731 400 772 ἐκ
422 729 639 786 προχείρου
667 730 860 783 συνείρειν
881 727 934 769 τοὶ
957 726 1089 770 πολλὰ
1121 726 1228 768 κατὰ
1257 726 1483 779 βασιλέως,
1518 725 1574 776 ὥς
1596 727 1670 770 τὸν

197 797 454 854 κληρονόμον
471 795 709 852 ἀδικήσειεν,
747 795 803 847 ὥς
821 794 1016 847 ἐξελάσειε
1035 799 1111 839 τοῦ
1130 793 1288 851 θρόνου
1305 795 1378 839 τὸν
1397 794 1669 852 πατριάρχην.

200 867 298 910 ἀλλ’
324 868 362 910 οἶ
388 866 523 923 ὅρκοι,
562 866 659 909 ἀλλ’
687 866 731 909 αἱ
750 869 979 922 συνθῆκαι,
1016 863 1123 908 ἀλλὰ
1152 864 1199 907 τὸ
1231 866 1298 906 καὶ
1331 862 1407 917 τό,
1445 862 1506 914 οἷς
1528 866 1670 908 ἐκεῖνοι

146 955 189 988 10
198 929 273 991 μὲν
293 938 535 993 πορίζεσθαι
556 934 685 990 εἶχον,
719 939 890 977 πλεῖστοι
912 940 996 978 τῶν
1031 930 1265 976 ἀκουόντων
1292 931 1671 988 ἀπολαμβάνοντες,

199 1006 270 1060 ε’μὲ
289 1007 357 1057 δέ,
394 1005 544 1062 φησίν,
583 1004 622 1046 οἶ
652 1001 776 1060 φόβοι
808 1004 875 1045 καὶ
908 1004 952 1047 αἱ
981 1004 1124 1046 δειλίαι
1147 1005 1428 1057 περίίσταντο,
1465 1002 1523 1057 μὴ
1542 1003 1614 1046 καί
1630 1019 1671 1045 τι

196 1078 281 1117 τῶν
313 1071 557 1128 ἀβουλήτων
585 1074 886 1129 νεωτερισθείη.
959 1074 1002 1123 ἐξ
1034 1065 1090 1116 ὧν
1113 1072 1354 1124 συνέβαινον
1379 1069 1584 1126 ὑποψίαι,
1621 1070 1672 1121 ἃς

197 1140 352 1198 ἀνάγκη
372 1139 680 1199 φυλαττόμενον
701 1141 1015 1184 ἀποκεκλεῖσθαι
1036 1142 1102 1184 καὶ
1126 1139 1290 1196 ἠρεμεῖν
1300 1172 1314 1193 ,
1347 1140 1396 1184 τὸ
1414 1140 1520 1183 καθ’
1543 1138 1668 1183 αὗτὸν
1691 1152 1725 1188 1)

197 1215 494 1266 πολυωροῦντα
521 1212 588 1252 καὶ
614 1210 666 1253 τὰ
688 1214 771 1253 τῶν
791 1209 1043 1267 πραγμάτων
1069 1216 1156 1259 τοῖς
1177 1213 1370 1263 τυχοῦσιν
1389 1208 1671 1265 ἐπιτρέποντα.

145 1293 187 1328 15
198 1279 322 1323 ταῦτ’
347 1279 454 1335 ἔλεγε
478 1280 553 1334 μὲν
574 1278 748 1334 ὕστερον
767 1277 788 1322 ὁ
818 1284 980 1335 κρατῶν
1008 1278 1112 1335 πρὸς
1128 1277 1199 1321 τὸν
1216 1278 1523 1333 Ἀλεξανδρείας
1537 1278 1672 1320 Ἀθα-

198 1346 342 1392 νιίσιον
358 1381 370 1400 ,
409 1346 466 1398 ὥς
485 1348 611 1398 αὐτὸς
637 1346 736 1402 ἡμῖν
762 1347 1022 1405 ἀπήγγειλεν,
1062 1347 1128 1391 ὅτε
1150 1347 1286 1390 συνὼν
1306 1346 1488 1396 κάκεῖνος
1514 1348 1577 1389 ἐπὶ
1597 1350 1672 1402 τῆς

198 1418 462 1472 ἐκστρατείας
480 1417 586 1459 κατὰ
605 1420 881 1472 παραμυθίαν
898 1421 957 1474 τῷ
980 1420 1148 1470 βασιλεῖ
1162 1414 1271 1471 ἑώρα
1292 1417 1367 1468 μὲν
1390 1415 1467 1465 τὰς
1485 1420 1568 1458 τῶν
1585 1433 1673 1470 χω-

201 1490 284 1543 ρῶν
302 1485 432 1543 πέραν
448 1489 522 1528 τοῦ
548 1483 789 1544 Σαγγάρεως
811 1484 1047 1545 ἓρημώσεις,
1085 1482 1286 1540 κατήκουε
1307 1485 1352 1527 δὲ
1370 1489 1454 1527 τῶν
1473 1482 1673 1528 τοιούτων

199 1720 247 1754 tis
282 1723 488 1765 susceptam.
535 1731 610 1754 cum
640 1719 728 1755 enim
756 1719 895 1754 timeret
925 1731 968 1754 ne
1003 1721 1100 1754 tanta
1130 1717 1291 1753 colluvies
1325 1716 1486 1752 claustris
1508 1727 1668 1762 egresso-

197 1778 273 1801 rum
307 1777 450 1800 excusso
488 1765 568 1811 iugo
605 1766 809 1812 disciplinae
839 1766 1107 1812 vagantiumque
1142 1775 1416 1811 quoquoversum
1446 1775 1672 1809 pannosorum

197 1813 409 1858 quorundam
433 1815 470 1847 et
491 1811 601 1847 saccis
624 1812 769 1847 cilicinis
792 1813 1021 1854 horrentium,
1043 1811 1281 1846 insinuantium
1305 1822 1343 1845 se
1366 1810 1496 1852 obviis,
1520 1810 1677 1844 domnum

196 1859 316 1893 intima
350 1858 622 1904 penetrantium,
657 1866 783 1894 cuncta
812 1859 1019 1904 implentium
1054 1857 1375 1892 murmurationibus
1405 1857 1439 1890 in
1475 1855 1676 1901 principem,

199 1904 396 1950 passimque
427 1904 684 1939 invidiosissime
714 1905 961 1940 criminantium
995 1906 1038 1940 ab
1070 1905 1129 1939 illo
1161 1910 1278 1938 tutore
1300 1902 1589 1947 circumscriptum
1612 1914 1677 1947 op-

197 1962 419 1996 pressumque
442 1951 573 1984 nefarie
608 1947 789 1997 pupillum,
819 1953 864 1986 ab
895 1953 1014 1986 eodem
1043 1952 1170 1986 avitam
1204 1950 1417 1995 patriamque
1449 1949 1675 1983 hereditatem

197 1997 334 2041 imperii
365 1996 517 2043 legitimo
551 1999 743 2032 successori
775 2003 810 2033 et
845 1997 1035 2043 possessori
1070 1997 1215 2041 Augusti
1249 1996 1319 2031 filio
1353 1996 1579 2030 interversam
1610 1995 1676 2028 ini·

198 2042 381 2088 quissime,
416 2043 469 2077 his
493 2042 640 2077 additam
673 2044 871 2079 eiectionem
903 2044 940 2078 in
962 2044 1097 2078 exilium
1121 2043 1294 2077 deturbati
1316 2042 1359 2076 de
1377 2043 1500 2075 throno
1525 2041 1675 2086 patriar-

198 2090 305 2132 chae,
330 2094 520 2134 cunctaque
542 2088 610 2123 ista
634 2090 784 2134 periurio
806 2090 1019 2136 perfidiaque
1052 2091 1223 2124 cumulata
1247 2090 1290 2123 ab
1315 2100 1355 2122 eo
1379 2087 1437 2133 qui
1460 2086 1549 2120 nullo
1572 2086 1675 2120 iuris-

197 2134 333 2168 iurandi
356 2146 425 2181 quo
449 2147 488 2169 se
515 2135 777 2177 obstrinxisset,
806 2138 982 2172 foederum
1017 2148 1106 2182 quae
1140 2135 1309 2170 sanxisset
1338 2138 1496 2178 respectu
1529 2132 1614 2165 haec
1637 2136 1674 2166 et

198 2180 260 2214 illa
282 2181 446 2225 (plurima
469 2181 664 2225 singillatim
690 2184 964 2228 exaggerabant)
989 2187 1214 2223 attentasset,
1239 2185 1343 2226 atque
1366 2180 1418 2212 bis
1441 2178 1543 2222 vulgo
1567 2178 1672 2224 plau-

199 2225 356 2261 sibilibus
379 2227 591 2271 populariter
613 2228 832 2263 buccinandis
855 2229 1103 2273 emungentium
1127 2227 1269 2274 pecunia
1292 2226 1462 2260 credulam
1480 2224 1612 2269 plebem
1635 2228 1673 2258 et

198 2272 315 2316 largas
339 2273 592 2306 corradentium
615 2275 779 2318 praedas,
813 2288 882 2321 quo
914 2276 1022 2309 minus
1051 2275 1126 2309 illos
1147 2273 1336 2307 abstituros
1359 2276 1428 2305 tam
1450 2270 1529 2304 utili
1551 2269 1672 2315 priva-

199 2317 261 2351 tim
294 2325 416 2363 coepto
454 2324 531 2352 erat
564 2319 931 2362 verisimile‚-cum,
948 2316 1124 2367 inquam,
1156 2320 1241 2353 baec
1271 2317 1464 2362 intelligens
1497 2318 1672 2361 Angustus

197 2363 400 2397 formidaret
421 2375 464 2397 ne
487 2370 558 2398 tam
580 2365 834 2400 vehementibus
855 2367 1060 2402 seditionum
1092 2364 1213 2400 flabris
1247 2370 1390 2409 apertae
1420 2362 1612 2397 rebellionis
1635 2366 1673 2396 et

198 2409 280 2443 belli
313 2409 426 2443 civilis
448 2409 661 2453 incendium,
694 2413 882 2455 aegerrime
911 2420 1031 2458 postea
1064 2411 1358 2455 restinguendum,
1389 2409 1671 2450 inflammaretur,

199 2456 244 2490 ad
277 2455 503 2490 necessariam
535 2458 812 2501 praecautionem
846 2459 923 2493 mali
945 2459 1054 2501 tanti,
1088 2464 1191 2502 atque
1219 2457 1263 2491 ad
1294 2457 1534 2502 explorandam
1557 2455 1674 2500 inspe-

198 2501 313 2536 ctione
344 2501 518 2547 praesenti
549 2514 666 2537 eorum
699 2503 801 2538 fidem
834 2506 958 2550 quibus
988 2516 1054 2538 non
1086 2503 1174 2538 satis
1203 2503 1268 2538 sibi
1300 2502 1492 2548 perspectis
1516 2512 1613 2536 arces
1637 2505 1675 2534 et

198 2548 392 2593 provincias
417 2547 649 2590 commiserat,
669 2548 771 2584 istam
794 2561 832 2583 se
858 2551 1099 2595 profectionem
1121 2549 1314 2595 suscepisse
1337 2549 1460 2583 deinde
1484 2546 1676 2581 declaravit

198 2595 343 2639 ipsemet
375 2594 534 2628 familiari
568 2605 723 2629 sermone
755 2597 944 2630 Athanasio
969 2596 1195 2630 Alexandrino
1218 2595 1457 2641 patriarchae,
1489 2594 1579 2633 illius
1603 2598 1676 2626 tum

110 2646 115 2650 ’
167 2663 172 2669 .
198 2640 267 2685 ipsi
287 2640 366 2674 viae
390 2641 525 2681 comiti,
550 2641 761 2676 confidenter
782 2642 859 2677 viro
883 2642 947 2676 tali
967 2654 1047 2677 suas
1083 2643 1184 2677 animi
1208 2641 1440 2686 aegritudines
1464 2646 1500 2674 et
1523 2651 1589 2673 non
1611 2650 1678 2671 va-

198 2697 261 2720 nos
293 2691 404 2721 metus
438 2686 718 2732 suspicionesque
740 2688 922 2733 aperiens,
951 2700 1038 2734 quas
1063 2689 1123 2723 ille
1155 2689 1293 2722 audiens
1316 2699 1380 2721 non
1405 2686 1584 2720 omittebat
1606 2695 1676 2729 qua

199 2727 341 2776 poterat
371 2732 602 2767 consolatione
626 2733 782 2770 delinire.
828 2746 931 2780 porro
964 2747 1007 2769 ex
1029 2735 1096 2770 isto
1127 2735 1205 2780 ipso
1229 2746 1292 2769 nos
1314 2734 1400 2768 haec
1424 2733 1542 2766 eadem
1566 2731 1678 2764 Atha-

200 2777 320 2819 nasio,
350 2778 467 2814 audita
498 2783 568 2812 tum
601 2779 668 2813 sibi
701 2784 824 2824 postea
854 2782 1047 2822 referente,
1086 2781 1314 2826 cognovimus.
1363 2779 1579 2822 addebatque
1608 2776 1679 2810 ista

200 2823 378 2859 occasione
408 2837 448 2860 se
479 2825 586 2860 oculis
615 2836 800 2872 usurpasse
822 2826 1045 2862 miserrimum
1067 2827 1169 2873 plane
1199 2839 1240 2862 ac
1262 2825 1477 2861 meritissimo
1503 2821 1678 2869 praesenti
