1884 3262
494 208 570 250 DE
603 206 882 250 mmHAELE
913 206 1289 252 PALAEOLOGO
1322 208 1369 251 L.
1401 208 1457 252 v.
1557 187 1565 193 ’
1612 206 1709 253 343

241 317 527 378 πρεσβείνεται,
574 318 895 377 ὑπισχνούμενος
929 323 986 372 εἷς
1021 324 1149 378 κῆδος
1187 322 1322 380 ἐκείνῳ
1359 323 1504 365 δοῦναι
1534 322 1602 364 καὶ
1633 321 1709 377 τὴν

240 390 463 446 ἀδελφιδῆν
505 388 656 433 ἑαυτοῦ
696 392 874 449 Μαρίαν
908 390 984 446 τὴν
1016 395 1099 434 τῶν
1126 391 1370 447 θυγατέρων
1398 395 1474 446 τῆς
1502 390 1705 447 Εὖλογίας
1727 398 1757 433 Β

239 458 453 515 δευτέραν,
488 453 516 516 ᾗ
539 460 590 513 δὴ
611 457 779 518 συνῴκει
798 460 845 503 τὸ
867 457 1066 516 πρότερον
1097 457 1122 502 ὅ
1149 463 1279 515 Φιλῆς
1294 459 1470 511 Ἀλέξιος
1490 461 1558 502 καὶ
1578 460 1704 516 με’γας

207 582 211 584 .
237 528 490 580 δομὲστικος.
561 530 627 570 καὶ
652 528 703 583 δὴ
722 532 804 571 τῶν
825 526 958 585 ὅρκων
984 526 1230 584 προβάντων
1253 526 1307 578 ὥς
1331 526 1703 583 συλλαμβάνεσθαι

204 593 400 647 5τούτοις
425 598 492 639 καὶ
513 596 806 653 Μεσέμβρειαν
836 598 903 639 καὶ
924 595 1135 651 Ἀγχίαλον
1172 597 1349 655 (ἐκείνου
1373 597 1450 654 γὰρ
1475 596 1605 648 οὔσας
1625 615 1703 640 κα-

235 672 398 721 τασχεῖν
426 666 623 719 βασιλέα,
654 667 721 708 καὶ
751 660 877 716 αὖθις
905 664 1019 716 ἄξιον
1045 663 1145 707 εἶναι
1164 665 1236 708 τὸν
1255 667 1349 722 πρὶν
1370 665 1516 721 Ξῇζοντα
1535 664 1703 720 λαμβά-

233 750 315 776 νειν
347 733 478 784 αὐτὰς
512 735 574 776 ἐπὶ
607 738 665 792 τῷ
686 733 941 792 γενησομένῳ
961 732 1017 784 ὥς
1036 741 1185 790 προῖκα
1203 731 1339 789 κήδει)
1376 732 1397 777 ὃ
1420 735 1495 788 μὲν
1509 734 1702 788 βασιλεὺς

232 802 285 844 τὰ
310 803 385 856 μὲν
413 807 487 846 τοῦ
516 801 666 858 κήδους
693 800 871 858 ἐπλήρου
902 800 958 853 ὦς
985 804 1076 845 λίαν
1112 803 1338 860 φιλοτίμως
1365 804 1432 845 καὶ
1461 807 1697 857 βασιλικῶς.
1725 818 1755 852 c

233 869 412 927 συνεξῄει
432 871 510 927 γὰρ
538 875 590 928 τῇ
615 871 989 929 νυμφευθησομένῃ
1010 870 1134 921 αὐτὸς
1152 871 1346 925 βασιλεὺς
1364 872 1431 914 καὶ
1454 869 1476 915 ὅ
1493 869 1699 929 πατριάρ-

179 945 222 978 10
229 956 308 994 χης
316 972 330 992 ‚
367 939 445 982 κάν
465 941 680 1000 Σηλυβρίᾳ
698 937 922 996 γενόμενοι,
959 941 1082 983 ἐκεῖσε
1112 942 1373 990 δεσποινικῶς
1388 938 1699 995 μετασκευασά-

229 1025 345 1062 μενοι
372 1008 447 1062 τὴν
477 1009 534 1058 εἷς
561 1005 693 1064 γάμον
720 1008 981 1063 πεμπομένην
1002 1013 1061 1067 τῷ
1082 1010 1409 1067 Κωνσταντίνῳ,
1450 1009 1602 1065 ἐκείνην
1623 1010 1698 1064 μὲν

229 1073 309 1118 ὑπὸ
333 1078 500 1133 πλείστῃ
520 1077 748 1136 δορυφορίᾳ
767 1077 870 1132 πρὸς
886 1077 1034 1119 ἐκεῖνον
1054 1076 1254 1129 ἀπέλυον,
1292 1076 1411 1119 αὐτοὶ
1435 1077 1477 1119 δ’
1501 1075 1700 1134 ὖπέστρε-

228 1161 323 1201 (pov.
395 1146 462 1187 καὶ
494 1143 546 1187 τὰ
579 1145 653 1198 μὲν
682 1148 757 1187 τοῦ
785 1142 936 1200 κήδους
966 1143 1136 1195 οὕτως-ὅ
1153 1145 1343 1199 βασιλεῦς
1361 1142 1607 1202 ἐξεπλήρου,
1645 1146 1698 1188 τὰ

227 1213 274 1255 δὲ
294 1214 384 1268 περὶ
406 1212 481 1262 τὰς
504 1210 639 1263 πόλεις
658 1210 903 1267 ἀνεβάλλετο
913 1246 927 1266 ,
966 1221 1057 1263 ταῖς
1079 1214 1154 1268 μὲν
1183 1213 1399 1269 ἀληθείαις
1419 1214 1537 1264 εἰδώς
1559 1216 1696 1257 ἐντεῦ-

174 1289 215 1324 15
227 1285 303 1323 θεν
327 1273 741 1339 παραιρεθησομὲνην
762 1281 836 1336 τὴν
854 1280 1062 1337 Ῥωμα”ι’”δα
1085 1282 1136 1325 τὰ
1157 1280 1379 1339 κράτιστα,
1412 1287 1472 1341 τῷ
1500 1283 1545 1325 δὲ
1569 1285 1693 1326 Κων-
1715 1294 1748 1329 D

226 1351 430 1408 σταντίνῳ
462 1348 691 1408 προφάσεις
722 1349 943 1393 ἐπλάττετο
982 1348 1188 1402 πιθανός,
1233 1350 1362 1400 ι’ίλλας
1390 1367 1433 1393 τε
1463 1353 1532 1393 καὶ
1562 1351 1609 1394 τὸ
1633 1351 1692 1407 μὴ

224 1417 326 1472 ἔχειν
354 1417 509 1467 εὐθέως
536 1420 704 1470 δοῦναι,
739 1417 799 1473 μὴ
827 1423 910 1462 τῶν
936 1419 1109 1461 ἐποίκων
1137 1419 1473 1472 καταδεχομένων
1499 1423 1583 1461 τῶν
1615 1417 1695 1462 πό-

224 1489 350 1528 λεων·
382 1483 611 1539 Ῥωμανίας
637 1485 715 1542 γὰρ
745 1485 844 1529 εἶναι
870 1486 995 1543 με’ρος
1020 1487 1173 1536 ε’κείνας
1193 1488 1259 1528 καὶ
1275 1485 1502 1541 Ῥωμαίους
1522 1484 1688 1540 αὐτούς,

222 1554 279 1610 μὴ
315 1552 415 1596 εἶναι
446 1554 490 1596 δ’
524 1553 690 1611 εὔλογον
716 1552 941 1609 Ῥωμαίους
969 1553 1050 1598 ὑπὸ
1078 1553 1307 1613 Βουλγάρῳ
1326 1558 1466 1599 τελεῖν.
1538 1555 1587 1599 οὗ
1605 1555 1689 1612 μὴν
1710 1563 1740 1598 P
1763 1566 1830 1601 235

168 1622 268 1666 ‘2015'
291 1623 332 1672 ἐς
349 1623 462 1672 τέλος
482 1621 646 1679 ἄπέλεγε
664 1623 738 1677 τὴν
761 1621 875 1668 δόσιν
897 1622 919 1667 ὅ
938 1621 1145 1678 βασιλεύς,
1184 1623 1290 1666 ἀλλὰ
1310 1622 1578 1681 προσανήρτα
1598 1642 1688 1668 και-

222 1691 295 1748 ρὸν
323 1691 396 1734 τὸν
426 1695 502 1746 τῆς
530 1693 782 1748 τεκνογονίας
809 1695 963 1749 δῆθεν,
1004 1691 1060 1743 ὥς
1091 1692 1141 1735 ἂν
1169 1694 1236 1735 καὶ
1265 1691 1520 1750 κληρονόμου
1550 1691 1688 1754 τούτῳ

313 1802 368 1836 19.
389 1798 613 1847 Βουλγᾶρων
633 1801 676 1836 Ρ.

217 1894 252 1927 in
275 1903 436 1938 sponsam
457 1904 494 1927 se
511 1892 563 1927 illi
584 1892 741 1927 daturum
763 1893 936 1938 propriam
959 1896 1114 1938 neptem,
1138 1894 1305 1939 Eulogiae
1327 1906 1410 1929 suae
1433 1892 1559 1928 sororis
1582 1893 1686 1927 filiam

217 1938 366 1973 secundo
387 1939 536 1983 genitam
558 1938 724 1982 Mariam,
749 1950 850 1984 quam
873 1939 969 1984 prius
991 1940 1024 1973 in
1048 1940 1260 1976 matrimonio
1284 1941 1451 1975 habuerat
1471 1940 1686 1981 PhilesAle-

216 1984 293 2019 xius
315 1996 456 2029 magnus
477 1984 693 2020 domesticus.
739 1985 929 2030 processit,
959 1986 1182 2021 Constantino
1207 1993 1395 2031 annuente,
1431 1989 1600 2020 tractatus
1624 1996 1684 2019 us-

216 2042 283 2076 que
305 2031 348 2064 ad
373 2031 624 2065 conventionem
647 2030 796 2067 foederis
822 2031 945 2065 sanciti
973 2031 1191 2075 iuramentis,
1221 2045 1310 2078 quae
1341 2033 1500 2068 distincte
1528 2043 1684 2076 compre-

214 2076 400 2111 henderent
422 2076 668 2111 Mcsembream
691 2082 728 2111 et
749 2077 954 2119 Anchialum,
978 2078 1022 2112 ad
1041 2078 1256 2113 Constantini
1278 2079 1397 2124 utique
1419 2078 1576 2112 ditionem
1602 2088 1682 2121 per-

213 2122 362 2157 tinentes
389 2123 513 2165 urbes,
551 2123 614 2157 sed
645 2123 810 2157 hactenus
849 2131 1034 2168 occupatas
1065 2125 1109 2158 ab
1138 2125 1360 2169 imperatore,
1408 2134 1493 2169 quas
1528 2122 1682 2168 utrisque

216 2172 288 2201 tum
311 2169 419 2202 visum
444 2173 498 2203 est
519 2180 664 2212 aequum
687 2180 763 2204 esse
786 2171 874 2204 bona
897 2170 966 2204 fide
988 2169 1085 2204 reddi
1109 2171 1249 2216 antiquo
1282 2169 1470 2214 possessori
1501 2172 1536 2202 et
1568 2167 1680 2212 impu-

214 2213 284 2247 tari
304 2213 339 2247 in
361 2218 492 2259 partem
516 2214 606 2248 dotis
628 2226 738 2249 novae
761 2226 919 2260 sponsae.
964 2216 1017 2250 his
1041 2215 1118 2250 hinc
1142 2216 1333 2262 promissis,
1366 2216 1458 2249 illinc
1492 2213 1678 2259 stipulatus,

213 2259 399 2304 imperator
431 2259 664 2294 deductionem
694 2272 840 2306 sponsae
873 2261 1050 2296 ambitiose
1074 2273 1115 2296 ac
1137 2262 1233 2305 regia
1255 2262 1356 2306 plane
1379 2271 1502 2306 pompa
1525 2260 1679 2293 celebra-

213 2305 286 2347 vit,
317 2304 394 2351 ipse
427 2306 698 2350 proficiscentem
731 2307 905 2342 mulierem
937 2319 1011 2342 cum
1043 2307 1238 2352 patriarcha
1273 2307 1453 2341 comitatus
1486 2304 1678 2348 sely-briam

211 2362 336 2396 usque,
355 2351 500 2396 indeque
521 2351 614 2385 illam
637 2352 680 2386 ad
704 2353 962 2388 Constantinum
985 2353 1158 2398 frequenti
1182 2364 1224 2387 ao
1245 2353 1393 2397 superbo
1413 2351 1574 2386 satellitio
1595 2361 1679 2395 per-

212 2396 401 2431 ducendam
423 2408 564 2438 curans,
597 2408 637 2431 ac
660 2397 711 2432 sic
733 2398 1060 2444 Constantinopolim
1084 2409 1244 2432 reversus
1268 2404 1410 2432 eatenus
1432 2398 1531 2432 fidem
1555 2401 1677 2442 pacto-

210 2454 285 2477 rum
316 2442 500 2488 imperator
529 2442 711 2488 praestitit.
758 2455 835 2479 nam
858 2445 948 2491 quod
972 2444 1211 2490 promissarum
1235 2443 1405 2478 attinebat
1425 2442 1675 2477 restitutionem

211 2487 367 2530 urbium,
403 2488 440 2522 in
472 2500 515 2523 ea
544 2500 611 2522 non
640 2490 864 2525 festinandum
888 2494 982 2525 ratus
1004 2490 1118 2524 varios
1141 2489 1214 2524 eius
1237 2489 1448 2524 differendae
1474 2491 1675 2534 praetextus

211 2534 396 2580 quaesivit,
420 2545 543 2568 revera
565 2533 751 2579 periculum
773 2536 871 2571 dirae
892 2535 1100 2570 vastationis
1118 2546 1161 2570 ex
1186 2547 1228 2570 ea
1245 2535 1421 2571 imminens
1441 2535 1544 2569 terris
1566 2534 1675 2579 impe-

209 2581 261 2614 rio
287 2580 451 2614 subiectis
483 2580 752 2625 praecavendum
787 2593 938 2616 censens.
985 2585 1155 2616 caeterum
1177 2581 1315 2617 interim
1339 2581 1598 2616 Constantinum
1620 2580 1673 2612 la-

209 2627 328 2660 ctabat
356 2626 520 2671 speciosis
550 2626 743 2660 obtentibus
770 2627 886 2662 multis
913 2627 1062 2662 colorem
1095 2627 1241 2674 aliquem
1275 2629 1496 2668 habentibus,
1526 2635 1672 2671 quorum

209 2671 267 2706 hic
289 2668 581 2706 verisimilitudine
603 2671 764 2707 inductus
786 2673 941 2708 nonnulla
963 2673 1153 2707 videbatur.
1199 2673 1316 2709 aiebat
1346 2673 1508 2707 videlicet
1526 2671 1670 2706 istarum

209 2716 340 2751 incolas
368 2717 500 2752 urbium
534 2729 694 2752 recusare
725 2718 885 2763 Bulgaris
913 2718 1060 2763 subiici,
1092 2731 1167 2754 cum
1188 2719 1257 2766 ipsi
1279 2719 1420 2755 Romani
1442 2721 1577 2758 essent,
1606 2726 1671 2750 nec

209 2774 249 2797 se
276 2763 408 2806 adhuc,
440 2763 653 2810 quantumvis
677 2771 881 2807 conaretur,
914 2765 1066 2811 potuisse
1087 2766 1168 2800 huic
1199 2777 1313 2800 eorum
1337 2763 1509 2800 aversioni
1530 2760 1672 2795 mederi.

209 2810 249 2841 ut
272 2820 330 2843 res
351 2809 416 2844 fiat
438 2809 611 2854 suaviter,
636 2811 889 2855 expectandum
918 2811 1050 2853 videri,
1083 2812 1161 2857 dum
1192 2817 1294 2847 natus
1327 2809 1548 2846 Constantino
1580 2806 1672 2841 filius

209 2855 302 2888 foret
323 2866 367 2889 ex
389 2867 477 2891 nova
500 2855 658 2901 coniuge:
690 2862 772 2891 tunc
795 2857 883 2892 enim
905 2858 980 2893 fore
1003 2857 1114 2894 onmia
1135 2858 1317 2904 proniora,
1338 2868 1420 2902 rege
1442 2860 1515 2890 tum
1538 2853 1672 2896 scilicet
