1846 3262
435 175 512 217 DE
545 173 822 216 MICHAELE
857 169 1233 214 PALAEOLOGO
1268 171 1314 212 L.
1350 169 1405 212 Π.
1561 168 1654 212 117

184 288 316 332 πολλὰ
338 287 605 343 ζητήσαντες,
644 289 710 330 καὶ
733 290 892 340 μᾶλλον
921 286 960 328 οἱ
990 287 1231 336 δοκοῦντες,
1275 277 1332 327 ὧν
1355 284 1422 326 καὶ
1444 282 1490 325 τὸ
1510 282 1654 324 λοιπὸν

182 362 265 401 τῶν
292 356 508 414 ἀρχιερέων
534 360 699 411 πλῆθος
731 353 975 411 ἐξήρτηντο,
1025 354 1142 404 τέλος
1172 357 1271 408 μιᾶς
1295 353 1360 395 ἐπὶ
1391 356 1451 410 τῷ
1477 350 1650 407 Ἐφέσου

182 424 346 483 γνώμης
362 427 563 482 γίνονται,
638 424 757 483 (16)
793 422 944 479 ἀνδρὸς
964 416 1166 477 εὖλαβοῦς
1184 422 1252 465 καὶ
1272 421 1370 464 κατι
1393 419 1540 478 ἀρετὴν
1559 422 1647 462 ε’πι-
1670 423 1701 459 Β

181 493 306 546 δόξου
328 496 394 537 καὶ
416 492 523 553 λόγῳ
540 496 715 550 μετρίως
734 491 1016 547 κοσμουμένου
1028 524 1041 543 ,
1077 495 1287 547 γηρῶντος
1316 490 1396 546 ἤδη
1408 523 1420 542 ,
1458 483 1490 547 ᾧ
1510 489 1561 544 δὴ
1583 491 1652 531 καὶ

147 573 169 607 5
183 567 300 619 ζῆλος
318 558 368 619 ἦν
391 564 528 614 ἱκανὸς
546 561 600 613 ὥς
618 560 719 618 ὑπὲρ
743 566 817 618 τῆς
839 561 1052 616 ἐκκλησίας
1074 563 1141 602 καὶ
1167 564 1251 603 τῶν
1267 558 1397 614 αὐτῆς
1415 555 1551 612 νόμων
1574 575 1650 601 κα-

179 633 524 689 ταφρονουμένων
555 633 804 674 ἐκκαιέσθαι.
875 629 1042 684 συμβὰν
1073 629 1119 671 δὲ
1150 630 1222 671 καί
1251 645 1312 680 τι,
1353 627 1374 670 ὃ
1408 627 1460 683 δὴ
1486 628 1554 669 καὶ
1576 626 1648 670 τὸν

178 701 274 745 ὅλον
307 705 383 755 τῆς
409 702 616 758 ἶεραρχιάς
642 699 794 756 χρόνον
820 698 970 742 ἐκεῖνον
1001 698 1198 749 ἔπε’κνιζεν
1233 699 1253 751 (
1262 694 1468 753 ἐψήφιστο
1490 695 1568 751 γὰρ
1592 697 1648 746 εἷς

177 777 468 827 πατριαρχεΐον
487 769 602 826 παρὰ
621 774 696 823 τῆς
714 766 890 812 συνόδου
912 769 976 810 ἐπὶ
998 765 1190 810 Ἰωάννου
1211 769 1287 809 τοῦ
1303 763 1451 808 Δούκα
1469 765 1548 821 πρὸ
1570 769 1647 807 τοῦ

176 838 432 896 πατριάρχου
470 836 701 893 Μανουήλ,
743 839 810 881 καὶ
841 835 862 880 ὅ
894 834 1124 892 βασιλεύων
1155 835 1230 885 τὰς
1260 833 1432 892 ψήφους
1471 833 1640 888 συνέχει,

122 918 166 951 10
179 909 248 950 τὸν
284 910 402 962 ζῆλον
426 905 706 960 δεδιττόμενος
733 911 808 950 τοῦ
830 903 1006 962 ἀνδρός,
1043 903 1181 962 φήσας
1217 902 1301 947 “ὃν
1321 904 1370 947 οὐ
1390 901 1567 946 δύναταί
1582 920 1642 953 τις
1666 910 1696 942 C

173 975 400 1031 ὑποστῆναι
435 975 720 1033 ἀρχιδιάκονον
751 975 874 1028 ilua,
910 980 998 1025 πῶς
1026 973 1077 1017 ἂν
1106 977 1442 1031 πατριαρχοῢντα
1468 969 1642 1025 ὑπομεί-

172 1044 315 1100 νειε,·”
359 1045 422 1088 διὸ
455 1046 506 1101 δὴ
540 1047 606 1088 καὶ
641 1050 716 1100 τῆς
740 1044 914 1102 Ἐφέσου
943 1045 1243 1099 προχειρισθεὶς
1272 1041 1384 1096 ὅμως
1409 1041 1641 1084 ἀδικεῖσθαι

172 1114 286 1169 παρὰ
306 1115 508 1167 βασιλέως
527 1117 581 1164 εἷς
600 1113 673 1169 τὴν
695 1116 804 1156 ι’διάν
824 1114 945 1168 τιμὴν
974 1114 1211 1172 διετείνετο)
1246 1115 1371 1154 τοῦτο
1392 1110 1443 1166 δὴ
1460 1114 1639 1165 μεσολα-

171 1188 309 1238 βῆσαν
334 1185 456 1226 ε’ποιέι
477 1182 569 1227 τότε
590 1183 662 1226 τὸν
681 1182 813 1239 ἄνδρα
831 1181 1044 1237 πειθήνιον
1059 1179 1441 1239 προσκαλούμενον,
1479 1181 1547 1222 καὶ
1567 1179 1641 1234 τὴν

118 1259 159 1294 15
174 1252 340 1308 ἐκλογὴν
363 1253 550 1306 ἁσμένως
579 1253 734 1307 ἐδέχετο
748 1266 758 1276 ·
796 1250 896 1295 εἶναι
915 1252 993 1308 γὰρ
1017 1251 1152 1294 ἔκτοτε
1174 1250 1415 1306 τεταγμένον
1439 1250 1495 1298 εἷς
1514 1252 1638 1290 τοῦτο

169 1321 282 1379 παρὰ
305 1325 378 1377 τῆς
390 1319 583 1378 χάριτος,
616 1323 651 1364 εἰ
666 1323 733 1363 καὶ
753 1322 1011 1370 κωλυθέντος
1034 1320 1148 1376 παρὰ
1165 1320 1239 1374 τὴν
1259 1319 1459 1377 ῥηθεῖσαν
1485 1318 1637 1367 αἰτίαν,

170 1389 313 1445 ἱκανήν
342 1407 385 1446 γε
419 1386 546 1433 οὖσαν
574 1392 642 1432 καὶ
672 1388 826 1445 ταύτην
856 1394 1015 1444 μᾶλλον
1045 1391 1101 1439 εἷς
1130 1387 1329 1431 σύστασιν
1353 1386 1524 1437 ἑαυτοῦ,
1563 1384 1634 1428 τὸν
1658 1394 1758 1430 Ρ’76

169 1459 298 1502 αὐτοῦ
326 1457 453 1501 τόπον
491 1461 534 1510 ἐξ
571 1457 747 1514 ἀνάγκης
788 1456 1158 1513 ἀναπληρώσαντες
1200 1455 1454 1511 εἰσήχθησαν
1493 1455 1635 1510 ἕτεροι.

170 1526 302 1578 οἷ’τως
330 1529 478 1578 ἐκεῖνος
508 1527 582 1583 τὴν
612 1528 780 1583 ἐκλογὴν
803 1527 958 1571 θεόθεν
976 1527 1080 1570 κατὰ
1099 1527 1173 1582 τὴν
1193 1527 1353 1569 δικαίαν
1373 1525 1522 1566 ἐκείνου
1545 1524 1632 1580 κρί-

111 1604 231 1640 2οσιν
261 1595 609 1653 ὑπολογισάμενος
617 1630 631 1650 ,
677 1597 796 1640 οὐδὲν
831 1595 1184 1652 ἀναβαλλόμενος,
1231 1591 1519 1651 ἄναγορείεται
1550 1610 1632 1635 πα-

256 1742 310 1775 18.
338 1736 662 1786 ἅναπληρώσοντες
675 1739 694 1773 ?

163 1876 239 1899 cum
274 1867 407 1900 attente
436 1864 758 1912 circumspexissent
788 1865 914 1912 diuque
943 1865 1160 1912 quaesissent
1183 1864 1258 1910 quis
1281 1864 1430 1911 ipsorum
1453 1862 1626 1898 videretur

161 1911 305 1945 idonens
335 1912 377 1946 ad
408 1911 559 1956 reg³men
596 1912 762 1947 ecclesiae
793 1914 1059 1957 capessendum,
1102 1911 1247 1957 denique
1286 1922 1353 1946 uno
1395 1921 1559 1944 consensu
1587 1908 1628 1943 in

159 1957 346 2003 Ephesium
378 1964 633 1993 convenerunt·
666 1959 763 2004 (16)
795 1965 873 1993 erat
900 1959 930 1993 is
960 1959 1123 2003 religione
1154 1969 1195 1993 ac
1228 1957 1355 1991 virtute
1377 1956 1466 1991 omni
1489 1955 1625 2001 conspi-

161 2015 264 2046 cuus,
294 2004 377 2038 satis
396 2005 517 2039 doctus
532 2030 544 2049 ,
577 2005 644 2038 iam
667 2006 798 2046 senior,
831 2005 886 2039 cui
908 2005 1002 2039 zelus
1023 2006 1136 2039 inerat
1157 2015 1224 2038 non
1246 2003 1443 2045 mediocris,
1475 2002 1561 2037 adeo
1584 2004 1624 2036 nt

159 2049 218 2084 ubi
243 2051 422 2085 ecclesiam
452 2055 513 2086 aut
540 2052 633 2096 leges
665 2051 738 2086 eius
768 2051 900 2097 despici
922 2051 1074 2093 videret,
1104 2055 1198 2085 totus
1219 2050 1466 2084 exardesceret.
1514 2047 1623 2083 eonti-

157 2101 259 2141 gerat
289 2097 413 2131 dudum
447 2098 606 2142 quiddam
621 2124 631 2142 ,
669 2097 759 2132 unde
790 2098 820 2132 is
851 2102 923 2132 toto
948 2098 1163 2144 episcopatus
1185 2096 1238 2131 sui
1262 2102 1413 2140 tempore
1439 2094 1563 2129 doloris
1586 2097 1622 2128 et

157 2143 368 2188 querelarum
393 2155 528 2177 causam
551 2145 679 2178 habere
701 2145 821 2178 iustam
845 2144 909 2178 sibi
935 2144 1118 2179 videretur.
1163 2154 1290 2178 vacans
1305 2142 1383 2177 olim
1405 2139 1621 2186 patriarcha·

155 2188 198 2222 lis
221 2189 320 2222 sedes
344 2189 516 2223 destinata
539 2191 633 2235 prius
655 2190 719 2236 ipsi
743 2202 863 2236 quam,
896 2190 953 2236 qui
976 2202 1052 2224 mox
1086 2190 1119 2223 in
1149 2200 1223 2223 eam
1248 2187 1435 2230 successit,
1466 2184 1619 2221 Manueli

155 2236 291 2276 suerat,
316 2235 405 2269 haud
426 2236 527 2270 dubio
550 2238 668 2270 favore
690 2238 828 2281 synodi:
855 2238 915 2271 sed
941 2236 998 2281 qui
1020 2242 1102 2270 tunc
1124 2236 1313 2280 imperabat
1335 2234 1479 2268 Ioannes
1501 2232 1617 2266 Ducas

155 2281 333 2315 consensui
355 2286 489 2325 patrum
511 2283 668 2324 obstitit,
698 2285 806 2316 zelum
829 2283 891 2317 viri
915 2283 1164 2328 praefervidum
1187 2286 1350 2315 metuens.
1396 2279 1493 2313 cuius
1515 2277 1616 2319 enim,

154 2326 290 2368 aiebat,
323 2326 464 2371 spiritus
485 2328 596 2362 adhuc
617 2328 848 2363 archidiaconi
872 2330 963 2363 ferre
988 2329 1047 2362 vix
1069 2338 1264 2374 possumns;
1299 2326 1331 2359 ei
1356 2325 1434 2371 quis
1456 2334 1616 2370 suprema

179 2372 371 2407 atriarcbae
403 2378 533 2408 armato
569 2375 774 2409 auctoritate
804 2374 1008 2409 resisteret?
1053 2375 1104 2409 sic
1130 2375 1187 2408 ille
1220 2373 1256 2407 in
1288 2376 1387 2406 tanto
1418 2370 1613 2405 inferiorem

151 2383 350 2463 Rphesinae
379 2420 552 2453 submotus
584 2421 751 2455 ecclesiae
782 2421 938 2455 thronum
968 2432 1033 2454 nec
1060 2421 1232 2466 patienter
1254 2429 1399 2472 unquam
1420 2429 1484 2451 nec
1506 2415 1614 2450 tacite

151 2463 335 2499 interversi
357 2466 420 2499 sibi
444 2466 593 2511 supremi
614 2467 750 2501 honoris
771 2466 936 2506 iniuriam.
958 2471 998 2500 ut
1018 2466 1093 2511 ipse
1115 2465 1241 2512 passim
1262 2464 1431 2510 quiritans
1453 2463 1611 2503 vocabat,

151 2513 188 2544 et
212 2512 445 2546 contumeliam
468 2512 557 2546 tulit.
604 2524 647 2546 ea
667 2513 759 2547 illum
781 2513 882 2548 animi
904 2513 1124 2558 praeparatio
1144 2512 1276 2547 facilem
1298 2515 1370 2544 tum
1394 2508 1543 2544 reddidit
1565 2508 1610 2542 ad

149 2557 364 2591 annuendum
395 2558 575 2592 desideriis
607 2558 726 2603 synodi
757 2559 968 2604 frequentis,
1005 2563 1042 2593 et
1072 2556 1229 2593 electioni
1253 2557 1400 2592 libenter
1421 2554 1610 2590 assentien-

149 2602 229 2637 dum
251 2614 345 2645 suae,
369 2609 527 2638 constare
548 2605 714 2650 siquidem
735 2604 803 2650 ipsi
825 2605 1007 2639 videbatur
1031 2604 1097 2639 iam
1119 2604 1248 2650 pridem
1271 2615 1310 2638 se
1332 2602 1375 2638 ad
1398 2601 1609 2648 patriarcba-

149 2650 220 2682 tum
243 2649 351 2683 divini
371 2650 484 2695 gratia
507 2651 646 2696 spiritus
669 2651 825 2693 electum,
849 2651 915 2686 etsi
935 2651 1100 2685 hactenus
1119 2651 1291 2686 exclusum
1314 2648 1526 2695 possessione
1547 2646 1608 2680 de-

148 2694 215 2728 biti
248 2695 387 2731 honoris
419 2697 639 2743 insuperabili
670 2698 844 2732 obstaculo
880 2697 1046 2731 humanae
1078 2696 1263 2743 potentiae.
1317 2706 1398 2739 ergo
1430 2694 1487 2728 ille
1519 2691 1604 2727 nihil

149 2746 344 2783 cunctatus,
368 2742 468 2777 immo
490 2744 691 2788 praedicans
713 2754 881 2788 apparere
903 2743 1116 2778 manifestum
1129 2743 1185 2778 dei
1200 2752 1321 2777 numen
1338 2741 1373 2775 in
1394 2740 1445 2774 sui
1461 2738 1604 2773 restitu—

147 2786 259 2828 tione,
293 2799 400 2833 seque
430 2800 496 2823 non
527 2790 676 2824 delatum
698 2801 788 2824 nunc
809 2789 950 2835 primum
973 2790 1148 2835 suffragiis
1169 2788 1387 2833 eligentium,
1423 2786 1486 2820 sed
1511 2784 1602 2818 iusto

146 2833 268 2868 dudum
289 2834 416 2870 iudicio
439 2835 677 2882 providentiae
696 2835 763 2872 sibi
785 2836 958 2873 decretum
970 2861 982 2881 ,
1019 2841 1100 2872 nata
1130 2835 1295 2870 divinitus
1315 2831 1495 2869 occasione
1514 2841 1603 2877 quae
