1884 3262
252 200 282 247 6
287 200 351 246 30
655 192 963 239 OBSERVAT..
995 191 1304 238 PACHYMER.

356 321 388 346 c.
411 308 451 347 9.
507 303 563 341 De.
593 303 681 354 fuga
700 301 899 341 Michaelis
927 300 1142 352 Palaeologi
1174 301 1216 339 in
1245 300 1440 340 Persidem
1463 301 1541 340 hoc
1573 301 1700 352 capite

254 368 415 405 narrata
443 360 557 412 plura
582 360 706 398 refert
726 358 921 410 Georgius
939 357 1164 408 Acropolita
1185 362 1283 395 tunc
1303 357 1409 408 apud
1426 357 1702 409 imperatorem

256 418 510 459 Theodorum
529 428 663 467 agens,
693 414 849 466 quando
868 415 900 451 is
925 419 982 451 est
1008 413 1059 452 ad
1075 413 1203 465 ipsum
1224 413 1386 451 nuntius
1407 413 1558 457 allatus.
1606 425 1702 465 ope-

255 487 323 515 rae
344 473 513 525 pretium
539 471 679 510 lectori
706 471 829 510 suerit
854 470 989 509 videre
1012 475 1052 508 et
1081 483 1170 507 cum
1189 468 1250 507 his
1270 469 1394 507 nostri
1413 470 1587 507 conferre
1604 481 1704 519 quae

257 531 323 570 ille
350 534 485 567 narrat
512 542 545 567 c.
570 528 671 567 nist.
698 540 790 565 suae
811 525 875 568 64.
912 526 980 564 ubi
1011 525 1128 564 etiam
1157 525 1284 564 obiter
1316 525 1523 563 observare
1544 526 1703 575 poterit,

258 598 359 636 quae
386 585 427 623 in
458 584 654 623 Glossario
682 583 805 622 verbo
828 583 1039 633 μεσοθινία
1068 581 1295 619 notavimus
1311 581 1359 619 de
1383 580 1531 631 legione
1553 585 1620 618 aut
1635 593 1706 618 co-

257 642 375 681 horte
395 642 468 679 isto
498 641 656 691 nomine
685 639 900 691 appellata,
935 652 1016 677 non
1043 638 1168 676 solum
1193 637 1444 688 Acropolitae
1470 636 1610 689 ipsius,
1638 635 1708 673 sed

259 704 298 736 et
327 696 541 736 doctissimi
570 697 652 734 eius
680 695 908 747 interpretis
943 694 1179 733 auctoritate
1221 694 1466 732 confirmata.
1520 705 1613 731 nam
1641 691 1710 728 illa

258 752 447 793 Historici
467 754 614 792 Graeca
635 752 776 801 verba,
804 747 901 804 πρὸς
918 753 999 790 τῶν
1017 746 1364 802 στραταρχούντων
1383 748 1425 790 ἐν
1441 748 1621 801 Βιθυνίᾳ
1642 745 1712 787 καὶ

260 810 522 864 Μεσοθυνίᾳ,
549 809 605 847 sic
620 808 753 847 reddit
770 807 1052 846 illustrissimus
1070 807 1254 845 Allatius:
1281 820 1309 843 a
1328 805 1550 844 cohortium
1564 802 1714 854 Bithy-

260 867 449 904 nicarum
469 873 505 902 et
522 863 803 916 Mesothync'ae
812 864 1046 915 praejectis,

372 934 411 972 p.
433 924 486 965 25
506 934 545 960 v.
569 925 632 964 19.
690 934 782 958 cum
803 919 986 957 hostibus
1017 919 1202 957 Sullanis
1231 930 1469 969 congressus
1483 914 1715 968 firtiesime

261 992 303 1016 se
325 979 444 1028 gerit.
501 977 614 1028 longe
645 976 743 1014 haec
768 976 891 1014 fusius
916 989 962 1013 ac
988 975 1209 1025 diligentius
1233 973 1460 1024 Acropolita
1498 975 1715 1023 pertractat

261 1038 350 1071 toto
377 1046 414 1072 c.
433 1032 499 1081 65,
528 1045 606 1083 qua
623 1032 842 1080 occasione,
871 1044 970 1081 quos
988 1031 1147 1079 ducens,
1175 1035 1320 1081 quanta
1341 1027 1550 1080 prudentia
1566 1039 1612 1064 ac
1629 1027 1717 1064 sor-

262 1087 453 1138 titudine,
482 1101 560 1139 quo
588 1088 759 1139 denique
787 1100 967 1126 successu
995 1086 1183 1125 adversus
1202 1085 1413 1123 Tacharios
1429 1083 1501 1137 (sic
1518 1083 1620 1121 enim
1641 1094 1718 1132 np-

262 1144 385 1196 pellat
401 1143 625 1195 Acropolita
641 1157 740 1194 quos
758 1149 892 1181 noster
916 1142 1136 1193 Tocharos)
1160 1155 1235 1195 pro
1263 1141 1425 1180 Sultane
1446 1152 1531 1179 rem
1558 1137 1718 1190 gesserit

263 1199 431 1239 Michael
449 1200 715 1251 Palaeologus,
744 1211 955 1251 exponens,

378 1268 417 1306 p.
434 1257 489 1296 26
518 1267 557 1296 v.
575 1258 616 1297 7.
668 1268 867 1294 reversam
903 1253 1065 1303 benigne
1096 1253 1254 1302 excipit.
1310 1250 1484 1291 reditum
1517 1247 1719 1288 Michaelis

266 1310 457 1349 Comneni
478 1309 530 1348 ad
552 1310 830 1361 imperatorem
849 1308 1102 1348 Theodorum
1135 1307 1309 1346 breviter
1327 1311 1520 1345 memorat
1537 1305 1718 1357 Acropo-

265 1366 339 1405 lita
361 1380 393 1404 c.
411 1369 477 1417 69,
506 1366 563 1404 uti
582 1372 620 1404 et
639 1367 829 1418 Gregoras
849 1366 875 1404 l.
894 1369 933 1414 3,
962 1370 1104 1402 neuter
1131 1363 1454 1414 interpositorum
1472 1362 1515 1400 in
1533 1374 1618 1399 eam
1635 1373 1722 1399 rem

267 1421 479 1461 Iconiensis
513 1422 680 1475 episcopi
708 1421 928 1461 officiorum
960 1421 1199 1459 mentionem
1230 1419 1391 1468 faciens,
1430 1419 1596 1457 fortasse
1613 1415 1722 1467 quod

269 1477 337 1516 illa
350 1510 361 1526 ‚
391 1483 438 1516 ut
464 1477 537 1515 alia
556 1478 682 1517 multa
697 1491 835 1518 rerum
852 1476 1072 1527 Michaelis,
1099 1481 1238 1516 nostro
1259 1476 1398 1514 melius
1414 1480 1721 1528 perspectarum,

268 1533 548 1585 ignoraverint.
1721 1550 1724 1555 ·

384 1603 425 1641 p.
442 1593 495 1633 26
513 1604 554 1630 v.
572 1593 635 1634 18.
693 1590 907 1630 Mellaie‘lis
937 1587 1124 1641 despotae
1149 1587 1298 1627 nothus·
1327 1595 1365 1625 et
1384 1586 1721 1637 οἶ).ςκ,·ιινιιι.·,Ῐῑίῖίιι-ςκΙ

272 1643 371 1684 haec
396 1646 590 1698 copiosius
616 1647 911 1698 distinctiusque
933 1646 1163 1684 referuntur
1188 1658 1211 1682 a
1238 1643 1402 1695 Georgio
1423 1642 1647 1694 Acropolita
1669 1653 1724 1679 ex·

275 1701 431 1739 oculata
452 1715 573 1753 paene
598 1703 757 1742 notitia:
787 1716 880 1741 nam
906 1703 939 1741 is
958 1701 1076 1740 huius
1101 1702 1143 1739 in
1175 1701 1429 1739 Occidentem
1463 1697 1724 1750 expeditionis

275 1755 458 1795 Michaeli
474 1759 698 1810 Palaeologo
718 1771 845 1797 comes
863 1759 958 1805 fuit,
987 1758 1059 1796 etsi
1075 1771 1156 1796 non
1180 1756 1316 1795 eodem
1336 1757 1423 1794 loco
1439 1754 1629 1806 pugnavit
1641 1782 1654 1801 ,
1681 1753 1723 1790 in

278 1812 356 1849 alia
382 1813 595 1852 divisarum
624 1815 826 1865 copiarum
852 1820 965 1866 parte
989 1827 1074 1852 rem
1091 1824 1239 1864 gerens.
1298 1813 1388 1863 quia
1404 1824 1499 1850 vero
1519 1811 1584 1848 ille
1601 1820 1725 1860 quae-

282 1867 374 1906 dam
393 1869 506 1907 aliter
523 1883 568 1907 ae
584 1869 841 1922 Pachymeres
858 1874 1014 1917 narrat,
1046 1869 1228 1918 equidem
1242 1867 1489 1919 Acropolitae
1512 1866 1645 1918 potius
1659 1864 1725 1902 hic

281 1923 440 1971 quidem
455 1925 694 1963 credendum
722 1931 840 1977 puto,
869 1926 1012 1976 quippe
1040 1924 1106 1974 qui
1126 1925 1227 1973 eius,
1260 1924 1318 1962 uti
1339 1923 1445 1972 dixi,
1473 1921 1616 1973 negotii
1634 1932 1726 1972 pars

282 1979 403 2017 fuerit
416 2008 426 2028 ,
458 1993 575 2031 quam
593 1989 728 2019 nostro
746 1982 812 2032 qui
827 1993 890 2019 res
917 1987 1014 2019 tunc
1039 1986 1145 2017 actas
1166 1992 1216 2017 ex
1235 1980 1356 2028 fama,
1385 1990 1459 2016 nec
1473 1991 1519 2016 ea
1539 1978 1726 2016 satisex-

281 2034 445 2084 plicata,
485 2036 643 2075 videtur
666 2037 888 2088 accepisse..
926 2036 1053 2088 prima
1082 2035 1342 2086 discrepantia
1363 2035 1404 2072 in
1432 2034 1590 2072 nomine
1615 2031 1728 2071 ducis

282 2089 456 2129 hostium
476 2097 543 2141 est,
571 2105 685 2143 quem
704 2099 835 2130 noster
853 2092 1069 2131 Manu'elem
1082 2098 1211 2131 vocat.
1240 2097 1376 2129 contra
1394 2090 1581 2141 Georgius
1599 2089 1729 2127 Acro-2

284 2146 407 2197 polita
422 2146 523 2186 Hist.
546 2161 578 2187 c.
598 2150 658 2190 ‘71v
680 2148 933 2188 Theodorum
958 2148 1139 2200 appellat.
1195 2148 1250 2186 sic
1277 2147 1380 2185 enim
1409 2145 1648 2184 ibi-scribit:
1676 2138 1730 2197 ἦν

287 2198 332 2240 δὲ
350 2196 371 2242 ὅ
390 2202 531 2254 ῥηθεὶς
548 2206 623 2244 τοῦ
642 2200 864 2245 &noo-volvo«)
885 2203 1047 2256 Μιχαήλ.
1062 2200 1189 2252 νόθος
1207 2200 1292 2251 υἱὸς
1311 2198 1516 2255 Θεόδωρος
1542 2209 1630 2240 erat
1648 2214 1730 2240 aa·

289 2263 366 2293 tem
396 2259 434 2295 ia
462 2273 578 2311 quem
603 2258 691 2297 dixi
715 2259 923 2312 deficior-is·
951 2261 1167 2298 Michaelis
1192 2259 1467 2310 nctlzusfllim
1492 2256 1730 2297 Theodorus.

293 2311 448 2352 dixerat
475 2328 570 2353 vero
595 2322 710 2354 antea
740 2317 879 2354 ducem
913 2317 1113 2368 copiarum
1141 2315 1338 2354 Michaelis
1367 2315 1549 2366 despotae
1575 2312 1731 2352 rebellis

293 2376 561 2408 occurrentem
588 2371 766 2410 Michaeli
791 2373 1016 2424 Palaeologo
1041 2372 1155 2410 hasta
1179 2384 1409 2423 percussum
1436 2370 1485 2408 ab
1511 2383 1558 2408 eo
1577 2376 1618 2408 et
1639 2367 1730 2418 equi

293 2423 387 2460 sella
401 2437 629 2466 excussum:
657 2426 683 2468 o‘
699 2426 771 2479 μὲν
792 2423 868 2468 οὖν
888 2426 1101 2480 Κομνηνός
1119 2426 1285 2480 Μιχαὴλ
1309 2426 1416 2479 (nam
1439 2432 1486 2465 ut
1505 2438 1624 2477 supra
1641 2437 1731 2463 mo-

294 2479 385 2527 nui,
422 2480 647 2520 Michaelem
674 2483 942 2535 Palaeologum
969 2483 1190 2535 Acropolita
1219 2496 1371 2535 semper
1397 2483 1639 2521 Comnenum
1654 2492 1730 2519 vo-

298 2533 377 2585 cat)
397 2538 453 2590 τῷ
469 2532 632 2587 πρώτως
652 2538 843 2593 ἐρχομένῳ
862 2536 1107 2592 ξυναντήσας
1126 2538 1258 2591 βάλλει
1274 2542 1332 2595 τῷ
1359 2536 1496 2591 δόρατι
1514 2538 1583 2579 καὶ
1601 2537 1731 2590 ῥίπτει

296 2592 370 2641 τῆς
397 2591 633 2645 ἔφεστρίδος.
697 2595 765 2632 sed
792 2596 878 2633 leve
909 2595 953 2633 id
980 2595 1186 2634 discrimen
1216 2595 1397 2634 vocabuli
1427 2594 1551 2634 videri
1587 2596 1730 2644 potest,

295 2653 435 2696 praeut
453 2647 494 2685 in
523 2648 668 2700 reipsa
696 2650 876 2689 dissentit
901 2651 950 2689 ab
979 2651 1204 2702 Acropolita
1227 2651 1503 2703 Pachymeres‚
1539 2647 1731 2698 siquidem

298 2700 364 2739 hic
385 2716 465 2741 non
486 2703 735 2742 Theodorum
755 2719 775 2742 a
800 2707 1025 2757 Palaeologo
1041 2708 1251 2758 impulsum
1273 2707 1387 2745 hasta
1405 2712 1444 2744 et
1459 2706 1546 2744 loco
1565 2709 1732 2750 motum,

298 2758 367 2796 sed
386 2759 470 2799 vice
487 2772 598 2799 versa
617 2760 882 2811 Palaeologum
910 2775 933 2798 a
957 2763 1187 2811 Theodoro,
1215 2769 1262 2801 ut
1282 2768 1392 2814 patet
1420 2773 1470 2798 ex
1500 2759 1561 2798 his
1584 2758 1735 2798 verbis:

297 2809 361 2853 ὅτε
379 2814 445 2855 καὶ
468 2813 492 2857 o‘
510 2818 582 2856 τοῦ
598 2813 786 2858 δεσπότου
806 2813 971 2869 Μιχαήλ
998 2816 1040 2859 ἐκ
1060 2818 1226 2868 νοθείας
1245 2815 1398 2865 σκότιος
1422 2819 1517 2864 παῖς
1532 2811 1736 2866 Μανουὴλ.
