1884 3262
275 201 371 247 334
691 199 923 244 GEORGII
956 200 1302 267 PACHYMERIS

273 319 402 369 βολα,
442 311 496 361 ὥς
521 312 707 354 ἓντεῦθεν
727 312 901 366 πέμψων
920 309 1133 367 βοήθειαν.
1201 314 1239 355 οἱ
1261 315 1305 356 δὲ
1325 316 1392 357 καὶ
1417 315 1529 371 παρὰ
1551 314 1597 357 τὸ
1617 315 1720 364 εῗκὸς

139 391 167 423 Ρ
187 390 255 424 224
277 383 508 438 ἧνὸρίζοντο
522 412 534 432 ,
571 382 636 421 καὶ
668 381 781 435 δίκην
809 382 956 435 ἀγρίων
980 379 1454 437 συῶν-κατεσφάττοντο.
1523 381 1544 424 ὅ
1567 383 1611 425 δὲ
1631 391 1721 432 ταῖς

274 452 578 506 παρατυχοῦσιν
604 446 761 490 ἁλιάσιν
785 449 947 503 ἀκμῆτα
966 449 1066 490 λαὸν
1084 449 1336 504 προσέπεμπε
1357 453 1422 491 καὶ
1442 449 1720 506 προσεπεβοή-

274 524 339 559 &a
354 550 366 569 ,
405 520 469 558 καὶ
489 523 643 573 φωναῖς
661 519 726 558 καὶ
751 516 929 571 σχήμασι
950 517 1048 570 πρὸς
1069 516 1227 569 ἄμυναν
1246 517 1479 572 παρεκάλει,
1513 519 1582 575 ἐφ’
1607 513 1639 576 ᾧ
1661 519 1720 574 μὴ

275 587 447 642 σφαλείη
468 587 534 626 καὶ
552 584 602 626 τὰ
623 586 713 630 ἐκεῖ.
769 584 824 635 (ὃς
847 586 887 627 δ’
910 587 972 627 ἐπὶ
996 589 1120 640 ξυροῦ
1140 586 1301 634 ἐκείνοις
1319 584 1340 628 ὅ
1362 588 1545 635 κίνδυνος
1559 588 1753 638 “ι’στατο,5

275 654 406 702 ἄλλως
433 653 530 707 ἔγνω
559 657 805 708 παρακαλεῖν
823 655 887 695 καὶ
913 658 1078 708 θερμῶς
1103 651 1285 695 ἱκετεύειν
1304 653 1415 711 αὐτῷ
1436 654 1485 708 δὴ
1508 658 1564 712 τῷ
1583 671 1723 697 ταπει-

271 727 328 779 νῷ
361 720 538 775 σχήματι
554 735 563 744 ·
602 722 643 762 ἐκ
673 721 750 776 γὰρ
771 727 842 776 τῆς
863 725 990 776 δεινῆς
1012 720 1262 776 ἑκατέρωθεν
1290 715 1558 772 ἀντιστάσεως
1581 724 1724 764 πολλοὶ

136 803 166 837 Ρ
186 801 252 837 225
276 795 358 832 τῶν
375 788 603 832 πιπτόντων
623 785 750 844 ἦσαν,
787 792 851 832 καὶ
872 788 1067 832 θάλασσα
1086 789 1170 846 ῥέεν
1190 791 1342 844 αἰζιιατι.
1412 789 1536 846 (32)
1570 789 1649 844 ἤδη
1679 791 1723 832 δὲ

274 860 339 902 καὶ
368 856 392 911 ἡ
425 863 772 912 πρωτοτακτοῠσα
812 856 1088 909 κατεδικάζετο
1119 862 1218 907 ναῦς
1246 860 1311 900 καὶ
1342 857 1421 912 ἤδη
1449 865 1534 907 τοῖς
1559 859 1724 914 ἐχθροῖς

274 924 448 981 ἀπήγετο
464 959 476 978 ‚
514 927 556 967 ἐν
581 919 607 981 ᾗ
639 928 703 967 καὶ
737 925 757 968 ὃ
791 930 873 968 τῶν
890 930 996 980 νηῶν
1015 925 1184 980 ἔξαρχος
1202 922 1251 980 ἦν
1271 927 1336 967 καὶ
1362 926 1404 967 αἱ
1420 927 1626 980 βασιλικαὶ
1648 942 1722 981 ‹5⁷7-
1737 935 1779 970 10

275 1002 393 1049 μαῖαι
416 997 481 1036 καὶ
503 994 539 1036 οἳ
561 997 642 1035 τῶν
659 995 847 1048 μαχίμων
868 994 1026 1048 ’ἀνδρῶν
1047 992 1266 1049 πρόκριτοι.
1337 996 1402 1035 καὶ
1421 991 1512 1036 τότε
1529 993 1605 1042 τὰς
1622 1004 1724 1048 προ-

272 1064 435 1116 ·θυμίας
459 1063 614 1104 ἐκείνων
635 1061 819 1112 ἓπαύξων
841 1062 974 1118 ῥιπτεῖ
995 1062 1098 1103 κατὰ
1120 1067 1193 1116 γῆς
1215 1062 1288 1114 τὴν
1311 1060 1545 1115 καλύπτραν
1567 1065 1642 1116 τῆς
1659 1078 1725 1103 κε-

280 1135 415 1187 φαλῆς
429 1163 441 1181 ,
480 1131 544 1171 καὶ
575 1127 681 1172 »ἲόνιν
715 1127 931 1180 πάττεται,
969 1131 1033 1171 καὶ
1055 1127 1248 1184 δάκρυσιν
1270 1127 1429 1172 ἱκετεύει
1448 1131 1538 1172 λίαν
1552 1131 1727 1177 ἐλεεινῶς

231 1217 259 1250 Β
274 1200 338 1253 ’μὴ
360 1198 669 1251 καταπροέσθαι
697 1202 777 1239 τῶν
809 1195 1026 1251 συμβόλων
1049 1197 1322 1252 ἀπαγομένων.
1392 1195 1500 1239 οὕτω
1521 1197 1573 1239 τὰ
1596 1196 1727 1239 πολλὰ

278 1263 603 1309 καταλιτανεῦων
625 1266 690 1307 καὶ
710 1263 843 1320 λόγοις
863 1267 928 1306 καὶ
950 1262 1127 1318 σχήμασι
1149 1266 1214 1306 καὶ
1235 1269 1292 1322 τῷ
1317 1266 1391 1306 τοῦ
1411 1262 1562 1321 τρόπου
1586 1281 1724 1307 vanu·-
1738 1275 1780 1310 15

276 1339 357 1391 νῷ,
396 1330 572 1381 πολλούς
601 1350 642 1375 τε
671 1331 1006 1387 προσεπιβάλλων
1034 1339 1119 1381 τοῖς
1139 1331 1294 1382 ἔξωθεν
1311 1330 1366 1382 ὥς
1383 1332 1727 1389 ἀναπληροῦσθαι

274 1402 371 1451 τούς
399 1402 637 1454 λείποντας,
675 1399 858 1458 ἇνήγειρέ
874 1418 917 1443 τε
941 1400 1038 1450 τούς
1062 1401 1318 1455 μαχομένους
1339 1402 1405 1442 καὶ
1423 1397 1724 1457 παρεθάρρυνε,

273 1601 363 1636 facie
387 1613 427 1635 ac
448 1613 532 1635 voce
553 1600 648 1634 novis
671 1600 819 1645 receptis
843 1600 981 1643 animis,
1003 1600 1111 1634 instar
1137 1611 1292 1645 aprorum
1307 1625 1317 1643 ,
1341 1598 1400 1645 qui
1424 1596 1644 1633 circumventi
1666 1608 1728 1632 ve-

277 1647 408 1682 nabulis
432 1647 465 1680 in
489 1648 562 1691 ipsa
586 1650 693 1680 morte
715 1646 823 1680 dirum
846 1647 1024 1688 frendent,
1058 1645 1144 1679 haud
1167 1648 1302 1690 impune
1325 1645 1593 1679 trucidabantur.
1638 1642 1728 1676 inte-

274 1694 337 1727 rim
360 1693 400 1726 iis
424 1693 573 1726 subsidio
598 1693 759 1735 despota,
785 1691 976 1736 piscatoriis
999 1693 1088 1725 sorte
1110 1692 1275 1725 naviculis
1299 1690 1464 1734 repertis,
1494 1690 1599 1723 lectos
1621 1688 1729 1722 bella-

275 1745 384 1774 torum
409 1738 593 1783 manipulos
617 1738 835 1780 submittere3
877 1738 1016 1771 vocibus
1048 1737 1176 1782 pariter
1199 1741 1234 1770 et
1257 1737 1359 1780 signis
1382 1735 1517 1780 procul,
1546 1739 1586 1768 nt
1607 1741 1729 1778 'coepe-

277 1789 352 1825 rat,
383 1785 551 1825 animare;
583 1783 754 1817 concitare
784 1783 818 1816 in
853 1783 1028 1824 ultionem,
1058 1783 1235 1816 admonere
1267 1783 1417 1815 ultimum
1439 1781 1475 1815 id
1502 1785 1634 1824 tempus
1656 1780 1729 1813 fore

279 1830 468 1864 servandae
491 1830 662 1862 Romanae
684 1829 752 1870 rei,
776 1828 864 1862 haud
889 1829 986 1862 dubie
1011 1829 1203 1873 periturae,
1227 1828 1257 1861 si
1279 1827 1455 1861 offensioni
1477 1825 1635 1859 terrestri
1658 1824 1729 1858 cla-

280 1876 341 1908 des
363 1875 526 1908 maritima
549 1874 777 1917 superveniat.
825 1874 909 1906 haec
932 1873 1163 1907 ardentissime
1186 1884 1289 1917 agens
1312 1873 1411 1914 licet,
1433 1881 1549 1916 parum
1571 1869 1730 1915 proficie—

280 1922 360 1955 bat:
396 1920 631 1953 intendebatur
663 1919 748 1952 enim
778 1919 982 1963 pericnlum,
1016 1924 1051 1951 et
1079 1930 1196 1963 parum
1229 1930 1248 1951 a
1279 1918 1484 1951 conclamata
1504 1915 1652 1961 pernicie
1673 1925 1732 1949 res

282 1967 413 2001 aberat.
461 1965 516 1998 ille
551 1964 764 2008 conspicatus
797 1964 902 2007 magis
930 1963 1104 2008 magisque
1125 1964 1304 1997 -Roxnanos
1335 1963 1474 2003 cadere,
1507 1960 1734 2005 congeminari

282 2011 425 2055 caedes,
459 2010 654 2044 coacervari
677 2010 846 2043 cadavera
866 2021 1023 2051 suorum,
1048 2009 1273 2042 decoloratum
1298 2019 1416 2042 cruore
1439 2012 1593 2052 pontum,
1623 2005 1734 2040 inelu-

283 2057 399 2090 ctabili
431 2056 468 2090 vi
498 2066 597 2089 ruere
629 2055 792 2095 victores,
827 2055 958 2088 aliunde
985 2055 1050 2088 iam
1078 2060 1172 2088 ratus
1205 2054 1364 2087 auxilium
1394 2052 1639 2098 quaerendum,
1676 2050 1733 2085 dei

284 2100 383 2146 opem
406 2101 605 2145 veniamque
628 2101 785 2134 ardenter
805 2100 944 2134 invocat
966 2112 1064 2145 quam
1087 2100 1322 2134 demississimo
1344 2099 1461 2133 babitu
1484 2097 1644 2142 supplex,
1665 2107 1733 2130 non

282 2149 433 2190 frustra,
465 2152 504 2179 ut
527 2157 602 2180 mox
625 2146 804 2180 videbitur.
852 2147 952 2190 (32)
974 2147 1040 2180 iam
1065 2146 1236 2190 praetoria
1259 2149 1375 2178 nostra
1399 2142 1648 2188 expugnaturi
1670 2143 1733 2176 bo-

283 2193 384 2226 stium
409 2193 451 2226 ab
474 2192 556 2236 ipsis
581 2192 830 2231 abducebatur,
862 2197 898 2225 et
919 2192 954 2225 in
977 2203 1017 2224 ea
1041 2192 1219 2224 universae
1250 2191 1365 2223 classis
1389 2191 1598 2235 praefectu8‚
1625 2187 1732 2232 impe—

282 2238 409 2272 ratoria
432 2237 593 2281 insignia,
617 2238 791 2282 ipsumque
814 2237 898 2270 adeo
923 2239 1024 2271 robur
1048 2243 1183 2270 nostrae
1209 2236 1349 2269 militiae
1372 2232 1732 2275 navaliss-lectissimi

283 2283 522 2327 fortissimique
554 2283 751 2324 bellatores,
786 2284 935 2328 quando,
970 2288 1010 2316 ut
1039 2283 1163 2316 dictum
1194 2287 1267 2323 est,
1307 2293 1425 2314 novam
1458 2279 1603 2314 addendi
1631 2278 1731 2312 victis

281 2329 381 2361 animi
413 2330 575 2362 rationem
597 2328 772 2362 ineundam
806 2333 900 2362 ratus
925 2329 1064 2374 despota
1096 2332 1229 2371 tegmen
1253 2327 1375 2371 eapitis
1397 2326 1433 2359 in
1455 2331 1585 2360 terram
1603 2323 1731 2364 abiicit,

282 2374 423 2419 pulvere
447 2386 484 2407 se
508 2374 677 2418 aspergit3
702 2381 737 2407 et
760 2386 826 2419 quo
849 2374 964 2407 habitu
989 2373 1130 2407 numinis
1154 2384 1250 2419 opem
1273 2373 1533 2416 imploraverat,
1555 2371 1591 2404 in
1614 2370 1731 2403 eodem

282 2429 504 2464 perseverans
529 2419 818 2453 vehementissime
841 2431 912 2453 cum
937 2419 1180 2453 miserabilibus
1204 2418 1350 2452 lacrimis
1373 2415 1656 2455 militesorabat,
1678 2413 1732 2447 nl-

283 2464 399 2497 timum
425 2465 640 2508 prohiberent
664 2466 706 2498 ab
729 2465 869 2509 irnperio
893 2465 1057 2506 dedecus,
1084 2468 1234 2508 Angusta
1257 2463 1352 2507 signa
1375 2474 1418 2496 ne
1441 2463 1574 2506 impune
1597 2459 1730 2500 abduci,

283 2521 327 2544 ne
359 2509 558 2553 triumphari
589 2510 632 2543 ab
661 2510 812 2544 hostibus
836 2511 996 2544 sinerent.
1041 2510 1125 2544 talia
1141 2506 1205 2543 'diu
1230 2508 1489 2542 lamentabiliter
1509 2505 1728 2549 ingeminans,

283 2554 546 2599 demissioneque
577 2566 617 2588 ac
650 2556 790 2600 supplici
823 2562 920 2599 gestu
951 2557 1136 2599 obtutuque
1157 2566 1274 2590 vocem
1297 2555 1475 2595 adiuvans,
1509 2562 1572 2584 nec
1593 2550 1730 2594 segnius

284 2600 440 2634 continuo
472 2600 669 2634 submittens
701 2606 853 2635 recentes
885 2602 1138 2644 laborantibus,
1169 2612 1257 2646 quae
1290 2603 1475 2645 opportune
1501 2596 1731 2636 subvenirent,

285 2646 422 2679 fortium
451 2645 599 2679 virorum
628 2657 765 2687 manus,
797 2647 885 2680 unde
909 2658 1082 2680 caesorum
1111 2648 1229 2680 damna
1253 2647 1506 2690 supplerentur,
1537 2643 1641 2675 robur
1671 2651 1730 2674 au-

286 2691 482 2736 daciamque
513 2691 739 2735 pugnantibus
769 2691 905 2725 immisit
935 2693 1160 2737 excitavitqne
1189 2692 1334 2731 animos,
1366 2694 1404 2722 ut
1425 2689 1489 2722 iam
1514 2697 1617 2732 supra
1640 2687 1733 2719 vius

287 2736 568 2779 conniterentnr‚-
598 2736 867 2783 proiicerentque
898 2749 935 2771 se
967 2738 1004 2771 in
1035 2739 1104 2772 tela
1135 2737 1274 2770 hostilia
1301 2746 1401 2769 caeco
1433 2732 1565 2778 quidam
1592 2732 1731 2777 impetu.

287 2782 388 2816 ardor
412 2786 488 2816 erat
510 2782 544 2815 in
569 2784 708 2815 mortem
731 2782 916 2823 ruentium,
954 2794 1051 2827 quem
1085 2787 1247 2817 amentem
1273 2792 1313 2814 ac
1337 2779 1474 2814 rationi-³
1498 2778 1656 2822 impotem
1680 2776 1731 2809 di-

287 2838 413 2861 ceres.¹
438 2826 643 2861 nec-minori
663 2838 748 2872 opus
770 2833 846 2861 erat
866 2827 928 2861 tali
953 2828 1095 2864 articulo
1117 2829 1368 2873 desperatarum
1391 2834 1514 2859 rernm.
1561 2823 1610 2858 sic
1625 2828 1734 2868 paene
