1884 3262
246 201 347 248 680
651 197 961 242 OBSERVAT.
994 197 1308 243 PACHYMER.

246 312 290 351 in
314 310 417 350 Hist.
445 307 498 347 ad
530 320 622 346 ann.
653 306 794 346 mundi
823 306 933 350 6503
964 311 1136 346 testatur
1169 309 1351 345 canones'
1370 306 1420 347 de
1446 307 1704 348 matrimoniis

247 367 433 407 sanxisse.

359 435 399 460 v.
412 423 478 463 18.
502 418 665 471 gradus
681 420 916 471 affinitatis,
945 418 1060 457 Anna
1071 418 1151 457 filia
1161 419 1360 458 Michaelis
1370 418 1548 472 Augusti,
1563 433 1706 472 sponsa
1764 424 1766 426 ’

246 479 444 518 destinata
473 476 652 514 Michaeli
679 476 882 528 despotae,
913 481 1055 526 quarto
1089 476 1434 527 consanguinitatis
1462 476 1587 528 gradu
1606 490 1706 515 con-

246 536 422 587 tingebat
446 532 601 571 Annam
626 533 810 581 alteram,
836 532 958 570 filiam
985 533 1131 570 sororis
1149 533 1270 585 patris
1292 534 1373 583 sui,
1403 538 1567 584 nuptam
1587 533 1706 571 Nice-

246 592 377 645 phoro
405 590 610 641 despotae,
641 589 840 628 Michaelis
865 588 1048 640 despotae
1063 601 1269 639 german03
1298 595 1338 626 et
1355 589 1446 640 quia
1462 588 1706 640 Nicephorus

249 656 291 687 et
317 649 431 687 Anna
457 646 658 684 coniuncti
678 646 930 684 matrimonio
949 658 1023 696 pro
1043 659 1123 683 uno
1144 646 1426 695 censebantur,
1455 645 1572 684 etiam
1590 645 1708 684 Nice-

246 705 377 758 phoro
406 709 446 741 et
472 708 756 752 consequenter
775 701 953 751 Michaeli
974 702 1056 739 eius
1074 702 1189 740 fratri
1212 701 1380 740 totidem
1402 701 1601 740 affinitatis
1618 715 1708 753 gra-

249 762 366 800 dibus
394 759 692 798 admovebatur.
750 772 870 811 porro
898 757 1065 796 Michaal
1091 757 1228 796 Annae
1253 758 1372 797 uxori
1391 759 1451 797 sui
1467 758 1601 797 fratris
1617 758 1710 796 assi-

248 818 382 857 nitatis
403 816 530 866 gradu
554 815 726 853 secundo
746 815 1000 866 iungebatur,
1030 816 1120 864 quia
1141 828 1213 853 suo
1231 828 1416 866 germano
1437 816 1518 853 eius
1535 815 1624 854 viro
1645 827 1710 852 se-

249 874 381 913 cundo
401 872 746 923 consanguinitatis
763 871 889 922 gradu
905 872 1063 909 iunctus
1084 877 1181 910 erat.
1239 871 1440 910 affinitatis
1461 872 1604 923 quippe
1620 884 1711 922 gra-

252 932 350 979 dus,
389 935 437 967 ut
465 928 638 979 theologi
671 934 709 965 et
732 928 829 966 iuris
854 928 1040 965 canonici
1066 927 1233 966 consulti
1261 927 1360 966 haec
1390 934 1604 967 tractantes
1634 927 1711 966 do·-

250 992 354 1035 cent,
382 985 469 1037 pari
486 998 605 1036 passu
626 991 846 1035 sequuntur
869 984 1014 1035 gradus
1037 983 1395 1035 consanguinitatis.
1436 990 1484 1022 ut
1501 998 1591 1036 ergo
1611 997 1712 1022 con—

247 1042 521 1094 sanguinitatis
537 1041 688 1092 primus
707 1041 851 1092 gradus
869 1046 928 1078 est
947 1040 1217 1092 qui'parentes
1235 1041 1340 1080 inter
1362 1047 1403 1079 et
1420 1041 1564 1079 liberos
1583 1041 1712 1079 inter-

249 1099 373 1149 cedit,
402 1098 597 1135 secundus
616 1098 784 1135 fratrum
804 1097 855 1134 ad
873 1098 1032 1146 fratres,
1061 1097 1202 1135 tertius
1226 1097 1360 1135 fratris
1382 1098 1578 1137 sororisve
1603 1097 1711 1135 filio-

249 1169 340 1196 rum
367 1154 419 1192 ad
448 1159 611 1205 patruos
641 1153 857 1192 avunculos
879 1153 1015 1190 amitas
1035 1159 1074 1190 et
1094 1159 1343 1202 materteras,
1373 1159 1537 1204 quartus
1568 1167 1712 1192 conso-

249 1212 458 1250 brinorum
483 1209 535 1247 ad
563 1210 837 1256 consobrinos,
866 1209 923 1246 ita
950 1214 989 1246 et
1018 1209 1222 1246 affinitatis
1241 1217 1504 1249 numerantur
1527 1210 1710 1260 totidem3

252 1268 386 1319 quales
406 1278 546 1304 revera
563 1266 605 1303 in
625 1265 701 1303 hac
719 1265 800 1303 filia
820 1264 1019 1302 Michaelis
1037 1265 1202 1315 Augusti
1225 1271 1408 1317 respectu
1428 1267 1560 1317 sponsi
1583 1267 1618 1304 ei
1637 1267 1710 1304 de-

250 1323 387 1363 stinati
405 1321 604 1360 Michaelis
624 1322 808 1373 despotae
832 1321 1154 1361 numerabantur.
1211 1322 1318 1360 unde
1337 1335 1387 1360 ex
1405 1321 1481 1360 hac
1498 1329 1632 1374 parte,
1662 1328 1711 1362 ut

253 1376 309 1419 ait
333 1378 567 1428 historicus,
598 1384 771 1429 quatuor
799 1383 913 1415 erant
940 1378 1190 1419 συνοικεσίου
1220 1378 1305 1418 sive
1332 1378 1533 1417 affinitatis
1553 1379 1710 1430 gradus,

254 1449 306 1474 ex
323 1441 438 1487 parte
454 1448 549 1474 vero
570 1435 701 1485 sponsi
719 1434 842 1485 ipsius
861 1433 1061 1471 Michaelis
1078 1434 1263 1486 despotae
1280 1441 1463 1486 respectu
1479 1436 1613 1474 fratris
1628 1436 1711 1474 eius

252 1491 464 1544 Nicephori
485 1497 525 1529 et
542 1491 624 1530 eius
643 1490 815 1541 coniugis
831 1490 967 1528 Annae
983 1496 1098 1528 natae
1119 1503 1169 1528 ex
1192 1504 1327 1530 sorore
1351 1491 1549 1530 Michaelis
1572 1491 1711 1544 Augu-

110 1551 142 1585 P
165 1550 233 1588 477
256 1549 325 1598 sti,
355 1548 458 1598 duo;
486 1547 577 1598 quia
601 1554 649 1585 ut
676 1547 1022 1598 consanguinitatis
1051 1547 1179 1597 gradu
1207 1548 1380 1587 secundo
1403 1549 1712 1588 connectebatur

254 1607 380 1645 frater
407 1605 538 1652 fratri,
566 1604 623 1642 ita
642 1603 815 1642 secundo
841 1603 991 1655 pariter
1009 1603 1210 1642 affinitatis
1229 1605 1356 1656 gradu
1377 1605 1713 1657 coniungebantur

253 1661 358 1701 levir
388 1666 429 1698 et
458 1660 608 1699 fratria.
664 1659 763 1698 haec
791 1673 901 1698 mens
929 1658 1047 1698 huius
1071 1660 1148 1698 loci
1173 1666 1232 1699 est
1241 1675 1252 1710 ;
1281 1660 1384 1699 circa
1402 1675 1519 1712 quem
1534 1661 1714 1700 notanda

253 1718 365 1758 venit
383 1717 531 1769 duplex
546 1717 786 1755 Graecorum
806 1716 910 1754 illius
926 1717 1115 1768 temporis
1135 1730 1159 1754 a
1176 1717 1324 1755 Latinis
1344 1717 1544 1756 hodiernis
1563 1718 1714 1757 discre-

254 1775 404 1827 pantia.
460 1772 572 1825 prior
605 1779 663 1811 est
694 1772 823 1824 quod,
863 1779 911 1811 ut
936 1772 1030 1810 hinc
1061 1779 1246 1825 apparet,
1276 1774 1384 1826 apud
1416 1775 1585 1813 Graecos
1615 1780 1714 1813 tunc

258 1830 427 1869 affinitas
455 1829 688 1867 affinitatem
712 1829 916 1881 pariebat,
945 1842 1034 1867 cum
1062 1830 1104 1867 in
1135 1843 1211 1868 usu
1240 1830 1318 1869 iam
1347 1831 1528 1869 ecclesiae
1551 1831 1714 1869 Latinae

257 1886 358 1938 nihil
390 1884 599 1937 prohibeat
627 1885 836 1935 quominus
870 1885 1007 1935 aliquis
1033 1885 1155 1923 ducat
1181 1899 1348 1924 uxorem
1378 1899 1552 1925 sororem
1574 1887 1713 1925 uxoris

258 1942 391 1983 fratris
426 1941 506 1979 sui:
545 1941 666 1980 altera
692 1940 800 1991 quod
824 1940 866 1978 in
895 1940 1147 1978 numerandis
1181 1943 1419 1994 cognationis
1449 1948 1487 1980 et
1513 1943 1713 1981 affinitatis

258 1993 442 2050 gradibus
463 2002 643 2048 parentes
662 2010 769 2035 nunc
786 2010 868 2035 non
887 1996 1157 2048 imputentur,
1186 1997 1254 2035 sed
1280 1998 1428 2049 primus
1449 1999 1593 2050 gradus
1614 2013 1714 2037 con-

261 2055 452 2093 stituatur
465 2053 509 2092 in
524 2053 731 2101 fratribus,
761 2066 872 2102 cum,
902 2058 950 2090 ut
971 2054 1153 2091 num‘erat
1169 2052 1350 2092 hocloco
1371 2051 1529 2104 noster,
1557 2057 1714 2094 necesse

262 2111 314 2149 sit
329 2110 500 2163 primum
520 2109 686 2160 gradum
705 2114 886 2161 respectu
904 2110 1027 2161 patris
1045 2122 1089 2147 ac
1106 2109 1242 2148 matris
1257 2110 1374 2161 poni,
1403 2111 1620 2150 secundum
1641 2124 1713 2150 re·-

262 2172 399 2219 spectu
415 2167 583 2205 fratrum
603 2179 649 2205 ac
667 2179 862 2205 sororum.
918 2165 974 2203 sic
989 2165 1091 2203 enim
1106 2171 1263 2205 tantum
1280 2166 1520 2218 Nicephorus
1538 2168 1711 2220 despota,

264 2223 334 2274 qui
359 2222 478 2260 filiam
503 2221 647 2260 sororis
677 2221 923 2273 imperatoris
951 2221 996 2260 in
1021 2223 1269 2260 matrimonio
1292 2222 1484 2274 habebat,
1515 2224 1564 2262 ab
1589 2224 1712 2276 ipsius

264 2278 511 2331 imperatoris
528 2279 609 2318 filia
624 2285 766 2331 quarto
784 2278 982 2318 affinitatis
997 2278 1122 2330 gradu
1140 2278 1284 2318 distare
1302 2286 1479 2332 poterat,
1507 2286 1630 2333 prout
1646 2280 1714 2319 hic

264 2335 424 2375 dicitur.

380 2405 418 2442 p.
438 2390 520 2434 448
539 2405 576 2431 v.
596 2394 662 2435 22.
720 2390 883 2444 quando
912 2390 1075 2430 ducente
1098 2392 1263 2430 Isaacio
1283 2391 1474 2444 Augusto
1496 2398 1570 2431 etc.
1625 2404 1712 2431 rem

269 2445 336 2485 hic
354 2446 566 2485 indicatam
594 2449 679 2486 fuse
701 2462 867 2487 narrans
894 2449 1082 2499 Georgius
1112 2447 1339 2500 Acropolita
1368 2447 1590 2501 (Historiae
1619 2450 1713 2486 suae

269 2509 305 2546 c.
327 2507 377 2545 11
397 2516 434 2554 p-
456 2507 507 2545 10
525 2504 587 2545 ed.
606 2504 727 2557 Reg.)
757 2505 799 2543 in
818 2519 969 2544 summa
985 2508 1101 2543 docet
1117 2505 1306 2543 Isaacium
1322 2505 1541 2556 Augustum
1555 2505 1596 2543 in
1613 2503 1712 2543 Bul-

270 2572 400 2611 garos,
429 2560 497 2610 qui
520 2566 679 2599 auctore
701 2562 922 2600 rebellionis
938 2562 1064 2599 Asane
1090 2574 1113 2598 a
1136 2575 1176 2599 se
1196 2561 1435 2610 defecerant,
1464 2561 1713 2613 expeditione

270 2621 471 2665 suscepta,
498 2614 663 2653 Asanem
683 2631 771 2656 eum
790 2618 990 2670 praesidiis
1005 2623 1091 2656 arta
1109 2617 1309 2656 obsidione
1328 2618 1493 2656 cinxisse
1510 2619 1615 2655 intra
1635 2628 1712 2667 op·-

271 2671 452 2723 pidulum
481 2672 708 2711 Strinobum
738 2674 910 2723 dictum,
938 2672 1046 2721 ἐντὸς
1061 2676 1135 2720 τοῦ
1148 2675 1351 2726 πολιχνίου
1380 2669 1428 2715 οὗ
1454 2671 1504 2724 δή
1524 2671 1567 2712 τὸ
1585 2669 1713 2723 ὄνομα

271 2728 500 2780 Στρίνοβος.
553 2729 713 2767 videtur
732 2731 965 2782 amplificata
993 2730 1134 2769 deinde
1150 2730 1199 2768 ab
1216 2732 1341 2769 Asane
1364 2730 1515 2770 victore
1540 2727 1638 2766 haec
1656 2728 1714 2765 ci.-

271 2783 388 2833 vitas,
417 2785 560 2836 quippe
591 2798 709 2835 quam
738 2792 871 2824 noster
899 2787 1122 2833 Tei-nobum
1147 2799 1314 2835 vocans,
1341 2786 1483 2836 regiam
1511 2784 1713 2835 Bulgariae

271 2839 408 2878 urbem
429 2841 544 2880 fuisse
567 2854 648 2880 non
680 2842 798 2881 semel
820 2841 982 2882 indicat.
1037 2841 1166 2895 pergit
1193 2842 1430 2894 Acropolita‘
1445 2840 1592 2890 dicere,
1622 2852 1713 2878 cum
