1884 3262
399 225 472 268 DE
506 223 781 268 MICHAELE
815 221 1186 266 PALAEOLOGO
1221 222 1272 263 L.
1302 219 1379 275 VI.
1514 214 1609 263 441

165 338 278 395 παρὰ
302 335 477 387 κανόνας
503 334 710 393 γινόμενον
738 339 797 394 τῷ
830 335 933 391 πρὸς
963 334 1062 385 τοὺς
1090 333 1303 387 δεομένους
1333 329 1428 374 ἐλέει
1470 335 1613 380 κοινῶς

164 405 303 450 ἐδόκει.
354 408 420 449 καὶ
440 403 554 449 τόνδέ
569 406 640 448 τὸν
658 402 811 461 τρόπον
831 407 904 446 τοῦ
927 402 1257 460 προσισταμένου
1270 401 1468 449 λυθέντος
1490 396 1610 441 ἐτάτ-

163 492 255 518 τετο
285 475 359 529 μὲν
385 477 440 524 εἷς
466 471 667 522 δεσπότας
695 471 716 515 ὅ
746 469 941 526 Μιχαήλ,
975 476 1026 528 τῇ
1036 470 1157 527 ’Άννῃ
1189 471 1233 512 δὲ
1248 469 1427 523 βασιλίδι
1449 466 1552 523 οὔσῃ
1571 483 1614 522 γε
1635 500 1640 505 .

165 541 460 598 συνεζεύγνυτο.
529 543 594 584 καὶ
615 537 665 596 ἦν
696 541 884 583 ἐντεῦθεν
917 537 938 582 ὅ
958 540 1032 594 μὲν
1051 537 1224 592 Μιχαὴλ
1241 540 1452 590 βασιλεῦσι
1468 538 1614 584 δοῦλος

133 612 209 654 δέν
242 610 398 665 ὅρκοις,
443 608 470 652 δ’
497 609 540 652 δ’
576 606 763 664 Ἰωάννης
790 607 1012 656 ἔνσπονδος
1046 606 1104 648 δι’
1137 604 1261 657 ὅλου,
1307 606 1342 647 εἲ
1379 600 1614 659 βασιλεύσοι

165 676 438 734 Βουλγοῖρων,
475 676 687 731 Ῥωμαίοις
717 677 759 719 ἐν
787 674 942 731 ὅρκοις,
987 676 1022 717 εἰ
1049 673 1092 716 δ’
1125 668 1222 726 οὖν,
1258 671 1363 715 ἀλλὰ
1389 673 1455 714 καὶ
1486 670 1609 719 αὐτὸς
1632 673 1664 707 D

166 746 302 803 ὅρκοις
319 751 472 796 πιστῶς
489 743 718 789 δουλεύσων
743 750 828 794 τοῖς
846 746 1104 798 βασιλεῦσιν,
1141 739 1219 784 ὖπό
1238 738 1398 790 τούτοις
1418 737 1616 794 δεσπότης

165 813 423 869 ταττόμενος.

216 889 218 891 ’
301 883 348 929 7.
410 879 624 936 Ἐβούλετο
646 880 692 923 δὲ
706 879 897 933 βασιλεῦς
918 875 1220 936 προλαμβάνειν
1237 877 1434 933 Μαρίαν,
1470 875 1528 930 μὴ
1547 875 1613 917 καὶ
1637 876 1667 910 Ε

114 958 158 992 10
168 947 315 1008 φθάσῃ
331 950 383 993 τὰ
405 949 512 993 καθ’
545 947 672 1003 αὑτὴν
701 945 743 991 εὖ
775 949 925 1003 θεμένη
947 945 1101 1003 ἁλιώσῃ
1131 963 1175 989 τε
1197 946 1270 1000 τὴν
1295 944 1495 999 βασιλέως
1514 949 1618 997 βου-

166 1017 268 1071 λήν,
306 1020 372 1061 καὶ
409 1017 650 1060 κατέσπευδε
682 1016 854 1071 συχνοῦς
893 1015 960 1058 ἐπ’
993 1016 1144 1069 ἐκείνην
1177 1015 1368 1068 πέμπων,
1420 1013 1467 1056 οὔ
1494 1010 1617 1055 τόσον

166 1086 282 1129 τάκεῖ
314 1085 674 1140 καταστρέφοντας
713 1083 811 1127 ὅσον
848 1082 1007 1140 ἡμέρως
1039 1081 1440 1139 μεταχειριουμένους
1480 1079 1551 1136 ἐφ’
1585 1073 1618 1138 ᾧ

167 1155 387 1208 παραδοῖεν
422 1155 594 1208 Μαρίαν
632 1154 698 1195 καὶ
737 1152 836 1202 τοὺς
876 1156 950 1194 τοῦ
995 1151 1195 1205 βασιλέως
1233 1151 1412 1204 δέχοιντο
1453 1150 1618 1197 παῖδας.

166 1219 192 1276 ἦ
215 1223 351 1275 μέντοι
382 1239 424 1277 γε
455 1223 606 1276 Μαρία
637 1221 678 1263 ἒν
707 1219 904 1276 ἀφύκτοις
934 1219 1032 1275 ἴγνω
1056 1219 1246 1276 γενομένη
1278 1219 1344 1261 καὶ
1362 1219 1476 1260 δυοῖν
1494 1217 1620 1270 μέσον

114 1295 157 1331 15
169 1291 485 1345 ἓναπειλημμένη
512 1295 673 1331 κακοῖν·
717 1288 835 1331 ἔνθεν
859 1289 933 1341 μέν
956 1288 1033 1343 γὰρ
1057 1287 1104 1330 τὸ
1127 1288 1252 1344 φανὲν
1278 1287 1322 1329 ἐκ
1340 1287 1431 1328 νέου
1452 1285 1576 1327 κακὸν
1597 1282 1618 1327 ὅ
1643 1285 1672 1319 Ρ
1695 1285 1763 1320 3οΞ

167 1361 374 1412 Λαχανᾶς
404 1358 687 1412 προσκείμενος
723 1354 885 1413 ἠρήμου
920 1356 994 1411 τὴν
1012 1354 1153 1411 χώραν
1191 1356 1258 1398 καὶ
1290 1357 1539 1411 προσεκτᾶτο
1567 1352 1621 1395 τοὶ

168 1426 283 1482 πέριξ
307 1423 578 1482 προσβάλλων
606 1422 758 1478 μόνον,
799 1424 952 1467 ἐκεῖθεν
970 1424 1014 1466 δ’
1049 1424 1092 1465 αἱ
1114 1421 1302 1477 δυνάμεις
1325 1426 1399 1464 τοῦ
1420 1421 1623 1475 βασιλέως

169 1494 354 1537 ἐπιοῦσαι
385 1495 547 1542 πλείους
572 1494 692 1547 δῆλαι
710 1487 816 1547 ἦσαν
847 1492 892 1535 τὸ
912 1494 986 1547 μὲν
1006 1491 1192 1535 ταπεινὸν
1209 1493 1275 1533 καὶ
1295 1489 1391 1534 ὅσον
1412 1488 1527 1538 ἐκτὸς
1552 1491 1621 1543 ζη-

169 1566 370 1614 μιοῦντες,
407 1561 455 1604 τὸ
477 1561 521 1604 δὲ
537 1560 650 1610 ἔντός
671 1562 737 1603 καὶ
756 1562 973 1618 περιφανὲς
991 1560 1036 1602 ἐκ
1054 1559 1206 1610 παντὸς
1223 1557 1376 1615 τρόπου
1400 1554 1622 1600 ὖποποιού-

114 1639 160 1673 ΞΟ
167 1646 294 1684 μενοι.
353 1628 452 1672 ὅθεν
470 1630 537 1671 καὶ
554 1630 642 1686 περὶ
663 1627 787 1687 ἔαυτῇ
806 1646 847 1672 τε
869 1631 935 1671 καὶ
954 1632 1012 1688 τῷ
1030 1629 1143 1671 παιδὶ
1161 1624 1475 1685 τετρεμαινούσῃ
1496 1624 1623 1668 δειναὶ

169 1794 387 1829 personarum
411 1783 471 1818 tali
495 1783 587 1829 prius
609 1782 752 1818 invicem
783 1782 1030 1817 necessitudine
1061 1782 1267 1817 innexamm.
1313 1793 1418 1828 quare
1449 1778 1624 1826 suffragiis

169 1834 364 1863 cunctorum
394 1829 557 1864 indultum
588 1829 796 1875 principibus
827 1829 918 1874 quod
951 1829 1115 1874 petebant
1145 1834 1216 1871 est,
1261 1832 1297 1863 et
1329 1828 1427 1862 titulo
1461 1828 1624 1872 despotae

169 1875 316 1909 Michaffl
339 1876 520 1911 honoratus
551 1877 668 1910 Annae
698 1873 855 1918 reginae,
886 1874 1013 1920 quippe
1045 1874 1254 1920 imperatoris
1276 1874 1392 1916 filiae,
1415 1873 1482 1907 rite
1506 1872 1623 1907 matri-

169 1920 278 1955 monio
300 1921 433 1957 iunctus
456 1925 519 1955 est.
567 1921 644 1954 inde
669 1920 818 1954 Michael
840 1920 927 1954 idem
949 1926 1159 1955 sacramento
1182 1919 1344 1965 Augustis
1373 1920 1409 1953 in
1433 1919 1620 1953 clientelam

169 1966 335 2009 obligavit
355 1966 467 2001 fidem.
514 1967 655 2001 Ioannes
677 1971 790 2000 autem
811 1966 902 2000 Asan
921 1965 1053 2000 iuratus
1076 1966 1224 2012 promisit
1246 1978 1284 2000 se
1306 1965 1426 2000 foedus
1449 1977 1522 1998 cum
1547 1965 1620 1998 Ro-

169 2011 276 2045 manis
297 2011 471 2046 societatis
493 2017 728 2054 servaturum,
753 2011 784 2045 si
806 2011 978 2055 Bulgarici
1000 2012 1062 2046 sibi
1085 2012 1181 2056 regni
1203 2023 1323 2046 secura
1347 2011 1515 2056 possessio
1539 2021 1622 2043 con-

169 2056 326 2100 tingeret.
372 2057 425 2092 sin
447 2058 483 2092 id
514 2069 579 2092 non
611 2058 829 2098 succederet,
864 2058 1155 2091 clientelari-nexu
1177 2058 1346 2092 subditum
1369 2066 1620 2101 permansurum

170 2103 357 2146 Augustis,
385 2103 493 2146 gradu
528 2104 590 2138 sub
619 2103 702 2148 ipsis
733 2103 884 2137 inferiori
915 2103 1098 2148 despotae,
1133 2103 1226 2137 cuius
1249 2103 1346 2137 titulo
1371 2101 1566 2146 dignitatis,
1590 2100 1621 2133 si

172 2147 271 2191 regni
293 2148 465 2191 Bulgarici
488 2160 566 2194 spes
590 2160 654 2182 non
677 2149 919 2190 succederent,
940 2149 1168 2192 insigniendus
1192 2152 1292 2182 esset.

261 2194 295 2227 7.
341 2194 508 2229 Studebat
538 2198 649 2228 autem
678 2194 864 2239 imperator
894 2198 973 2228 ante
1003 2195 1112 2228 omnia
1143 2204 1266 2239 capere
1294 2191 1457 2233 Mariam,
1489 2202 1531 2225 ne
1563 2190 1623 2225 illa

171 2237 317 2282 spatium
341 2238 481 2273 liberum
503 2239 570 2273 sibi
593 2240 783 2273 consulendi
805 2243 906 2273 nacta
928 2251 984 2273 res
1006 2250 1084 2274 suas
1115 2241 1201 2273 bene
1232 2237 1454 2272 constitueret
1476 2236 1623 2270 obicem-

172 2294 240 2327 que
275 2284 560 2328 impenetrabilem
592 2290 778 2330 0pponeret
810 2285 956 2320 consiliis
988 2290 1025 2319 et
1054 2286 1180 2330 spebus
1210 2283 1436 2330 imperatoris.
1485 2293 1566 2326 ergo
1590 2282 1623 2316 is

171 2327 358 2362 festinabat
380 2329 462 2362 alios
485 2329 628 2364 subinde
651 2334 754 2376 atque
776 2331 859 2365 alios
883 2335 1002 2365 contra
1023 2331 1130 2375 ipsam
1153 2330 1308 2373 mittere,
1332 2340 1397 2363 non
1419 2332 1490 2363 tam
1513 2328 1622 2362 hosti-

170 2373 249 2407 liter
271 2374 340 2408 illic
370 2379 585 2418 grassaturos
612 2379 672 2410 aut
699 2379 891 2410 vastaturos
921 2377 1090 2420 regionem
1103 2401 1114 2418 ‚
1146 2387 1245 2421 quam
1276 2375 1397 2409 blande
1418 2374 1623 2420 pellecturos

170 2419 337 2463 Bulgaros
357 2424 397 2453 ut
419 2420 561 2454 Mariam
582 2420 745 2455 dederent
765 2426 801 2455 et
822 2433 982 2466 generum
1004 2421 1173 2466 filiamque
1192 2419 1403 2467 imperatoris
1425 2420 1460 2454 in
1481 2430 1622 2463 regnum

171 2464 247 2499 loco
270 2465 342 2499 eius
365 2465 570 2510 acciperent.
598 2466 699 2501 >haec
721 2466 832 2501 Maria
864 2467 1052 2512 intelligens
1081 2467 1238 2502 redactas
1270 2467 1307 2501 in
1330 2471 1440 2501 artum
1462 2476 1518 2500 res
1541 2475 1622 2498 suas

171 2511 360 2554 sentiebat,
386 2511 516 2545 duobus
550 2511 584 2545 in
614 2522 652 2545 se
683 2523 782 2546 unam
813 2511 891 2546 hinc
913 2517 1016 2557 atque
1048 2512 1126 2547 inde
1146 2512 1375 2558 ingruentibus
1397 2511 1501 2546 malis.
1546 2510 1623 2544 hinc

171 2555 259 2590 enim
294 2567 401 2602 nuper
433 2560 553 2591 exorta
586 2557 692 2602 pestis
723 2557 900 2591 Laelianas
933 2557 1128 2592 victricibus
1157 2559 1286 2593 instans
1316 2557 1424 2602 copiis
1453 2557 1622 2601 regionem

171 2601 370 2646 desolabat,
394 2613 600 2647 quocumque
622 2602 812 2637 intenderat
834 2606 956 2637 cuncta
977 2604 1091 2638 statim
1114 2603 1259 2639 adventu
1305 2604 1389 2638 rimo
1413 2603 1561 2648 capiens,
1585 2604 1622 2635 et

170 2646 222 2681 sic
243 2648 476 2693 plerorumque
498 2647 590 2681 circa
611 2648 804 2682 Temobum
826 2648 974 2683 locorum
988 2649 1053 2684 iam
1076 2649 1228 2685 dominus
1250 2663 1269 2684 e
1298 2656 1405 2684 ectus.
1450 2659 1492 2682 ex
1511 2649 1621 2682 altera

170 2703 253 2771 {3:3’
267 2693 515 2773 5302251525¹³3
539 2693 809 2773 Ἓὲΐὲἵὲξίῗ
830 2694 1239 2776 ῗῗῗὲὦῗῖἶώῗω
1254 2695 1619 2775 ἱῖιξὲωἷῗὲἳίὣῖἴ

173 2782 302 2817 firmum
324 2788 361 2818 et
382 2750 569 2830 expositiiiii
590 2784 731 2819 iniuriae
759 2750 898 2819 iacgbag
923 2753 1223 2832 (ἰοῑη-ιιείᾱιιι-εἶξιῖιιιειιι
1231 2753 1370 2832 οιὲεηιῗε
1385 2751 1618 2829 tll'ei·eilitaesque,

171 2826 261 2863 intra
281 2829 388 2874 ipsam
409 2841 512 2876 porro
534 2830 703 2866 civitatem
724 2830 924 2877 praecipuos
945 2844 1097 2880 quosque
1119 2844 1293 2880 procerum
1310 2830 1482 2879 promissis
1495 2829 1539 2864 ad
1554 2829 1616 2864 ‹le-
