1884 3262
576 226 580 229 -
602 195 706 240 LIB.
724 195 759 239 1.
805 193 1177 239 GLOSSARIUM.
1524 192 1623 238 555

165 310 281 348 i‘stam
304 305 524 360 ἐμπέδωσιν
543 302 780 359 συμβάσεων
798 299 932 359 γᾶμου
949 299 1009 345 δι’
1025 303 1267 358 ἐγκολπίων,
1296 302 1411 343 cuius
1429 304 1628 343 Cantacu-

165 376 286 404 2enus
305 364 502 411 meminit,
531 363 674 403 referri
697 363 748 402 ad
769 361 1046 400 iusiurandum
1066 375 1146 400 non
1165 374 1299 413 posse,
1329 361 1519 413 quoniam
1545 366 1627 399 sta-

164 423 237 460 tim
270 427 361 473 post
389 421 495 459 idem
527 426 671 459 auctor
701 419 1015 458 immentorum
1044 417 1108 456 his
1134 418 1416 457 adiunctmum
1439 417 1628 457 distincte

166 477 388 516 meminerit
406 477 468 515 his
484 476 616 515 verbis
634 477 708 517 τοῦ
722 472 1082 528 παρακοιμωμένου
1101 472 1144 514 δὲ
1164 473 1234 514 καὶ
1255 489 1401 527 ορκους
1417 473 1629 528 προσθέν-

165 550 234 582 τος
254 530 470 587 φρικώδεις
489 532 555 574 ἐπὶ
574 529 714 588 τούτω.
770 532 946 594 primurn
972 531 1195 583 respondeo
1214 544 1357 569 vocem
1377 530 1629 584 προσθέντος

167 589 262 629 ad
247 588 393 644 ὅρκους
423 586 640 641 φρικώδεις
665 589 828 628 relatam
856 588 991 639 potius
1017 587 1254 626 confirmare
1280 586 1387 638 quod
1416 601 1489 626 nos
1517 587 1628 626 dixi-

167 660 279 686 mus:
309 647 505 698 siguificat
519 646 624 684 enim
645 643 928 698 Apocauchum
943 673 954 692 ‚
984 643 1054 694 qui
1075 643 1198 682 isthic
1215 643 1416 695 loquitur,
1446 657 1538 683 cum
1556 657 1628 682 ve·-

167 703 340 743 hementi
365 703 499 743 studio
526 703 774 741 incumberet
805 701 856 740 ad
890 700 1214 753 persuadendum
1241 699 1490 752 patriarchae
1515 700 1627 752 quod

167 760 338 809 volebat,
367 761 416 798 ad
438 760 547 812 prius
565 759 667 797 illud
683 757 958 797 iusiurandum
977 757 1121 807 lenius,
1150 762 1263 807 gestu
1281 762 1437 796 tantum
1454 763 1495 797 et
1512 763 1626 796 tactu

168 817 388 871 ἐγκολπίων
412 816 657 867 exercitum,
693 815 768 854 alia
793 813 1004 854 horribilia
1031 810 1213 867 φρικώδη
1243 813 1494 865 adiunxisse,
1539 807 1627 852 dira

169 873 247 912 sibi
276 873 464 912 nimirum
493 873 752 925 imprecando
781 871 816 910 si
846 871 1022 920 falleret,
1054 884 1134 922 quo
1165 871 1312 909 certius
1337 871 1488 910 faceret
1506 870 1627 908 fidem

170 931 300 969 dictor
303 943 380 968 um.
438 929 580 968 deinde
600 929 661 967 aio
683 929 779 968 istas
801 927 1023 967 horrendas
1047 926 1317 966 execrationes
1334 934 1376 966 et
1397 927 1538 980 capitis
1556 927 1629 966 de·-

170 988 351 1027 votiones
379 987 463 1037 sui,
493 986 541 1024 ab
563 985 805 1038 Apocaucho
827 991 926 1023 tunc
944 984 1091 1034 factas,
1122 997 1203 1022 non
1223 983 1273 1022 ad
1296 989 1415 1036 pacta
1430 983 1630 1036 nuptialia

170 1042 430 1096 pertinuisse,
459 1042 528 1082 sed
560 1043 612 1081 ad
645 1048 801 1082 caetera
825 1053 927 1092 quae
955 1041 1196 1092 persuadere
1215 1040 1466 1092 patriarchae
1488 1040 1633 1093 cupie-

169 1100 257 1150 bat,
284 1112 428 1150 nempe
453 1112 549 1138 vera
576 1111 660 1137 esse
682 1112 784 1152 quae
806 1097 856 1137 de
876 1096 1053 1136 consiliis
1075 1096 1208 1148 magni
1232 1097 1440 1136 domestici
1462 1098 1634 1150 patriar-

170 1156 286 1196 cham
316 1156 483 1195 deiicere
510 1154 660 1195 throno
685 1154 912 1196 meditantis
942 1154 1042 1192 falso
1072 1159 1112 1192 et
1139 1153 1383 1192 calumniose
1415 1153 1467 1192 ad
1497 1154 1633 1206 ipsum

170 1211 440 1267 patriarcham
467 1212 684 1262 detulerat3
727 1212 891 1262 eiusque
918 1210 1140 1249 calumniae
1165 1216 1213 1248 ut
1239 1210 1360 1249 fidem
1388 1212 1556 1261 faceret,
1587 1223 1635 1248 ac

171 1283 214 1309 se
242 1270 302 1308 illi
331 1270 471 1308 intime
497 1268 698 1320 iungendo
720 1267 870 1308 fraudis
898 1267 1027 1306 omnis
1047 1273 1167 1319 atque
1185 1267 1419 1306 insidiarum
1444 1267 1637 1320 suspicio..

171 1339 242 1365 nes
271 1327 525 1375 amoliretur,
556 1326 788 1364 affinitatem
806 1324 1003 1362 obtulerat
1023 1337 1094 1376 per
1114 1324 1275 1388 nuptias
1298 1337 1392 1363 suae
1412 1323 1519 1362 filiae
1542 1337 1636 1363 cum

170 1383 259 1423 filio
289 1382 560 1435 patriarchae,
588 1382 631 1420 in
657 1395 797 1434 quam,
825 1386 871 1419 ut
891 1386 951 1418 est
969 1380 1145 1428 dictum,
1173 1381 1252 1419 iam
1280 1381 1394 1419 ambo
1425 1393 1634 1419 consenseq

173 1445 286 1488 rant,
317 1445 356 1478 et
375 1452 615 1478 consensum
633 1439 888 1478 firmaverant
909 1433 967 1477 δι’
987 1436 1206 1490 ἐγκολπίων
1236 1450 1308 1490 per
1331 1443 1481 1476 tactum
1497 1450 1633 1476 sacrae

173 1495 325 1546 iconis,
355 1509 472 1548 quam
499 1502 665 1547 uterque
695 1496 878 1548 ipsorum
906 1493 957 1532 de
985 1506 1110 1532 more
1124 1499 1216 1532 ante
1247 1499 1385 1546 pectus
1416 1494 1633 1546 pendulam

174 1559 355 1607 gestaret.
414 1565 534 1604 quare
571 1559 680 1591 recte
707 1552 806 1590 haec
834 1550 972 1589 ultima
1003 1549 1125 1590 verba
1152 1551 1353 1590 Pontanus
1382 1551 1427 1589 in
1455 1557 1633 1589 nostram

174 1608 410 1648 sententiam
434 1608 492 1648 sic
513 1609 654 1648 vertit:
685 1606 934 1674 Apocaucfzo
953 1608 1116 1659 ins-uper
1133 1614 1259 1661 caput
1280 1621 1404 1646 auum
1420 1606 1634 1645 horrendis

175 1665 490 1704 execrationibus
514 1664 741 1715 devovente,
772 1666 817 1703 ni
844 1665 1022 1702 sincerus
1041 1666 1109 1703 sit.
1165 1677 1215 1702 en
1239 1678 1318 1716 quo
1342 1669 1566 1718 spectarent
1586 1663 1634 1702 hi

176 1737 287 1777 egenos
311 1718 528 1775 φρικωδεις
551 1721 733 1762 adiuncti
762 1716 980 1774 ἐμπεδώσω
1009 1716 1068 1762 δι’
1095 1720 1339 1774 ἕγκολπὶων,
1376 1734 1459 1760 non
1477 1721 1556 1759 iam
1579 1719 1633 1758 ad

176 1779 375 1832 sponsalia
392 1778 610 1830 firmanda,
637 1779 707 1819 sed
727 1779 778 1817 ad
793 1778 1002 1817 delationis
1020 1777 1214 1816 sinceram
1238 1777 1445 1816 veritatem
1466 1790 1632 1830 persua·-

177 1835 360 1875 dendam.
416 1835 585 1888 denique
612 1837 798 1876 observet
827 1834 1002 1888 prudens
1023 1835 1151 1873 lector
1166 1834 1389 1873 evidentem
1414 1841 1454 1873 et
1469 1834 1634 1872 irrefra—

176 1892 342 1944 gabilem
359 1891 504 1931 horum
516 1922 530 1943 ‚
561 1906 659 1944 quae
677 1892 782 1939 dixi,
818 1891 1158 1931 confirmationem
1186 1904 1234 1930 ex
1253 1891 1346 1944 ipso
1364 1891 1445 1930 loci
1464 1903 1635 1943 conspe-

179 1955 249 1988 ctu
266 1949 398 2001 palam
418 1955 630 1989 extantem.
685 1949 857 1989 refertur
877 1948 920 1987 in
937 1948 1010 1987 illo
1028 1948 1148 1986 citato
1164 1947 1352 1988 historiae
1370 1946 1636 1986 Cantacuzeni

177 2005 310 2058 capite
334 2005 578 2057 colloquium
599 2019 792 2045 arcanum
818 2004 1054 2057 Apocauchi
1079 2018 1170 2043 cum
1193 2004 1438 2058 patriarcha:
1465 2005 1573 2042 inter
1591 2002 1636 2042 id

177 2062 247 2101 ille
263 2061 358 2100 huic
379 2062 484 2101 filiae
500 2064 687 2116 propriae
705 2076 795 2102 cum
813 2061 898 2100 eius
916 2061 1002 2100 filio
1032 2062 1196 2130 nuptias
1219 2061 1381 2100 obtulit:
1409 2059 1637 2112 patriarcha

181 2118 434 2166 admittente,
465 2125 626 2171 pactum
648 2120 696 2158 ab
719 2125 887 2170 utroque
909 2124 1092 2157 mutuum
1115 2113 1173 2158 δι’
1196 2116 1414 2171 ἔγκολπίων
1433 2116 1635 2156 firmatum

181 2179 242 2213 est
266 2188 288 2212 a
315 2174 469 2212 duobus
497 2176 677 2240 patribus
710 2176 760 2215 de
784 2175 1002 2215 liberorum
1029 2173 1214 2225 coniugio
1230 2175 1274 2212 in
1289 2172 1433 2212 horum
1459 2173 1635 2212 absentia

181 2229 517 2281 transigentibus
504 2245 592 2270 lure
608 2239 788 2285 paterno.
845 2245 963 2283 quem
983 2231 1051 2270 hic
1072 2244 1164 2281 ergo
1183 2231 1318 2269 locum
1335 2229 1480 2269 habere
1500 2235 1636 2282 potest

183 2286 388 2326 arrharum
409 2288 646 2339 nuptialium
670 2295 738 2327 aut
756 2289 930 2341 pronubi
952 2287 1092 2326 annuli
1118 2287 1303 2337 traditio,
1330 2300 1450 2339 quam
1477 2285 1546 2326 hic
1569 2285 1636 2325 in·-

182 2349 334 2397 terpres
355 2344 574 2394 cogitavit'.>
628 2346 698 2384 sed
717 2344 768 2383 de
783 2345 846 2383 his
865 2345 957 2397 plus
975 2344 1086 2384 satis.

298 2397 468 2451 sionni
498 2396 664 2466 λήθης
691 2414 732 2453 p.
752 2401 835 2443 247
855 2414 896 2441 v.
916 2404 983 2444 17.
1039 2413 1122 2439 non
1144 2398 1282 2439 dubito
1302 2400 1398 2451 quin
1413 2399 1513 2439 haec
1534 2399 1638 2438 seri-
1659 2411 1690 2446 p
1711 2410 1781 2446 380

182 2456 280 2495 bens
299 2455 517 2495 habuerit*
504 2469 548 2494 m
568 2458 700 2496 animo
719 2457 980 2510 Pachymeres
998 2457 1186 2509 Procopii
1209 2456 1344 2496 locum
1365 2457 1396 2497 l.
1410 2459 1430 2499 1
1455 2457 1505 2495 de
1528 2456 1636 2495 bello

184 2513 344 2553 Persico
371 2526 404 2551 c.
425 2512 473 2563 5,
501 2513 572 2552 ubi
595 2514 645 2553 de
674 2513 802 2552 Persis
829 2514 1137 2553 deliberantibus
1161 2514 1260 2566 quid
1285 2514 1336 2553 de
1360 2526 1453 2564 rege
1479 2512 1636 2551 cabade

184 2570 378 2609 redacto
366 2583 409 2607 m
430 2569 611 2610 ordinem
628 2570 904 2620 decernerent,
933 2576 1072 2609 auctor
1090 2569 1165 2609 ait.
1195 2571 1237 2611 οἱ
1258 2569 1302 2611 δὲ
1327 2575 1478 2611 κτεῖναι
1506 2566 1634 2621 ἄνδρα

186 2627 390 2697 βασιλείου
407 2626 573 2694 αἵματος
592 2623 683 2668 ουδ’
702 2623 832 2676 όλως’
819 2627 1017 2681 ἔγνωσαν,
1046 2622 1135 2667 ἀλλ’
1158 2626 1203 2667 ἓν
1220 2641 1350 2681 φρουρ
1329 2627 1402 2680 ρίῳ
1422 2626 1634 2675 καθεῖρξαι

189 2698 288 2734 οπερ
309 2686 381 2749 τῇς
410 2679 543 2752 λήθης
569 2686 705 2725 καλεῖν
718 2685 984 2751 νενομίκασιν.
1037 2680 1094 2736 ἢν
1111 2680 1187 2752 γάρ
1207 2699 1266 2731 τις
1284 2683 1463 2724 ἐνταῦθα
1486 2681 1633 2749 {yffi-»1-

189 2738 280 2786 θεὶς
300 2735 418 2808 τύχῃ,
449 2754 524 2780 ουκ
546 2740 603 2782 ἔτι
623 2736 751 2791 νόμος
768 2741 882 2792 σφίσι
896 2735 1061 2811 μνήμην
1083 2736 1208 2781 αυτοῦ
1228 2736 1352 2788 εἶναι,
1382 2734 1478 2778 nitzo}
1497 2733 1634 2778 &uva-

190 2809 259 2843 τος
283 2798 339 2850 τῷ
365 2792 587 2848 ωνομακότι
613 2813 639 2849 η
663 2796 792 2850 ζημία.
849 2794 911 2838 διὸ
935 2796 1004 2837 καὶ
1026 2793 1099 2849 τήν
1119 2796 1354 2862 ἐπωνυμίαν
1367 2789 1517 2846 ταύτην
1535 2791 1633 2847 πρὸς

192 2853 365 2904 Περσῶν
386 2851 494 2907 ἕλη
483 2868 534 2895 ·.ν
587 2853 667 2894 hoc
696 2858 756 2894 est
776 2865 827 2893 ex
849 2853 1064 2895 novissima
1081 2854 1230 2907 optima
1252 2851 1455 2894 versione.
1482 2849 1634 2890 abhor-
