1884 3262
573 206 762 271 --LIB·1·
816 206 1185 257 etossAmUM.
1478 234 1485 236 -
1524 206 1624 252 539

171 322 218 358 in·
247 318 347 357 aliis
373 314 541 371 aedibus
568 331 614 356 ex
641 331 750 356 more
776 315 908 361 sedere
930 317 1071 369 liceat,
1101 319 1145 356 in
1159 317 1279 366 *istis*
1292 314 1455 356 divinae
1481 319 1627 357 matris

170 377 286 415 erecti
309 389 444 413 omnes·
462 381 615 413 stantes
634 374 932 420 auscultamus.
1611 401 1615 404 ⁴

287 427 376 472 οἷκτ
388 447 443 473 ου
455 428 481 472 οἱ
493 447 515 485 ρ
529 446 574 472 ιο
587 447 607 479 ς
635 445 675 484 p.
692 431 775 474 530
793 444 833 471 v.
853 433 919 472 10.
976 442 1097 481 quare
1118 428 1184 468 bic
1202 428 1398 468 Cabasilas
1417 443 1512 482 prae
1533 443 1626 469 cae-

169 488 265 527 teris
281 488 524 527 intellexerit
540 488 747 526 imminere
764 493 933 526 mortem
951 486 1169 536 aegrotanti
1185 486 1376 537 Auguste,
1405 500 1488 524 non
1509 486 1628 525 aliam

171 544 418 584 comminisci
437 544 754 584 verisimiliorem
776 557 932 582 causam
951 556 1076 594 queo,
1103 556 1222 593 quam
1242 543 1348 592 quod
1366 542 1463 581 huic
1487 556 1537 581 ex
1559 544 1627 581 os-

169 601 262 640 ficio
280 601 506 640 incubuerit
522 601 732 653 peculiaris
755 613 849 639 cura
871 601 944 640 τοῦ
961 595 1191 646 νοσηλεύειν
1208 614 1275 638 και
1293 604 1530 650 νοσοκομεῐν
1547 599 1627 637 im-

169 663 392 711 peratorem
413 658 552 696 mo1bo
573 657 830 706 laborantem,
859 655 1011 703 intima,
1039 655 1215 705 inquam,
1246 660 1287 693 et
1305 669 1405 706 quae
1421 656 1500 694 tale
1520 661 1627 693 tem-

169 727 247 766 pus
270 714 473 766 postulat,
502 713 687 755 febrienti
711 712 871 779 corpori
892 711 1108 750 minis1e1ia
1127 710 1352 750 exhibendi.
1411 725 1484 749 cur
1502 725 1624 763 porro

168 771 289 808 talem
319 770 546 810 ministrum
573 765 813 823 οἶκτουαριον
841 768 1101 819 Pachymeies
1126 774 1265 818 vocet,
1292 781 1386 806 non
1414 768 1530 806 facile
1556 781 1626 805 oc-

172 832 309 866 curret
325 827 624 879 praeoccupatis
647 826 834 878 opinione
858 827 1076 873 communi,
1109 838 1227 875 quam
1243 830 1402 863 secutus
1421 823 1624 862 casaubo-

170 896 261 930 nus,
288 883 394 922 notis
411 884 456 922 in
474 882 713 922 Trebellium
729 882 962 931 Pollionem,
988 880 1247 933 reprehendit
1265 881 1477 919 Paeonium
1496 881 1624 918 Grae-

172 953 262 979 cum
278 940 533 991 interpretem
558 939 743 991 Eutropii
756 967 769 986 ‚
795 938 905 990 quod
925 951 1043 988 quam
1061 938 1105 975 in
1124 938 1195 977 lib.
1216 941 1241 980 9
1263 935 1457 976 Breviarii
1476 938 1626 975 Eutro-

171 996 295 1050 piani,
325 996 394 1036 ubi
411 995 459 1035 de
475 995 682 1037 Victorino
701 995 845 1047 agitur,
867 994 1005 1032 Latine
1021 993 1206 1045 scriptam
1223 1007 1338 1044 repe1
1342 1001 1424 1032 erat
1443 995 1627 1031 actuarii

170 1065 324 1103 vocem,
352 1052 438 1104 ipse
457 1052 607 1090 Graeca
627 1047 1052 1105 ὖπομνηματογράφου
1072 1063 1156 1088 non
1173 1050 1407 1100 reddiderit,
1434 1051 1504 1088 sed
1525 1064 1625 1101 pro-

169 1109 303 1162 prium
332 1121 417 1146 eam
449 1108 528 1147 viri
556 1121 702 1146 nomen
728 1108 954 1160 putaverit,
992 1107 1035 1144 in
1066 1120 1145 1158 quo
1178 1106 1351 1145 secundo
1381 1107 1467 1145 sine
1503 1106 1628 1144 dubio

168 1165 362 1205 Paeonius
387 1164 580 1216 peccavit.
639 1171 697 1204 est
727 1166 831 1203 enim
862 1163 948 1202 illic
977 1176 1025 1201 ex
1047 1162 1222 1202 auctoris
1247 1169 1379 1202 mente
1397 1165 1627 1212 actuarius,

169 1229 219 1261 ut
242 1234 293 1260 ex
323 1221 486 1260 Aurelio
517 1221 683 1261 Victore
707 1228 748 1260 et
772 1220 970 1260 Trebellio
992 1220 1167 1258 Pollione
1187 1233 1288 1271 quos
1311 1220 1529 1271 Eutropius
1551 1233 1629 1258 ex-

171 1278 310 1317 scribit
329 1277 543 1316 clarissime
563 1283 684 1329 patet,
711 1291 796 1316 non
817 1276 1023 1329 proprium
1046 1290 1235 1328 personae
1255 1276 1323 1314 sed
1343 1276 1628 1328 appellativum

170 1334 437 1384 vocabulum,
470 1333 576 1373 vitae
594 1347 716 1385 genus
736 1340 775 1372 et
796 1333 1066 1371 conditionem
1095 1334 1337 1385 exprimens.
1393 1334 1442 1370 dc
1473 1339 1626 1371 caetero

172 1397 396 1430 erraturum
427 1391 626 1429 contendo
649 1390 771 1429 fuisse
791 1389 1002 1428 Paeonium
1015 1417 1027 1437 ,
1059 1389 1090 1428 si
1109 1385 1532 1442 ὖπομνηματογράφον
1553 1402 1629 1441 pro

172 1449 349 1486 actuario
382 1446 599 1499 posuisset,
626 1461 798 1486 errorem
820 1460 956 1485 eorum
979 1446 1046 1496 qui
1067 1446 1237 1498 speciem
1254 1459 1328 1498 pro
1352 1459 1491 1495 genere
1510 1459 1631 1484 usur-

172 1510 285 1558 pant.
342 1509 532 1554 quantum
553 1504 656 1542 enim
680 1517 728 1545 ex
747 1503 883 1542 multis
909 1503 1098 1552 colligens
1125 1508 1310 1550 autumo,
1341 1502 1507 1539 actuarii
1535 1502 1628 1540 uni-

171 1560 317 1600 versim
337 1559 529 1599 dicuntul
548 1560 617 1611 qui
634 1561 809 1599 ministel
811 1559 846 1597 ia
862 1558 1077 1597 humilima
1094 1572 1188 1596 usus
1208 1558 1427 1609 quotidiani
1446 1572 1547 1610 opus
1563 1557 1626 1596 his

170 1616 407 1657 habentibus
443 1615 653 1665 adhibent,
690 1617 824 1668 quales
858 1615 962 1653 servi
995 1615 1230 1666 plerumque
1261 1614 1462 1653 veteribus
1498 1620 1624 1664 eiant,

170 1673 280 1712 unde
315 1686 399 1711 non
432 1685 558 1724 usque
593 1673 690 1711 adeo
729 1672 914 1723 imperite
947 1670 1051 1709 idem
1084 1671 1275 1710 Paeonius
1307 1667 1455 1711 δούλου
1485 1684 1626 1709 vocem

173 1727 398 1784 οἶκτουαρίῳ
422 1728 616 1768 adiunxit.
675 1728 749 1767 sub
772 1728 847 1767 hac
871 1727 1166 1766 universalitate
1185 1728 1437 1767 familimium
1459 1727 1627 1765 admini-

173 1791 348 1825 strorum
385 1791 482 1836 puto
521 1784 828 1837 comprehensos
864 1784 1233 1823 commentarienses
1267 1781 1628 1838 ὑπομνηματογρᾶ-

175 1857 300 1893 φους,
330 1842 408 1882 sed
427 1848 467 1881 et
493 1838 738 1894 νοσοκόμους
769 1841 1016 1880 infirmorum
1048 1847 1251 1879 cuiatores
1282 1847 1321 1879 et
1355 1840 1562 1891 chirurgos
1586 1845 1628 1879 et

173 1897 319 1938 horum
345 1897 389 1936 in
417 1898 559 1950 quavis
589 1898 696 1937 vitae
729 1898 962 1937 necessitate
989 1903 1056 1936 aut
1085 1898 1364 1936 commoditate
1383 1897 1629 1935 subadiuvas.

175 1954 353 2007 qualium
375 1968 467 1993 cum
484 1955 696 2006 plurimam
717 1968 801 1993 esse
819 1960 1020 2006 oporteret
1038 1954 1193 2007 copiam
1208 1954 1252 1992 in
1271 1954 1456 2004 obsequio
1476 1960 1630 1992 castro-

173 2025 264 2051 rum
282 2011 576 2057 Romanorum,
607 2025 657 2050 ex
675 2011 724 2050 iis
742 2010 862 2050 fuisse
879 2025 962 2049 non
978 2024 1103 2063 parva
1125 2024 1176 2049 ex
1192 2017 1304 2063 parte
1323 2011 1537 2049 conflatum
1555 2024 1631 2048 ar-

174 2067 303 2106 bitror
319 2068 586 2106 actum-iorum
602 2081 748 2120 corpus
759 2097 771 2117 ,
801 2068 908 2118 quod
925 2067 1106 2106 Aurelius
1123 2067 1262 2107 Victor
1277 2067 1387 2104 illam
1406 2066 1533 2118 ipsam
1552 2066 1631 2105 Vi·-

177 2123 323 2162 ctorini
339 2124 503 2176 tyranni
526 2137 598 2176 per
617 2124 888 2164 Attititianum
915 2124 1123 2176 quemdam
1149 2123 1390 2171 actuarium,
1420 2122 1534 2160 cuius
1557 2122 1629 2161 ille

177 2192 345 2218 uxorem
381 2186 648 2231 stupraverat,
683 2186 938 2233 procuratam
969 2180 1127 2219 caedem
1154 2193 1398 2226 memorans,
1438 2177 1628 2217 describit

175 2234 242 2275 his
266 2234 417 2274 verbis:
448 2243 608 2274 tantum
628 2237 929 2286 actum-iorum,
957 2249 1130 2288 quorum
1150 2237 1237 2274 loco
1259 2235 1526 2274 Attitittanus
1547 2234 1629 2272 Ιια-

177 2290 365 2341 bebatur,
395 2293 438 2330 in
456 2293 842 2345 exercitufactiones
857 2295 1014 2345 vigent,
1045 2299 1092 2330 ut
1107 2291 1284 2330 arduum
1299 2291 1528 2344 petentibus
1545 2305 1632 2329 ma-

178 2347 276 2385 litia
293 2355 544 2399 patraretur.
597 2363 727 2401 genus
752 2350 985 2398 hominum,
1010 2350 1249 2400 praesertim
1279 2348 1359 2386 hac
1390 2354 1632 2399 tempestate,

177 2418 374 2456 nequam,
401 2404 591 2454 vaenale,
621 2404 844 2456 callidum,
876 2404 1138 2454 seditiosum,
1165 2404 1341 2444 habendi
1357 2404 1550 2456 cupidum
1565 2411 1632 2442 at-

178 2474 256 2513 que
279 2459 338 2498 ad
345 2459 581 2512 patranda-s
587 2461 770 2513 fraudes
794 2460 1066 2512 velandasque
1085 2463 1208 2512 quasi
1231 2475 1259 2499 a
1280 2469 1433 2500 natura
1447 2462 1631 2513 factum,

178 2531 363 2556 annonae
384 2516 622 2567 dominans,
661 2532 781 2570 eoque
804 2518 928 2556 utilia
953 2518 1191 2556 curantibus
1219 2525 1256 2555 et
1269 2519 1460 2570 fortunis·
1488 2525 1633 2556 arato-

179 2587 273 2611 rum
300 2573 517 2625 infestum,
539 2572 721 2624 prudens
743 2576 788 2612 in
815 2581 1011 2625 tempore·
1008 2573 1073 2612 lais
1099 2574 1303 2626 largiendi
1331 2588 1505 2627 quorum
1533 2587 1630 2612 vae-
1653 2575 1683 2610 P
1704 2576 1772 2611 367

181 2628 323 2668 cordia
348 2629 576 2681 damnoque
596 2645 698 2696 opes·
705 2632 958 2669 contraxerit.
1013 2629 1111 2668 haec
1133 2630 1315 2670 Aurelius
1340 2631 1501 2678 Victor,
1531 2641 1630 2681 quae

181 2692 328 2724 cuncta
358 2682 816 2741 ὖπομνηματογραφοις,
850 2687 1151 2726 amanuensibus
1179 2694 1246 2726 aut
1267 2686 1543 2740 exceptoiibus
1563 2699 1630 2723 eo-

180 2754 271 2780 rum
296 2755 396 2793 quae
430 2743 495 2781 du
498 2749 653 2791 tantm
683 2743 895 2782 convenire
924 2743 994 2795 qui
1018 2743 1187 2795 dixerit,
1217 2757 1290 2783 nae
1315 2743 1349 2782 is
1377 2743 1523 2781 milites
1553 2743 1630 2779 Ro·

179 2810 319 2836 manos
341 2799 478 2837 fecerit
502 2799 618 2837 nimis
638 2772 835 2838 literatos:
863 2805 949 2838 tum
965 2806 1166 2851 praeterea
1186 2800 1426 2839 laboraverit
1451 2798 1494 2836 in
1513 2811 1632 2850 expe-

182 2852 327 2895 dienda
343 2854 518 2906 ratione,
549 2868 622 2895 cur
638 2855 682 2895 id
706 2868 827 2907 genus
854 2869 1038 2895 annonae
1061 2856 1365 2906 dominaretur?
1423 2868 1539 2907 quam
1560 2867 1631 2894 ve·-
