1884 3262
247 211 347 258 592
655 210 966 256 OBSERVAT.
998 211 1311 258 PACHYMER.

246 322 379 370 malit,
408 332 500 358 eum
529 319 612 357 sola
638 318 737 358 haec
764 332 846 359 vox
871 320 1055 372 ponitur,
1085 321 1394 363 subaudiendam
1412 330 1452 363 et
1471 323 1590 363 tacite
1608 337 1706 376 sup.-

246 377 432 430 plendam
453 376 559 414 illam
582 376 742 415 alteram
761 376 971 430 ὕποδοχαί.

360 429 721 485 πνευματικός
750 433 818 474 καὶ
858 435 1222 487 πνευματίζων
1250 450 1289 488 p.
1318 434 1400 478 256
1431 435 1706 477 v.4.10se-

247 490 373 543 phum
403 489 641 528 monasterio
675 490 815 528 Galesii
842 491 1111 543 praepositum
1140 499 1258 531 vocat
1295 491 1550 543 Pachymeres
1578 490 1707 545 ἂνδοα

257 542 528 599 πνευματικόν
547 545 614 586 καὶ
635 546 693 594 εἰς
709 546 859 600 πατέρα
875 548 1111 601 τεταγμένον
1126 552 1182 604 τῷ
1201 550 1362 602 βασιλεῖ.
1398 547 1526 600 primo
1548 555 1708 600 aspectu

252 616 336 642 vox
363 599 628 654 πνευματικός
654 602 733 641 1100
758 604 843 642 1000
872 603 1033 643 videtur
1063 605 1167 643 idem
1187 618 1326 643 sonare
1342 618 1432 642 cum
1451 617 1497 642 οο
1513 605 1660 654 quodl.
1681 608 1706 646 3

253 662 364 701 c.19
393 664 636 697 memoratur
661 656 859 710 πνεύματι
886 662 964 708 ζῶν
995 663 1146 712 spiritu,
1174 665 1328 711 visen-9,
1365 661 1545 711 quodibi
1562 660 1707 699 dicitur

252 715 302 753 de
321 714 523 753 monachis
550 716 829 755 sanctimoniae
850 717 1032 768 opinione
1052 719 1303 767 venerandis,
1333 724 1490 768 sumpta
1515 729 1564 754 ex
1588 717 1708 755 Paulo

253 772 429 823 apostolo
450 772 618 810 formula
633 772 841 823 loquendi,
870 774 1027 825 quales
1017 788 1141 827 impe]
1144 781 1233 814 ato1
1249 789 1322 842 pro
1344 787 1383 812 se
1401 773 1582 812 adhibuit
1599 774 1710 825 μεσί-

253 844 324 876 τας
344 825 540 880 πνεύματι
555 831 703 877 ζωντας
721 829 790 870 καὶ
819 828 1012 883 συνήθεις
1041 834 1096 883 τῷ
1122 829 1353 886 πατριάρχῃ.
1408 838 1542 868 tamen
1569 829 1603 866 si
1623 828 1710 880 quis

252 885 521 947 introspiciat,
552 885 687 923 aliud
678 899 719 923 m
737 899 780 924 ea
803 886 926 925 latere
948 874 1216 945 deprehendet
1238 887 1347 926 haud
1364 885 1614 938 negligendae
1634 899 1710 924 110-
1730 885 1736 888 ”

253 941 386 979 tionis.
444 948 674 992 argumento
705 942 756 981 sit
783 943 890 992 quod
923 945 1042 996 paulo
1074 952 1165 997 post
1194 945 1332 983 eodem
1357 944 1484 995 capite
1511 942 1710 991 smibitur,

253 999 399 1036 famam
424 1010 639 1047 emanasse,
668 998 925 1038 interdictum
946 1001 1113 1058 Iosepho
1123 1001 1218 1040 huic
1237 1001 1284 1040 ab
1308 1001 1472 1039 Arsenio
1488 997 1711 1052 patriarcha

254 1055 374 1092 fuisse
391 1067 441 1091 ne
459 1055 689 1105 fungeretur
719 1056 849 1094 officio
877 1061 1159 1109 πνευματικοῦ.
1217 1059 1367 1096 Graeca
1385 1058 1440 1095 sic
1458 1056 1627 1095 habent:
1657 1070 1712 1103 ως

254 1109 324 1151 καὶ
354 1107 619 1162 ἐπιτιμήσειεν
644 1106 711 1161 ἐφ’
746 1106 780 1166 ᾧ
809 1111 909 1164 μηδε
935 1111 1201 1166 πνευματικὸς
1222 1111 1462 1164 οἷναδέχοιτο.
1517 1111 1709 1150 nimirum

253 1166 519 1219 πνευματικός
537 1174 596 1205 est
618 1167 773 1206 Graecis
794 1168 1021 1207 Christianis
1039 1171 1142 1208 idem
1162 1171 1269 1221 quod
1303 1169 1451 1207 Latinis
1475 1167 1712 1206 ecclesiasti-

253 1224 308 1261 cis
340 1225 613 1273 confessarius
631 1252 642 1272 ,
688 1230 737 1262 ut
770 1224 889 1262 etiam
921 1232 1028 1264 recte
1062 1226 1214 1264 dudum
1241 1226 1434 1265 Meursius
1472 1224 1711 1268 observavit.

250 1280 385 1330 itaque
415 1280 590 1331 suspicor
619 1277 662 1320 τὸ
686 1280 755 1320 καί
789 1281 1011 1331 abundare,
1055 1288 1103 1320 ut
1132 1295 1244 1334 saepe
1273 1282 1365 1319 alibi
1390 1281 1498 1333 apud
1513 1285 1709 1324 nostrum.

252 1336 366 1373 sicin
386 1336 473 1373 loco
495 1335 712 1387 descript03
742 1342 782 1374 et
802 1351 892 1375 cum
909 1336 1170 1391 πνευματικὸς
1185 1337 1254 1379 καὶ
1283 1339 1340 1385 εἰς
1364 1338 1511 1391 πατέρα
1531 1335 1711 1389 τεταγμέ-

252 1407 324 1439 νος
351 1395 408 1447 τῷ
432 1394 588 1445 βασιλεῖ
609 1392 795 1444 Iosephus
826 1394 993 1444 dicitur,
1034 1394 1133 1433 nihil
1162 1395 1272 1433 aliud
1303 1394 1471 1432 indicari
1508 1394 1582 1431 nisi
1619 1406 1710 1431 eum

252 1453 407 1500 patrem
431 1448 695 1499 spiritualem,
733 1448 811 1487 hoc
842 1457 901 1489 est
927 1452 1203 1490 confessarium
1232 1450 1459 1502 imperatori
1475 1451 1602 1488 fuisse.
1659 1462 1711 1486 ex

253 1518 331 1555 qua
349 1505 623 1543 observatione
642 1506 714 1543 lux
733 1506 890 1558 affulget
910 1508 1189 1558 posterioribus
1209 1521 1230 1545 a
1249 1521 1310 1545 me
1331 1506 1532 1557 descriptis
1556 1504 1711 1556 Pachy-

253 1562 371 1599 meris
399 1562 541 1599 verbis.
599 1560 742 1600 horum
768 1565 871 1600 enim
897 1563 991 1602 hinc
1022 1570 1132 1616 patet
1156 1577 1236 1602 esse
1265 1564 1520 1612 sentent-iam,
1561 1564 1709 1601 iratum

254 1618 484 1668 imperatori
499 1618 764 1669 patriarcham
783 1621 952 1658 vetuisse
969 1634 1019 1659 ne
1039 1620 1223 1672 Iosephus
1242 1621 1423 1672 deinceps
1444 1620 1559 1657 etiam
1575 1619 1711 1670 priva-

254 1680 318 1712 tas
344 1674 426 1711 eius
458 1675 714 1712 consessiones
739 1675 939 1727 exciperet
965 1673 1231 1730 (ἅναδέχοιτο,
1273 1677 1322 1715 de
1349 1690 1427 1728 quo
1454 1676 1578 1715 verbo
1610 1686 1710 1725 quae

258 1744 330 1768 suo
353 1730 439 1768 loco
465 1736 669 1780 notamus,
698 1730 780 1769 hue
799 1733 950 1784 confer)
972 1740 1041 1772 aut
1066 1734 1196 1786 ipsum
1212 1736 1255 1771 in
1263 1735 1386 1784 foro,
1414 1739 1462 1771 ut
1477 1733 1712 1795 loquunturf

258 1789 523 1824 conscientiae
550 1788 690 1825 αὐεοίι
691 1803 731 1825 e}
732 1796 788 1837 et,
825 1788 1016 1827 hactenus
1045 1790 1235 1841 siquidem
1250 1797 1340 1842 post
1362 1789 1594 1828 anathema
1583 1801 1711 1839 impe-

256 1843 382 1881 ratori
400 1843 555 1894 publice
580 1844 754 1893 dictum,
783 1844 825 1882 in
852 1846 1085 1896 quibusdam
1116 1860 1215 1898 quae
1236 1847 1422 1897 antiquus
1439 1859 1532 1884 usus
1551 1845 1710 1882 vetabat

256 1899 604 1936 excommunicatis
623 1900 817 1950 permitti,
849 1900 1144 1942 connivendum
1159 1909 1371 1954 putaverat
1388 1900 1632 1954 patriarcha,
1662 1909 1711 1939 ut

257 1954 516 2006 Pachymeres
546 1955 722 2007 superius
751 1956 969 1996 admonuit.
1026 1958 1075 1996 de
1104 1958 1182 1997 hoc
1213 1971 1351 2009 genere
1378 1958 1541 1997 videtur
1563 1963 1603 1995 et
1631 1956 1710 1995 1100

257 2011 394 2060 fuisse,
424 2011 611 2050 nimirum
636 2012 806 2051 tolerare
832 2020 880 2052 ut
892 2014 1076 2065 privatim
1098 2015 1354 2054 confiteretur
1381 2021 1421 2052 et
1440 2016 1480 2052 in
1502 2015 1590 2052 foro
1610 2027 1711 2052 con-

258 2068 443 2106 scientiae
471 2067 751 2107 absolveretur.
807 2069 850 2107 id
879 2070 987 2119 quod
1009 2085 1116 2109 nune
1145 2071 1307 2109 tandem
1335 2071 1502 2109 offensus
1521 2070 1710 2108 instantia

257 2124 412 2175 Iosephi
435 2124 704 2176 prohibuerit3
732 2131 772 2163 et
794 2125 977 2165 videlicet
1007 2127 1317 2166 iurisdictionem
1344 2127 1551 2166 abstulerit
1573 2139 1711 2165 neces-

258 2182 400 2218 sariam
435 2181 486 2218 ad
511 2181 796 2219 absolutionem
824 2183 955 2222 valide
980 2183 1289 2235 impertiendam.
1346 2184 1453 2222 unde
1470 2197 1559 2222 cum
1586 2183 1711 2222 nihilo

257 2237 382 2275 secius
402 2243 535 2287 postea
554 2237 738 2289 Iosephus
762 2240 998 2290 perrexisset
1021 2240 1139 2289 dare,
1167 2247 1214 2279 ut
1236 2241 1367 2291 prius,
1402 2253 1560 2292 operam
1580 2240 1710 2278 confi-

256 2293 359 2331 tenti
380 2293 575 2344 Augusto,
596 2299 646 2332 'et
666 2294 778 2333 illum
810 2296 996 2334 videlicet
1022 2296 1070 2334 de
1088 2310 1197 2335 more
1215 2297 1460 2345 absolvisset,
1490 2309 1622 2334 ausam
1643 2297 1711 2335 Io-

255 2348 366 2400 sephi
384 2350 620 2388 criminandi
637 2350 839 2390 Arseniani
859 2352 907 2390 ab
927 2366 971 2391 οο
989 2353 1068 2391 iam
1091 2353 1314 2405 patriarcha
1339 2353 1544 2391 schismate
1563 2353 1724 2399 discissi,

257 2412 530 2456 sumpserunt,
570 2407 678 2458 quasi
707 2414 939 2447 attentasset
962 2422 1046 2448 rem
1070 2410 1259 2448 nefariam
1289 2409 1450 2448 ferendo
1474 2410 1709 2447 sententiam

260 2462 517 2500 absolutionis
544 2465 832 2502 sacramentalis
859 2466 939 2503 sine
958 2471 1149 2517 potestate
1166 2466 1462 2514 iurisdictionis,
1492 2479 1570 2516 quo
1588 2465 1712 2503 modo

259 2518 341 2556 lata
368 2518 457 2556 talis
490 2521 682 2557 sententia
711 2521 794 2559 sine
830 2521 950 2560 dubio
974 2522 1084 2560 irrita
1107 2529 1185 2572 est,
1223 2523 1328 2561 unde
1354 2522 1398 2560 id
1429 2527 1641 2560 attentasse
1664 2521 1710 2559 in.

261 2580 506 2612 sacramento
535 2575 634 2612 nihil
664 2576 791 2615 minus
819 2579 869 2615 sit
903 2579 1020 2629 quam
1050 2578 1302 2630 sacrilegium.
1368 2584 1427 2616 est
1451 2583 1582 2617 autem
1607 2583 1648 2615 et
1663 2577 1707 2614 id

260 2636 374 2668 extra
394 2630 569 2679 dubium,
591 2644 769 2670 emanare
788 2634 835 2670 ab
853 2635 1039 2686 episcopis
1056 2635 1194 2673 ordine
1207 2634 1451 2673 hierarchico
1464 2633 1708 2673 iurisdictio-

261 2700 351 2724 nem
371 2688 498 2726 istam.
556 2700 675 2737 quare
696 2689 727 2725 si
746 2702 828 2727 eam
849 2691 924 2728 rite
941 2691 1166 2743 patriarcha
1183 2697 1424 2739 revocasset,
1454 2695 1604 2728 certum
1621 2695 1709 2728 erat

261 2757 343 2781 11011
372 2743 544 2795 potuisse
572 2743 713 2782 deinde
751 2745 1026 2796 imperatorem
1060 2762 1082 2785 a
1112 2747 1276 2799 Iosepho
1304 2747 1432 2786 audiri
1460 2751 1531 2784 aut
1558 2746 1707 2785 absolvi

261 2800 600 2838 sacramentaliter.
657 2799 708 2837 ad
726 2800 769 2838 id.
787 2815 907 2852 porro
922 2804 1017 2852 quid
1030 2803 1215 2855 Iosephus
1231 2803 1505 2855 responderet,
1535 2815 1709 2841 comme-

260 2862 390 2895 morat
416 2857 670 2909 Pachymeres
683 2885 694 2907 ‚
725 2858 902 2907 quamvis
933 2860 1171 2899 subobscure
1197 2860 1240 2898 in
1259 2859 1371 2899 codd.
1392 2859 1422 2896 B
1443 2864 1483 2898 et
1502 2858 1547 2900 A.
1577 2859 1644 2898 sed
1665 2859 1714 2897 in*
