1884 3262
458 159 533 202 DE
562 159 836 203 MICHAELE
863 162 1242 207 PALAEOLOGO
1280 166 1326 211 L.
1356 166 1413 212 V.
1563 166 1661 212 423

197 266 368 328 περαίαν
397 275 437 315 Γ
437 275 635 324 ενου’ί”ταις
659 273 827 328 πέμπειν
856 275 953 326 τούς
982 273 1268 330 κωλύσοντας,
1315 276 1362 321 οἳ
1387 279 1454 320 καὶ
1483 279 1658 334 συχνοὺς
1682 285 1714 319 C

196 341 420 393 πέμποντες
451 341 549 391 τοὺς
582 341 836 398 ἀπεροῦντας
863 344 922 399 μὴ
951 349 1064 388 πλεῖν
1087 346 1333 402 προσωτέρω
1352 345 1426 389 οὐκ
1445 345 1550 402 εἶχον
1573 350 1660 390 πεί-

195 413 301 453 θειν.
372 409 410 452 οἱ
443 408 485 451 δ’
520 409 776 466 ἀπεστύγουν
803 413 879 466 μὲν
904 412 1006 468 πρός
1029 414 1104 468 τὴν
1131 415 1342 468 ἔνστασιν,
1382 413 1494 468 ὅμως
1511 416 1558 461 τὸ
1583 417 1653 472 ἐφ’

196 476 351 520 ἑαυτῶν
369 477 644 533 προορώμενοι
661 478 788 533 μόνον
808 481 863 530 εἷς
880 498 922 523 τε
944 481 991 523 τὸ
1010 482 1112 536 πρὸς
1128 484 1330 535 βασιλέως
1352 482 1494 526 εἷίνουν
1514 486 1586 535 καὶἱ
1603 487 1659 534 εἷς

162 555 182 589 5
195 546 269 601 τὴν
285 546 385 601 πρὸς
405 547 452 589 τὸ
471 548 584 601 γε’νος
604 547 869 605 ἐπιστροφήν,
906 549 1056 605 ἦφιόυν
1075 550 1121 593 τὸ
1141 555 1222 593 πᾶν
1243 551 1313 592 ἐπ’
1336 552 1484 610 ἐκείνῳ.
1519 550 1541 596 ὅ
1558 553 1657 606 μέν-

193 632 256 658 τοι
285 632 326 670 γε
356 615 550 668 βασιλεὺς
582 615 758 672 ἐσχάτην
786 616 1078 673 περιφρόνησιν
1107 616 1384 674 ἡγησάμενος,
1431 622 1502 662 καί
1530 620 1574 676 γ’
1600 623 1656 672 εἰς

193 683 359 736 ἄτιμιάς
376 686 557 741 μείζονος
580 684 699 740 λόγον
715 718 727 738 ,
766 687 800 728 εἷ
818 684 1121 742 καθυφεικότος
1143 687 1428 740 ἐκπλεύσειαν,
1461 689 1656 745 ε’παγείρει

191 753 265 806 μὲν
285 752 359 802 τὰς
377 752 481 794 κατὰ
508 753 582 806 τὴν
610 753 726 796 πόλιν
747 752 981 808 εὑρεθείσας
1005 753 1206 808 ὁλκάδας,
1244 754 1497 812 περισυνάγει
1526 759 1572 799 δὲ
1590 760 1657 800 καὶ

194 819 338 870 καθώς
371 838 431 870 τις
458 822 636 876 ἕπακτὴρ
658 821 782 871 κύνας
812 823 858 865 τὸ
880 823 958 865 ἀνὰ
979 824 1053 878 τὴν
1071 822 1189 868 πόλιν
1217 823 1525 880 Γασμουλικόν,
1560 826 1650 881 ε’φι-
1674 834 1705 868 D

140 897 182 930 10
194 893 271 948 στᾷ
293 890 336 931 δὲ
355 887 517 938 τούτοις
542 890 612 932 τὸν
638 889 871 944 βεστιάριον
898 891 1072 942 Ἀλέξιον
1103 893 1175 935 τὸν
1186 891 1402 948 Ἀλυάτην.
1473 893 1655 944 κάκεῖνος

192 956 279 1011 ἅμα
301 965 384 1007 τοῖς
412 960 499 1011 περὶ
528 958 652 1000 αὐτὸν
678 960 748 1001 τὸν
777 958 996 1015 Βόσπορον
1028 959 1084 1010 ὥς
1105 960 1182 1015 εἶχε
1205 962 1523 1017 διαπεραιωθεὶς
1542 963 1654 1005 δεινὰ

192 1027 314 1068 ἐποίει
343 1023 640 1081 προστάσσων·
684 1029 750 1069 καὶ
784 1029 817 1070 εἲ
844 1028 901 1082 μὴ
936 1026 1110 1080 τούτους
1140 1032 1510 1084 καταγωνίσονται,
1562 1030 1652 1074 ἴσον

190 1094 317 1136 ἐτίθει
340 1096 404 1136 καὶ
428 1099 484 1152 τῷ
507 1099 579 1148 τῆς
604 1095 732 1150 ἀρχῆς
758 1096 991 1151 στέρεσθαι.
1062 1096 1355 1150 συνταξάμενοι
1375 1103 1590 1154 τοιγαροῦν
1613 1100 1654 1141 οῗ

190 1164 252 1204 ἐπὶ
275 1167 354 1204 τῶν
379 1167 508 1217 νηῶν,
548 1164 585 1205 οἱ
610 1165 653 1206 δὲ
675 1166 742 1206 καὶ
770 1165 832 1206 ε’πὶ
865 1170 937 1207 τοῦ
969 1168 1154 1222 αι’γιαλοῦ
1185 1165 1541 1222 παραταξάμενοι,
1577 1166 1650 1222 τὴν

136 1237 177 1271 15
191 1230 396 1287 φορτηγὸν
413 1237 635 1274 κατιοῖσαν
655 1233 853 1287 ἐδέχοντο.
925 1236 993 1276 καὶ
1018 1235 1057 1276 οἶ
1086 1236 1160 1288 μὲν
1183 1238 1505 1289 προσπίπτοντες
1524 1237 1596 1277 καί
1610 1253 1654 1292 γε

189 1297 322 1358 κύκλῳ
343 1299 705 1356 περιπτυσσόμενοι
720 1306 916 1356 μαχητῶν
934 1302 1050 1357 ἔργον
1069 1301 1286 1358 ἐπλήρουν,
1311 1303 1408 1345 ἀλλ’
1431 1303 1505 1346 οὐκ
1526 1303 1647 1358 ἤνυον
1671 1315 1703 1348 Ε

188 1368 236 1410 τὸ
256 1366 471 1421 παράπαν·
508 1367 534 1422 ἥ
554 1386 595 1411 τε
614 1370 692 1424 γὰρ
714 1371 755 1420 ἐξ
779 1370 921 1425 οὐρίας
944 1369 1050 1426 ὁρμὴ
1079 1373 1144 1413 καὶ
1170 1371 1215 1413 τὸ
1235 1369 1559 1427 ὑπερανεστηκός
1579 1377 1652 1427 τῆς

188 1435 286 1490 νηὸς
303 1438 464 1485 ἐκείνοις
483 1438 521 1486 ἐς
543 1436 605 1479 ὅτι
622 1436 800 1491 μάλιστα
823 1437 1014 1494 ἐβοήθει,
1054 1442 1119 1482 καὶ
1145 1438 1319 1493 μάταιος
1343 1447 1428 1490 τοῖς
1448 1439 1652 1484 ἀνθιστα-

187 1505 323 1559 μένοις
340 1500 389 1560 ἦν
412 1503 434 1559 ἡ
454 1503 624 1561 σπουδή.
697 1508 763 1550 καὶ
790 1507 829 1550 οἱ
853 1508 927 1562 μὲν
962 1509 1119 1563 ἐπεῖχον
1151 1505 1356 1565 ὁρμῶντες
1388 1508 1565 1566 ἐφέξειν,
1611 1509 1650 1552 οἱ

279 1628 334 1662 10.
355 1627 568 1673 βεστιαρίου
591 1627 631 1660 Ρ.

187 1730 294 1775 pertis
323 1730 502 1776 imperavit
531 1729 769 1764 Genuensibus
802 1730 954 1764 Peraeae
985 1729 1188 1774 degentibus
1219 1731 1357 1766 mittere
1395 1731 1454 1778 qui
1485 1731 1650 1767 sisterent

185 1777 247 1810 hos
271 1778 452 1822 populares
473 1787 571 1818 suos,
604 1782 639 1810 et
672 1776 714 1809 iis
736 1776 918 1810 suaderent
941 1788 1006 1810 non
1042 1777 1091 1811 sic
1113 1778 1296 1812 insalutato
1318 1778 1525 1824 imperatore
1547 1789 1648 1823 prae-

185 1822 301 1856 terire.
347 1824 503 1857 fecerunt
525 1822 559 1855 id
583 1822 628 1855 illi
653 1822 820 1857 studiose:
854 1823 914 1855 sed
938 1823 1019 1856 nibil
1042 1825 1280 1867 profecerunt,
1313 1824 1545 1869 perstantibus
1570 1824 1649 1858 aliis

183 1868 216 1902 in
241 1870 415 1913 proposito
450 1874 485 1902 et
516 1868 641 1902 monita
677 1868 827 1902 convicio
859 1868 1109 1914 repellentibus.
1157 1881 1263 1915 quare
1286 1869 1353 1911 illi,
1377 1882 1419 1904 ne
1442 1869 1509 1904 sibi
1532 1869 1647 1904 fraudi

184 1919 278 1949 esset
299 1915 412 1949 aliena
434 1914 664 1954 contumacia,
698 1914 886 1948 retulerunt
909 1915 1104 1960 imperatori
1126 1927 1164 1950 se
1187 1915 1278 1960 quod
1302 1927 1437 1950 suarum
1466 1919 1542 1949 erat
1565 1927 1647 1962 par-

184 1960 263 1994 tium
288 1961 404 1994 sedulo
440 1961 573 2004 egisse,
606 1960 721 1994 dolere
756 1964 867 1994 autem
891 1962 982 2006 quod
1014 1961 1048 1994 hi
1084 1961 1137 1995 sui
1168 1961 1264 1996 cives
1292 1961 1355 1995 sibi
1386 1961 1547 2005 morigeri
1578 1973 1646 1995 non

182 2006 329 2040 suerint:
354 2009 529 2041 coerceret
551 2019 610 2040 eos
634 2006 708 2051 ipse
732 2018 793 2051 pro
817 2018 879 2040 sua
905 2006 1081 2052 potentia,
1105 2019 1168 2041 nec
1190 2008 1401 2053 peccantium
1424 2008 1557 2051 culpam
1579 2006 1645 2040 im-

182 2055 322 2097 putaret
343 2052 546 2094 insontibus,
571 2058 631 2086 aut
653 2053 765 2096 gentis
788 2053 966 2086 universae
998 2053 1169 2098 proprium
1201 2064 1277 2087 esse.
1299 2055 1440 2087 duceret
1460 2063 1644 2097 paucorum

185 2098 320 2132 crimen.
366 2100 417 2133 his
439 2099 620 2143 imperator
651 2098 778 2132 auditis
800 2109 947 2132 summae
981 2099 1046 2132 sibi
1078 2100 1152 2132 sore
1173 2098 1370 2143 ignominiae
1391 2103 1551 2142 reputans
1573 2103 1644 2132 tam

186 2148 345 2187 proterve
369 2156 406 2178 se
429 2144 594 2178 contemni
622 2144 754 2189 sibique
777 2143 872 2178 illudi
896 2144 1029 2186 sinere,
1058 2143 1208 2178 immittit
1231 2145 1265 2178 in
1289 2155 1349 2177 eos
1371 2148 1512 2188 repente
1535 2155 1645 2189 quan-

185 2195 255 2222 tum
285 2189 518 2233 expeditarum
549 2190 583 2223 in
617 2191 794 2224 navalibus
829 2195 865 2223 et
897 2191 1062 2234 portubus
1098 2194 1268 2235 repertum
1301 2193 1354 2223 est
1386 2190 1530 2222 navium.
1578 2189 1644 2223 hae

184 2245 298 2268 omnes
335 2235 499 2268 universis
531 2247 550 2269 e
584 2235 779 2270 Gasmulica
817 2235 930 2269 navali
972 2235 1113 2278 militia,
1153 2235 1212 2280 qui
1245 2242 1316 2268 tum
1351 2234 1643 2280 Constantinopoli

183 2282 341 2321 fuerunt,
364 2280 502 2326 plenae,
526 2292 643 2315 canum
666 2281 774 2315 instar
795 2281 1000 2315 irritatorum
1025 2286 1162 2315 coortae
1185 2281 1218 2314 in
1241 2285 1457 2314 transeuntes
1479 2282 1643 2314 Genuen-

183 2337 239 2360 ses
260 2332 339 2359 sunt
360 2326 526 2370 undique,
559 2327 849 2361 vehementissime
878 2327 1058 2361 instantes.
1106 2326 1283 2372 impositus
1313 2328 1355 2359 ad
1379 2327 1442 2360 hoc
1465 2326 1532 2360 dux
1555 2326 1641 2372 ipsis

182 2372 296 2405 fuerat
319 2372 500 2405 vestiarius
527 2373 662 2406 Alexius
692 2373 865 2416 Alyattes,
897 2373 957 2417 qui
985 2384 1059 2406 cum
1092 2373 1163 2406 suis
1187 2372 1364 2406 confestim
1387 2371 1530 2406 traiecto
1553 2372 1641 2406 Bos·

182 2429 266 2462 poro
291 2417 372 2451 nihil
393 2417 461 2451 sibi
494 2418 614 2462 reliqui
646 2418 688 2452 ad
721 2430 849 2453 omnem
880 2418 1127 2452 contentionem
1153 2418 1323 2460 faciebat,
1351 2419 1512 2452 mandans
1537 2424 1641 2463 atque

181 2463 368 2506 instigans,
404 2463 520 2508 sicque
552 2463 584 2496 in
609 2463 750 2497 animum
773 2464 954 2505 inducens,
979 2465 1010 2498 si
1032 2476 1100 2498 non
1123 2469 1334 2508 expugnaret
1355 2464 1414 2498 tali
1435 2464 1508 2497 loco
1533 2468 1641 2497 teme-

181 2508 293 2542 rarios
327 2508 474 2554 piratas,
514 2509 613 2543 nihilo
644 2509 710 2544 sibi
741 2509 848 2543 minus
878 2509 912 2543 id
943 2511 1018 2544 fore
1041 2509 1194 2544 'dedecus
1226 2521 1324 2555 quam
1361 2509 1390 2544 si
1422 2509 1642 2555 praefectura

182 2554 399 2597 ignominiose
422 2554 625 2599 privaretur.
672 2554 819 2589 ordinati
842 2567 923 2599 ergo
950 2555 1027 2589 binc
1049 2555 1183 2600 quidem
1206 2556 1240 2589 in
1270 2556 1350 2590 foris
1374 2555 1508 2589 navium
1519 2580 1534 2597 ‚v
1561 2555 1640 2588 hinc

181 2612 202 2634 e
225 2604 317 2634 terra
339 2600 372 2633 in
396 2600 509 2634 littor'e
534 2600 673 2642 milites,
707 2613 766 2645 pro
790 2613 828 2635 se
849 2602 976 2646 quique
996 2600 1190 2636 eiaculando
1213 2601 1420 2646 impetebant
1437 2601 1636 2634 onerariam.

181 2645 243 2680 sed
268 2657 342 2680 cum
369 2646 451 2680 nihil
474 2646 580 2680 minus
603 2658 704 2692 quam
727 2651 888 2691 quantum
911 2649 955 2681 ab
978 2647 1114 2692 optimis
1135 2647 1308 2693 expectari
1331 2646 1488 2682 militibus
1502 2650 1640 2692 poterat

180 2691 241 2725 tali
272 2697 426 2738 tempore
456 2693 630 2736 facerent,
660 2693 790 2727 frustra
823 2698 920 2727 erant
950 2697 1083 2735 tamen,
1112 2693 1229 2739 utique
1262 2694 1425 2728 adversus
1450 2691 1639 2726 onerariam

182 2737 374 2772 extantibus
408 2737 496 2780 alte,
527 2738 637 2784 iisque
669 2738 826 2781 munitis,
857 2737 1019 2774 lateribus
1049 2742 1258 2785 protectam,
1291 2742 1327 2773 et
1354 2737 1466 2772 valido
1488 2750 1509 2772 a
1531 2737 1638 2783 puppi

183 2782 356 2828 impulsam
389 2789 512 2827 vento,
544 2784 660 2830 sicque
694 2795 850 2831 prorsum
880 2784 1098 2821 irrevocabili
1126 2788 1278 2821 ruentem
1312 2795 1432 2826 cursu,
1472 2783 1640 2829 strepitus
