1846 3262
154 157 248 205 198
569 152 805 200 GEORGII
831 153 1183 199 PACHYMERIS

154 270 342 330 χομένοις
371 266 648 326 περιγίνεσθαι
680 271 765 311 τῶν
798 265 1136 322 ἀνθισταμένων,
1185 265 1366 323 ἴγνωσαν
1398 263 1623 317 εὖσυνέτως

156 340 408 396 ὖπέρχεσθαι
435 336 531 391 μετ’
564 333 749 393 εῗρήνης,
789 335 838 380 οὗ
864 334 1022 387 πάντας
1042 334 1153 390 ἅμα·
1183 334 1369 380 ἀδύνατα
1390 335 1468 392 γὰρ
1492 333 1624 385 οὕτως

158 405 209 464 ’ἦν
236 406 531 450 ὗποκλίνεσθαι
561 404 883 460 σπενδομένους·
911 411 999 455 τοῖς
1027 405 1106 460 γὰρ
1132 405 1175 454 ἐξ
1203 404 1332 461 ἀρχῆς
1360 404 1632 460 ἐγνωσμένοις,

109 492 140 526 c
164 476 401 531 ἐμμένοντες
436 472 705 528 μεταβάλλειν
735 474 911 532 ᾐδοῦντο
939 473 1012 517 τὸν
1044 473 1217 528 πλησίον
1246 474 1438 527 ἕκαστος,
1481 475 1548 516 καὶ
1574 472 1623 515 τὸ

158 543 327 588 δύσελπι
357 544 473 600 σφίσι
501 546 660 599 προσῆν
691 540 746 593 ὥς
776 541 1070 597 ἀπολουμένοις
1098 544 1134 585 εἲ
1155 543 1318 586 ἐνδοῖεν.
1389 546 1449 600 τῷ
1471 559 1534 584 τοι
1557 542 1659 589 καὶὸ

161 611 264 656 καθ’
288 612 358 654 ἕνα
379 611 604 665 πέμποντες
625 615 710 654 τῶν
729 611 804 666 μὲν
825 608 1074 666 συμβάντων
1092 610 1321 667 ἀμνηστίαν
1342 610 1444 665 ἔχειν
1460 612 1527 652 καὶ
1543 616 1626 664 βα-

160 679 275 724 σιλέα
304 680 373 723 καὶ
404 679 557 730 αὐτοὺς
585 677 884 735 ὑπισχνοῦντο,
921 680 1084 729 ἐκείνοις
1115 680 1160 722 δὲ
1190 679 1249 734 μὴ
1280 681 1441 735 διηνεκῆ
1468 679 1544 733 τὴν
1562 679 1629 721 ἐπὶ

160 749 368 798 κακίστοις
397 746 591 803 ὁμόνοιαν
622 749 727 804 πρὸς
755 748 854 799 τοὺς
882 748 1033 797 ἄλλους
1059 748 1162 803 ἔχειν
1182 746 1237 798 ὥς
1258 746 1344 791 οἷόν
1363 765 1407 791 τε
1430 745 1629 801 συνεβού-

160 823 304 870 λευον,
337 818 404 860 καὶ
430 821 565 875 σφᾶς,
602 818 637 860 εἲ
666 818 850 870 θέλοιεν,
886 821 1067 874 προῆγον
1100 819 1158 866 εἷς
1182 808 1338 867 ’τόπους
1367 815 1631 871 σεσημασμέ-

161 903 258 937 νους
290 884 436 940 ὄντας,
487 885 595 940 πλὴν
621 886 724 940 μεθ’
759 884 924 941 ὁμήρων
959 885 1036 941 (οὗ
1065 885 1143 942 γὰρ
1173 885 1338 928 ἀπατᾶν
1370 883 1628 942 ὀρέγεσθαι),
1645 896 1692 943 10,

113 968 145 1004 1)
169 951 440 1012 ἐντυγχάνειν,
477 955 520 1004 ἒξ
539 948 595 997 ὧν
617 953 717 997 εἶναι
734 952 963 1009 μανθάνειν
980 951 1114 996 ὁπόσα
1137 954 1240 1010 πρὸς
1255 955 1458 1008 βασιλέως
1477 953 1634 1009 εὐεργε-

163 1022 421 1080 τηθῆσονται
446 1020 630 1073 ἐνδόντες
648 1024 722 1076 μέν
740 1023 815 1073 τὰς
837 1022 1041 1072 ἐνστάσεις
1061 1027 1119 1080 τῷ
1143 1023 1416 1075 σπένδεσθαι,
1453 1020 1635 1078 προδόν-

164 1109 231 1143 τες
252 1093 296 1135 de*
315 1093 381 1135 καὶ
402 1091 474 1135 τὸν
498 1093 553 1141 εἷς
573 1091 745 1145 βασιλέα
765 1090 1040 1148 φημιζόμενον
1061 1089 1231 1136 πλάνον.
1299 1092 1406 1145 μηδὲ
1431 1091 1510 1148 γὰρ
1535 1089 1635 1133 εἶναι

164 1166 314 1205 τοῦτον
333 1161 405 1203 τὸν
428 1158 653 1217 Λάσκαριν
669 1157 883 1215 Ἰωάννην,
920 1159 1027 1215 μηδ’
1053 1158 1104 1202 ἂν
1132 1159 1279 1209 πάντες
1304 1160 1475 1216 λέγοιεν·
1508 1159 1635 1202 αὐτὸν

163 1231 243 1288 γὰρ
278 1229 594 1272 ἀποκεκλεῖσθαι
626 1232 685 1286 τῷ
713 1233 796 1270 τῶν
826 1225 1088 1283 Νικητιάτων
1119 1229 1306 1287 φρουρίῳ
1335 1230 1402 1271 καὶ
1435 1228 1635 1286 ἀσφαλῶς
1648 1239 1692 1275 15

165 1299 549 1355 ἐγκαθείργνυσθαι.
616 1295 667 1350 ’ἢν
702 1297 751 1338 δέ
779 1313 842 1347 τις
873 1298 940 1339 καὶ
967 1294 1161 1350 βούλεται
1201 1297 1363 1351 βλέπειν
1396 1297 1463 1354 ἐφ’
1499 1295 1638 1353 ὅρκοις

166 1366 306 1422 λαβὼν
334 1365 389 1409 τὰ
416 1365 541 1408 πιστὰ
568 1363 813 1421 φρικώδεσι,
852 1372 1058 1422 προσεῖναι
1086 1370 1235 1408 τοῦτον
1256 1367 1356 1414 ἴέναι
1374 1368 1441 1408 καὶ
1458 1366 1635 1421 βλέπειν.

109 1449 143 1484 Ε
166 1433 330 1484 τούτοις
359 1435 427 1477 καὶ
457 1435 635 1476 πλείοσιν
665 1432 839 1484 ἐκείνους
857 1432 1124 1490 ὗπεξάγοντες
1142 1433 1245 1477 καθ’
1266 1433 1446 1491 ἡμέραν,
1483 1433 1570 1489 ἅμα
1593 1435 1638 1477 δὲ

167 1506 234 1548 καὶ
263 1502 599 1562 προσπέμποντες
626 1500 745 1547 ἱκανά
755 1535 769 1556 ,
804 1500 924 1559 μόλις
952 1502 1118 1546 ἔπειθον
1137 1505 1204 1546 καὶ
1225 1501 1421 1547 ἕδούλουν
1440 1503 1515 1554 τὰς
1531 1500 1639 1560 γνώ-

168 1611 344 1658 singulos,
377 1611 548 1648 abducere
570 1624 592 1647 a
616 1611 866 1659 conspiratione
888 1612 1054 1647 communi
1077 1616 1113 1648 et
1136 1612 1179 1648 ad
1202 1614 1297 1660 pacis
1326 1612 1563 1648 tractationem
1586 1606 1640 1648 in-

169 1660 297 1694 clinare
327 1665 477 1705 possent.
524 1659 614 1693 ratio
638 1659 723 1694 haec
746 1662 823 1693 erat
845 1659 975 1693 consilii
998 1661 1190 1705 prudentis.
1235 1660 1325 1694 haud
1358 1660 1560 1705 sperandum
1584 1660 1640 1693 vi·-

168 1706 316 1740 debatur
346 1716 450 1749 posse
473 1705 610 1739 admitti
633 1717 674 1740 ac
695 1705 750 1739 vel
773 1705 883 1739 audiri
906 1707 1079 1750 patienter
1111 1718 1131 1740 a
1164 1706 1329 1740 communi
1351 1706 1490 1740 consilio
1513 1706 1640 1750 gentis,

170 1755 208 1785 et
229 1751 282 1784 ira
305 1749 486 1795 flagrantis
510 1757 547 1784 et
570 1762 731 1786 successu
765 1751 845 1785 belli
876 1751 1008 1794 elatae,
1035 1752 1289 1797 compositionis
1323 1752 1543 1786 mentionem:
1579 1751 1642 1786 fixi

170 1796 299 1842 quippe
331 1807 446 1830 omnes
478 1800 576 1830 erant
605 1797 639 1830 in
670 1796 847 1842 proposito
878 1797 1072 1831 vindicandi
1094 1797 1297 1842 tuendique,
1330 1810 1428 1843 quem
1452 1809 1491 1832 se
1514 1798 1642 1832 habere

169 1843 360 1888 putabant,
397 1841 540 1886 legitimi
572 1843 623 1877 sui
655 1842 837 1888 principisg
872 1843 915 1876 ad
939 1843 1025 1877 haec
1047 1843 1188 1877 insidias
1210 1844 1245 1877 in
1268 1843 1490 1878 conventione
1519 1855 1642 1888 suspe-

171 1893 326 1928 ctantes,
363 1890 400 1921 et
421 1899 488 1921 non
512 1889 586 1923 sine
610 1899 713 1922 causa
735 1893 925 1922 metuentes
948 1900 991 1923 ne
1015 1889 1131 1923 dolose
1153 1889 1283 1923 inducti
1305 1889 1421 1934 specie
1444 1889 1539 1934 pacis
1561 1889 1643 1922 irri-

171 1932 350 1967 tatissimis
373 1933 526 1968 hostibus
550 1933 601 1967 ad.
617 1944 744 1979 poenas
767 1939 902 1968 atroces
925 1933 1147 1979 dederentur,
1174 1940 1296 1969 cuncta
1319 1935 1394 1969 eius
1415 1935 1552 1979 generis
1569 1938 1643 1969 sta-

171 1980 234 2013 tim
266 1978 382 2013 oblata
415 1980 634 2024 respuebant.
680 1991 762 2024 ergo
791 1980 933 2024 primum
956 1980 1000 2014 ad
1022 1992 1124 2015 unum
1148 1986 1184 2015 et
1210 1982 1372 2021 alterum,
1406 1993 1484 2016 mox
1517 1981 1644 2015 sensim

173 2027 375 2059 succedente
397 2025 534 2069 negotio
559 2026 602 2059 ad
626 2024 726 2059 alium
749 2025 917 2071 aliumque
940 2026 1118 2061 mittuntur
1140 2027 1228 2061 certi
1251 2038 1314 2060 nec
1335 2027 1460 2071 ingrati
1481 2027 1643 2072 privatim

174 2070 343 2109 homines,
380 2070 441 2115 qui
465 2070 665 2105 oblivionem
686 2070 858 2116 utrimque
880 2075 1130 2106 transactorum
1163 2078 1409 2118 proponerent,
1444 2073 1644 2117 pollicentes

174 2116 305 2161 optima
338 2115 408 2150 fide
444 2117 487 2151 ab
522 2116 726 2162 imperatore
758 2117 992 2159 sanciendam,
1026 2118 1056 2153 si
1080 2123 1116 2152 et
1142 2118 1207 2164 ipsi
1230 2119 1327 2164 paria
1349 2119 1518 2163 spondere
1541 2119 1584 2152 de
1605 2130 1644 2153 se

176 2161 318 2196 vellent.
365 2162 430 2196 sub
462 2162 548 2196 haec
578 2162 793 2197 insinuabant
822 2174 899 2197 sese
930 2163 1018 2205 illis,
1052 2164 1161 2198 amice
1193 2165 1408 2209 suggerendo
1433 2164 1646 2199 consulerent

174 2208 280 2241 rebus
314 2207 383 2242 suis
416 2208 598 2252 privatim,
631 2220 695 2243 nec
728 2220 829 2243 caeco
861 2220 900 2243 se
929 2211 1108 2245 multorum
1137 2211 1267 2256 impetu
1286 2211 1322 2245 in
1346 2214 1474 2245 certum
1505 2210 1646 2245 exitium

174 2252 288 2298 abripi
311 2253 519 2299 praecipites
544 2252 707 2289 sinerent.
752 2266 819 2289 non
842 2266 880 2289 se
902 2256 1078 2300 postulare
1099 2260 1139 2289 ut
1159 2257 1276 2291 verbis
1299 2257 1496 2291 crederent:
1520 2267 1647 2302 capere

173 2297 280 2332 licere
302 2310 465 2342 praesens
488 2300 755 2345 experimentum
785 2312 896 2335 rerum
919 2301 1080 2346 ipsarum.
1126 2302 1249 2337 venire
1272 2303 1371 2337 modo
1395 2314 1446 2337 ne.
1461 2313 1648 2347 gravaren-

175 2348 234 2377 tur
248 2368 259 2387 ,
289 2344 462 2378 obsidibus
483 2344 519 2379 in
545 2349 652 2380 tutum
678 2347 822 2381 reditum
845 2347 1019 2392 acceptis,
1050 2348 1096 2382 ad
1119 2348 1195 2383 loca
1218 2348 1418 2393 designata,
1440 2348 1499 2382 ubi
1522 2348 1647 2383 distin-

177 2388 268 2422 ctius
291 2390 529 2435 explicandum
552 2391 619 2426 illis
640 2394 733 2426 foret
755 2393 893 2438 quantis
916 2399 1032 2428 essent
1054 2395 1098 2427 ab
1122 2394 1326 2439 imperatore
1342 2394 1530 2429 cumulandi
1543 2405 1647 2439 prae-

176 2430 271 2476 miis,
305 2434 335 2469 si
366 2435 479 2469 redire
514 2448 590 2471 cum
622 2449 661 2471 eo
694 2438 731 2472 in
759 2439 906 2483 gratiam
935 2439 1061 2474 vellent
1083 2439 1267 2485 impostore
1289 2440 1370 2483 illo,
1404 2452 1466 2485 pro
1491 2451 1557 2485 quo
1582 2451 1647 2484 pu-

176 2483 360 2523 gnassent,
395 2482 597 2517 abdicando.
644 2494 710 2517 non
734 2485 823 2518 enim
845 2495 922 2519 esse
950 2485 1044 2519 illum
1067 2485 1227 2520 Ioannem
1250 2486 1450 2527 Lascarim‚
1483 2484 1650 2531 quidquid

175 2525 260 2569 ipsis
283 2526 405 2560 fuisset
425 2527 591 2562 universis
614 2540 836 2574 persuasum,
872 2531 934 2565 sed
955 2535 1112 2576 agyrtam
1137 2536 1174 2566 et
1194 2532 1353 2577 planum,
1387 2531 1475 2566 falso
1498 2543 1537 2565 se
1562 2542 1649 2565 ven-

176 2571 342 2605 ditantem
373 2573 506 2607 nomine
538 2574 688 2621 ipsisque
719 2575 926 2610 illudentem.
972 2580 1008 2611 et
1047 2579 1258 2612 manifestam
1290 2579 1497 2624 imposturae
1529 2577 1650 2612 convi-

176 2617 325 2651 ctionem
347 2618 558 2661 offcrebant‚
589 2620 723 2654 servari
743 2633 861 2656 verum
883 2623 1044 2657 Ioannem
1067 2624 1276 2659 affirmantes
1298 2622 1468 2658 tutissima
1492 2622 1649 2658 custodia.

173 2661 209 2696 in
235 2674 315 2697 arce
338 2662 611 2707 Nicetiatarum,
646 2676 714 2710 quo
743 2671 934 2714 spectatum
958 2680 997 2703 se
1020 2670 1177 2704 conferre
1198 2670 1273 2704 sine
1293 2669 1360 2704 ullo
1381 2668 1534 2714 periculo
1566 2679 1649 2713 pos-

175 2712 273 2743 sent:
306 2715 582 2756 praesumpturos
613 2712 702 2745 enim
732 2718 1022 2765 quantascumque
1053 2715 1178 2750 vellent
1207 2716 1471 2750 iuramentorum
1503 2717 1564 2748 aut
1594 2714 1648 2759 pi-

174 2765 318 2796 gnorum
349 2756 546 2798 cautiones,
584 2755 703 2802 sicque
732 2762 823 2794 istuc
854 2770 963 2805 aequo
987 2772 1028 2794 ac
1051 2771 1171 2795 securo
1193 2761 1380 2796 intraturos
1403 2760 1536 2799 animo,
1572 2770 1648 2794 cum

173 2799 275 2844 pleno
308 2801 452 2838 arbitrio
487 2800 585 2838 liberi
614 2803 765 2848 reditus,
801 2804 888 2841 citra
918 2807 1022 2841 ullam
1047 2806 1249 2855 suspicionis
1272 2807 1438 2843 umbram.
1485 2804 1650 2840 eiusmodi
