1884 3262
214 192 309 236 322
523 167 525 170 ⁴
622 185 856 229 GEORGII
901 183 1249 227 PACHYMERIS

214 303 281 345 διὰ
301 295 522 355 μαργᾶρων
543 289 780 353 ιιαλύπτραν
803 298 869 339 καὶ
894 295 944 339 τὰ
962 293 1157 346 &ateana
1177 292 1402 352 παράσημα
1424 289 1665 347 ἇπεβᾶλετο,

213 369 317 412 κατὰ
337 364 486 422 τρόπον
515 363 560 415 ὃς
587 367 653 408 καὶ
683 365 774 419 μετ’
803 365 850 408 οὐ
882 364 986 408 πολὺ
1007 361 1257 421 ῥηθήσεται,
1291 363 1337 405 τὸ
1356 362 1542 406 ταπεινὸν
1572 361 1668 404 ἑαυ-

213 441 271 493 τῷ
310 438 509 491 προνοῶν
533 433 601 476 διὰ
638 432 685 476 τὸ
725 434 878 476 ἐκεῖθεν
917 432 1100 489 ἀσφαλὲς
1127 433 1194 474 καὶ
1236 428 1370 486 πάσης
1408 431 1669 488 καχυποψίας

212 501 425 558 ἀνώτερον.

73 580 100 613 Ρ
124 579 191 614 217
353 572 431 616 30.
498 567 620 619 Ἀλλὰ
645 566 840 624 πρότερον
868 567 892 622 ἢ
915 570 1037 610 τοῦτο
1070 565 1274 622 ῥηθῆναι,
1312 565 1359 609 τὸ
1381 566 1486 610 κατὰ
1504 567 1576 610 τὸν
1596 565 1702 622 με’-6

215 657 292 696 γαν
311 641 586 681 κονοσταῦλον
605 637 676 679 τὸν
698 633 1012 691 Ταρχανειιότην
1027 633 1282 689 Ἀνδρόνικον
1310 635 1378 676 καὶ
1404 634 1570 689 ἀνεψιὸν
1596 638 1670 689 τοῦ

214 712 462 762 κρατοῦντος
480 703 673 760 λεγέσθω.
745 704 904 761 ἔφθασε
924 704 997 757 μὲν
1018 701 1038 746 ὃ
1060 701 1177 758 λόγος
1204 704 1270 745 καὶ
1287 702 1472 758 γαμβρὸν
1492 702 1670 753 ἀπέδειξε

214 781 362 819 τοῦτον
383 779 455 817 τοῦ
486 771 632 816 Λούκα
649 769 836 815 Ἰωάννου
860 774 925 814 καὶ
947 774 988 821 ἐξ
1008 769 1249 824 ἀξιωμάτων
1278 769 1669 827 σεβαστοκράτορος.

215 842 349 900 τούτῳ
387 843 522 885 τοίνυν
554 840 605 883 τὰ
637 840 741 883 κατὰ
774 841 847 894 τὴν
872 837 1115 894 Ὄρεστιάὸα
1149 856 1191 881 τε
1219 841 1285 881 καὶ
1313 838 1366 880 τὰ
1387 836 1576 894 ἔνδότερα
1597 842 1670 881 τοῦ

215 913 358 964 Αἵμου
383 906 678 965 ἓπιτετράφατο
691 941 704 960 ,
742 910 808 950 καὶ
839 903 889 962 ἦν
909 907 1021 965 αὐτῷ
1041 905 1204 961 συνάμα
1234 911 1284 964 τῇ
1306 908 1462 962 γυναικὶ
1485 904 1672 960 κάθισμα
1684 912 1728 945 10

166 995 195 1028 Β
218 978 242 1035 ἦ
256 976 600 1033 Ἀδριανούπολις.
673 975 727 1026 ὥς
747 981 844 1031 γοῦν
864 978 984 1018 ἐκεῖσε
1005 975 1088 1017 ὄντι
1106 973 1253 1030 χρόνος
1271 976 1452 1031 ἐτρίβετο
1472 979 1672 1028 πλεῖστος,

216 1047 291 1100 οὐκ
312 1045 394 1089 οἷδ’
425 1045 446 1088 ὅ
467 1062 505 1087 τι
527 1042 699 1097 παθών,
737 1042 791 1093 ὥς
812 1043 854 1085 δ’
879 1042 899 1086 ὅ
921 1049 1003 1085 τῶν
1023 1047 1182 1089 πολλῶν
1203 1041 1319 1098 λόγος
1339 1043 1438 1095 ἔχει,
1475 1047 1534 1101 τῷ
1552 1043 1674 1085 ἀδελ-

218 1119 284 1173 φῷ
310 1113 483 1168 Μιχαὴλ
512 1111 669 1170 ὑστέρῳ
698 1128 741 1167 γε
770 1112 855 1154 ὄντι
885 1111 1012 1153 αὐτοῦ
1038 1113 1092 1160 εἷς
1121 1111 1246 1164 μέγαν
1276 1111 1513 1163 ὃομέστικον
1545 1128 1675 1153 κατα-

219 1181 362 1226 στάντι
388 1183 559 1237 ἐγκοτῶν
581 1177 785 1231 ἐκτόπως,
822 1179 878 1220 δι’
905 1179 1031 1221 αὐτὸν
1061 1180 1104 1220 δὲ
1127 1181 1191 1221 καὶ
1219 1183 1276 1236 τῷ
1296 1176 1535 1233 τιμήσαντι,
1571 1183 1674 1232 βου-

219 1251 295 1304 λὴν
321 1246 559 1303 βουλεύεται
590 1250 680 1290 λίαν
709 1248 880 1301 αἰσχρὰν
903 1248 971 1288 καὶ
997 1251 1070 1288 τοῦ
1091 1247 1226 1300 γε’νους
1254 1246 1436 1296 ἀναξίαν.
1506 1248 1562 1295 εἷς
1578 1251 1674 1289 νοῦν
1686 1249 1728 1284 15

221 1318 298 1374 γὰρ
318 1315 571 1369 βαλλόμενος
591 1315 832 1368 αὐτομολεῖν
851 1314 951 1370 πρὸς
968 1314 1038 1356 τὸν
1061 1311 1273 1369 πενθερόν,
1307 1315 1389 1355 ἐπεὶ
1407 1315 1447 1355 ἐν
1467 1313 1675 1357 καταστά-

222 1403 282 1428 σει
300 1389 380 1427 τῶν
399 1386 482 1426 ἐκεῖ
503 1380 751 1439 πραγμάτων
778 1381 905 1425 ὄντων
928 1381 1001 1424 οὐκ
1024 1379 1178 1424 ἀνυστά
1198 1382 1235 1424 οἱ
1255 1381 1308 1423 τὰ
1330 1386 1402 1436 τῆς
1428 1381 1676 1436 αὐτομολίας

173 1456 202 1489 C
227 1453 365 1508 διέγνω
385 1453 614 1508 γίγνεσθαι,
651 1451 726 1504 τὴν
757 1451 821 1491 ἐπὶ
851 1454 924 1504 τῆς
949 1449 1097 1506 πέτρας
1122 1450 1270 1504 σηπιήν
1286 1456 1479 1503 μιμεῖται.
1548 1451 1674 1506 ε’κείνη

223 1522 300 1577 γὰρ
324 1522 408 1578 (καὶ
429 1524 569 1562 σιωπῶ
599 1519 670 1561 τὸν
702 1518 873 1576 φυσικὸν
904 1516 1023 1573 λόγον
1053 1518 1127 1572 οὐχ
1158 1516 1213 1567 ὥς
1241 1517 1442 1573 ἐξέρασμα
1468 1517 1516 1560 τὸ
1547 1518 1675 1572 μέλαν

227 1587 468 1644 δεχόμενον,
505 1586 602 1629 ἀλλ’
635 1584 824 1629 ἀκούσιον
857 1583 1099 1642 ὃιαχώρημα
1129 1587 1221 1644 ῥυὲν
1253 1587 1443 1643 ἐξαίφνης
1468 1590 1526 1645 τῷ
1556 1584 1730 1646 φόβῳὲο

226 1742 364 1788 penitus
385 1744 477 1776 esset
499 1741 534 1774 in
561 1741 669 1775 animo
689 1740 853 1783 affectus,
886 1740 1071 1775 modestam
1093 1742 1251 1787 fastuque
1273 1740 1482 1785 superiorem
1505 1740 1594 1775 omni
1616 1740 1676 1775 de-

228 1788 415 1822 missionem
447 1787 565 1821 habitu
600 1786 767 1831 factisque
795 1787 968 1831 gaudebat
1000 1787 1151 1821 exterius
1182 1789 1344 1832 proferre.
1391 1798 1457 1831 quo
1488 1786 1523 1819 in
1553 1797 1678 1830 genere

228 1838 361 1877 tegmen
384 1844 517 1877 quoque
540 1832 659 1877 capitis
682 1833 874 1876 margaritis
898 1832 1091 1866 distinctum
1126 1836 1162 1866 et
1184 1844 1226 1866 ex
1249 1843 1347 1866 roseo
1371 1831 1550 1865 candentia
1572 1831 1677 1876 depo-

222 1880 296 1919 suit
317 1878 462 1921 insignia
485 1878 571 1910 uitro
595 1888 635 1910 ac
658 1878 794 1920 volens,
825 1882 865 1911 ut
893 1877 993 1922 paulo
1018 1882 1096 1923 post
1123 1877 1274 1918 dicetur,
1307 1877 1526 1922 obsequiosae
1561 1877 1677 1911 mode-

230 1923 316 1958 stiae
338 1924 519 1964 instinctu,
541 1922 696 1956 humilem
720 1922 754 1956 in
777 1934 814 1957 se
836 1923 983 1967 speciem
1006 1923 1170 1957 affectans
1201 1927 1343 1967 propter
1372 1925 1542 1966 speratam
1571 1934 1615 1956 ex
1639 1934 1678 1956 ea

231 1969 448 2004 securitatem
478 1971 511 2001 et
535 1970 696 2001 mal-arum
719 1968 762 2001 de
784 1979 822 2001 se
845 1968 1071 2013 suspicionum
1094 1968 1307 2002 abolitionem
1330 1967 1472 2013 plenam.

323 2015 376 2049 30.
427 2014 497 2047 Sed
520 2014 585 2047 ista
607 2013 803 2058 priusquam
828 2014 1023 2056 referimus,
1060 2013 1102 2047 de
1125 2026 1244 2058 magno
1269 2014 1463 2048 conostaulo
1486 2013 1678 2058 Andronico

233 2059 466 2094 Tarchaniota
489 2058 615 2092 sororis
640 2060 784 2101 Augusti
807 2059 878 2092 filio
910 2060 1052 2093 dicatur.
1100 2060 1186 2092 hunc
1214 2062 1314 2104 paulo
1345 2059 1500 2103 superius
1522 2059 1679 2094 narravi-

233 2116 307 2139 mus
329 2116 488 2149 generum
510 2104 615 2138 fuisse
637 2106 762 2138 factum
785 2103 880 2138 ducis
902 2105 1046 2146 Ioannis,
1069 2104 1234 2148 dignitate
1253 2105 1553 2148 sebastocratoris=
1577 2116 1678 2150 porro

235 2150 343 2184 eidem
361 2151 438 2195 post
456 2150 541 2184 istas
561 2150 695 2194 nuptias
712 2149 838 2184 credita
853 2151 965 2184 fuerat
985 2151 1184 2193 gubernatio
1208 2151 1409 2195 provinciae,
1433 2161 1529 2194 quae
1543 2155 1679 2196 praeter

234 2195 445 2229 orestiadem
470 2199 505 2229 et
527 2196 721 2229 adiacentes
743 2195 820 2229 huic
843 2198 952 2228 terras
976 2196 1078 2229 etiam
1101 2196 1264 2230 interiora
1284 2196 1404 2230 Haemi
1427 2197 1679 2241 complectitur-3

234 2252 303 2286 qua
324 2252 407 2274 cura
427 2243 466 2274 ut
488 2240 689 2274 commodius
713 2253 755 2274 ex
778 2241 964 2286 propinquo
989 2242 1205 2286 fungeretur,
1236 2241 1390 2276 domicilii
1421 2241 1533 2282 sedem
1555 2242 1679 2276 Adria-

235 2286 347 2330 nopoli
369 2287 509 2327 fixerat,
535 2286 594 2319 ubi
616 2298 691 2319 cum
713 2297 818 2320 uxore
847 2287 1051 2321 morabatur.
1096 2287 1142 2320 ibi
1173 2287 1272 2331 longo
1304 2288 1367 2321 iam
1394 2289 1546 2332 tempore
1569 2299 1679 2322 versa-

235 2334 310 2371 tus,
332 2334 472 2372 repente
495 2331 607 2364 nescio
630 2331 712 2376 quid
735 2343 855 2376 passus
870 2357 879 2372 ,
909 2336 948 2365 ut
978 2344 1059 2366 vero
1085 2332 1238 2378 plerique
1260 2333 1374 2375 aiunt,
1408 2334 1524 2366 andita
1542 2344 1678 2378 vpromo—

236 2376 328 2409 tione
350 2376 530 2410 Michaelis
551 2377 666 2410 fratris
690 2377 742 2410 sui
764 2377 900 2411 minoris
922 2377 955 2410 in
977 2377 1177 2422 dignitatem
1200 2379 1312 2423 magni
1345 2378 1537 2418 domestici,
1568 2378 1680 2421 incre-

237 2420 383 2454 dibiliter
406 2422 554 2466 offensus
578 2426 647 2454 tam
669 2422 734 2466 ipsi
757 2434 856 2467 quam
878 2423 909 2456 ei
933 2434 952 2456 a
976 2435 1041 2466 quo
1068 2424 1096 2457 is
1119 2426 1231 2458 fuerat
1251 2425 1288 2458 in
1316 2424 1417 2458 istum
1441 2427 1577 2458 evectus
1599 2434 1680 2467 gra-

237 2466 336 2507 dum,
361 2466 413 2499 ad
428 2467 662 2510 cogitationem
687 2467 783 2501 valde
806 2468 1062 2513 vituperabilem
1086 2473 1121 2502 et
1153 2481 1276 2513 genere
1298 2469 1465 2514 indignam
1486 2480 1547 2502 suo
1570 2468 1682 2513 appii-

230 2511 295 2545 'cat
317 2510 477 2551 animum,
502 2513 672 2545 consilium
694 2513 801 2546 iniens
822 2513 1068 2557 transfugiendi
1091 2514 1134 2548 ad
1166 2526 1327 2549 socerum.
1373 2516 1451 2560 quia
1482 2525 1562 2548 vero
1585 2520 1681 2548 tran—

238 2555 359 2601 quillo,
383 2559 421 2589 ut
443 2559 523 2590 tunc
546 2563 662 2598 erant,
690 2569 802 2592 rerum
824 2564 916 2592 statu
949 2563 1023 2593 tuto
1049 2564 1150 2605 atque
1173 2561 1306 2604 impune
1328 2560 1364 2594 id
1387 2571 1424 2594 se
1445 2559 1560 2593 facere
1581 2569 1680 2603 posse

238 2602 457 2646 desperabat,
482 2613 548 2646 quo
583 2602 613 2635 ei
647 2614 688 2635 ex
716 2604 882 2638 sententia
905 2605 1072 2649 negotium
1091 2606 1307 2648 succederet,
1339 2604 1466 2649 sepiam
1486 2604 1680 2638 haerentem

239 2651 358 2691 petrae
379 2646 445 2680 sibi
467 2647 598 2693 putavit
619 2647 826 2683 imitandam.
873 2649 916 2683 de
938 2650 1034 2684 huius
1058 2651 1234 2696 aquaticae
1257 2650 1434 2686 animantis
1457 2652 1578 2683 natura
1599 2650 1681 2683 bre-

239 2691 328 2726 viter
351 2692 464 2726 dicere
487 2704 551 2727 non
574 2692 710 2735 omitto,
745 2695 833 2738 quod
866 2695 924 2739 qui
957 2697 1179 2739 observarunt
1207 2695 1418 2740 diligentius,'
1451 2695 1593 2729 tradunt
1614 2707 1679 2729 non

238 2748 314 2771 esse
336 2737 628 2778 illiwatramentum
651 2737 685 2771 in
710 2742 898 2782 potestate,
922 2741 1018 2785 quasi
1041 2742 1076 2776 id
1098 2745 1219 2788 sponte
1243 2753 1316 2776 cum
1339 2741 1413 2776 vult
1436 2744 1590 2784 evomat,
1619 2740 1680 2774 sed

239 2786 354 2834 atrum·
372 2782 476 2831 istum
495 2783 658 2830 liquorem
681 2783 786 2829 piscis
807 2784 906 2819 huius
927 2787 1115 2822 visceribus
1131 2793 1325 2834 conceptum
1347 2792 1593 2822 excrementum
1615 2785 1682 2830 ipsi

1852 1078 1866 1090 ’ἶ
1846 881 1874 1067 ,·..>“>ἐῄ”’

1858 1307 1880 1494 ,Ὰὲ;ςυιέε;ὲ”
