1884 3262
402 190 478 232 DE
507 189 779 233 MICHAELE
811 189 1182 241 PALAEOLOGO
1215 192 1263 235 L.
1292 192 1348 236 V.
1503 192 1600 242 387

148 304 241 363 velot
269 299 447 362 ἔκκλῆτῳ
478 304 544 345 καὶ
573 298 820 362 μνημοσῦνῳ
832 334 847 355 ,
884 296 942 345 ὧν
971 302 1141 358 ἕκαστον
1164 302 1207 346 εἶ’
1220 320 1283 353 τις
1301 302 1479 361 ἀκριβῶς
1498 322 1597 350 σκο-

148 373 271 427 ποίη,
307 371 420 413 κενὸν
450 368 549 413 εἶναι
576 368 744 426 ἀνάγκη.
813 367 951 413 “mire
980 370 1058 427 γὰρ
1090 370 1455 428 καὶπαρουσιᾶσας
1474 372 1496 416 ὅ
1514 371 1597 417 ποῖ-

148 455 229 488 πας
247 439 488 494 προκαθίσει
506 442 587 481 τῶν
603 437 762 492 ἄλλωνς
783 434 882 480 πότε
900 437 948 480 δέ
959 453 1040 480 τισι
1058 440 1124 481 καὶ
1141 439 1306 483 ἐπέλθοι
1326 442 1440 496 δίκην
1459 441 1594 496 ἔχουσι

149 504 370 549 θάλασσαν
394 503 598 561 τοσαύτην
623 505 831 559 ταμέσθαι
857 506 924 548 καὶ
950 503 1074 548 τόσον
1103 503 1380 563 ἀναμετρῆσαι
1402 509 1589 565 πέλαγος,

117 574 220 631 5ἔφ’
241 568 275 632 ᾧ
292 578 377 617 τῶν
401 573 668 628 νομιζομένων
686 573 891 629 πρωτείων
918 579 1077 627 ruffae,-
1111 573 1158 616 τὰ
1188 576 1214 616 δ
1220 573 1234 590 '
1260 573 1323 616 ἐπὶ
1346 580 1398 633 τῇ
1417 575 1593 637 ἡμετέρᾳ

146 643 214 684 καὶ
240 639 345 700 μόνῃ
373 642 581 701 ἐκκλησίᾳ,
613 643 679 684 καὶ
707 640 874 700 δευτέρᾳ
893 644 944 696 τῇ
963 639 1069 683 καθ’
1089 639 1198 695 ὑμᾶς
1215 643 1282 683 καὶ
1300 642 1478 699 μεγάλῃ,
1515 645 1591 688 τόν
1611 657 1643 692 Β

145 707 286 752 udum
303 707 633 765 μνημονεύεσθαι
652 712 725 751 τοῦ
747 704 999 764 πατριάρχου
1021 712 1360 765 λειτουργοῦντος,
1398 712 1441 753 τί
1457 711 1508 754 ἂν
1530 718 1594 771 τιδι’

145 777 264 837 ὀρθῷ
297 778 524 834 προσσταίη
535 796 551 831 ;
587 774 732 826 πόσαις
755 777 1001 830 οἰκονομίαις
1019 777 1058 819 οἶ
1075 776 1244 832 πατέρες
1258 777 1360 834 πρὸς
1380 777 1405 821 ὅ
1426 796 1464 821 τι
1483 782 1593 835 γενέ-

145 846 250 887 σθαι
276 845 484 902 συμφέρον
516 842 768 900 ε’χρήσαντος
802 845 869 886 καὶ
897 843 996 886 αὗτό
1025 845 1070 886 δὲ
1098 844 1145 887 rb
1177 844 1249 887 τὸν
1277 845 1378 888 θεὸν
1400 847 1592 902 γενέσθαι

96 922 142 958 10
155 912 377 969 ἄνθρωπον
407 915 473 955 καὶ
501 912 679 968 σταυρὸν
712 909 923 965 ὑπομεῖναι
958 913 1024 953 καὶ
1052 909 1237 954 θάνατον
1270 914 1590 969 καταδέξασθαι,
1619 936 1621 938 ·

146 980 280 1030 ἄλλως
297 980 396 1023 ὄντα
415 985 501 1038 θεῷ
523 979 706 1035 ἀπρεπῆ,
738 981 773 1021 εἲ
786 979 869 1033 μὴν
888 980 953 1020 καὶ
982 983 1070 1037 θεῷ
1098 981 1397 1039 συνειλημμένῳ
1418 980 1591 1037 σώματι,

146 1048 242 1091 ἀλλ’
267 1043 340 1091 οὖν
358 1047 454 1090 κατ’
476 1047 707 1100 οἰκονομίαν
727 1046 801 1101 τὴν
821 1043 1017 1089 ἀνωτάτω
1036 1046 1167 1102 γέγονε
1177 1079 1191 1098 ,
1226 1050 1292 1089 καὶ
1313 1053 1394 1091 τῶν
1415 1049 1473 1103 μὴ
1494 1068 1592 1105 πρε-

144 1114 304 1159 πόντων
328 1119 416 1174 θεῷ
447 1112 693 1173 σαρκοφόρῳ
722 1114 942 1170 γενομένων
969 1113 1123 1169 πᾶσαῆ
1145 1115 1356 1171 οἰκουμένη
1373 1116 1585 1161 σε’σωσται.
1610 1125 1641 1160 C

147 1182 257 1227 οὕτω
279 1188 421 1240 χρῆμα
449 1182 695 1237 θαυμαστὸν
715 1180 741 1237 ἦ
763 1183 984 1236 οἰκονομία.
1053 1183 1124 1224 καί
1144 1182 1187 1239 γ’
1211 1181 1326 1238 ἡμεῖς
1345 1184 1455 1241 εἴπερ
1481 1187 1593 1229 οἷκο-

91 1261 134 1296 15
146 1256 318 1305 νομικῶς
334 1251 404 1294 τὸν
421 1250 695 1307 ἐπηρτημένον
715 1251 898 1292 κίνδυνον
920 1247 1127 1306 φύγοιμεν,
1162 1250 1237 1305 οὐχ
1256 1250 1365 1301 ὅπως
1380 1254 1434 1301 εἷς
1455 1251 1592 1310 ἆμαρ-

143 1321 234 1363 τίαν
269 1317 582 1375 λογισθήσεται,
616 1318 720 1361 ἀλλὰ
750 1319 816 1360 καὶ
844 1318 1214 1372 προσαποδὲξονται
1237 1319 1276 1361 οἷ
1295 1317 1479 1375 γνώσεως
1498 1321 1592 1378 ἀρί-

144 1404 245 1443 στης
270 1385 476 1442 ἐπήβολοι.
544 1384 658 1439 ὑμεῖς
686 1386 753 1437 δέ,
802 1384 898 1428 ἀλλ’
930 1383 986 1434 ὥς
1016 1383 1176 1438 ἀκούω,
1221 1388 1287 1428 καὶ
1313 1386 1506 1444 ἀρχιερεῖς
1535 1391 1593 1439 εἷς

143 1460 266 1498 τοῦτο
292 1451 695 1509 συγκατανεύσαντας
722 1452 1058 1509 ἀποστρέφεσθε,
1093 1455 1159 1495 καὶ
1177 1453 1250 1508 τὴν
1269 1455 1481 1510 ἐκκλησίαν
1501 1474 1587 1499 πει-

145 1527 277 1579 ρᾶσθε
311 1525 478 1577 σχίζειν,
526 1523 592 1564 καὶ
618 1520 739 1576 ἡμῖν,
777 1519 833 1571 ὥς
860 1520 1079 1575 ἤκουσται,
1115 1526 1367 1577 καταρᾶσθε.
1435 1523 1488 1566 τὰ
1513 1525 1589 1578 μὲν

89 1587 218 1634 Ξοοῦν
245 1593 334 1646 περὶ
364 1588 518 1633 τούτων
550 1590 633 1632 ἴστε
663 1589 802 1644 καιρὸς
830 1589 1008 1631 εὐθετεῖν
1035 1590 1102 1630 καὶ
1134 1593 1405 1645 πληροφορεῖν
1424 1593 1490 1633 καὶ
1510 1591 1589 1634 ἀνὰ

141 1660 265 1717 μέρος
283 1662 658 1715 πληροφορεῖσθαι·
688 1657 781 1700 οἷίτε
801 1656 878 1714 γὰρ
896 1654 991 1712 ἡμῖν
1014 1655 1205 1714 εὐπρεπὲς
1223 1657 1385 1700 τοιαῦτ’
1407 1657 1579 1713 ἀκούειν,
1604 1671 1636 1706 D

144 1766 325 1806 contineri,
347 1766 511 1812 primatu,
535 1765 777 1811 appellatione,
797 1763 1117 1800 commemoratione.
1162 1774 1301 1810 quorum
1317 1767 1590 1812 unumquodque,

142 1813 174 1847 si
196 1813 271 1858 quis
294 1818 390 1846 recte
412 1813 612 1853 consideret,
634 1812 667 1845 in
690 1823 809 1846 vanum
832 1811 998 1845 abiturum
1022 1816 1198 1855 appareat.
1244 1812 1376 1855 quando
1400 1812 1484 1846 enim
1508 1824 1590 1846 ven-

142 1863 240 1893 turus
263 1857 582 1903 Constantinopolim
605 1868 695 1902 papa
717 1857 880 1902 primatus
902 1856 997 1890 istius
1019 1856 1071 1889 sui
1094 1867 1134 1889 ac
1156 1856 1405 1900 praesidentiae
1452 1869 1589 1892 raesens

143 1903 190 1938 sit
221 1903 462 1948 possessionem
493 1903 672 1937 aditurus?
714 1913 811 1948 quem
841 1907 952 1936 autem
983 1906 1142 1947 putarent
1172 1913 1305 1936 musam
1337 1903 1391 1936 bic
1444 1902 1589 1937 icentem

168 1954 399 1983 rovocaturum
425 1949 574 1989 Romam,
600 1954 634 1982 et
656 1952 752 1982 tanto
777 1947 951 1981 intervallo
977 1947 1067 1981 vasti
1090 1947 1203 1989 maris,
1234 1947 1294 1981 lite
1316 1947 1394 1982 illuc
1416 1949 1588 1993 sequenda

141 2005 194 2028 lus
217 2005 260 2028 ex
283 1994 522 2039 provocatione
545 1992 766 2038 cognoscendi
789 1998 994 2027 asserturum
1016 1993 1166 2027 Romano
1191 1992 1371 2037 pontifici?
1414 1994 1589 2028 memorari

143 2043 254 2074 autem
288 2051 408 2085 papam
441 2040 475 2073 in
506 2045 621 2074 nostro
650 2038 807 2084 primario
830 2043 866 2073 et
890 2038 1108 2082 patriarchali
1139 2038 1285 2082 templo,
1318 2037 1354 2071 in
1377 2038 1483 2072 altero
1506 2039 1588 2073 item

141 2084 198 2119 illo
220 2090 335 2120 vestro
358 2097 495 2130 magno,
519 2084 624 2119 sacris
647 2089 811 2129 operante
834 2083 1049 2128 patriarcha,
1081 2083 1162 2128 quid
1186 2083 1301 2128 utique
1325 2094 1346 2116 a
1367 2087 1462 2117 recto
1485 2095 1587 2117 exor-

142 2130 255 2164 bitans
285 2130 393 2164 videri
424 2131 595 2176 sapienter
627 2129 880 2164 aestimantibus
913 2129 1045 2174 queat?
1090 2140 1132 2162 an
1156 2129 1241 2162 latet
1262 2128 1443 2173 prudentes
1474 2140 1587 2162 rerum

141 2186 241 2221 quam
263 2177 344 2209 obse
368 2176 470 2209 uiosis
492 2175 848 2210 accommodationibus
871 2174 1108 2208 consueverint
1130 2180 1243 2218 patres
1265 2174 1409 2207 libenter
1424 2174 1588 2207 redimere

141 2220 292 2266 publicas
321 2221 509 2255 utilitates?
553 2223 703 2266 exemplo
735 2221 851 2265 utique
879 2219 983 2264 ipsius
1015 2219 1090 2260 dei,
1124 2230 1189 2252 non
1219 2218 1390 2262 indignum
1413 2219 1587 2253 maiestate

141 2277 204 2300 sua
225 2265 292 2299 rati
313 2267 562 2300 accommodare
584 2277 659 2300 sese
680 2266 776 2300 nobis
797 2276 904 2310 usque
927 2265 968 2298 ad
990 2264 1236 2309 susceptionem
1254 2263 1418 2298 humanae
1431 2270 1585 2304 naturae,

142 2316 179 2345 et
211 2311 245 2344 in
276 2322 317 2345 eo
347 2310 421 2355 ipso
454 2315 641 2345 nostrorum
674 2311 771 2345 simili
792 2315 962 2355 assumpto
986 2320 1127 2354 corpore
1149 2309 1396 2353 perpessionem
1419 2310 1526 2343 crucis
1549 2314 1586 2343 et

141 2355 268 2391 mortis.
315 2367 383 2401 qua
415 2356 653 2401 benignissima
684 2367 859 2401 supremae
890 2355 1076 2388 divinitatis
1100 2365 1201 2388 carne
1222 2353 1360 2388 indutae
1382 2355 1427 2388 ad
1449 2360 1585 2390 nostras

141 2401 296 2436 miserias
326 2401 524 2435 demissione
553 2402 629 2434 orbi
660 2402 816 2435 universo
846 2403 968 2445 parata
990 2399 1080 2433 salus
1103 2403 1168 2433 est.
1213 2398 1262 2433 ita
1285 2399 1424 2434 mirifica
1447 2411 1504 2434 res
1525 2411 1583 2435 ac—

141 2446 360 2481 commodatio
383 2451 447 2480 est.
495 2446 591 2480 nobis
620 2446 725 2490 igitur
756 2447 840 2480 adeo
865 2457 928 2478 non
950 2444 1168 2490 imputabitur
1190 2444 1232 2478 ad
1256 2445 1408 2490 culpam,
1438 2445 1468 2479 si
1490 2445 1585 2490 peri-

140 2492 249 2526 culum
270 2492 462 2537 impendens
484 2491 582 2526 simili
604 2490 910 2525 accommodatione
931 2489 1222 2531 declinaverimus,
1255 2495 1293 2524 ut
1323 2490 1433 2535 potius
1456 2502 1497 2524 eo
1522 2502 1584 2524 no-
1644 2526 1650 2531 ,

140 2537 228 2572 mine
250 2538 365 2583 peritis
390 2549 502 2571 rerum
525 2540 560 2570 et
582 2536 830 2581 perspicacibus
862 2534 1109 2568 commendandi
1133 2535 1248 2568 simus.
1291 2547 1352 2569 vos
1374 2547 1456 2569 vero
1482 2535 1583 2569 etiam

141 2582 253 2628 episco
277 2593 335 2626 os,
367 2583 426 2628 qui
453 2588 523 2616 tam
554 2581 650 2615 iustis
679 2581 818 2615 adducti
847 2580 960 2614 causis
981 2579 1149 2614 nobiscum
1172 2579 1336 2622 sentiunt,
1371 2580 1584 2623 aversamini,

141 2633 181 2661 ut
203 2639 244 2662 au
269 2628 325 2671 io,
366 2634 403 2662 et
424 2627 598 2662 ecclesiam
622 2626 783 2660 conamini
805 2625 972 2659 scindere:
1009 2625 1106 2658 immo
1128 2625 1245 2667 nobis,
1275 2630 1314 2659 ut
1337 2627 1464 2667 fertur,
1497 2626 1582 2659 male

167 2673 334 2708 recamini.
379 2673 432 2708 his
454 2671 652 2718 providendi
674 2683 762 2706 nunc
783 2674 914 2715 tempus
936 2673 1008 2714 est,
1032 2674 1068 2704 et
1089 2675 1168 2704 ante
1190 2671 1299 2704 omnia
1321 2670 1516 2716 explorandi
1540 2670 1583 2704 ad

140 2684 300 2763 flquidum
323 2719 401 2764 quid
425 2729 507 2752 vere
529 2718 562 2751 in
585 2729 622 2751 re
645 2721 707 2759 sit,
729 2721 769 2751 ut
790 2720 826 2750 et
847 2715 942 2750 vobis
963 2715 1041 2761 quid
1064 2726 1125 2750 nos
1146 2716 1302 2758 velimus,
1326 2720 1362 2750 et
1384 2716 1480 2749 nobis
1502 2716 1582 2760 quid

141 2774 206 2796 vos
227 2768 286 2797 aut
307 2764 463 2808 cogitetis
486 2771 546 2798 aut
568 2762 727 2807 egeritis,
752 2766 864 2796 mutuo
887 2765 1099 2806 perspectum
1122 2761 1287 2806 plenaque
1309 2760 1500 2805 singillatim
1523 2772 1584 2794 ex-

141 2807 299 2854 plicatum
329 2809 452 2844 notitia
482 2811 626 2845 constet.
671 2819 782 2854 neque
804 2806 891 2842 enim
912 2807 994 2842 talia
1015 2807 1072 2841 vel
1093 2807 1191 2841 nobis
1213 2806 1330 2842 audire
1352 2807 1508 2840 decorum
1531 2808 1584 2840 est
