1884 3262
415 180 492 224 DE
526 177 805 223 MICHAELE
837 174 1219 224 PALAEOLOGO
1254 176 1302 220 L.
1336 175 1411 220 111.
1549 177 1648 224 233

173 295 222 341 δὲ
241 290 470 351 ἀπάγοντες
486 293 637 338 ἐλεεινὰ
657 299 745 344 τοῖς
760 289 994 351 βαρβάροις
1015 296 1162 347 σκῦλα,
1200 290 1257 343 ὥς
1277 289 1525 349 μηδὲνέἶναι
1544 290 1650 338 ὅπου

172 362 365 423 προσβάς
385 381 448 415 τις
465 362 591 420 ἤθελε
609 361 819 417 σώζεσθαι
837 364 1019 414 ἐπιεικῶς
1036 360 1295 422 ἐλεύθερον..
1342 363 1411 406 καὶ
1439 362 1492 418 δὴ
1514 360 1651 422 κύκλῳ

174 431 438 492 περιστάντες
457 432 557 478 ὅσον
578 432 695 477 οὔπω
713 433 949 491 προσμίξειν
970 435 1030 490 τῷ
1058 436 1292 488 κρατοῦντι.
1341 431 1439 475 οὐδὲ
1456 431 1534 489 γὰρ
1554 430 1652 476 ὅσον

175 506 245 547 καὶ
275 501 461 558 ἡμισείας
491 500 974 560 ἧμέραςήἱππηλατοῦντι
998 498 1211 555 διάστημα
1242 495 1295 556 ’ἦν
1324 505 1401 556 τῆς
1418 498 1540 555 ὁδοῦ,
1577 500 1650 558 ἐφ’

141 571 279 623 εὸσον
305 572 410 630 παρ’
442 570 616 629 ἑκάτερα
644 571 685 615 οἱ
706 571 894 626 πολέμιοι
919 569 1201 626 διηγγέλλοντο
1231 568 1285 612 τὰ
1313 569 1426 613 δεινὰ
1443 568 1652 626 πράττειν,

177 640 236 693 ὥς
266 643 440 694 ἐκείνους
473 640 651 698 ἑσπέρας
678 645 949 696 κατασκηνεΐν
980 638 1081 683 ὅθεν
1109 641 1270 695 πρωίας
1293 636 1459 695 ἐξώρμα
1489 637 1511 682 ὅ
1529 643 1655 693 βασι-

177 708 296 765 λεύς,
346 713 416 754 καὶ
452 710 607 761 ἄλλους
634 711 791 754 ἐκεῖθεν
819 710 999 767 ἐξορμᾶν
1027 705 1207 765 τήμερον
1239 706 1344 751 ὅπου
1370 708 1477 763 χθὲς
1504 708 1654 759 ἐκεῖνος
1676 719 1708 754 Β

177 781 400 836 κατέμεινε.
469 777 574 836 τόση
594 796 657 830 τις
674 774 727 836 ἦν
754 776 956 839 σύγχυσις
979 781 1064 821 τῶν
1082 775 1281 821 ἐπιόντων
1301 774 1358 827 ὥς
1373 776 1480 832 μηδ’
1501 776 1656 828 αὐτοὺς

177 850 284 896 κατὰ
305 848 523 908 φάλαγγας
543 849 696 904 με’νειν,
727 847 836 892 ἀλλὰ
858 851 1073 903 πανταχοῦ
1102 846 1257 890 ἐκθέειν
1274 843 1502 902 λημμάτων
1522 848 1657 889 ἐλπίδι

123 932 169 967 10
178 918 283 978 ὑπὲρ
305 920 397 970 δέος
413 923 491 962 τοῦ
509 923 661 962 παθεῖν
682 916 809 962 ἅπαν.
877 913 930 973 ἦν
962 917 1008 960 ‹5’
1044 915 1124 959 ἀνὰ
1141 916 1268 974 μέρος
1295 917 1364 959 καὶ
1384 914 1406 959 ὃ
1424 918 1655 959 Κωνσταν-

178 996 290 1040 τῖ’νος
317 988 391 1047 ἐφ’
424 985 587 1044 ἁμάξης
610 986 838 1045 φερόμενος
867 986 935 1042 (τὸ
960 986 1041 1043 γὰρ
1066 985 1210 1037 σκέλος
1230 982 1438 1042 κατεαγώς
1460 1002 1559 1029 ποτε
1580 985 1657 1029 οὔκ

181 1057 262 1113 εἶχε
292 1057 400 1102 κατὰ
427 1054 585 1113 τρόπον
610 1064 698 1108 τοῖς
724 1058 847 1100 ποσὶν
876 1058 934 1106 εἷς
965 1053 1066 1099 ὅδὸν
1093 1052 1187 1098 τότε
1215 1058 1407 1113 χρᾶσθαι
1425 1053 1521 1098 οὔτε
1541 1056 1655 1112 πεζῇ,

180 1127 259 1183 οὐχ
283 1121 410 1184 ἦττον
437 1127 483 1170 δὲ
511 1127 579 1169 καὶ
604 1126 711 1180 μεθ’
739 1124 922 1183 ἳππων),
966 1124 1065 1174 τοὺς
1090 1123 1362 1183 Βουλγάρους
1393 1123 1504 1182 ἀμφ’
1528 1124 1656 1168 αὐτὸν

181 1195 306 1253 ἔχων,
342 1198 411 1240 καὶ
434 1196 521 1239 αἰὲν
539 1199 707 1249 βασιλεῖ
726 1194 808 1253 ὅπῃ
842 1196 1012 1252 σκηνοίη
1043 1194 1196 1250 ἐπέχων
1226 1192 1283 1246 ὥς
1313 1191 1660 1250 καταληψόμενος

125 1276 169 1312 15
179 1266 442 1322 μονωθέντα.
513 1265 555 1309 οἳ
585 1265 664 1323 γὰρ
694 1266 787 1322 περὶ
818 1264 892 1308 τὸν
919 1263 1096 1320 βασιλέα
1122 1261 1297 1318 πάντες,
1333 1261 1433 1307 ὅσον
1453 1258 1505 1319 ἦν
1524 1267 1658 1320 θερα-
1682 1268 1713 1303 C

180 1335 371 1380 πευτικὸν
401 1336 471 1379 καὶ
499 1336 696 1388 οῗκίδιον,
742 1333 853 1392 ἀμφ’
888 1333 1032 1384 αὖτοῒς
1061 1333 1234 1384 ἕκαστος
1260 1334 1467 1383 δείσαντες
1475 1365 1491 1386 ,
1534 1332 1662 1383 ἄλλος

181 1404 338 1449 ἄλλοσέ
357 1423 415 1463 πῃ
444 1402 555 1462 ὅρμῇ
581 1402 696 1462 πάσῃ
725 1401 943 1462 φεύγοντες
971 1400 1254 1460 παρεὸόοντο,
1292 1402 1464 1460 ἀφέντες
1492 1403 1562 1445 καὶ
1578 1406 1665 1456 βα-

183 1474 299 1520 σιλέα
318 1476 409 1534 περὶ
438 1472 590 1517 ἑαυτοῦ
621 1475 850 1532 φροντίζειν
878 1471 990 1523 ὅπως
1012 1473 1185 1529 σωθείη.
1258 1470 1444 1527 σπουδὴν
1464 1470 1543 1530 γὰρ
1568 1471 1663 1515 ἕκα-

182 1595 294 1631 libera
316 1608 463 1643 corpora
478 1595 585 1632 omnis
608 1595 736 1632 aetatis
751 1595 786 1631 in
807 1595 1010 1631 servitutem
1033 1594 1078 1630 ad
1100 1594 1271 1629 barbaros
1292 1593 1531 1635 miserabilem,
1553 1593 1606 1629 ita
1623 1597 1666 1629 ut

183 1644 317 1678 omnino
340 1655 543 1690 quocunque
565 1643 643 1689 quis
666 1642 807 1688 prodire
830 1642 1022 1687 cogitaret,
1046 1641 1171 1676 nullam
1193 1641 1284 1676 viam
1307 1652 1329 1675 a
1351 1641 1527 1685 praesenti
1553 1640 1661 1676 exitio

184 1701 251 1725 non
274 1690 349 1724 dico
371 1690 472 1735 plane
494 1693 627 1733 tutam,
650 1690 712 1724 sed
735 1701 779 1723 ne
800 1689 904 1723 talem
926 1688 1063 1734 quidem
1094 1687 1151 1722 cui
1183 1687 1415 1722 verisimiliter
1448 1687 1664 1732 aliquatenus

182 1740 304 1782 posset
326 1736 436 1770 fidere
454 1741 492 1771 et
515 1740 620 1781 caput
641 1735 853 1781 salutemque
874 1746 971 1770 suam
995 1746 1071 1769 cum
1093 1733 1255 1768 nonnulla
1278 1733 1334 1768 vel
1356 1732 1462 1767 dubia
1483 1744 1546 1778 spe
1569 1745 1664 1767 com-

182 1783 340 1827 mittere,
371 1782 473 1816 ullam
504 1793 650 1828 usquam
679 1782 860 1828 reperiret.
907 1785 1083 1815 caeterum
1118 1779 1143 1813 ii
1174 1780 1287 1815 omnia
1317 1790 1381 1827 per
1413 1779 1594 1813 circuitum
1626 1780 1662 1814 in

182 1828 294 1871 huuc,
317 1840 418 1874 quem
440 1828 530 1871 dixi,
553 1828 688 1863 modum
710 1829 806 1863 velut
826 1827 988 1872 indagine
1010 1826 1177 1873 amplexi,
1201 1826 1254 1862 ita
1278 1838 1322 1861 ex
1344 1826 1434 1861 omni
1456 1831 1558 1871 parte
1579 1837 1664 1871 pro-

182 1875 374 1922 perabant,
403 1879 444 1909 ut
475 1879 608 1909 tantum
639 1886 707 1910 non
730 1874 883 1919 contigui
913 1874 992 1908 telis
1014 1885 1056 1909 ac
1087 1872 1245 1908 manibus
1276 1874 1311 1908 in
1335 1878 1506 1908 momenta
1526 1872 1664 1917 singula

184 1921 335 1956 cominus
357 1921 524 1956 adorituri
545 1922 770 1965 timerentur,
802 1921 862 1956 vix
892 1925 991 1955 tanto
1022 1921 1067 1955 ab
1104 1920 1172 1954 illis
1203 1931 1294 1966 pone
1314 1918 1523 1954 instantibus
1545 1919 1662 1964 spatio

184 1971 347 2014 quantum
369 1967 492 2003 itinere
514 1967 676 2003 dimidiae
697 1968 767 2003 diei
792 1967 895 2003 facile
917 1971 1059 2013 possent
1079 1966 1234 2010 emetiri,
1266 1966 1476 2013 imperatore
1508 1977 1584 1999 cum
1606 1965 1665 1999 fa-

184 2014 371 2049 miliaribus
401 2014 522 2060 paucis
558 2014 755 2060 equitante,
794 2014 982 2060 eodemque
1015 2013 1153 2049 assidue
1170 2014 1311 2048 turbato
1333 2012 1593 2048 accurrentibus
1616 2012 1663 2046 ab

183 2065 333 2107 utroque
364 2061 474 2095 latere
500 2061 648 2108 trepidis
677 2061 804 2097 nuntiis
836 2060 1066 2106 direptionum
1098 2071 1141 2095 ac
1170 2060 1349 2102 caedium,
1381 2070 1473 2105 quae
1494 2069 1663 2103 nusquam

185 2118 254 2141 non
285 2107 576 2142 circumstantium
608 2108 760 2143 locorum
790 2109 1051 2143 exercebantur.
1105 2106 1377 2152 admovebatque
1406 2109 1532 2139 metum
1569 2104 1664 2149 quod

186 2154 262 2187 fere
285 2154 526 2199 contingebat,
548 2154 641 2189 unde
662 2166 762 2190 mane
783 2154 1000 2190 discessisset
1027 2154 1237 2200 imperator,
1268 2153 1317 2187 ibi
1346 2152 1465 2186 hostes
1498 2150 1666 2184 taberna-

188 2199 266 2233 enla
286 2210 432 2245 vespere
453 2201 582 2245 figere,
605 2206 643 2235 et
663 2201 699 2235 in
722 2213 791 2247 quo
814 2213 906 2248 pago
942 2205 1003 2235 aut
1040 2200 1166 2247 oppido
1200 2199 1276 2245 ipse
1306 2198 1384 2233 heri
1413 2201 1665 2243 pernoctasset,

189 2257 234 2280 ex
257 2256 298 2279 eo
321 2246 459 2290 prodire
477 2247 580 2282 hodie
610 2247 757 2282 infestas
779 2248 831 2283 ita
860 2249 1004 2282 licenter
1026 2259 1068 2282 ac
1088 2258 1211 2281 secure
1232 2244 1509 2279 latrocinantium
1529 2254 1665 2287 manus,

188 2296 231 2326 ut
252 2292 486 2337 manipulatim
518 2295 638 2338 palare
669 2294 884 2340 dispersioet
913 2305 1126 2340 quocumque
1149 2292 1304 2327 alliceret
1325 2291 1456 2338 praeda
1477 2290 1667 2324 inordinati

188 2349 373 2372 accurrere
395 2350 463 2373 non
484 2339 698 2375 dubitarent:
730 2353 772 2375 eo
794 2340 943 2375 fiduciae
977 2352 1019 2375 ac
1042 2342 1256 2384 contemptus
1284 2343 1476 2372 nostrorum
1500 2347 1670 2371 armorum

188 2384 326 2430 impune
348 2386 516 2420 hactenns
537 2397 697 2421 ausorum
719 2387 933 2433 experientia
961 2387 1180 2422 devenerant.
1227 2385 1396 2419 ductabat
1415 2383 1453 2418 in
1475 2383 1669 2429 propinquo

189 2431 382 2466 seiunctum
406 2443 428 2466 a
457 2432 625 2466 Tocharis
657 2444 795 2468 suorum
825 2445 948 2479 agmen
971 2431 1219 2467 Constantinus
1251 2442 1354 2466 curru
1375 2431 1526 2466 vehens:
1555 2431 1671 2464 fracto

190 2477 279 2513 enim
302 2478 471 2523 quondam
495 2489 595 2513 crure
616 2478 670 2513 ita
702 2491 792 2515 nunc
814 2483 926 2515 adhuc
951 2479 1114 2514 utebatur
1135 2477 1262 2521 debili,
1293 2482 1335 2512 ut
1355 2489 1421 2512 nec
1442 2477 1549 2523 pedes
1572 2476 1672 2510 ince-

190 2523 276 2558 dere
299 2535 365 2559 nec
387 2525 544 2571 equitare
565 2524 658 2570 potis
681 2532 784 2563 esset.
830 2527 974 2561 tenebat
996 2525 1089 2560 circa
1122 2536 1161 2560 se
1182 2525 1351 2570 Bulgaros
1371 2524 1537 2569 plurimos
1561 2534 1671 2569 expe-

191 2570 285 2604 ditos
311 2569 349 2605 in
381 2570 501 2617 equis,
531 2571 674 2616 evagari
705 2583 764 2607 eos
792 2576 834 2608 ut
863 2573 1045 2608 Tocharos
1074 2583 1142 2606 non
1175 2571 1312 2614 sinens,
1342 2571 1407 2606 sed
1428 2571 1562 2605 intenta
1585 2580 1670 2604 cura

191 2627 326 2662 semper
347 2617 523 2664 inquirens
545 2617 680 2652 ubinam
704 2618 939 2654 diversaretur
958 2619 1166 2664 imperator,
1189 2616 1365 2664 proposito
1387 2617 1520 2652 scilieet
1542 2628 1584 2651 ac
1608 2627 1670 2650 cu·

190 2662 336 2708 piditate
352 2676 395 2699 eo
412 2663 591 2699 confestim
613 2664 767 2699 irruendi
786 2665 1012 2712 capiendique
1034 2665 1143 2711 ipsum
1161 2676 1273 2711 paene
1289 2665 1357 2699 iam
1378 2664 1487 2698 solum
1502 2663 1668 2698 relictum.

191 2719 270 2743 uam
296 2721 386 2756 quae
407 2712 510 2746 turba
539 2711 631 2745 illum
662 2711 811 2746 familiae
842 2724 884 2751 ae
915 2711 1092 2747 ministerii
1120 2711 1298 2747 domestici
1329 2711 1485 2747 comitari
1506 2713 1692 2755 coeperat-

191 2753 257 2789 hoe
277 2755 347 2791 iter
366 2757 631 2803 ingredientem,
671 2758 854 2794 diffluebat
882 2758 921 2793 in
952 2758 1076 2801 horas,
1107 2764 1202 2794 metu
1231 2759 1335 2793 fidem
1365 2768 1408 2793 ac
1439 2755 1668 2791 reverentiam

191 2799 354 2837 vincente
367 2829 380 2846 ,
409 2815 615 2850 unoquoque
645 2815 708 2850 pro
740 2817 780 2840 se
810 2805 946 2840 solicito
961 2831 974 2848 ,
1003 2805 1104 2840 modo
1135 2816 1232 2841 suam
1262 2805 1370 2852 ipsius
1392 2803 1502 2838 veloci
1523 2804 1610 2848 fuga
1631 2806 1670 2837 et

192 2849 381 2892 penetratis
414 2850 568 2886 latibuli·
597 2850 725 2897 ignotis
757 2852 847 2887 hosti
880 2852 1024 2888 salutem
1047 2852 1085 2886 in
1107 2855 1184 2887 tuto
1207 2852 1379 2898 posuisset
1392 2877 1402 2893 ,
1426 2861 1547 2897 parum
1570 2848 1668 2896 pensi
