1884 3262
248 211 347 260 480
664 211 902 256 GEORGII
933 213 1286 258 PACHYMERIS

250 333 315 371 λεῖ
326 323 610 382 προσαγγέλλει
632 324 703 366 καί
721 324 760 366 οἱ
779 321 890 366 ἀνύει
908 325 981 380 τὴν
999 325 1102 379 πρὸς
1120 326 1271 369 ἐκεῖνον
1287 325 1437 383 ἄφιξιν.
1497 327 1551 370 τοὶ
1572 327 1616 370 δὲ
1635 331 1711 383 τῆς

251 394 471 449 ἀπεχθείας
495 392 605 434 αἴτιοι
625 392 862 449 (ἀναγκαῖον
880 393 956 449 γὰρ
979 396 1045 435 καὶ
1065 396 1158 451 περὶ
1179 392 1337 437 τούτων
1354 394 1492 451 εἰπεῖν)
1513 391 1617 451 ἦσαν
1634 396 1710 450 μέν

250 481 342 506 τινα
368 463 432 504 καὶ
453 460 581 512 ἄλλα,
619 454 674 503 ὧν
698 460 746 503 οὗ
774 461 902 511 πολὺς
928 459 1068 517 λόγος,
1106 462 1156 505 τὸ
1188 463 1232 504 δὲ
1249 463 1450 518 χείριστον
1478 462 1540 506 ὅτι
1561 465 1709 520 οἱπερὶ

249 532 321 574 τὸν
348 530 520 586 Ἐφέσου
549 530 615 571 καὶ
640 531 786 571 πολλοί
811 547 916 580 τινες
941 535 1024 572 τῶν
1054 530 1299 585 ἀρχιερέων,
1346 530 1479 573 πολλοὶ
1503 531 1710 584 παθόντες

252 599 355 654 πρὸς
377 598 424 641 τὸ
443 596 750 648 καταδέξασθαι
772 598 845 653 τὴν
864 596 1046 654 εἰρήνην,
1070 596 1190 641 ὀὕτω
1206 597 1324 651 μόλις
1345 601 1741 656 καθυπεκλίθησανό

201 674 234 709 Ε
259 670 326 710 καὶ
346 671 403 724 τῷ
423 669 553 708 δοκεῖν
581 663 782 722 εῗρήνευον
794 700 806 719 ,
843 665 1139 723 θεραπεύοντες
1168 667 1244 721 τὴν
1278 668 1508 722 συνείδησιν
1530 668 1606 711 οὐκ
1630 668 1712 720 ἀπὸ

251 740 421 792 γραφῶν
439 739 596 789 μᾶλλον
615 734 681 792 (οὐ
703 734 780 791 γὰρ
808 731 857 789 ἦν
878 737 920 777 ἐκ
940 733 1097 778 τούτων
1122 735 1284 791 καιρὸς)
1308 735 1403 777 ἀλλ’
1425 737 1468 778 ἐκ
1488 740 1561 779 τοῦ
1581 736 1711 780 πολλοὶ

252 809 425 847 τοιαῦτα
446 801 638 852 πολλάκις
663 805 982 858 οἰκονομηθῆναι
1001 808 1052 860 τῇ
1073 803 1268 862 ἐκκλησίᾳ
1283 802 1405 859 χάριν
1422 802 1615 858 μειζόνων
1638 821 1715 848 κα-

253 877 361 924 λῶν,
399 872 816 925 ἀντιστατικῶςιεῖθτοι
834 871 883 914 ἄν
906 889 965 921 τις
984 878 1067 914 τῶν
1087 871 1410 928 ῥητορευόντων,
1449 871 1548 915 ὅταν
1570 890 1609 915 τι
1631 876 1714 915 τῶν

254 941 302 984 οὐ
326 945 459 983 καλῶν
480 942 637 996 γίνηται
657 942 721 982 καὶ
741 940 798 982 δι’
822 940 949 983 αὐτοῦ
973 944 1045 982 τοῦ
1065 940 1350 995 πεπραγμένου
1373 943 1508 995 μεῖζον
1529 937 1712 996 ἀπαντή-
1726 950 1770 985 10

200 1060 202 1062 v
255 1026 310 1067 σῃ
328 1007 468 1052 καλόν.
537 1007 644 1051 οὕτω
664 1008 740 1064 γὰρ
765 1011 831 1050 καὶ
850 1012 1022 1051 Παῦλον
1053 1006 1319 1062 ξυριῖσασθαι
1344 1011 1412 1050 καὶ
1439 1007 1628 1065 ἁγνεῦσαι
1649 1011 1716 1052 καὶ

256 1084 480 1132 περιτεμεῖν
503 1074 733 1130 Τιμόθεον·
769 1076 876 1119 οὕτω
901 1076 972 1118 τὸν
1003 1078 1310 1129 Μοψουεστίας
1334 1076 1392 1131 μὴ
1414 1079 1716 1133 ἕκκηρυχθῆναι

256 1146 369 1202 παρὰ
389 1151 463 1200 τῆς
483 1147 622 1201 τρίτης
643 1143 817 1187 συνόδου
840 1142 1056 1200 Θεόδωρον
1069 1158 1079 1167 ·
1102 1143 1215 1187 οὕτω
1235 1145 1313 1200 πρὸ
1333 1143 1480 1187 τούτου
1500 1145 1572 1188 τὸν
1586 1147 1714 1202 μέγαν

106 1219 136 1253 P
160 1220 229 1256 328
260 1216 474 1258 Βασίλειον
497 1213 549 1255 τὰ
568 1217 643 1255 τοῦ
671 1211 899 1261 Οὐάλεντος
922 1214 1036 1267 δῶρα
1061 1216 1116 1268 τῇ,
1134 1213 1323 1271 ἐκκλησίᾳ
1346 1212 1630 1269 προσαγόμενοι
1649 1213 1716 1257 δέ-

256 1288 430 1338 χεσθαι·
468 1280 575 1324 οὕτω
598 1281 650 1323 τὰ
670 1283 734 1324 καὶ
756 1279 828 1333 τά,
861 1282 930 1322 ἵνα
955 1280 1010 1333 μὴ
1036 1279 1144 1322 καθ’
1169 1280 1339 1323 ἕκαστον
1356 1281 1461 1336 λε’γοι
1482 1298 1568 1334 τις,
1604 1285 1715 1324 δοκι·
1727 1288 1770 1324 15

258 1349 479 1405 μασάντων
499 1354 582 1392 τῶν
603 1351 668 1392 ἐπὶ
689 1354 771 1392 τῶν
793 1346 1042 1404 πραγμάτων
1062 1346 1156 1391 τότε
1179 1353 1430 1404 πεπρᾶχθαι.
1500 1348 1609 1393 οὕτω
1629 1350 1716 1393 τοί-

258 1438 333 1462 νυν
366 1421 432 1462 καὶ
461 1413 575 1461 οὗτοι
605 1417 680 1472 τὴν
703 1416 864 1474 εἷρήνην
897 1417 1080 1469 ἐδέχοντο
1095 1448 1108 1468 ,
1160 1415 1264 1459 ὥστε
1299 1418 1366 1458 καὶ
1399 1422 1716 1474 προσομολογεῒν

257 1486 529 1545 ἡμαρτῆσθαι
557 1487 722 1543 σφίσιν,
769 1485 820 1540 ἥν
849 1501 909 1535 τις
938 1486 1109 1539 σκοποίη
1143 1484 1248 1541 πρὸς
1271 1484 1499 1542 τάσφαλές,
1540 1488 1607 1529 καὶ
1631 1493 1718 1537 τοῖς

353 1608 407 1642 13.
431 1605 499 1643 τὸν
521 1606 652 1641 deerat,

261 1699 374 1733 Vecco
405 1710 526 1733 causas
546 1709 714 1743 exponere
737 1697 794 1732 hic
825 1697 1016 1733 distinctius
1039 1707 1165 1742 operae
1186 1695 1332 1741 pretium
1353 1695 1475 1731 iudico.
1521 1700 1620 1731 erant
1642 1695 1718 1742 qui-

260 1746 336 1779 dem
360 1748 395 1778 et
419 1745 483 1778 alia
507 1745 674 1778 incentiva
700 1744 799 1778 buius
823 1744 891 1778 odii
915 1756 980 1778 non
1004 1744 1117 1778 multis
1139 1748 1238 1776 nota:
1264 1747 1433 1776 caeterum
1454 1742 1599 1787 capitale
1621 1741 1656 1775 in
1677 1742 1719 1776 iis

260 1795 297 1825 et
319 1790 559 1824 immedicabile
584 1789 728 1824 maxime
751 1802 851 1824 unum
876 1791 1066 1831 eminebat,
1099 1788 1190 1835 quod
1212 1794 1282 1822 tam
1305 1788 1495 1833 Ephesinus
1524 1788 1598 1833 ipse
1618 1798 1718 1832 quam

261 1837 317 1871 alii
342 1835 474 1880 plurimi
497 1836 593 1880 paria
623 1835 806 1869 sentientes
829 1836 1000 1881 episcopi,
1034 1835 1164 1879 magnis
1196 1834 1307 1868 adacti
1330 1834 1427 1868 malis
1458 1834 1501 1868 ad
1524 1833 1719 1879 amplexan-

261 1882 338 1916 dam
362 1893 497 1926 pacem,
530 1893 571 1914 ea
594 1883 720 1914 tantum
743 1886 843 1915 tenus
876 1881 909 1914 in
933 1893 1007 1915 eam
1039 1884 1299 1922 consenserant,
1334 1883 1373 1913 ut
1404 1878 1555 1924 seposita
1584 1879 1718 1912 ratione

259 1926 427 1972 dogmatis
451 1931 487 1960 et
508 1926 599 1960 nulla
623 1938 660 1960 re
684 1926 718 1959 in
742 1926 877 1972 scriptis
899 1938 940 1960 ac
962 1926 1111 1960 decretis
1133 1926 1327 1967 immutata,
1357 1935 1498 1969 quorum
1519 1924 1554 1958 in
1580 1923 1718 1958 dubium

260 1972 491 2007 vocandorum
507 1978 566 2006 aut
588 1972 632 2005 de
655 1983 743 2005 novo
767 1972 1050 2006 discutiendorum
1082 1977 1215 2016 tempus
1245 1971 1416 2014 negabant
1448 1981 1545 2012 esse,
1567 1971 1718 2004 exterius
1771 1983 1773 1986 ·

259 2019 438 2053 dumtaxat
460 2018 671 2052 concordiam
695 2029 768 2051 cum
793 2018 926 2052 Latinis
947 2021 1129 2058 tenerent,
1162 2016 1258 2050 salvo
1290 2027 1328 2050 se
1363 2015 1441 2049 fidei
1475 2027 1517 2049 ac
1547 2014 1718 2060 religionis

260 2064 375 2098 officio
410 2063 598 2097 consentire
630 2064 662 2097 in
695 2063 729 2097 id
754 2075 853 2108 posse
876 2063 942 2097 rati
963 2061 1278 2096 accommodationis
1299 2062 1491 2095 necessaria
1513 2061 1719 2106 temporibus

263 2110 418 2151 ratione,
444 2109 537 2143 cuius
561 2109 712 2154 exempla
735 2110 840 2143 multa
859 2109 893 2143 in
920 2109 1083 2143 eeclesiae
1102 2108 1227 2142 veteris
1243 2107 1391 2141 historiis
1409 2107 1591 2141 habebant.
1640 2117 1720 2140 cen-

265 2156 410 2196 sebant,
440 2155 597 2200 iuquam,
630 2155 680 2189 sic
714 2154 890 2189 dumtaxat
911 2159 988 2188 tuta
1009 2153 1217 2188 conscientia
1240 2153 1434 2187 Latinorum
1459 2151 1719 2186 communionem

266 2200 416 2241 admitti,
439 2205 478 2235 ut
501 2212 571 2234 rem
594 2212 660 2234 non
682 2212 744 2246 per
776 2212 813 2235 se
835 2201 1044 2245 probabilem
1068 2203 1127 2234 aut
1148 2210 1391 2244 usquequaque
1414 2198 1456 2233 ad
1479 2198 1562 2232 fidei
1585 2197 1720 2242 regulas

266 2251 440 2289 exactam,
475 2257 590 2280 verum
625 2253 664 2280 ut
694 2258 782 2291 quae
815 2246 954 2280 tolerari
978 2246 1162 2291 prudenter
1184 2248 1300 2289 posset
1329 2247 1420 2278 metu
1442 2244 1721 2278 incommodorum

267 2291 487 2336 graviorum;
511 2292 666 2338 quodque
688 2303 754 2326 non
778 2293 932 2326 absolute
954 2292 1014 2326 sed
1038 2290 1280 2336 comparative,
1303 2294 1342 2324 ut
1359 2289 1514 2334 magistri
1533 2288 1620 2324 artis
1639 2289 1722 2323 rbe-

266 2337 390 2371 torices
414 2338 594 2382 loquuntur
609 2363 620 2380 ,
654 2339 942 2372 commendaretur
975 2343 1011 2371 et
1033 2338 1155 2371 bonum
1180 2339 1380 2381 putaretur,
1412 2346 1477 2369 non
1501 2341 1603 2380 prout
1624 2334 1661 2368 in
1683 2345 1722 2368 se

265 2383 506 2427 spectabatur,
540 2384 599 2417 sed
623 2389 790 2429 quatenus
810 2384 1050 2418 conferebatur
1072 2394 1147 2417 cum
1170 2381 1371 2422 maioribus,
1404 2392 1496 2426 quae,
1513 2392 1557 2414 ex
1575 2382 1638 2415 boe
1660 2391 1723 2415 na—

268 2429 450 2463 scebantur
472 2428 579 2462 bonis.
625 2430 675 2463 sic
698 2441 816 2474 nempe
838 2430 977 2463 Paulum
1009 2434 1113 2474 caput
1144 2428 1211 2462 sibi
1239 2427 1427 2461 totondisse
1449 2426 1600 2471 aliosque
1622 2436 1722 2460 usur-

268 2484 368 2519 passe
390 2473 662 2519 purificationum
683 2476 894 2510 Iudaicarum
918 2475 1027 2517 ritus3
1058 2475 1107 2508 sic
1139 2474 1182 2508 ab
1205 2474 1321 2508 eodem
1343 2473 1556 2507 Timotheum
1579 2471 1722 2507 circum-

264 2519 389 2560 cisum3
425 2518 475 2552 sic
515 2520 716 2554 abstinuisse
745 2521 880 2556 tertiam
918 2522 1080 2565 synodum
1123 2521 1166 2554 ab
1197 2518 1507 2553 excommunicando
1541 2515 1721 2551 Theodoro

266 2564 522 2609 Mopsuestiae3
558 2565 607 2598 sic
638 2572 738 2600 antea
770 2578 924 2611 magnum
949 2567 1107 2602 Basilium
1133 2564 1287 2599 Valentis
1320 2564 1408 2598 dona
1439 2562 1605 2598 ecclesiae
1626 2561 1721 2597 illata

268 2610 480 2654 suscepisse3
515 2608 565 2644 sic
597 2611 662 2644 alia
685 2617 720 2644 et
743 2612 810 2646 alia
833 2613 868 2647 in
902 2613 1023 2658 priscis
1057 2623 1170 2646 rerum
1199 2615 1372 2655 gestarum
1409 2607 1626 2644 monumentis
1648 2607 1722 2642 eius

268 2656 404 2700 generis
434 2659 550 2690 notata
583 2656 789 2700 reperimus,
822 2670 865 2691 ne
891 2658 1085 2703 singillatim
1107 2666 1350 2703 persequamur
1383 2654 1524 2698 singula.
1571 2654 1636 2688 hoc
1657 2653 1722 2698 igi-

269 2707 327 2736 tur
349 2701 383 2735 hi
405 2701 502 2735 modo
518 2713 635 2746 pacem
659 2713 766 2746 nuper
787 2703 951 2738 sancitam
975 2703 1206 2748 accipiebant,
1240 2707 1278 2736 ut
1308 2702 1496 2735 faterentur
1517 2699 1551 2733 in
1575 2710 1615 2733 eo
1639 2710 1721 2743 pee-

270 2752 381 2781 catum
405 2759 426 2781 a
450 2758 488 2782 se
509 2746 616 2780 videri
641 2758 741 2791 posse
773 2748 804 2781 ei
828 2748 885 2793 qui
914 2750 958 2783 de
984 2761 1023 2783 re
1046 2750 1122 2793 ipsa
1141 2759 1203 2793 per
1226 2759 1264 2782 se
1288 2750 1463 2786 censeret,
1485 2749 1520 2780 et
1542 2745 1585 2779 de
1607 2744 1720 2779 officio

268 2793 465 2838 religionis,
488 2804 555 2839 quo
576 2792 728 2826 iubemur
750 2794 978 2828 aberrantium
1005 2807 1025 2829 a
1048 2795 1116 2829 fide
1139 2792 1398 2828 communionem
1420 2789 1580 2833 reiicere,
1602 2801 1723 2825 severe

270 2843 307 2873 et
335 2850 407 2873 rem
438 2838 483 2874 ad
512 2838 624 2874 vivum
654 2838 840 2874 resecando
871 2843 1054 2874 statueret.
1099 2840 1212 2878 Vecco
1247 2842 1358 2874 autem
1389 2837 1459 2873 ista
1480 2835 1634 2884 exceptio
1656 2847 1723 2871 non
