1884 3262
598 211 1617 258 LIB.1.GLOSSAR1UM.619

164 339 238 379 pro
267 323 336 366 καί
366 324 483 363 fuisse
513 324 804 377 reponendum,
834 329 881 363 ut
903 323 1087 375 fecimus,
1116 322 1189 362 etsi
1215 322 1259 388 ιιι
1284 335 1330 363 eo
1365 322 1510 363 mendo
1538 329 1622 363 tres

165 382 280 421 codd,
304 383 575 422 convenirent.

277 483 308 518 φ
321 464 354 508 ω’
365 479 389 507 σ
401 479 424 507 σ
436 482 502 507 ων
515 482 573 514 ες.
628 465 656 505 1.
678 465 704 508 5
732 478 766 504 c.
796 463 936 504 ultimo
957 470 1020 503 ter
1038 469 1257 516 usurpatur
1274 463 1353 503 hoc
1370 464 1622 514 vocabulum,

165 529 206 561 ct
227 524 348 562 tertio
379 524 466 562 loco
496 522 706 574 apponitur
732 520 964 560 adiunctum
984 518 1277 576 ω’ργυιωμὲνοι,
1306 527 1354 560 ut
1374 534 1455 559 non
1477 522 1528 559 sit
1547 521 1626 559 du·-

163 581 274 623 bium
300 581 396 631 quin
418 579 667 631 Pachymeris
692 577 790 616 haec
820 577 1025 616 scribentis
1055 577 1333 618 obversaretur
1357 578 1489 616 animo
1512 577 1624 617 locus

163 636 229 676 ille
244 635 513 690 Lycophronis
531 636 573 674 in
591 635 828 684 Alexandra,

382 701 563 755 ἅφλαστα
585 702 655 744 καὶ
679 699 905 755 φόσσωνας
928 697 1242 755 ὤργυιωμὲνους.

164 771 333 810 Isaacius
365 771 545 821 Tzetzes,
587 770 813 809 scholiastes
839 770 922 808 eius
948 769 1213 808 obscurissimi
1239 767 1451 820 poematis,
1482 767 1538 806 sic
1569 768 1626 806 ibi

165 834 325 867 enarrat
348 827 452 867 hanc
476 840 634 867 vocem:
664 824 901 895 φώσσωνας
908 841 957 866 τα
988 827 1136 877 λαίφη,
1165 823 1214 865 τοὶ
1243 823 1416 878 ἄρμενα,
1447 821 1556 894 παροὶ
1584 822 1628 865 τὰ

166 888 233 937 φῶ
253 882 296 926 τό
317 881 557 939 λαμπρυνω·
587 882 708 925 aevum
736 899 825 952 γαρ.
881 879 910 935 ἢ
927 897 1036 935 παρα
1055 880 1100 923 τὸ
1121 884 1358 932 φυσσᾶσθαι
1383 877 1459 921 υπ’
1476 877 1626 933 ἀνέμου

167 953 389 993 φυσσωνες.
445 942 516 979 ubi
541 941 652 980 vides
681 953 906 992 φωσσωνας
934 939 1021 978 vela
1044 938 1207 976 navium
1237 951 1337 986 esse,
1367 938 1422 975 sic
1439 937 1543 976 dicta
1561 937 1628 976 vel

167 998 289 1049 quod·
306 996 500 1036 candeant
531 997 702 1035 naturali
728 997 859 1035 colore
885 995 1008 1033 lineae
1037 995 1160 1043 telae,
1190 1007 1213 1031 a
1243 994 1366 1033 verbo
1394 997 1462 1045 φῶ
1475 1024 1485 1043 ,
1515 993 1626 1045 quod

166 1054 333 1093 candere
352 1054 550 1105 significet,
572 1053 643 1092 ¹vel
661 1053 770 1104 quod
784 1052 949 1090 inflante
966 1057 1088 1090 vento
1106 1057 1297 1100 tumeant,
1330 1064 1354 1087 a
1372 1051 1495 1090 verbo
1519 1060 1626 1102 (pv6-'

167 1107 275 1158 σάω,
306 1110 414 1161 quod
436 1116 495 1148 est
518 1109 668 1148 inflare.
724 1109 863 1147 eodem
890 1107 1076 1147 recidunt
1106 1107 1266 1158 quaein
1285 1119 1371 1144 eam
1389 1119 1527 1146 vocem
1549 1121 1625 1144 an-

164 1172 308 1205 notant
329 1166 558 1206 Eustathius
584 1171 625 1204 et
653 1164 884 1217 Hesychius.
941 1178 1014 1202 nos
1051 1165 1201 1202 Graeco
1237 1164 1393 1214 po'etico
1428 1163 1623 1203 vocabulo

165 1223 351 1262 Latinum
367 1223 463 1262 item
480 1223 679 1276 Ροὲῐιοιιιιι
702 1221 977 1275 opposuimus,
1007 1233 1097 1259 cum
1122 1219 1266 1259 alicubi
1284 1219 1508 1272 φῶσσωνας
1529 1235 1622 1259 car-

166 1280 268 1318 basa
283 1280 486 1320 vertimus.

278 1379 300 1417 χ
311 1380 332 1418 ρ
343 1360 399 1405 ὂν
411 1367 433 1405 o
444 1379 465 1412 ς
492 1377 530 1416 p.
542 1362 595 1405 35
609 1375 648 1402 v.
658 1365 725 1404 21.
781 1361 848 1400 hic
866 1361 1068 1400 manifeste
1085 1360 1255 1399 sumitur
1273 1354 1419 1426 χρόνος
1434 1373 1508 1411 pro
1525 1358 1621 1409 ἔτος.

167 1420 264 1459 item
289 1421 315 1463 l.
333 1419 360 1462 4-
382 1434 416 1460 c.
439 1423 513 1462 21.
542 1435 612 1460 τον
633 1419 938 1471 εἰκοσιτέταρτον
952 1421 1024 1470 τῆς
1042 1418 1242 1471 βασιλείας
1260 1412 1405 1468 χρόνον
1424 1412 1624 1465 ἐδήλωσεν

169 1493 367 1530 αντικρυς.
424 1477 493 1515 ubi
523 1476 604 1527 agit
635 1476 684 1513 de
717 1488 882 1514 numero
909 1475 1114 1513 litermum
1141 1473 1310 1512 nominis
1326 1471 1526 1510 Michaelis
1545 1473 1624 1510 Pa·-

167 1534 353 1584 laeologi,
394 1534 457 1571 cui
487 1533 520 1570 si
548 1532 814 1583 adiungantur
840 1532 977 1570 literae
1012 1530 1249 1582 cognominis
1276 1528 1358 1567 eius
1385 1529 1514 1567 minus
1539 1530 1628 1568 noti

167 1590 381 1637 Manu'elis,
413 1589 509 1628 fient
537 1589 726 1627 elementa
747 1588 884 1639 viginti
902 1593 1073 1639 quatuor
1095 1587 1264 1625 totidem
1282 1585 1318 1623 ei
1334 1598 1458 1623 annos
1474 1586 1630 1636 imperii

169 1646 405 1695 ominantia,
446 1652 495 1684 ut
522 1652 685 1684 eventus
715 1644 897 1683 ostendit.
954 1658 1045 1682 nam
1080 1643 1143 1682 hic
1179 1644 1393 1708 impeiator
1427 1655 1460 1682 c.
1487 1642 1628 1680 ultimo

169 1703 196 1744 1,
215 1706 240 1744 6
261 1702 316 1744 24
338 1701 449 1740 annis
466 1702 675 1753 imperasse
692 1701 868 1739 traditur
886 1700 948 1738 lu‘s
964 1700 1116 1739 ve1bis:
1146 1694 1382 1752 βασιλεύσας
1404 1696 1446 1737 δὲ
1465 1697 1629 1751 ’ἡμερῶν

170 1760 347 1799 δεουσῶν
367 1758 491 1799 εἴκοσι
511 1774 559 1797 τα
580 1758 704 1797 εἴκοσι
718 1757 907 1808 τέσσαρα,
935 1769 1076 1808 nempe
1102 1756 1188 1807 ἔτη,
1218 1754 1326 1819 quod
1348 1766 1492 1792 nomen
1516 1755 1631 1807 prius

170 1820 368 1880 posuerat.
428 1827 549 1864 quare
575 1814 692 1852 debet
716 1814 862 1852 resolvi
895 1813 1162 1864 diphthongus
1192 1827 1239 1852 ov
1268 1812 1311 1849 in
1337 1811 1494 1849 nomine
1525 1815 1629 1851 Μα-

170 1867 319 1923 νουήλ,
350 1876 389 1908 et
420 1884 493 1921 pro
522 1870 677 1909 duobus
705 1870 900 1908 distinctis
920 1869 1118 1908 elementis
1142 1869 1388 1919 computari,
1417 1873 1464 1904 ut
1483 1880 1629 1905 nume-

170 1941 240 1967 rus
264 1940 315 1964 ex
342 1933 472 1965 mente
499 1926 669 1966 auctoris
698 1932 863 1965 constet.
922 1939 1004 1964 non
1027 1926 1206 1964 omittam
1233 1932 1366 1962 autem
1384 1936 1544 1982 ιιιοιιειθ
1559 1929 1628 1962 to-

170 1990 258 2024 tum
279 1983 358 2022 hoc
383 1997 534 2022 comma
553 1984 602 2022 de
624 1983 850 2034 cognomine
877 1981 1068 2020 Manue'lis
1086 1987 1126 2020 et
1143 1980 1343 2033 praesagio
1363 1992 1413 2018 ex
1435 1992 1480 2018 eo
1505 1980 1631 2019 ducto

173 2053 367 2078 annorum
392 2040 544 2092 imperii
574 2039 790 2090 Palaeologi
821 2039 870 2077 ab
898 2038 1095 2077 Anatiano
1132 2043 1170 2075 et
1204 2037 1395 2075 Vaticano
1424 2036 1626 2074 codicibus

174 2096 362 2143 abfuisse,
398 2096 441 2134 ιιι
463 2097 546 2134 solo
573 2108 800 2148 comparere
828 2095 1055 2136 Barberino.
1113 2105 1226 2144 saepe
1251 2092 1343 2130 alibi
1367 2090 1626 2143 Pachymeres

174 2147 322 2205 χρόνον
347 2152 462 2204 ponit
487 2149 577 2192 ἀντὶ
606 2153 792 2194 ἐνιαυτοῦ
821 2157 890 2189 aut
913 2150 1041 2200 ἔτους,
1070 2149 1298 2217 praesentim
1316 2147 1496 2186 hocloco
1515 2162 1549 2189 c.
1567 2152 1625 2191 20

174 2209 203 2247 l.
224 2208 272 2250 5·
301 2205 414 2248 ου’πω
431 2209 570 2274 χρόνος
586 2208 819 2259 τετέλεσται,
855 2213 895 2247 et
914 2207 941 2247 l·
959 2211 986 2252 6
1008 2210 1131 2250 0.1Οῑ
1157 2203 1237 2258 ’ἤδη
1257 2202 1300 2246 δὲ
1317 2201 1471 2259 χρόνων
1487 2219 1626 2261 παρῳ-

173 2261 354 2317 χηκότων
373 2260 580 2318 τεττάρων.

287 2350 444 2407 χρυσό
455 2365 542 2407 συρ
555 2368 617 2406 μα
644 2367 684 2406 p.
702 2356 785 2397 337
802 2367 842 2395 v,
862 2356 926 2396 11.
985 2352 1035 2391 de
1054 2351 1198 2390 Ioanne
1224 2349 1387 2403 despota
1407 2350 1626 2403 deponente

176 2408 325 2461 pileum
353 2410 502 2460 insigne
530 2410 748 2474 despoticae
770 2408 995 2462 potestatis,
1026 2414 1065 2447 et
1081 2409 1198 2448 alium
1218 2408 1299 2446 eius
1317 2407 1404 2446 loco
1423 2408 1626 2458 vulgarem

177 2466 402 2517 imponente
430 2466 560 2518 capiti.
616 2466 787 2504 eodinus
816 2465 1049 2517 Cuiopalata
1074 2465 1123 2504 de
1152 2464 1288 2503 officiis
1314 2478 1348 2507 c.
1366 2467 1392 2506 3
1417 2478 1455 2516 P·
1479 2467 1532 2504 12
1560 2463 1625 2502 ed.

180 2522 299 2560 Paris·
319 2523 412 2560 anni
434 2519 640 2570 16252101
674 2520 832 2562 σκιαδια
858 2525 938 2562 τῶν
961 2523 1152 2575 γαμβρῶν
1178 2523 1252 2562 τοῦ
1274 2521 1464 2574 βασιλέως
1482 2521 1627 2560 δεσπο-

180 2581 260 2618 rosv
282 2575 410 2619 ὅντων
428 2573 714 2645 χρυσοκόκκινα
732 2578 986 2631 συρματὲϊνα,
1018 2577 1154 2630 ἔχοντα
1179 2575 1372 2631 σταυροὺς
1390 2591 1627 2630 μαργαριτα-

182 2636 338 2687 ρεΐνους
360 2651 428 2674 και
448 2650 606 2687 γυρους.
658 2635 759 2686 pilei
781 2648 1015 2686 generorum
1034 2636 1310 2686 imperatori-5¹,
1338 2635 1378 2671 si
1392 2635 1474 2671 sint
1490 2630 1630 2683 despo-

182 2698 267 2740 tae,
298 2705 374 2728 αιιι
377 2693 412 2728 ei
431 2698 467 2727 et
487 2692 656 2728 coccinei
676 2691 820 2728 coloris
835 2697 928 2728 sunt
946 2698 982 2728 et
986 2691 1026 2743 s
1012 2691 1217 2740 mhriati
1242 2690 1462 2741 habentque
1492 2702 1535 2725 οι
1535 2702 1627 2725 uces-

182 2761 226 2783 ex
247 2748 486 2798 margaritis
505 2755 540 2784 et
553 2760 674 2798 gyros
689 2761 759 2784 seu
773 2747 958 2786 circulos.
1014 2760 1063 2786 en
1078 2747 1201 2800 pileus
1224 2747 1410 2798 despotae
1429 2757 1569 2782 aureus
1587 2749 1626 2781 et

180 2802 409 2843 fimbriatus.
464 2802 573 2842 hunc
588 2803 677 2842 ideo
695 2810 830 2842 noster
846 2816 927 2842 uno
943 2804 1136 2843 vocabulo
1153 2801 1407 2857 χρυσόσυρμα
1422 2805 1626 2851 nuncupat

182 2857 259 2897 hoc
276 2859 362 2899 loco
378 2890 391 2911 ,
420 2859 515 2900 dum
533 2860 644 2899 illum
661 2860 811 2911 vulgari
829 2866 870 2899 et
884 2860 1044 2913 privato
1059 2866 1254 2900 mutatum
1270 2860 1327 2899 ait
1346 2872 1368 2896 a
1389 2858 1533 2897 Ioanne
1553 2857 1625 2896 de-

1648 1048 1678 1083 P
1699 1033 1767 1085 429
