1884 3262
279 218 378 266 608
683 211 996 261 OBSERVAT.
1022 211 1336 262 PACHYM'ER.

278 328 416 367 Festo:
443 324 604 364 Robum
626 324 748 363 rubro
769 321 922 375 colore,
953 331 991 363 et
1012 335 1118 377 quae
1134 326 1230 377 rufo
1250 327 1500 379 significari,
1527 336 1575 368 ut
1594 326 1730 368 booetii

277 397 433 437 quoque
450 383 598 420 rustici
616 382 828 434 appellent,
857 383 1119 432 manifestum
1136 389 1205 425 eet.
1261 383 1370 422 unde
1383 392 1419 422 et
1435 388 1606 424 materia
1625 390 1731 438 quae

269 440 480 492 plurimas
508 438 628 476 habet
647 452 769 477 venas·
789 440 874 476 eius
895 439 1064 488 coloris,
1093 437 1207 477 dicta
1224 446 1283 477 est
1296 439 1433 481 robur.
1488 442 1584 480 hinc
1601 450 1638 480 et
1653 443 1730 480 lto-

275 497 402 532 mines
430 495 606 534 valentes
633 489 677 533 et*
698 495 793 533 boni
817 495 963 533 coloris·
989 495 1154 535 robusti.
1210 494 1307 535 haec
1336 496 1496 547 Festus,
1526 511 1625 550 quae
1653 499 1730 537 de-

273 557 496 591 monstrant
529 551 630 589 nihil
653 552 801 590 referre
820 551 870 589 ad
886 564 972 590 rem
989 551 1114 604 ipsam
1133 565 1232 603 quae
1254 553 1363 590 solea
1382 553 1424 591 in
1445 553 1632 594 aedificiis
1649 568 1730 594 vo-

273 614 407 657 catur,
438 608 614 658 ligneane
634 607 684 646 sit
703 622 752 646 an
769 621 909 658 saxea,
939 621 1155 646 marmorea
1176 608 1239 647 vel
1257 622 1365 647 aerea
1387 615 1598 648 structura.
1653 610 1730 649 ha·-

272 671 410 702 ctenus
441 665 694 702 informatam
727 677 777 703 ex
806 664 1023 714 originibus
1046 664 1175 702 Latini
1194 665 1381 703 sermonis
1402 666 1530 704 ideam
1550 666 1609 705 rei
1628 679 1729 718 quae

272 721 382 758 solea
410 719 576 770 dieitur,
607 722 853 759 conferamus
881 721 931 759 ad
962 734 1079 759 usum
1107 721 1392 772 disquisitionis
1416 722 1658 774 praesentis,
1689 729 1729 762 et

269 777 498 828 indagemus
520 777 562 814 in
584 777 744 830 templis
768 777 1009 815 Graecorum
1030 778 1171 828 ecquid
1194 778 1315 816 suerit
1333 778 1440 829 quod
1460 779 1502 817 in
1521 778 1624 816 hanc
1641 780 1729 831 fot-j

270 847 376 871 mam
415 833 629 880 incideret3
671 834 775 872 unde
807 839 979 872 statuere
1013 833 1210 885 possimus
1247 834 1376 887 ipsum
1418 834 1460 872 id
1500 831 1732 888 αὐτόχρημα

270 890 411 939 fuisse,
443 889 551 941 quod
579 890 775 928 vocabulo
806 889 955 937 σωλέας
982 890 1182 929 indicatur
1210 896 1248 928 et
1274 905 1295 928 a
1323 897 1460 930 nostro
1485 890 1552 929 hic
1574 892 1731 943 Pachy⁴

270 959 377 985 mere
398 952 436 984 et
456 960 478 983 a
497 947 656 984 Graecis
675 946 963 986 recentioribus
979 947 1126 998 passim
1146 947 1341 998 plurimis.
1401 947 1520 999 adyta
1545 947 1589 985 in
1609 947 1730 986 Clu-ia

271 1002 410 1041 stianis
436 1002 539 1054 apud
569 1003 737 1041 Graecos
768 1003 924 1054 templis
956 1003 1050 1040 inde
1077 1016 1203 1054 usque
1221 1004 1268 1040 ab
1290 1004 1504 1053 originibus
1525 1003 1730 1054 religionis

271 1064 383 1110 septa
406 1058 603 1110 repagulis
633 1059 763 1107 suere,
793 1072 894 1110 quae
913 1064 952 1096 et
978 1072 1131 1109 gressus
1155 1059 1202 1096 ab
1225 1059 1271 1098 iis
1295 1061 1550 1110 profanorum
1572 1065 1612 1098 et
1631 1073 1726 1099 ocu-

270 1115 332 1152 los
352 1121 544 1154 arcerent.
601 1128 646 1152 ac
667 1115 876 1168 principiis
893 1114 1050 1166 quidem
1071 1115 1212 1165 exiguo
1235 1116 1559 1166 defungebantur,
1587 1126 1727 1155 neces-⁴

272 1170 421 1209 sarium
458 1176 650 1209 secretum
685 1170 879 1209 maiestati
917 1184 1116 1209 sacrorum
1149 1171 1325 1209 contenti
1355 1172 1726 1224 quomodocumque

274 1227 502 1267 obduxisse.
559 1240 648 1264 arae
675 1226 860 1277 gradibus
887 1226 1039 1264 inferne
1064 1241 1182 1278 supra
1207 1228 1335 1265 solum
1364 1227 1678 1267 obtendebantur
1702 1241 1730 1268 e·-

272 1283 437 1322 materia
466 1282 652 1321 cancelli:
682 1282 727 1320 hi
748 1283 1186 1333 gressusexcludebant
1202 1297 1282 1321 non
1302 1283 1550 1322 initiatorum
1569 1297 1593 1321 α
1608 1288 1722 1323 sacro

273 1344 398 1390 septo.
458 1352 577 1390 super
596 1338 669 1376 hos
687 1339 776 1376 vela
794 1339 1078 1378 tendebantur:
1100 1338 1204 1377 ‘haec
1233 1343 1487 1391 conspectum
1507 1340 1733 1392 mysterio--

270 1408 360 1433 rum
392 1394 577 1432 concioni
603 1394 839 1433 adimebant.
895 1395 1086 1433 Eusebius
1114 1396 1143 1434 l.
1174 1398 1226 1437 10
1258 1410 1291 1435 c.
1318 1396 1344 1436 4
1378 1395 1426 1434 de
1461 1397 1730 1436 Constantino>

271 1451 421 1502 templa
441 1450 662 1489 Christiana
682 1451 841 1489 Graecis
858 1458 1086 1490 exstruente
1110 1451 1266 1491 scribit:
1297 1449 1343 1492 τό
1361 1450 1651 1506 θυσιαστήριον
1669 1452 1730 1503 (ὅς’

272 1503 325 1547 ὃν
352 1507 412 1559 εἴη
435 1511 518 1555 τοῖς
537 1510 696 1555 πολλοῖς
717 1505 890 1560 ἄβατον,
920 1512 1004 1556 τοῖς
1023 1504 1104 1548 cinti
1124 1504 1246 1556 ξύλου
1264 1507 1518 1562 περιέφραττε
1536 1506 1729 1559 ‹it-nmium.-

269 1564 425 1610 altare,
455 1571 503 1600 ut
531 1572 628 1601 ess-et
654 1566 904 1602 inaccessum
923 1565 1094 1616 popula,
1124 1565 1270 1616 ligneis
1284 1567 1403 1616 sepsit
1422 1565 1604 1605 clathrie.
1662 1567 1731 1620 sic
1788 1607 1791 1611 ,

267 1618 337 1658 ille
365 1620 414 1657 de
443 1620 628 1659 cancellis
655 1621 898 1671 memoratis,
929 1634 1028 1672 quos
1053 1621 1118 1659 alii
1143 1621 1344 1675 κιγκλίδας
1369 1627 1537 1670 vocant,
1565 1622 1612 1660 uf
1640 1623 1723 1674 Sy-

267 1688 385 1714 meon
426 1675 793 1715 Thessalonicensis.
852 1678 1063 1728 Gregorius
1095 1690 1191 1716 vero
1225 1677 1494 1716 Nazianzenus
1531 1677 1728 1729 singulari

267 1744 435 1771 numero
452 1738 581 1771 totum
600 1734 869 1771 cancellorum
888 1739 1043 1802 seftum
1058 1734 1238 1786 κιγκλίδα
1251 1735 1411 1773 vocavit
1427 1734 1499 1772 illo
1517 1745 1639 1774 versu

485 1788 636 1842 κιγκλὶς
660 1786 875 1842 διείργουσ’
898 1805 946 1830 ου
973 1791 1087 1842 βίους
1108 1785 1197 1830 ἄλλ’
1217 1785 1390 1843 ὀφρύας.

271 1844 364 1895 quia
394 1844 498 1882 enim
527 1846 632 1882 intra
662 1851 817 1896 septum
835 1846 949 1884 locus
968 1852 1050 1884 erat
1069 1846 1338 1884 sacerdotibus
1355 1877 1366 1894 ‚
1395 1844 1594 1896 plerisque
1616 1848 1726 1885 'tunc

271 1900 462 1938 eiusmodi
488 1905 531 1938 ut
552 1901 657 1939 fastu
677 1901 804 1939 solum
823 1915 868 1939 ac
887 1901 1087 1953 superbia,
1118 1915 1203 1939 non
1225 1901 1507 1939 exercitatione
1524 1902 1728 1941 virtutum⁴

269 1970 390 2008 supra
415 1956 556 2006 vulgus
582 1956 821 2007 eminerent,
851 1957 1048 2008 eleganter
1070 1957 1123 1995 ait
1149 1957 1366 2006 cancellos,
1397 1957 1465 2008 qui
1483 1957 1728 1997 dirimebant

269 2012 494 2050 sacerdotes
516 2025 537 2048 a
557 2013 709 2064 populo
722 2044 733 2062 ‚
763 2027 844 2051 non
864 2014 966 2051 vitas
984 2012 1053 2051 sed
1071 2013 1283 2064 supercilia
1304 2012 1547 2052 discrevisse.
1605 2015 1729 2052 simi-²

267 2068 360 2106 liter
401 2067 581 2119 loquitur
617 2069 895 2107 Constantinus
934 2068 1296 2121 Porphyrogenit-us
1331 2069 1435 2107 infra
1477 2069 1727 2110 referendus.

271 2130 384 2161 erant
398 2124 439 2162 hi
462 2124 626 2162 cancelli
647 2126 774 2177 pervii
792 2125 985 2177 portulis,
1013 2139 1084 2177 per
1103 2138 1199 2176 quas
1221 2125 1352 2163 aditus
1371 2125 1578 2174 exitusque
1602 2139 1719 2176 pres-

131 2183 160 2218 P
183 2180 247 2215 421
271 2180 421 2231 byteris
437 2180 604 2232 patebat.
662 2180 735 2219 hae
753 2182 1085 2235 καγκελοθυρίδες
1101 2182 1253 2220 Codtno
1269 2181 1408 2220 dictae.
1465 2180 1532 2219 sed
1547 2187 1627 2219 tam
1644 2181 1730 2221 liae·

271 2249 387 2287 quam
413 2237 737 2286 intercolumnia,
767 2244 835 2276 aut
852 2238 979 2290 spatia
1001 2237 1126 2277 oculis
1149 2236 1587 2290 perviasscancellorum,
1616 2235 1725 2277 velis'

273 2293 457 2343 oppansis
484 2293 793 2344 protegebantur
813 2308 834 2331 a
851 2294 991 2346 populi
1009 2300 1183 2346 aspectu.
1240 2292 1447 2347 βηλὸθυρα
1473 2293 1537 2332 his
1559 2307 1717 2344 nomen,

272 2361 350 2398 quo
381 2361 460 2386 non
486 2354 641 2387 tantum
673 2350 847 2388 eodinus
870 2357 928 2388 est
946 2364 1064 2402 usuS‚
1093 2351 1160 2388 sed
1182 2350 1299 2388 otiam
1314 2350 1541 2388 Anastasius
1564 2349 1726 2388 Biblio-v

270 2404 468 2442 thecarius
496 2404 539 2442 in
568 2404 790 2457 Stephano,
826 2405 887 2444 his
918 2407 1070 2445 verbis:
1096 2408 1205 2456 fecit
1234 2403 1271 2443 et
1299 2407 1344 2443 in
1372 2404 1507 2444 eadem
1542 2404 1727 2444 basilica?

269 2461 421 2511 egregii
448 2458 622 2498 doctoris
647 2464 831 2513 gentium
859 2463 1063 2513 velotlzyra
1100 2469 1298 2514 quatuor,
1339 2476 1383 2500 ex
1413 2461 1559 2514 quibus
1589 2472 1723 2515 unum

269 2529 370 2552 auro
397 2521 556 2553 textum.
613 2518 735 2568 paulo
768 2524 858 2570 post
886 2518 1187 2570 velpthyrorum
1218 2531 1332 2556 usum
1363 2518 1515 2569 qualem
1547 2516 1722 2555 dicimus*

268 2571 492 2609 distinctius
517 2571 718 2623 indicans,
749 2574 805 2612 ait
829 2575 920 2612 data
950 2589 972 2612 a
997 2574 1186 2627 pontifice
1207 2575 1341 2612 eodem
1363 2574 1568 2623 velotf‘zyra
1583 2573 1722 2626 serie-af

270 2629 353 2664 iria
370 2629 414 2664 in
432 2629 604 2665 circuilu
627 2630 794 2679 altaris,
826 2629 906 2668 hoc
924 2637 993 2680 est,
1011 2637 1068 2669 'ut
1087 2637 1263 2682 apparet,
1292 2630 1527 2668 intendenda
1548 2628 1714 2678 tegendo

268 2683 317 2720 ab
343 2683 469 2721 oculis
495 2684 630 2735 populi
654 2686 896 2737 presbyterio
910 2717 924 2735 ,
958 2686 1067 2738 quod
1086 2693 1123 2724 et
1141 2686 1184 2723 in
1208 2686 1345 2724 Latino
1364 2686 1447 2724 ritu
1465 2690 1546 2722 erat
1564 2684 1723 2722 circum-

269 2739 404 2778 auare.
463 2739 636 2777 illustrat
664 2739 760 2778 haec
796 2743 927 2780 omnia
955 2745 995 2784 S.
1028 2743 1212 2781 Germani
1242 2743 1355 2780 locus
1381 2741 1424 2778 in
1455 2739 1711 2790 Mystagogia,

269 2807 386 2845 quern
417 2795 507 2834 ideo
540 2796 782 2834 describam:
819 2795 953 2838 κιόνια
981 2796 1071 2849 ἤτοι
1099 2796 1146 2838 τοὶ
1175 2795 1327 2851 στήθεα
1357 2796 1636 2848 διαχωρίζοντα
1669 2792 1723 2836 ‘tei‘

264 2851 376 2903 βῆμα
404 2846 484 2898 ἆπὸ
512 2854 657 2893 λοιποῦ
679 2853 804 2901 ναοῦ,
831 2852 900 2894 καὶ
928 2850 1122 2908 κάγκελλοὲ
1151 2853 1226 2895 εἰσι
1255 2855 1327 2906 τῆς
1349 2853 1569 2907 προσευχῆς
1587 2847 1724 2893 τόπον1
