1884 3262
294 178 390 224 380
702 180 935 223 GEORGII
977 182 1326 228 PACHYMERIS

290 294 348 349 τῷ
366 294 536 341 βασιλεῖ’.
610 292 675 332 καὶ
706 291 757 346 δὴ
785 291 1068 348 ἀνεγινώσκετο
1102 295 1176 347 μὲν
1201 295 1222 339 ὅ
1249 295 1394 350 τόμος,
1431 298 1555 349 ἄλλος
1574 298 1618 341 δ’
1644 297 1743 343 ι’ίλλο

289 375 328 400 τι
360 357 462 412 πρὸς
492 357 538 400 τὸ
567 359 769 413 παρεστὸς
798 368 883 410 τοΐς
910 363 1183 417 προκειμένοις
1213 363 1426 421 ἀντέλεγεν.
1498 368 1581 410 ἐπεὶ
1614 368 1658 409 δὲ
1677 370 1743 410 καὶ

287 427 400 479 χρεία
425 421 471 479 ἦν
503 432 830 483 συμφρασθῆναι
858 429 953 479 τούς
979 429 1124 486 λόγους
1149 434 1214 473 καὶ
1244 434 1298 481 εἷς
1326 434 1393 475 ἵνα
1413 433 1744 490 συντεθήσεσθαι

288 491 437 546 τόμον,
475 496 541 535 καὶ
575 496 746 550 ἐζητεῖτο
783 495 804 539 ὃ
840 497 1172 552 συνθησόμενος,
1219 500 1424 556 ἀνεδέχετο
1445 505 1519 556 μὲν
1538 503 1607 546 τὸν
1630 504 1744 559 ἔργον

236 569 265 602 Β
290 559 631 617 ὄἸασίτηςἸώβ,
669 563 744 619 εἶχε
774 566 818 607 δὲ
845 568 909 608 καὶ
943 566 1094 616 ἄλλους
1127 569 1192 609 καὶ
1217 573 1374 621 μᾶλλον
1401 571 1472 612 τὸν
1509 572 1776 628 συγγραφίαὸ

290 634 371 672 τῶν
392 629 588 674 τοιούτων
613 634 681 685 ἐμὲ
709 637 791 676 τῶν
809 635 971 677 ἐννοιῶν
992 634 1290 692 συλλήπτορας.
1361 639 1425 680 καὶ
1443 637 1539 692 μετ’
1566 639 1612 681 οὗ
1637 639 1741 682 πολὺ

287 695 308 739 ὁ
329 695 455 752 τόμος
476 700 729 755 ἐξείργαστο,
767 701 812 744 ὃν
844 703 895 758 δὴ
922 705 987 745 καὶ
1011 708 1154 753 κοινῶς
1181 701 1499 760 ἂναγνωσθίντα
1521 704 1640 749 πάλιν
1657 713 1744 757 τοῖς

287 765 420 818 ὅλοις,
457 770 522 809 καὶ
548 768 645 811 ὅσον
672 765 720 823 ἦν
753 770 852 825 πρὸς
883 771 928 814 τὸ
961 769 1255 828 εὖσχημότερον
1282 775 1648 827 μεταπλασθέντα,
1687 773 1743 825 ὥς

285 834 344 890 μὴ
373 838 519 890 λυποίη
551 842 737 893 σκληρῶς
769 838 809 880 ἵν
839 856 942 882 τισιν
976 839 1077 894 ἔχων
1104 841 1175 883 τὸν
1202 840 1382 894 ἄνακτα,
1427 842 1519 896 μετ’
1542 842 1670 886 αὐτοῦ
1689 843 1741 898 δὴ

288 907 362 945 τοῦ
379 903 583 958 Ἀρσενίου
613 907 848 957 πέμπουσιν.
924 906 1104 961 ὃμέντοι
1129 926 1170 962 γε
1202 910 1393 963 βασιλεὺς
1425 909 1638 964 δεξάμενος
1670 911 1742 954 τὸν
1755 926 1798 961 10

236 981 266 1014 C
293 969 494 1027 ἀπόλογον
513 976 578 1015 καὶ
598 974 775 1030 ἀκριβῶς
792 976 966 1018 διελθών
989 978 1070 1018 ἐπεὶ
1095 977 1193 1032 ἔγνω
1224 982 1362 1036 πολλῷ
1383 979 1636 1032 λελειμμένος
1657 986 1742 1030 τοῖς

288 1037 444 1095 λόγοις,
482 1044 547 1083 καὶ
575 1043 681 1097 εἴπερ
715 1044 1011 1099 ε’μφανισθείη,
1049 1045 1178 1095 αἴτιος
1208 1045 1401 1101 αἰσχύνης
1422 1045 1554 1104 ἑαυτῷ
1574 1045 1741 1102 γενησό-

287 1125 432 1162 μενος,
470 1114 528 1166 τῷ
552 1113 682 1153 δοκεῖν
715 1110 795 1154 ὑπὸ
827 1111 1153 1168 περιφρονήσεως
1177 1116 1242 1155 καὶ
1273 1115 1321 1156 οὐ
1343 1115 1447 1156 κατὰ
1471 1117 1646 1168 δειλίαν,
1686 1113 1742 1165 ὥς

285 1171 337 1230 ’ἦν
367 1176 544 1232 ἀληθές,
579 1185 795 1235 περιορᾶν,
833 1178 1103 1237 ὑπερηφάνει,
1155 1183 1221 1224 καὶ
1256 1181 1499 1236 ἀνεβάλλετο
1531 1182 1606 1238 τὴν
1640 1181 1741 1225 ἀνά-

284 1261 443 1300 γνωσιν.
1753 1266 1794 1301 15

358 1306 364 1318 Ἄ
414 1311 557 1363 Οὕτως
576 1310 648 1355 οὖν
671 1315 985 1369 ἐκκρουσθέντες
1005 1317 1043 1358 οἳ
1065 1318 1153 1372 περὶ
1184 1316 1256 1359 τὸν
1276 1315 1447 1369 βασιλέα
1468 1321 1542 1371 τῆς
1561 1314 1740 1374 ἐγχειρή-

234 1391 264 1424 D
287 1397 388 1431 σεως
406 1380 538 1431 ἄλλως
561 1381 736 1438 ἔγνωσαν
754 1381 946 1426 ὑπελθεῖν
964 1384 1035 1426 τὸν
1059 1386 1209 1427 Βέκκον
1229 1387 1269 1426 ἓν
1287 1388 1500 1440 φυλακαῖς.
1552 1384 1654 1442 (15)
1674 1402 1739 1428 τε-

281 1447 408 1503 μάχια
428 1450 505 1506 γὰρ
525 1451 567 1492 ἔκ
585 1453 740 1504 βίβλων
764 1452 1021 1507 συλλέγοντες
1051 1453 1170 1509 ἱερῶν
1182 1487 1194 1505 ,
1233 1454 1313 1494 ε’πεὶ
1347 1454 1413 1494 καὶ
1432 1454 1552 1511 λογίῳ
1572 1453 1739 1495 ἀντικα-

282 1519 482 1561 θίσταντο
503 1521 568 1561 καὶ
591 1517 723 1575 λόγοις
742 1515 791 1575 ἦν
814 1519 967 1577 ἀνάγκη
989 1522 1157 1574 πείθειν,
1195 1520 1338 1577 λόγους
1353 1525 1450 1576 γοῦν
1475 1519 1610 1576 ἁγίων,
1649 1519 1738 1564 ὅσοι

278 1663 396 1696 horum
419 1673 505 1696 unus
528 1664 602 1696 erat
625 1662 776 1704 animus,
800 1666 836 1697 et
858 1663 1053 1707 conspirans
1075 1663 1110 1697 in
1134 1663 1169 1697 id
1203 1663 1304 1697 ardor
1325 1663 1560 1707 incumbebat,
1592 1665 1631 1697 ut
1653 1663 1738 1697 scri-

282 1712 380 1753 ptum
416 1709 673 1742 concinnaretur
706 1708 863 1742 volumini
893 1710 936 1742 ab
967 1709 1171 1754 imperatore
1200 1709 1300 1743 misso
1335 1709 1549 1743 contrarium.
1596 1709 1639 1742 ad
1664 1720 1736 1742 eam

280 1764 352 1787 rem
379 1754 482 1788 visum
505 1759 728 1799 opportunum
752 1754 899 1788 recitare
923 1757 1052 1789 cunctis
1075 1755 1290 1789 audientibus
1316 1755 1566 1799 imperatoriam
1587 1754 1738 1800 scriptu-

280 1811 377 1841 ram3
408 1805 443 1833 et
466 1804 504 1833 ut
527 1800 683 1845 quodque
707 1811 748 1833 ex
772 1800 830 1834 illa
855 1804 958 1844 caput
980 1801 1128 1835 auditum
1152 1808 1263 1843 esset,
1287 1802 1442 1835 contiuuo
1468 1812 1632 1846 quemque
1655 1811 1737 1845 pro-

281 1846 375 1878 ferre
398 1857 486 1890 quae
506 1847 594 1879 forte
624 1848 841 1879 occurrerent
868 1846 998 1880 utiliter
1032 1847 1066 1880 in
1099 1847 1303 1880 eontrarium
1333 1847 1520 1889 alleganda.
1565 1845 1736 1890 negotium

282 1890 404 1923 deinde
426 1891 600 1935 colligendi
623 1894 743 1924 cuncta
765 1896 801 1924 et
823 1891 858 1924 in
881 1903 981 1925 unum
1012 1892 1142 1926 diversa
1176 1892 1349 1936 digerendi
1381 1893 1530 1935 suscepit
1554 1891 1596 1925 ad
1616 1891 1652 1924 id
1674 1890 1736 1924 de-

281 1935 389 1969 lectus
410 1936 533 1970 Iasites
556 1937 637 1975 lob;
670 1936 726 1981 qui
752 1940 787 1970 et
808 1937 892 1970 alios
922 1937 1039 1971 habuit
1069 1938 1242 1971 adiutores
1272 1938 1413 1982 eiusque
1436 1936 1616 1982 participes
1639 1937 1736 1970 labo-

280 1981 330 2014 ris
347 2007 357 2025 ‚
381 1981 416 2015 in
440 1982 554 2026 primis
586 1982 681 2015 huius
714 1982 875 2016 historiae
899 1987 1082 2018 auctorem.
1130 1994 1243 2017 omnes
1272 1983 1308 2017 hi
1340 1983 1464 2016 collata
1494 1982 1670 2026 diligentia
1700 1982 1734 2016 iu

280 2027 475 2062 ordinandis
498 2028 765 2072 collocandisque
789 2033 868 2072 apte
891 2029 1059 2062 variorum
1084 2029 1256 2070 sensibus,
1288 2029 1383 2063 brevi
1407 2035 1557 2072 tempore
1580 2028 1734 2062 volumen

281 2074 519 2114 confecerunt,
543 2074 645 2118 idque
668 2074 890 2118 conscriptum
914 2075 947 2107 in
979 2074 1144 2108 communi
1168 2079 1266 2108 coetu
1297 2073 1425 2108 cunctis
1447 2073 1662 2108 audientibus
1684 2074 1735 2108 le-

279 2122 422 2162 gerunt,
445 2130 644 2164 unoquoque
667 2120 866 2153 admonente
887 2119 915 2153 si
938 2120 1017 2165 quid
1043 2121 1236 2154 mutandum
1259 2123 1318 2153 aut
1335 2119 1590 2164 temperandum
1613 2130 1734 2161 cense-

280 2169 355 2206 ret,
389 2165 424 2198 in
461 2164 496 2198 id
530 2165 670 2199 maxime
698 2165 863 2199 universis
901 2166 1059 2209 intentis,
1094 2178 1135 2199 ne
1161 2166 1341 2211 quidquam
1363 2166 1400 2198 in
1424 2177 1464 2199 eo
1487 2166 1733 2210 relinqueretur

279 2210 468 2244 aculeatum
492 2215 551 2244 aut
571 2211 708 2254 durum,
743 2222 809 2256 quo
840 2211 1025 2256 imperator
1046 2211 1290 2246 offenderetur.
1335 2211 1480 2256 denique
1511 2221 1597 2256 opus
1617 2210 1734 2244 elima-

278 2260 350 2289 tum
374 2261 531 2301 quantum
555 2257 640 2290 satis
663 2262 717 2290 est
738 2257 856 2299 visum,
879 2268 941 2302 per
964 2258 1113 2291 eumdem
1137 2257 1313 2291 Arsenium
1336 2258 1380 2291 ad
1395 2258 1629 2302 imperatorem
1652 2255 1734 2290 mit-

277 2306 366 2334 tunt.
412 2302 442 2335 is
465 2315 504 2336 eo
529 2306 669 2347 accepto
695 2306 730 2336 et
751 2307 880 2336 attente
900 2305 988 2337 lecto
1010 2304 1148 2337 multum
1172 2315 1209 2336 se
1231 2303 1386 2347 opinione
1407 2302 1466 2336 illa
1483 2302 1603 2335 falsum
1627 2313 1732 2346 agno-

278 2346 349 2388 vit,
372 2359 438 2392 qua
462 2348 630 2392 negotium
655 2348 839 2392 scriptione
862 2359 922 2382 sua
945 2349 1004 2382 illa
1028 2349 1193 2383 mittenda
1211 2349 1324 2382 statim
1348 2347 1588 2382 conficiendum
1613 2346 1731 2381 existi-

276 2396 439 2427 maverat.
484 2398 597 2427 tamen
624 2394 710 2427 hunc
731 2393 840 2439 ipsum
864 2398 1075 2439 praesentem
1099 2405 1230 2428 sensum
1252 2394 1353 2428 animi
1376 2393 1621 2435 dissimulavit,
1651 2403 1732 2426 eru-

279 2438 437 2471 bescendi
451 2464 461 2482 ,
498 2439 526 2472 si
562 2439 590 2472 is
636 2443 869 2477 enotesceret,
907 2441 1143 2475 necessitatem
1185 2441 1236 2474 sic
1277 2439 1554 2485 praevertendam
1595 2441 1729 2482 putans.

275 2484 446 2528 publicam
468 2495 548 2517 vero
571 2484 691 2529 scripti
723 2486 828 2519 oblati
861 2486 1038 2520 lectionem
1072 2486 1252 2520 differebat
1283 2489 1476 2529 contemptu
1506 2483 1668 2529 quodam,
1690 2488 1729 2517 ut

275 2529 382 2562 videri
405 2530 558 2563 volebat=
582 2531 643 2564 sed
667 2542 747 2564 vera
772 2542 874 2565 causa
897 2536 973 2566 erat
993 2532 1065 2566 eius
1091 2543 1205 2566 morae
1227 2530 1445 2566 convictionis
1467 2535 1588 2571 metus,
1607 2539 1730 2573 super-

278 2574 385 2608 ciliosi
407 2577 547 2609 obtentu
569 2576 696 2609 fastidii
719 2579 861 2611 velatus.

369 2620 447 2655 Tali
479 2621 688 2655 consiliorum
721 2633 877 2656 successu
909 2623 1065 2667 repulsus
1089 2623 1132 2657 ab
1156 2622 1283 2668 optatis
1304 2622 1489 2667 imperator
1511 2621 1546 2652 et
1571 2618 1630 2664 qui
1652 2630 1727 2654 cum

279 2677 320 2699 eo
350 2666 563 2707 sentiebant,
595 2666 664 2700 alia
696 2667 761 2700 sibi
792 2670 1011 2711 grassandum
1043 2668 1102 2702 via
1135 2671 1354 2711 statuerunt,
1387 2667 1498 2703 Vecco
1530 2664 1606 2709 ipsu
1637 2664 1730 2699 intra.

279 2723 449 2746 carcerem
481 2712 653 2746 tentando.
709 2712 788 2756 (15)
822 2714 1129 2748 animadvertentes
1162 2714 1248 2748 enim
1280 2712 1460 2754 bominem,
1500 2710 1611 2756 qualis
1651 2715 1728 2745 erat

280 2758 433 2802 venons,
462 2758 647 2804 sapientem
681 2769 723 2791 ac
755 2762 887 2792 doctum
911 2771 978 2793 non
1000 2760 1066 2794 alia
1089 2760 1216 2794 certius
1247 2756 1501 2804 expugnandum
1525 2755 1634 2790 videri
1654 2767 1727 2790 ma-

281 2803 378 2839 china
401 2815 500 2850 quam
530 2802 735 2848 argumentis
767 2809 805 2838 et
834 2804 1034 2839 testimoniis
1065 2816 1108 2840 ex
1137 2803 1366 2840 ecclesiastica
1391 2800 1579 2837 eruditione
1597 2801 1728 2848 petitis,
