1884 3262
234 209 331 256 254
657 206 892 251 GEORGII
926 206 1278 251 PACHYMERIS

234 325 312 382 γὰρ
335 324 401 366 καὶ
422 322 498 365 τίνι
519 319 618 364 ποτ’
655 319 767 363 ἔθνει
796 319 844 363 τὸ
878 324 1066 363 τοιοῦτον
1093 319 1293 378 ἴβλαστες
1330 324 1396 365 καὶ
1433 325 1488 373 εἷς
1506 322 1548 365 τί
1563 320 1705 379 παρά-’

186 397 217 430 C
242 397 382 448 δειγμα
409 390 570 444 βλέπων
599 386 620 432 ὃ
650 386 840 447 ἶεράρχης
872 387 1130 445 ἀνεμεσήτως
1152 390 1292 440 ἀξιοῦν
1325 390 1409 446 ἴχοι
1427 395 1549 434 τοῦτο
1572 393 1638 434 καὶ
1659 392 1700 433 ἐν

233 461 353 518 ἦμΐνς
389 458 415 515 ἢ
442 458 516 501 οὐκ
538 455 620 500 οἶδε
653 458 725 501 τὸν
754 455 950 514 τοιαύτης
978 456 1227 514 γευσάμενον
1253 457 1450 510 καθάπαξ
1466 464 1701 514 μεταβολῆς

232 530 290 585 μὴ
309 525 462 584 τρόπον
479 525 578 569 εἶναι
594 527 908 583 μετεγκλίναντα
927 531 1144 583 τελευτᾶν;
1182 525 1326 577 πόσοις
1343 527 1421 584 γὰρ
1442 526 1701 584 ἔφεδρεύεται

232 598 450 653 βασιλείας
486 593 652 646 ὁπόσοις
685 596 730 638 δὲ
759 597 826 638 καὶ
853 593 879 650 ἦ
910 596 1045 645 πίστις
1077 595 1254 651 ἴψυκται
1282 596 1346 638 ἐπὶ
1372 599 1447 638 τοῦ
1477 594 1736 651 σχήματος,5

235 665 466 720 σωζομένου
486 666 553 707 καὶ
572 664 630 706 ἔτι
651 668 725 706 τοῦ
744 663 969 718 βασιλέως,
1008 663 1080 714 οὓς
1101 666 1167 707 καὶ
1186 654 1490 721 καθυφειιιότος
1513 661 1706 722 ὡρμημέ-

235 751 334 785 νους
361 731 487 776 πάλαι
506 737 680 789 θαρρεῖν
701 731 870 790 ἀνάγκη,
942 731 1017 776 κᾶν
1035 733 1152 776 αὐτοὶ
1172 733 1231 788 μὴ
1251 735 1380 792 δρῷεν
1396 730 1608 782 ι’άπτοντες
1629 732 1705 776 ἅλ-

238 808 339 856 λως,
378 802 484 845 ἀλλὰ
506 805 563 860 τῷ
580 802 621 858 γ’
646 803 708 844 ἐπὶ
739 806 813 857 τῆς
841 802 971 858 ἀρχῆς
998 800 1272 855 καταστάντι,
1311 800 1446 859 ὥσπερ
1469 801 1706 856 ἀντιζηλοῢν

186 875 219 910 D
244 863 384 924 εἰκός,
401 870 509 914 οὕτω
529 872 594 912 καὶ
618 872 721 927 δρᾶν
739 870 791 913 τὰ
812 872 994 925 χείριστα
1019 868 1177 930 ῥᾴδιον.
1245 871 1289 913 τί
1306 870 1357 925 δὴ
1381 872 1447 912 καὶ
1469 867 1631 925 ἀνάγειν
1653 866 1709 919 εἲς

239 941 314 996 τὴν
335 940 463 996 ἀρχὴν
485 939 577 992 ἔδει,
611 938 656 982 ὃν
672 938 769 994 μετ’
793 939 841 982 οὗ
860 939 964 981 πολὺ
983 936 1168 995 κατάγειν
1187 938 1394 993 ἐβούλετο,
1432 936 1488 988 ὡς
1505 935 1708 994 γεύσαντα
1722 949 1766 984 10

241 1008 369 1065 μόνον
389 1009 649 1065 ἀποστερεῖν,·
681 1009 809 1064 χωρὶς
840 1009 885 1050 δὲ
912 1005 1071 1051 τούτων
1098 1010 1165 1050 καὶ
1195 1006 1316 1061 θεόν,
1365 1007 1475 1063 εἴπερ
1499 1009 1576 1049 τινὶ
1598 1006 1711 1065 ἄλλῳ

241 1079 442 1136 μεγίστῳ,
477 1078 544 1119 καὶ
573 1074 818 1120 καταστάσει
845 1077 1056 1131 βασιλείας
1078 1075 1257 1120 συνιέναι
1283 1073 1535 1130 πιστεύομεν.
1605 1078 1711 1118 θεοῦ

245 1148 290 1190 δὲ
315 1146 472 1200 βουλὴν
503 1147 721 1188 διασκεδᾶν
753 1145 898 1188 ἐθέλον
929 1143 984 1195 ὥς
1012 1145 1056 1188 δ’
1086 1144 1294 1197 αὔθαδες,
1344 1143 1400 1194 ὥς
1426 1146 1470 1186 δὲ
1500 1144 1567 1186 καὶ
1584 1143 1710 1199 με’γαν

244 1216 334 1271 ἕχον
363 1221 450 1264 τοῖς
480 1218 663 1268 τολμῶσι
690 1213 762 1256 τὸν
789 1214 990 1276 κίνδυνον.
1062 1218 1196 1256 ταῦτα
1217 1215 1354 1256 τοίνυν
1379 1212 1715 1266 ἐνθυμουμένους

245 1287 311 1327 δεῖ
325 1285 391 1326 καὶ
413 1281 522 1337 ὑμᾶς
544 1286 602 1340 τῷ
625 1283 767 1341 δικαίῳ
787 1286 862 1337 τῆς
879 1282 1091 1336 βασιλείας
1110 1279 1403 1338 συμπράττειν,
1439 1283 1506 1323 καὶ
1526 1281 1585 1336 μὴ
1603 1279 1712 1324 οὕτω
1726 1291 1768 1326 15

193 1360 226 1394 Ε
251 1355 489 1407 καταμελεΐν
510 1348 628 1407 ἡμῶν
650 1351 714 1393 ἐπὶ
746 1354 945 1394 τοσοῦτον
973 1349 1264 1407 ἀπαγχομένων
1281 1357 1367 1400 τοῖς
1387 1355 1606 1406 λογισμοῖς.
1676 1350 1720 1391 τί

336 1463 368 1497 1.
395 1460 461 1505 εἰς]
487 1460 520 1495 εἰ
540 1459 580 1494 Ρ.
720 1460 755 1494 2.
778 1458 913 1507 βλέπον
937 1460 978 1495 Ρ.
1101 1460 1137 1494 9.
1162 1459 1215 1500 εἰς
1237 1459 1370 1495 deerat.
1497 1458 1551 1493 13.
1576 1454 1719 1494 ἐθέλειν

334 1505 385 1550 αἱς
406 1506 474 1553 μὲν
497 1505 588 1542 ata.
602 1505 621 1539 ἱ)
1313 1543 1315 1545 ,

245 1600 419 1646 exemplar
451 1598 556 1633 fuerit
585 1597 727 1632 intuitus
742 1623 753 1641 ,
785 1599 990 1641 auctoritate
1026 1597 1162 1644 probati
1187 1597 1273 1632 alias
1297 1596 1381 1632 facti
1402 1600 1534 1632 tantam
1555 1596 1658 1631 istam
1681 1607 1720 1632 se

247 1647 385 1693 putavit
408 1656 572 1679 excusare
595 1655 695 1690 posse
709 1671 719 1689 ,
754 1650 814 1679 aut
836 1645 938 1679 etiam
961 1645 1213 1686 commendare,
1236 1644 1423 1679 novitatem
1437 1645 1456 1679 ’Ξ
1487 1655 1531 1683 an
1555 1643 1665 1678 nescit
1687 1641 1722 1676 ei

249 1693 310 1738 qui
334 1704 376 1726 ex
399 1692 473 1725 vita
494 1691 631 1736 privata
663 1690 697 1724 in
720 1690 897 1735 imperium
933 1695 1072 1725 evectus
1094 1691 1324 1737 principatum
1347 1690 1453 1724 semel
1474 1688 1722 1734 degustaverit,

250 1750 319 1772 non
343 1738 443 1772 aliam
466 1748 565 1782 quam
590 1747 665 1770 cum
686 1737 964 1781 praesentissimo
989 1737 1204 1771 coniunctam
1233 1736 1352 1770 mortis
1376 1736 1527 1781 periculo
1553 1734 1722 1770 conditio—

251 1796 327 1818 nem
352 1783 484 1817 ostendi
507 1784 665 1816 fortunae
690 1782 815 1826 prioris
839 1783 1088 1817 resumendae?
1118 1782 1336 1827 plurimorum
1360 1782 1485 1815 etenim
1509 1792 1643 1826 semper
1667 1780 1723 1814 in-

252 1830 350 1864 sidiis
372 1828 584 1874 principatus
607 1828 806 1862 obsidetur:
842 1829 1080 1874 plerorumque
1110 1839 1192 1862 vero
1226 1827 1546 1862 subditorumfides
1569 1831 1606 1860 et
1627 1836 1723 1860 amor

253 1877 289 1910 in
314 1874 502 1921 principem
532 1885 620 1908 vana
651 1874 828 1908 dumtaxat
858 1875 1040 1919 superficie
1071 1873 1232 1908 ostentati
1261 1874 1410 1908 exterius
1442 1872 1599 1918 obsequii
1628 1877 1724 1906 totus

258 1920 487 1967 expromitur,
510 1919 601 1953 intus
624 1920 709 1954 nibil
733 1921 861 1954 habens
884 1920 1006 1955 solidi(
1039 1931 1146 1965 quare
1168 1930 1308 1953 necesse
1331 1922 1385 1953 est
1407 1930 1480 1952 enm
1512 1930 1532 1952 a
1559 1929 1626 1964 quo
1649 1917 1723 1952 vio-

257 1968 357 2002 lando
381 1967 453 2000 sola
477 1966 670 1999 reverentia
690 1966 873 2011 potestatis
898 1966 977 1999 odia
999 1966 1239 1999 malevolorum
1262 1966 1455 2006 coercebat,
1480 1975 1554 1998 cum
1578 1963 1724 2009 primum

256 2016 402 2048 nudatus
426 2011 597 2057 praesidio
619 2011 753 2056 imperii
773 2011 851 2046 telis
872 2011 1020 2045 invidiae
1050 2011 1155 2046 fuerit
1187 2011 1362 2052 obiectus,
1393 2010 1437 2044 iis
1460 2009 1641 2044 insultibus
1662 2009 1725 2043 im-

258 2059 332 2104 peti
363 2058 417 2092 vel
446 2057 559 2103 palam
591 2058 856 2102 oppugnantium
877 2057 932 2092 vel
965 2058 1049 2091 clam
1071 2056 1257 2091 faventium
1280 2056 1578 2102 oppugnantibus,
1603 2054 1727 2100 quibus

258 2105 372 2139 salvus
404 2103 494 2137 haud
523 2103 634 2148 possit
665 2103 843 2138 obsistere.
891 2114 977 2146 quae
1007 2115 1081 2137 cum
1112 2114 1242 2148 aequos
1273 2107 1309 2138 et
1331 2103 1505 2147 sapientes
1527 2112 1642 2135 omnes
1664 2112 1726 2135 ae-

259 2151 455 2185 stimatores
485 2160 597 2192 rerum
628 2153 790 2193 reputare
815 2149 915 2194 ‘apud
945 2161 1021 2183 sese
1043 2160 1106 2194 par
1137 2150 1252 2183 fuerat
1267 2174 1277 2191 ‚
1309 2152 1380 2183 tum
1404 2160 1478 2182 eum
1502 2147 1644 2182 maxime
1666 2145 1727 2192 qui

260 2209 314 2231 me
338 2207 399 2230 suo
425 2195 500 2240 ipse
522 2195 556 2228 in
580 2194 698 2241 primis
722 2195 887 2240 suffragio
912 2195 955 2229 ad
980 2195 1156 2240 imperium
1182 2195 1364 2236 extulerit,
1397 2195 1463 2228 hoc
1486 2198 1541 2228 est
1561 2192 1728 2227 invidioso

262 2248 298 2276 et
321 2241 566 2276 offensionibus
590 2241 744 2286 exposito
767 2241 974 2287 implicuerit
1003 2241 1153 2286 negotio.
1198 2241 1290 2274 unde
1320 2240 1429 2286 ipsius
1450 2245 1505 2274 est
1523 2238 1614 2274 tueri
1636 2237 1728 2284 quod

260 2288 370 2330 fecit,
394 2298 462 2322 non
489 2287 657 2320 autemid
682 2299 804 2332 agere,
836 2299 913 2321 mea
945 2286 1224 2321 exauctoratione
1255 2286 1470 2331 procuranda
1501 2290 1538 2319 et
1569 2296 1631 2331 per
1653 2294 1729 2319 eam

262 2335 298 2367 in
322 2345 375 2367 me
399 2333 560 2367 armanda
582 2332 713 2367 invidia
735 2333 960 2375 aemulorum,
995 2339 1035 2366 ut
1057 2344 1157 2378 quem
1181 2332 1304 2366 detulit
1327 2343 1504 2378 supremus
1527 2331 1655 2373 honor,
1691 2329 1730 2363 in

264 2384 450 2414 extremum
474 2379 552 2412 mihi
583 2385 740 2413 vertatur
770 2379 920 2414 exitium.
967 2378 1048 2424 quid
1070 2379 1157 2412 enim
1181 2379 1353 2413 attinebat
1385 2379 1420 2412 in
1444 2388 1607 2412 summum
1628 2375 1731 2410 fasti-

264 2427 355 2471 gium
378 2424 523 2458 evehere
545 2436 644 2469 quern
670 2425 772 2470 paulo
808 2429 887 2471 post
919 2424 954 2458 in
987 2424 1169 2470 perniciem
1200 2425 1351 2459 ultimam
1374 2424 1556 2458 detrahere
1584 2422 1664 2456 inde
1687 2432 1730 2456 ac

265 2470 490 2517 praecipitem
522 2470 671 2504 deiicere
712 2476 915 2513 conaretur,
957 2472 1053 2505 tanto
1085 2470 1241 2505 m5serius
1272 2482 1448 2505 sensurum
1481 2468 1730 2508 calamitatem,

265 2521 395 2563 quanto
424 2528 500 2550 eam
523 2516 734 2560 experientia
756 2517 851 2562 prius
875 2517 1077 2561 degustatae
1099 2517 1134 2550 in
1166 2527 1325 2562 suprema
1357 2518 1531 2563 potestate
1551 2512 1730 2548 felicitat-is

266 2563 474 2597 acerbiorem
496 2561 861 2608 intolerabilioremque
894 2562 1108 2596 reddiderit?
1139 2568 1280 2608 praeter
1317 2563 1403 2597 haec
1419 2590 1428 2604 ,
1451 2557 1593 2606 sisquod
1615 2561 1731 2593 huma-

268 2621 345 2643 num
368 2607 504 2643 maioris
527 2608 683 2641 momenti
705 2610 876 2653 negotium
899 2609 984 2642 deus
1016 2608 1181 2653 peculiari
1211 2620 1294 2643 cura
1323 2609 1502 2652 dignatur,
1525 2605 1732 2640 evectionem

268 2654 410 2689 alicuius
432 2654 466 2688 in
490 2653 666 2698 imperium
691 2665 762 2688 rem
794 2665 890 2696 esse,
925 2654 1044 2700 utique
1075 2654 1129 2688 cui
1160 2665 1295 2701 semper
1325 2652 1530 2688 interveniat
1548 2644 1733 2686 studiosior

268 2700 386 2746 aliqua
407 2699 551 2734 numinis
573 2699 806 2744 providentia,
829 2700 929 2744 vulgo
954 2705 990 2734 et
1012 2701 1131 2734 merito
1154 2700 1393 2736 existimamus.
1439 2698 1530 2744 quod
1551 2697 1658 2742 igitur
1680 2695 1734 2730 di·-

269 2747 348 2780 vino
373 2746 510 2780 consilio
541 2744 713 2780 decretum
743 2745 971 2791 effectumque
1004 2745 1051 2780 sit
1080 2757 1246 2781 revocare
1276 2758 1319 2781 ac
1349 2743 1545 2780 rescindere
1568 2742 1734 2777 hominem

272 2791 412 2835 conari,
447 2791 523 2846 quis
554 2802 620 2825 non
651 2792 747 2825 videt
781 2802 881 2837 quam
923 2791 1163 2836 temerarium,
1200 2803 1303 2838 quam
1343 2790 1527 2825 insolenter
1558 2798 1735 2834 arrogans,

272 2849 372 2883 quam
395 2838 543 2884 demque
565 2837 766 2872 audentibus
788 2835 1012 2884 periculosum
1035 2838 1169 2873 censeri
1190 2837 1341 2873 debeat?
1374 2837 1461 2872 haec
1481 2834 1654 2870 vobiscum
1677 2845 1736 2869 re-
