1884 3262
255 206 355 257 732
615 190 968 270 sosssm'w'sr.
1005 192 1316 255 PAcnYMER.
1374 210 1376 214 ’

251 314 451 357 habebat
436 327 481 352 m
502 313 707 369 Manganis
726 315 891 355 cellulas
916 329 958 355 se
980 315 1200 370 recepisse,
1223 330 1303 357 nec
1318 323 1454 370 postea
1471 319 1563 360 ullis
1583 333 1624 360 se
1643 321 1731 359 ad-

250 373 344 411 duci
364 370 549 423 precibus
567 372 707 412 sivisse
727 372 777 410 ad
793 373 922 411 ullum
940 386 1056 412 usum
1077 373 1280 413 abdicatae
1296 374 1508 427 dignitatis.
1535 378 1641 416 unde
1659 377 1711 416 ad

247 427 485 468 successoris
513 426 809 480 inquisitionem
841 440 1054 469 conversae
1091 443 1181 470 cum
1204 431 1453 484 imperatoris
1481 439 1568 472 tum
1599 435 1710 472 anti-

248 485 387 523 stitum
414 498 534 524 curae
557 493 669 525 sunt:
708 499 786 537 quo
816 499 921 525 anno
949 486 992 525 id
1021 487 1255 539 contigerit,
1292 502 1342 527 ex
1365 490 1607 529 successoris
1628 490 1710 528 ele-

248 542 380 579 ctione
401 541 514 581 brevi
536 549 626 594 post
650 548 786 582 secuta
817 542 1122 595 intelligendum
1151 550 1212 583 est
1222 558 1234 594 3
1275 558 1377 596 quae
1408 559 1523 592 cum,
1550 551 1597 584 ut
1613 559 1708 586 mox

246 598 606 650 demonstrabitur,
635 606 798 652 peracta
827 600 948 639 fuerit
980 601 1044 640 die
1065 604 1120 644 28
1136 601 1365 642 Decembris
1384 602 1478 641 anni
1493 602 1708 642 desinentis

247 670 270 694 a
296 655 455 694 Christo
474 662 569 694 nato
592 659 713 706 1267,
733 670 808 709 pro
829 657 1028 696 constanti
1047 663 1106 696 est
1124 656 1348 697 habendum
1370 658 1591 710 perstitisse
1613 659 1709 697 Ger.

246 726 412 751 manum
437 712 480 751 in
511 713 782 764 patriarchatu
806 714 875 752 vel
893 727 915 752 a
934 721 1049 753 sexto
1074 714 1177 753 Iunii
1207 715 1302 753 anni
1322 718 1432 758 1266
1450 715 1501 753 ad
1522 721 1707 768 quartum

246 769 447 808 decimum
487 770 727 823 Septembris
759 771 854 808 anni
889 774 997 814 1267
1038 783 1110 823 per
1152 785 1299 810 annum
1334 785 1462 811 unum
1489 778 1529 810 et
1555 785 1707 811 menses

244 832 447 879 praeterea
465 833 636 878 quatuor
656 841 746 867 cum
763 827 953 876 dimidio,
983 828 1050 866 vel
1074 841 1096 866 a
1113 828 1254 880 quinto
1270 827 1377 866 Iunii
1404 828 1497 867 anni
1525 832 1631 871 1267
1654 829 1707 868 ad

248 882 302 925 14
327 884 596 936 Septembrem
622 884 796 923 eiusdem
832 884 925 922 anni
962 898 1035 936 per
1065 898 1218 924 menses
1247 891 1328 924 tres
1357 890 1396 923 et
1432 884 1514 923 dies
1544 899 1702 927 novem.

243 946 412 992 postque
449 940 574 993 ipsius
606 947 865 993 spontaneam
901 941 1191 981 abdicationem
1216 942 1348 980 sedem
1381 954 1541 981 vacasse
1575 942 1704 981 tribus

243 997 466 1047 mensibus,
496 1004 535 1036 et
567 997 703 1036 diebus
729 1004 928 1049 praeterea
955 998 1278 1049 quatuordecim,
1308 1012 1432 1051 usque
1451 998 1501 1036 ad
1520 998 1704 1049 designa·-

242 1052 391 1091 tionem
412 1054 671 1104 successoris;
701 1054 981 1106 septemdecim
1003 1068 1099 1093 vero
1126 1069 1250 1107 usque
1269 1054 1319 1094 ad
1336 1055 1512 1094 eiusdem
1528 1055 1704 1107 inaugu-

241 1109 461 1158 rationem,
493 1124 594 1162 quae
633 1110 811 1151 kalendis
843 1110 1036 1150 Ianuariis
1061 1111 1155 1149 anni
1187 1113 1297 1155 1268
1324 1111 1518 1150 celebrata
1535 1110 1613 1150 rite
1630 1117 1701 1162 est,

241 1173 366 1219 prout
396 1167 584 1219 deinceps
605 1167 872 1208 ostendemus.
929 1167 1070 1206 scribit
1094 1174 1230 1207 noster
1259 1181 1295 1207 c.
1316 1170 1371 1211 23
1394 1168 1421 1207 l.
1441 1167 1469 1210 4
1486 1167 1701 1220 Ioseplium

241 1223 471 1261 monasterii
503 1223 649 1262 Galesii
677 1224 922 1275 praefectum
948 1223 1230 1263 confessarium
1256 1223 1507 1278 imperatoris
1524 1224 1700 1276 legitimo

240 1279 341 1318 suffr
343 1280 518 1330 agiorum
549 1293 717 1318 numero
751 1280 920 1318 electum
939 1279 1134 1332 probante
1161 1294 1210 1318 ac
1229 1280 1414 1319 studente
1433 1281 1601 1319 maxime
1619 1281 1700 1320 im-

237 1343 452 1406 peratore,
485 1336 731 1388 designatum
759 1337 880 1375 fuisse
910 1336 1177 1389 paniarcham
1204 1333 1343 1389 μηνός
1361 1339 1701 1404 σκιρροφοριῶνος

237 1394 399 1449 εἰκοστῇ
432 1388 555 1449 ὄγδοῇ
581 1396 653 1444 τῆς
684 1390 850 1446 δεκάτης
878 1390 1148 1446 ἐπινεμήσεως
1170 1396 1243 1434 τοῦ
1272 1389 1397 1450 ςψοε’
1418 1392 1530 1443 ε’τους
1549 1395 1699 1432 mensis

236 1450 470 1491 Decembris
497 1452 697 1503 vigesima
735 1458 900 1500 octava,
938 1449 1115 1488 decimae
1141 1432 1403 1500 indictionis,
1446 1452 1548 1488 anni
1575 1453 1697 1495 6775.

235 1520 411 1559 moxque
430 1506 542 1546 addit
570 1508 690 1546 fuisse
711 1507 938 1546 ordinatum
958 1507 1038 1547 kal.
1061 1506 1254 1546 Ianuariis
1273 1506 1369 1545 anni
1387 1507 1587 1558 sequentis
1609 1506 1697 1548 ἕκα·

234 1566 488 1617 τομβαιῶνος
517 1561 561 1604 δὲ
587 1564 791 1621 νουμηνίᾳ
819 1562 1118 1616 χειροτονηθεὶς
1149 1564 1208 1613 εἷς
1230 1559 1437 1618 α’ρχιερέας
1459 1563 1695 1605 vertissem.
1742 1604 1744 1608 ,

236 1635 364 1659 annus
387 1635 499 1660 aerae
519 1621 660 1660 mundi
682 1606 924 1659 Graecorum
944 1620 1153 1660 reducitur
1181 1620 1232 1659 ad
1256 1621 1458 1672 vulgarem
1479 1633 1592 1661 aerae
1611 1634 1695 1659 no-

235 1683 340 1717 strae
360 1678 508 1717 Christi
527 1678 774 1717 detractione
792 1678 917 1721 5508.
974 1678 1050 1717 suit
1069 1690 1161 1728 ergo
1188 1677 1223 1716 is
1243 1690 1372 1716 annus
1394 1676 1543 1716 Christi
1571 1679 1693 1727 1267,

233 1734 390 1787 periodi
414 1748 511 1774 vero
541 1734 716 1773 Iulianae
736 1737 858 1778 6980.
917 1734 988 1785 qui
1017 1747 1206 1773 numerus
1236 1734 1416 1774 divisus
1404 1747 1448 1772 in
1468 1733 1694 1785 quindecim

235 1792 388 1830 indicat
403 1791 662 1830 indictionem
690 1791 773 1831 eius
798 1790 893 1830 anni
921 1790 1301 1840 characteristicam,
1329 1790 1544 1840 decimam,
1572 1795 1694 1842 prout

234 1847 498 1899 Pachymeres
532 1848 699 1887 notavit.
763 1848 871 1886 unde
905 1847 1071 1886 dubium
1109 1861 1193 1886 esse
1223 1861 1306 1886 non
1333 1853 1467 1899 potest
1494 1846 1590 1898 quin
1615 1859 1692 1897 pa-

235 1904 476 1943 triarchatus
507 1903 667 1957 Iosephi
705 1904 855 1943 Galesii
894 1916 918 1942 a
943 1903 1027 1945 kal.
1059 1903 1235 1945 Ianuarii
1268 1903 1364 1942 anni
1401 1901 1549 1942 Christi
1583 1905 1691 1946 1268

232 1961 438 2014 procedat.

344 2062 416 2103 III.
474 2063 552 2103 Ubi
575 2062 757 2114 desierit,
785 2062 904 2102 modo
935 2061 1130 2102 definiam.
1185 2062 1308 2101 refert
1335 2060 1597 2113 Pachymeres
1614 2060 1642 2098 l.
1662 2059 1689 2102 5

233 2135 267 2160 c.
294 2122 347 2162 17
376 2120 615 2173 Iosephum,
655 2120 723 2172 qui
752 2133 793 2159 se
818 2118 1078 2172 promulgatis
1110 2118 1240 2171 palam
1269 2117 1396 2157 literis
1430 2116 1686 2156 iureiurando

230 2176 508 2217 obstrinxisset
527 2177 578 2216 ad
597 2190 802 2229 nunquam
820 2175 1112 2215 assentiendum
1132 2174 1402 2214 conciliationi
1416 2187 1509 2213 cum
1520 2173 1687 2222 Latinis,

230 2234 278 2271 ab
311 2234 552 2287 imperatore
581 2248 694 2286 aegre
721 2234 765 2273 id
783 2234 935 2272 ferente
955 2245 1186 2284 persuasum
1219 2231 1387 2282 migrare
1405 2229 1684 2284 patriarchali—

227 2291 304 2329 bus
323 2291 504 2342 aedibus,
532 2292 738 2330 secessisse
757 2291 800 2329 in
827 2289 1105 2329 monasterium
1132 2288 1372 2341 Periblepti,
1401 2286 1625 2340 pollicitum
1643 2299 1685 2326 se

228 2348 553 2387 renuntiaturum
573 2347 884 2401 patriarchatui,
912 2347 945 2385 si
968 2346 1016 2384 de
1032 2345 1246 2385 concordia
1265 2345 1520 2384 ecclesiarum
1538 2345 1684 2383 Romae

230 2404 512 2443 conveniretur
535 2420 557 2444 a
588 2405 726 2457 legatis
743 2418 789 2443 eo
816 2403 866 2442 ad
884 2403 963 2442 hoc
985 2403 1138 2454 missis;
1166 2402 1327 2441 interim
1346 2401 1459 2453 quasi
1479 2401 1683 2453 privatum

226 2461 443 2500 victurum.
499 2468 637 2513 postea
660 2475 751 2500 cum
776 2460 893 2512 legati
917 2473 1015 2513 pace
1037 2459 1254 2513 composita
1277 2457 1491 2507 redissent,
1520 2457 1684 2496 iudica-

226 2523 313 2556 tum
332 2531 417 2556 esse
447 2517 575 2557 videri
603 2519 732 2557 sedem
755 2531 914 2565 vacare,
947 2515 1125 2556 cessione
1142 2515 1410 2557 conditionata
1428 2513 1585 2566 Iosephi
1603 2514 1681 2553 iam

227 2573 272 2612 in
304 2575 525 2613 absolutam
549 2581 795 2625 transeunte,
839 2573 1037 2626 positione
1064 2572 1306 2612 conditionis
1333 2571 1442 2611 unde
1469 2570 1679 2624 pendebat.

227 2631 414 2682 quocirca
436 2631 538 2669 itum
556 2631 599 2668 in
619 2631 800 2682 suffragia
817 2644 944 2669 novae
962 2630 1179 2671 electionis.
1225 2629 1300 2668 iste
1318 2641 1491 2667 secessus
1505 2626 1679 2680 patriar·-

227 2686 324 2725 chae
350 2687 506 2741 Iosephi
537 2687 721 2737 contigit,
759 2693 805 2725 ut
830 2693 965 2726 noster
992 2686 1047 2724 ibi
1074 2685 1262 2727 distincte
1286 2684 1429 2733 tradit,
1457 2684 1522 2723 die
1543 2686 1592 2725 11
1611 2683 1678 2720 Ia-

226 2744 379 2795 nuarii,
412 2745 607 2784 secundae
624 2744 874 2793 indictionis,
904 2743 998 2782 anni
1017 2746 1139 2788 6782,
1171 2738 1360 2797 ἑνδεκάτῃ
1381 2739 1502 2793 μηνὸς
1517 2739 1676 2791 ἑκατομ-

230 2801 403 2852 βαιωνος
418 2800 602 2855 δευτέρας
631 2774 896 2852 ἔπινεμήσεαζς
919 2803 992 2840 τοῦ
1028 2794 1165 2853 ςψπβ
1185 2799 1308 2847 ἔτους.
1366 2797 1440 2835 fuit
1461 2796 1530 2834 hic
1547 2809 1675 2835 annus

229 2855 380 2896 eluisti
401 2855 521 2909 1274,
549 2871 633 2911 per.
654 2857 726 2898 Iul.
749 2856 879 2903 5987,
908 2855 976 2908 qui
1000 2869 1140 2896 revera
1162 2853 1389 2895 numeravit
1414 2852 1673 2892 indictionem
1741 2872 1748 2879 2
