1846 3262
219 229 268 256 v1
609 211 657 254 P.
691 206 908 253 POSSINI
939 206 1257 251 DEDICATIO.

221 320 317 373 suit,
356 319 507 362 omisso
546 318 692 361 edendi
726 315 986 373 vertendique
1014 317 1168 370 officio,
1205 317 1442 358 lemmatum
1468 330 1515 358 ac
1542 315 1676 358 titulo-

221 403 311 430 rum
351 386 614 443 exscriptione
652 386 760 427 facili
797 385 997 437 defungi?
1056 385 1256 439 aliquanto
1284 385 1373 440 plus
1401 383 1585 425 sacerdos
1612 386 1676 425 fe-

225 457 295 507 cit,
335 453 621 495 eruditissimus
650 453 859 504 Petavius,
888 452 955 507 qui
987 465 1063 506 qua
1090 452 1158 493 via
1185 458 1368 493 veterum
1395 453 1678 492 monumento-2

223 536 314 563 rum
341 520 643 562 scrutandorum
669 519 956 571 descendebat,
983 521 1086 559 forte
1111 526 1247 559 nactus
1270 518 1539 559 narrationum
1565 532 1679 559 mea-

224 602 315 629 rum
345 589 567 640 fragmenta
592 590 806 640 nonnulla,
843 587 973 643 qualia
1000 587 1207 640 invenerat
1243 584 1368 626 edidit
1394 585 1680 627 Parisiensibus

225 656 341 711 typis.
400 670 542 698 verum
578 663 618 696 et
653 656 742 712 ipse
776 654 1024 712 praeterivit,
1065 654 1207 695 merito
1238 652 1458 695 detrectans
1489 654 1681 709 interpre-

225 722 336 764 tandi
364 736 550 779 operam,
591 724 636 764 in
662 730 746 764 tam
774 730 977 778 corrupto,
1014 723 1130 776 quale
1158 728 1296 763 nactus
1324 729 1424 771 erat,
1467 720 1683 776 exemplari

224 791 359 846 utique
387 789 647 847 perdendam.
704 789 892 846 equidem
921 788 1154 841 (fatendum
1173 789 1283 830 enim
1301 789 1386 843 est)
1415 788 1542 845 peiori
1562 789 1682 840 longe

239 871 316 899 oco
346 872 456 899 eram
484 873 604 914 quam
632 861 862 901 vulneratus
890 858 940 898 ab
963 856 1283 897 Hiericuntinum
1307 857 1382 898 iter
1409 857 1684 898 obsidentibus

227 924 377 967 sicariis
414 925 565 978 viator,
604 926 671 967 ille
709 924 909 981 siquidem
934 932 1148 980 utcumque
1177 926 1385 967 confossus
1413 924 1585 981 spirabat
1612 923 1686 965 ad-

226 993 307 1033 huc
346 1000 503 1046 tamen,
547 1008 623 1046 ego
662 994 840 1034 animam
876 993 1158 1034 exhalaveram
1185 1006 1304 1034 sensu
1331 994 1449 1049 plane
1479 1006 1610 1033 cassus
1638 1005 1685 1032 ac

227 1060 390 1116 spiritu,
442 1075 527 1101 non
571 1060 703 1102 minus
747 1074 870 1117 quam
906 1060 974 1100 ille
1010 1067 1256 1101 memoratus
1288 1060 1331 1101 in
1364 1060 1474 1101 libris
1511 1059 1686 1113 Regum,

228 1141 352 1183 quem
380 1127 447 1183 qui
481 1127 683 1168 humaturi
723 1128 920 1179 exierant,
960 1126 1192 1168 instantium
1229 1130 1539 1169 latrunculorum
1575 1135 1687 1169 metu

228 1195 461 1236 festinantes
497 1195 539 1235 in
576 1197 803 1251 sepulcrum
838 1191 986 1236 Elisaei
1023 1195 1294 1245 coniecerunt,
1337 1210 1430 1237 casu
1456 1196 1534 1252 ipsi
1559 1198 1689 1237 fortu-

231 1270 348 1303 nato:
384 1263 532 1304 etenim
561 1271 743 1303 contactu
771 1264 924 1306 ossium
950 1264 1170 1320 prophetae
1196 1263 1340 1306 revixit
1366 1271 1558 1305 mortuus.
1615 1277 1688 1320 par

230 1330 335 1374 mihi
362 1331 529 1372 felicitas
559 1345 610 1372 ex
637 1331 700 1373 Te
729 1333 908 1385 contigit.
967 1347 1013 1374 os
1041 1340 1154 1373 tuum
1182 1340 1223 1373 et
1251 1347 1340 1374 caro
1369 1340 1458 1383 tua,
1495 1331 1690 1372 Eminen-

230 1398 408 1440 tissimus
435 1398 697 1441 FRANclchs
727 1399 945 1442 Cardinalis
972 1399 1274 1451 BARBERINUS,
1303 1415 1370 1440 me
1400 1401 1691 1440 conclamatum

232 1465 464 1522 depositum
493 1468 721 1509 exanimem
750 1468 941 1521 colligens
968 1470 1113 1509 tollens
1147 1466 1411 1524 amplectens,
1449 1466 1615 1508 tandem
1647 1474 1693 1507 ut

233 1533 416 1576 viverem
445 1534 596 1587 effecit,
633 1536 711 1577 tuis
745 1536 894 1578 scilicet
921 1538 1136 1578 obsecutus
1163 1536 1270 1577 votis
1301 1543 1341 1576 et
1367 1535 1587 1577 mandatis:
1628 1533 1694 1575 Tu

235 1600 345 1642 enim
389 1603 619 1656 exemplum
655 1604 739 1642 mei
774 1604 906 1657 operis
947 1601 1147 1653 integrum
1183 1603 1417 1642 accersitum
1453 1615 1477 1642 e
1519 1600 1696 1658 quodam

234 1665 384 1720 ‘angulo
423 1665 614 1709 Graeciae
649 1669 754 1710 illius
789 1667 886 1709 fidei
921 1668 1065 1710 vivens
1106 1668 1382 1719 commiseras,
1431 1668 1594 1709 hortans
1631 1668 1697 1708 in-

237 1742 423 1790 stansque
449 1743 493 1776 ut
522 1735 724 1777 edendum
752 1735 964 1792 aliquando
994 1741 1156 1776 curaret.
1198 1734 1242 1774 in
1268 1735 1348 1775 hoc
1376 1735 1444 1775 ille
1472 1734 1570 1774 nulli
1597 1749 1697 1791 ope-

237 1817 307 1844 rae
337 1803 580 1844 contentioni
599 1803 774 1859 sumptui
794 1804 981 1860 pepercit.
1021 1803 1132 1844 misit
1160 1801 1240 1854 egit
1267 1802 1397 1843 movit
1423 1803 1547 1842 multa
1574 1803 1697 1855 longo

238 1877 445 1927 tempore,
482 1870 616 1926 quoad
649 1872 948 1924 longanimitate
977 1877 1093 1927 atque
1122 1869 1274 1910 efficaci
1301 1871 1594 1924 perseverantia
1621 1873 1698 1913 ob-

241 1939 400 1980 staculis
434 1940 627 1995 perruptis
667 1940 792 1996 optati
821 1953 1010 1995 compos,
1051 1937 1153 1978 mihi
1180 1936 1366 1977 derelicto
1396 1946 1512 1994 atque
1541 1939 1696 1980 abiecto

238 2020 357 2050 verus
396 2008 598 2049 beneficus
637 2006 907 2049 Samaritanus
945 2005 1158 2062 sospitator
1185 2004 1324 2045 extitit.
1379 2005 1446 2046 ille
1473 2008 1601 2048 humo
1628 2021 1698 2048 me

243 2076 442 2116 sublatum
479 2089 525 2115 ac
557 2077 741 2131 pulvere,
778 2075 844 2117 isti
871 2088 895 2114 a
924 2088 1002 2128 quo
1032 2087 1123 2114 sum
1150 2072 1341 2113 latinitate
1370 2072 1537 2116 donatus
1573 2076 1698 2116 inter-

242 2142 346 2198 preti
372 2144 481 2184 velut
508 2143 720 2183 stabulario
751 2141 1098 2189 commendatum,
1128 2139 1297 2181 denariis
1316 2143 1441 2183 multo
1460 2144 1562 2184 ultra
1578 2157 1699 2199 quam

246 2209 403 2251 duobus
426 2210 697 2266 descriptionis
727 2218 766 2251 et
795 2209 1019 2251 excusionis
1047 2210 1097 2249 ab
1128 2209 1435 2250 amanuensibus
1464 2224 1515 2252 acv
1539 2211 1701 2257 chalco-

248 2278 406 2334 graphis
434 2278 655 2318 necessaria
684 2277 786 2318 mihi
813 2275 1016 2329 vulgando
1047 2290 1169 2331 opera
1196 2275 1423 2332 redempta,
1452 2283 1538 2317 tum
1569 2285 1701 2318 caete-

247 2346 301 2387 ris
331 2345 516 2386 omnibus
543 2345 585 2385 in
613 2347 746 2386 lucem
775 2342 1004 2396 emergendi
1031 2342 1217 2384 subsidiis
1244 2358 1327 2384 non
1355 2344 1543 2386 munifice
1567 2347 1701 2387 solum

248 2412 323 2455 sed
350 2413 560 2465 magnifice
591 2413 711 2453 etiam
737 2413 988 2462 instructum,
1026 2410 1069 2451 in
1104 2411 1210 2459 hunc
1246 2411 1439 2453 literariae
1467 2413 1700 2455 celebritatis

248 2482 459 2523 meridiem
499 2481 682 2540 protulit,
722 2480 791 2521 ubi
818 2494 911 2520 mea
937 2479 1122 2530 historia,
1161 2486 1348 2534 tanquam
1374 2481 1442 2520 illa
1469 2480 1700 2523 Memnonis

249 2557 398 2602 statua,
433 2548 576 2590 insueti
613 2548 690 2590 sibi
718 2548 814 2589 solis
847 2560 1036 2602 percussa
1060 2559 1166 2586 nunc
1193 2547 1369 2602 primum
1395 2546 1536 2599 radiis,
1567 2563 1702 2590 erum-

251 2625 320 2675 pat
345 2617 387 2658 in
413 2632 535 2660 voces
563 2616 787 2657 immortale
815 2615 951 2655 Tuum
979 2628 1025 2654 ac
1052 2613 1251 2666 Tuorum,
1281 2614 1565 2656 vacnssun:
1589 2616 1702 2658 Pon-

253 2700 398 2735 rmzx,
426 2685 470 2726 in
496 2699 563 2727 me
591 2699 637 2726 ac
663 2699 751 2727 rem
777 2683 990 2726 literariam
1026 2681 1213 2725 meritum
1240 2685 1337 2726 orbe
1363 2684 1442 2726 late
1470 2689 1560 2726 toto
1587 2698 1703 2741 prae-

254 2749 462 2795 dicaturas.

858 2864 1130 2871 -—-·-·-——————--u«
