1884 3262
280 205 380 251 558
676 198 1333 249 OBSERVAT.‘12AGHY1VIER

280 310 454 358 αὖλωτοι
466 308 597 364 φιμοὶ
622 307 690 351 δια
715 326 760 352 το
788 306 981 360 κώδωνας
1007 309 1110 379 ἔχειν
1129 307 1443 382 ἕπηρτημένους,
1473 310 1535 362 οἷς
1556 313 1734 368 ἔγχρεμεὲ-

279 368 485 418 τίζοντες”
467 382 583 408 ιπποι
601 361 702 420 ἦχον
720 367 887 409 ἐποίουν
907 364 1154 422 προσόμοιον
1174 365 1294 424 caol-93⁴.
1349 370 1403 407 ita
1418 370 1495 420 ille,
1524 369 1575 408 ad
1594 384 1735 416 sonum

279 427 383 467 refer
386 439 476 472 ens,
505 423 614 475 quod
639 437 721 462 non
748 424 1053 464 inverisimiliter
1083 425 1135 463 ad
1162 410 1328 477 speciem
1357 438 1512 476 quoque
1532 427 1735 478 pertinuit.

275 495 370 523 nam
397 481 542 531 alioqui
571 477 796 532 κωδωνων,
825 486 1027 532 utcunque
1053 481 1272 520 hinnitibus
1295 483 1636 533 responsantium,
1667 497 1736 521 so-

277 553 355 578 nus
382 552 465 577 non
494 537 666 576 multum
695 537 747 576 ad
771 538 892 576 tibiae
909 545 1071 577 cantum
1087 538 1250 577 accedit.
1307 538 1434 576 forma
1452 551 1547 577 vero
1564 539 1649 577 tubi
1667 545 1737 579 aut

277 595 420 635 nolae·
409 609 452 633 m
471 593 750 646 appendicibus
774 594 1064 647 ephippiorum,
1083 595 1145 633 uti
1164 600 1204 632 et
1225 593 1451 633 militarium
1471 593 1736 646 chlamydum,

277 652 506 704 elegantiam
522 651 575 688 ad
593 657 794 703 aspectum
813 651 945 690 habet.
1002 651 1074 690 has
1095 651 1327 718 appendices
1341 650 1538 689 calliculas
1557 651 1637 690 sive
1651 652 1737 703 gal-

277 710 414 748 liculas
439 708 657 757 vocabant,
688 721 784 758 quas
807 708 954 760 glossae
976 714 1130 746 veteres
1152 703 1347 761 τροχάδας
1373 707 1519 745 Graece
1539 707 1738 759 interpre-

278 772 440 814 tantur,
470 777 516 802 ea
535 777 632 803 voce
650 765 872 803 rotundum
891 764 1039 816 aliquid
1060 770 1101 803 et
1117 764 1292 804 volubile
1315 764 1582 815 designantes,
1608 764 1739 814 qualia

282 829 397 862 erant
419 821 684 861 tintinnabula
716 827 756 859 et
780 822 1044 873 malogranata
1063 833 1113 859 ex
1133 835 1203 859 ora
1218 821 1338 859 vestis
1359 820 1572 858 Aaronicae
1589 819 1740 871 deperi·-

140 885 170 919 P
191 885 259 920 382
284 880 418 919 dentia
453 878 580 917 Exod.
607 881 662 920 39
688 881 754 920 23.
823 878 953 917 Passio
989 879 1026 916 S.
1055 878 1271 930 Perpetuae
1302 877 1524 916 describens
1552 878 1740 916 vestitum

284 935 491 988 Pomponii
512 934 666 973 diaconi
684 934 726 973 in
743 934 892 974 visione
922 935 1168 987 apparentis:
1197 941 1283 972 erac
1309 936 1478 973 vestitus
1503 931 1740 971 distinctam

284 991 533 1039 candidam,
560 991 710 1030 habene
743 991 987 1043 multiplices·
1017 992 1246 1031 calliculas.
1303 989 1402 1029 haec
1428 989 1595 1028 candida
1611 989 1740 1028 videri

284 1056 416 1104 potest
433 1048 552 1087 fuisse
569 1043 735 1096 ἐνδύτας
751 1044 926 1097 αὖλωτός
942 1047 1138 1099 Hesychii.
1195 1047 1247 1085 ad
1265 1047 1376 1085 cuius
1395 1047 1564 1086 formam
1583 1043 1739 1098 ἓνδυτή,

274 1106 572 1159 ΥοΡοι-ἰιῐιοιιῒιιιιι
606 1117 719 1153 arae,
749 1110 789 1141 et
812 1104 896 1156 ipsa
923 1100 1099 1152 αὕλωτός
1129 1104 1242 1141 facile
1266 1104 1406 1153 fuerit,
1434 1102 1643 1154 multiplici
1667 1115 1741 1153 ap-

278 1163 448 1217 pendice
465 1161 661 1199 callicular
664 1174 731 1199 um
749 1161 944 1212 eleganter
961 1167 1113 1209 ornata,
1130 1160 1285 1198 insertis
1302 1161 1417 1198 etiam
1437 1159 1607 1211 speciose
1621 1158 1740 1197 unio-

284 1220 425 1268 nibus,
454 1223 500 1256 ut
517 1217 584 1255 hic
603 1223 738 1255 noster
758 1222 962 1256 memorat.
1021 1217 1175 1256 diversa
1193 1230 1215 1253 a
1234 1216 1412 1267 superius
1432 1215 1548 1253 dictis
1567 1213 1658 1267 περὶ
1674 1213 1742 1254 ἕν-

284 1274 406 1327 δυτής
435 1290 503 1315 και
534 1276 606 1314 τοῦ
631 1269 859 1326 κατασᾶρκα
891 1273 1007 1312 docet
1037 1272 1199 1311 Iacobus
1226 1273 1333 1310 Goar
1372 1271 1422 1310 ad
1456 1270 1740 1321 Euchologium

280 1346 322 1386 p.
349 1334 456 1380 627,
484 1330 699 1369 Mem-sium
727 1330 867 1381 corrigi
893 1330 1050 1368 iubens:
1085 1329 1155 1367 sed
1185 1342 1266 1367 non
1293 1329 1526 1381 persuadet,
1556 1327 1739 1377 quoniam

281 1401 400 1441 quem
420 1387 557 1425 laudat
569 1387 737 1425 fundum
757 1399 848 1425 suae
865 1386 1078 1425 sententiae
1095 1387 1329 1451 Symeonetn
1347 1383 1739 1433 Thessalonicensem,

277 1451 494 1498 postquam
517 1442 714 1492 consului,
743 1442 854 1482 haud
877 1443 1103 1482 faventem·
1092 1442 1165 1494 1psi
1188 1442 1329 1494 reperi.
1387 1441 1440 1479 ait
1468 1441 1509 1479 in
1536 1452 1582 1477 eo
1609 1452 1740 1509 errare

284 1501 501 1541 Meursium
521 1499 629 1550 quod
651 1497 879 1553 κατασάρκα
905 1513 987 1538 non
1015 1496 1169 1552 οἶμὲσως
1188 1509 1278 1537 arae
1297 1497 1425 1536 nudae
1444 1496 1512 1535 sed
1531 1509 1649 1548 supra
1670 1492 1742 1536 ἄν.

283 1559 483 1611 τιμίνσιον
508 1556 630 1594 sterni
657 1556 818 1595 solitum
846 1562 1004 1596 asserat.
1063 1555 1174 1606 atqui
1202 1569 1284 1593 non
1316 1554 1394 1592 hoc
1420 1553 1645 1605 simpliciter
1671 1557 1742 1590 aut

278 1613 564 1654 universaliter
587 1613 778 1651 Meursius
800 1614 960 1662 asserit,
991 1611 1060 1651 sed
1078 1618 1234 1650 tantum
1254 1611 1414 1662 quando
1431 1624 1512 1648 non
1537 1609 1742 1647 constabat

285 1672 337 1710 de
362 1670 652 1709 consecratione
683 1670 836 1718 altaris3
866 1670 976 1709 cuius
998 1670 1134 1707 asserti
1157 1674 1296 1706 testem
1304 1667 1505 1739 producit
1522 1666 1742 1709 Manu'elem

284 1726 553 1781 'patriarcham
582 1726 626 1764 in
652 1725 750 1764 haec
776 1725 914 1765 ve1ba:
941 1741 990 1766 τα
1015 1722 1241 1776 ἆντιμίνσια
1265 1739 1341 1765 ουκ
1361 1724 1417 1772 εἷς
1433 1718 1566 1770 πάσας
1587 1718 1741 1776 ἀνάγκη

285 1788 452 1826 κεῖσθαι
477 1782 549 1831 τὰς
576 1781 692 1835 ἁγίας
720 1781 932 1854 τραπέζας,
962 1777 1050 1822 ἀλλ’
1071 1782 1128 1830 εἰς
1156 1779 1205 1829 ἃς
1233 1776 1283 1821 οὔ
1308 1775 1511 1835 γνωριμόν
1538 1779 1642 1820 ἐστιν
1667 1778 1743 1821 εἷ’τε

286 1839 586 1891 καθιερωμέναι
606 1838 707 1878 εἰσὶν
726 1839 803 1879 εἴτε
820 1837 1182 1880 01'1'.antimensia
1198 1851 1279 1875 non
1297 1837 1478 1875 omnibus
1496 1837 1650 1886 imponi
1669 1847 1744 1871 sa-

291 1898 374 1935 cris
391 1896 536 1933 mensis
554 1908 705 1933 necesse
721 1902 790 1944 est,
819 1893 951 1932 sedin
972 1907 1039 1931 eae
1057 1892 1106 1931 de
1125 1894 1273 1944 quibua
1290 1907 1371 1930 non
1394 1899 1451 1930 est
1468 1898 1620 1940 notum,
1647 1905 1744 1929 con-

290 1959 469 1992 secratae
491 1953 575 1989 sint
601 1965 729 1990 necne.
786 1950 896 1988 addit
916 1950 1048 1988 statim
1076 1949 1288 1988 rationem:
1317 1964 1366 1989 τα
1395 1963 1470 2001 γαρ
1495 1946 1744 1999 καθιερωμέ-

290 2025 376 2051 νων
394 2007 521 2062 ἇγίων
536 2009 737 2060 τραπεζῶν
754 2004 881 2047 τόπον
898 2006 1090 2059 ἐπέχουσι.
1147 2007 1393 2043 αηιίηιεηεὶα
1411 2006 1515 2042 enim
1535 2017 1745 2041 consecra-

291 2074 430 2105 tarum
456 2077 667 2102 sacrarum
696 2077 927 2101 mensarum
964 2063 1100 2100 locum
1131 2062 1318 2100 obtinent.
1375 2060 1483 2099 unde
1521 2059 1744 2099 concludit:

292 2121 361 2164 καὶ
398 2120 500 2162 ἔνθα
524 2119 600 2162 εἰσὶ
620 2117 809 2174 γνώριμοι
829 2118 1144 2173 καθιερωμέναι,
1174 2114 1224 2159 οὔ
1249 2118 1357 2170 χρεία
1375 2113 1635 2170 ἆντιμινσίων
1650 2115 1744 2157 ἐκεῖ.

295 2186 332 2217 et
361 2178 433 2216 ubi
455 2184 706 2229 perspectum
728 2183 786 2215 est
813 2190 912 2214 aras
938 2189 1018 2213 esse
1045 2182 1316 2224 consecratas,
1356 2188 1459 2225 opu-5·
1493 2174 1745 2210 antimensiis

292 2249 377 2276 non
401 2241 459 2272 est
482 2233 553 2273 ibi.
610 2233 723 2272 addit
749 2238 790 2271 et
816 2232 924 2271 aliud
950 2231 1217 2270 testimonium
1239 2230 1448 2283 Nicephori
1466 2229 1745 2281 Homologetae

295 2291 380 2330 sive
417 2291 672 2340 confessoris,
709 2289 777 2340 qui
811 2302 926 2341 agens
960 2289 1008 2327 de
1048 2285 1328 2339 ἆντιμινσίοις,
1364 2286 1521 2353 κυρίως
1538 2284 1581 2326 δὲ
1615 2285 1744 2335 inquit

291 2343 359 2389 «ἐπ’
380 2343 549 2394 ἐκείναις
575 2349 655 2387 τῶν
686 2349 885 2399 τραπεζῶν
908 2345 1127 2394 τίθενται,
1138 2342 1186 2393 ἃς
1211 2342 1452 2396 καθιέρωσις
1471 2336 1544 2394 οὐχ
1564 2339 1743 2394 ἡγίασεν.

287 2404 451 2456 proprie
469 2416 561 2441 vero
586 2416 706 2454 super
726 2417 794 2441 eas
812 2416 956 2440 sacras
979 2415 1137 2443 mensas
1151 2407 1386 2452 ponuntur,
1416 2412 1522 2450 quas·
1537 2403 1745 2436 'consecra-

291 2461 350 2498 tio
370 2473 449 2497 non
468 2459 753 2527 sanctificavit.
810 2473 892 2498 non
910 2459 1028 2510 igitur
1045 2458 1221 2496 absolute
1241 2456 1337 2494 dicit
1354 2455 1546 2494 Meursius
1560 2451 1604 2495 τὸ
1621 2467 1744 2494 κατα-

293 2529 423 2567 σαρκα
448 2528 567 2566 supra
584 2511 832 2566 αντιμίνσιον
850 2515 986 2556 steini
1042 2514 1126 2552 vidi
1146 2519 1278 2551 autem
1295 2518 1336 2551 et
1353 2517 1536 2550 accurate
1553 2509 1743 2562 perpendi

293 2572 514 2611 indicatum
542 2585 564 2607 a
590 2572 718 2609 Gome
746 2578 885 2610 contra
913 2571 1125 2609 meursium
1167 2569 1368 2622 Symeonis
1396 2565 1744 2606 Thessalonicensis

297 2629 452 2678 locum,
481 2626 549 2678 qui
580 2626 636 2664 sic
662 2627 800 2677 habet,
828 2641 919 2666 arae
945 2627 994 2664 ad
1013 2626 1244 2665 sacrificium
1273 2626 1488 2663 instructae
1504 2627 1744 2691 apparatum

299 2697 542 2724 memorans·
570 2681 799 2736 κατασάρκα
819 2682 863 2724 δὲ
881 2682 924 2725 τὸ
937 2679 1150 2736 λεγόμενον
1168 2677 1313 2731 εὐθύς,
1343 2679 1413 2721 καὶ
1432 2674 1515 2732 μετ’
1536 2673 1630 2718 avt&
1648 2692 1745 2729 τρα-

298 2737 520 2794 πεζοφόρον
535 2738 728 2791 κέκτηται.
785 2739 899 2791 quod
913 2747 1082 2778 vocatur
1100 2745 1308 2786 catasarca,
1336 2738 1499 2782 statim3
1521 2741 1617 2786 post
1635 2732 1747 2772 illud

299 2796 628 2849 trapezoplzorum
653 2794 784 2835 habet.
842 2796 921 2846 agit
951 2795 1000 2833 de
1026 2809 1095 2834 ara
1122 2795 1260 2846 utique
1289 2797 1524 2832 consecrata.
1583 2802 1683 2842 quae
1702 2790 1744 2827 si

298 2854 390 2893 talis
409 2867 490 2894 non
507 2857 607 2893 esset
621 2857 692 2892 aut
707 2864 788 2891 esse
806 2865 888 2892 non
904 2851 1093 2903 senetur,
1121 2865 1201 2891 non
1226 2853 1383 2903 negaret
1408 2846 1744 2901 superimpositio-
