1846 3262
445 187 522 229 DE
555 186 834 232 MICHAELE
873 188 1252 235 PALAEOLOGO
1279 191 1328 235 L.
1355 190 1429 236 111.
1570 193 1667 240 213

188 299 432 355 θεραπείαν.
501 300 569 343 καὶ
590 301 663 344 τὸν
688 299 864 356 βασιλέα
882 300 986 359 πρὸς
1005 302 1053 347 τὸ
1076 300 1318 363 βαθύτερον
1341 301 1543 362 βάψαντα
1579 311 1611 331 “
1623 308 1667 350 τί

189 371 258 413 δαὶ
269 370 295 390 ”
324 371 471 427 εἷπεῖν,
499 369 599 426 “μὴ
620 373 695 427 τῆς
715 371 928 425 βασιλείας
949 372 1141 429 ἐκστῆναι
1161 371 1397 430 κελεύεις,·”
1463 377 1532 419 καὶ
1553 374 1664 420 οὕτω

188 439 358 495 λέγοντα
377 438 454 494 τὴν
471 436 644 495 σπάθην
663 436 982 492 ἀποζῶννυσθαι
1004 443 1073 484 καὶ
1090 440 1272 497 διδόναι,
1309 448 1386 500 τῆς
1401 443 1553 489 ἐκείνου
1568 446 1662 488 δια-

185 509 302 558 νοίας
333 505 677 564 ἀποπειρώμενον.
747 509 900 552 ἐκείνου
924 509 970 552 δὲ
988 509 1063 565 τὴν
1077 517 1197 566 χεῖρα
1216 512 1323 555 κατὰ
1340 514 1528 571 σπουδὴν
1555 531 1661 570 προ-

152 577 393 627 5τείναντος
425 576 499 634 ἐφ’
533 571 566 637 ᾧ
592 573 816 632 λαμβάνειν
842 576 892 621 τὸ
923 579 1056 634 δῆθεν
1081 577 1297 635 διδόμενον
1316 579 1377 638 μή
1398 599 1486 633 πως
1511 582 1656 634 τελέως
1679 595 1710 630 c

185 648 253 689 καὶ
281 650 356 702 τῆς
388 644 547 704 ὀσφύος
582 645 815 700 ἄπολυθέν,
854 648 1109 706 παλινῳδίαν
1138 665 1182 692 τε
1212 648 1326 709 ᾄδειν
1362 649 1437 694 τὸν
1468 651 1657 706 βασιλέα,

183 717 252 758 καὶ
289 713 345 766 ὥς
374 713 578 774 ἐπιβούλῳ
599 715 639 758 οἳ
658 719 734 770 τῆς
756 716 956 775 σφετέρας
975 717 1081 771 ζωῆς
1100 716 1302 771 ὀνειδίζειν
1324 719 1360 762 εἰ
1378 717 1488 763 οὕτω
1508 717 1659 774 βούλε-

181 801 264 828 ται.
335 784 443 840 πλὴν
470 786 538 828 καὶ
567 788 642 840 τῆς
669 788 852 842 κεφαλῆς
879 782 1119 843 καλύπτραν
1147 785 1448 843 ἄποτιθέμενος
1464 789 1507 839 ἐς
1526 786 1658 840 πόδας

181 853 319 912 ἐκείνῳ
344 851 492 896 ἑαυτὸν
519 853 724 910 ἐρρίπτει,
772 855 842 896 καὶ
872 857 1036 897 πολλῶν
1073 853 1311 909 βλεπόντων
1344 856 1393 900 οὗ
1425 859 1654 916 κατῃδεῖτο.

125 920 203 966 1οὃ
224 924 249 965 δ
255 922 269 938 ’
290 922 523 977 ἀπέπεμπεν
545 923 761 979 ε’μβριθῶς
788 923 858 965 καὶ
885 920 1097 981 ὑπερεώρα
1117 923 1244 982 ἀπρὶξ
1260 929 1344 969 τῶν
1361 923 1545 982 γονάτων
1565 924 1660 982 ἐχό-

178 1009 316 1047 μενον.
388 990 520 1041 οὕτως
545 989 571 1046 ἡ
595 989 780 1048 ἁμαρτία
798 992 997 1049 περιδεές,
1038 991 1171 1044 οὕτως
1191 992 1215 1048 ἦ
1234 993 1358 1051 ἀρετὴ
1379 995 1528 1050 τίμιον.
1600 993 1658 1046 ὥς

178 1061 224 1103 δὲ
245 1056 440 1110 πολλάκις
459 1064 715 1117 παρακαλῶν
733 1058 955 1122 ἠκολούθει
971 1063 1039 1104 καὶ
1062 1060 1362 1120 κατηνάγκαζεν
1370 1096 1384 1117 ,
1415 1065 1565 1114 ἐκεῖνος
1582 1062 1651 1107 εύ-
1672 1074 1705 1110 D

175 1128 261 1178 θῦς
299 1128 374 1184 τὴν
405 1129 552 1172 κε’λλαν
580 1126 862 1185 ὑποδυόμενος
893 1128 1095 1188 ἅπεζύγου
1135 1131 1211 1182 τὰς
1238 1130 1379 1190 θύρας
1404 1132 1520 1193 αὐτῷ
1547 1132 1654 1176 κατὰ

175 1195 399 1255 πρόσωπον
429 1199 497 1241 καὶ
528 1197 654 1254 ἀργὸν
687 1198 811 1256 ἠφίει.
883 1203 1018 1243 ταῦτα
1040 1198 1238 1251 πολλάκις
1258 1201 1443 1258 προσιὼν
1460 1199 1653 1260 καὶ-δρά-

119 1271 164 1309 15
177 1284 255 1318 σας
284 1284 328 1310 τε
360 1268 428 1310 καὶ
457 1267 610 1311 παθῶν
641 1269 709 1310 καὶ
733 1268 863 1323 μηδὲν
893 1265 1031 1312 ἀνύων
1058 1270 1285 1327 ἐξηγρίαινε
1305 1288 1350 1314 τε
1372 1270 1521 1315 αὐτίκα
1531 1303 1545 1324 ,
1582 1271 1652 1314 καὶ

172 1333 437 1394 σκληρότητα
462 1340 538 1380 τοῦ
567 1334 826 1394 πατριάρχου
857 1338 923 1380 ἐπὶ
951 1341 1116 1381 πολλῶν
1141 1336 1381 1397 κατηγόρει,
1419 1341 1487 1383 καὶ
1519 1337 1576 1390 ὥς
1597 1339 1650 1383 τὰ

171 1405 287 1449 κοινὰ
307 1403 462 1448 κελεύοι
485 1410 812 1462 καταπροεΐσθαι
841 1403 1079 1464 διελοιδόρει
1094 1439 1106 1458 ,
1143 1409 1210 1450 καὶ
1233 1405 1337 1463 μήτε
1360 1405 1519 1466 φόρους
1539 1407 1651 1460 ἐκλέ-

170 1491 252 1531 γειν
283 1471 388 1530 μήτε
414 1473 510 1530 τέλη
539 1472 734 1531 πράττειν
759 1472 863 1530 μήτε
891 1476 1178 1530 μεταχειρίζειν
1204 1474 1429 1533 πράγματα
1444 1474 1548 1532 μήτε
1562 1476 1646 1533 μὴν
1667 1484 1701 1520 Ε

172 1546 337 1587 διοικεῖν
360 1542 436 1599 τὴν
459 1542 590 1602 ἀρχὴν
612 1541 717 1593 ὅλως
734 1541 1026 1600 προστάττων,
1057 1542 1168 1588 οὕτω
1198 1543 1443 1603 θεραπεύειν
1473 1545 1648 1604 αἱρεῖται

262 1674 296 1710 5.
319 1673 408 1710 nm?

168 1794 239 1826 tum
261 1789 520 1836 imperatorem,
551 1791 592 1823 ut
613 1787 761 1833 penitius
787 1787 855 1823 viri
878 1788 1024 1824 animum
1046 1791 1219 1832 tentaret,
1250 1788 1366 1835 “qnid
1388 1788 1553 1835 porro?”
1591 1789 1648 1826 in-

167 1837 303 1872 tulisse:
335 1839 446 1870 “num
471 1847 525 1869 me
546 1835 649 1869 etiam
671 1834 814 1880 imperio
835 1835 935 1870 iubes
957 1835 1137 1870 cedere?'’
1168 1839 1275 1881 atque
1299 1836 1362 1870 hoc
1387 1835 1557 1870 dicentem
1582 1847 1645 1871 en-

167 1895 239 1919 sem
273 1882 410 1918 baltheo
444 1883 582 1917 solvere
615 1882 771 1926 coepisse
801 1881 939 1926 ipsique
972 1881 1171 1927 porrigere,
1209 1892 1315 1916 causa
1337 1881 1540 1927 experiundi
1561 1882 1644 1929 quid

166 1930 304 1964 tandem
326 1929 440 1963 vellet.
487 1927 686 1973 patriarcha
709 1938 792 1961 vero
816 1928 937 1973 cupide
961 1939 1094 1962 manum
1115 1927 1344 1973 protendente
1391 1927 1465 1963 nasi
1487 1927 1531 1963 ad
1554 1928 1645 1963 acci-

165 1975 326 2022 piendum
353 1975 444 2021 quod
477 1975 644 2015 dabatur,
677 1984 859 2008 revocasse
890 1977 1080 2019 Augustum
1102 1985 1202 2018 sese,
1235 1985 1278 2009 ac
1299 1985 1365 2008 non
1391 1985 1446 2008 um
1469 1985 1491 2009 a
1512 1974 1644 2009 femore

167 2022 363 2068 expeditum
386 2021 570 2055 retinuisse
593 2019 742 2065 gladium
755 2044 766 2063 ,
790 2021 1087 2066 exprobrasseque
1109 2019 1250 2066 insuper
1271 2019 1367 2055 velut
1389 2019 1566 2055 insidianti
1588 2020 1642 2055 vi-

164 2072 224 2103 tae
247 2080 348 2110 suae,
383 2067 441 2114 qui
469 2079 507 2102 se
529 2068 581 2101 sic
603 2071 812 2101 exarmatum
835 2067 925 2110 iret3
960 2070 998 2101 et
1024 2072 1137 2101 tamen
1163 2065 1312 2111 tegmine
1336 2065 1462 2112 capitis
1482 2065 1641 2111 deposito

165 2114 315 2149 abiicere
338 2125 377 2149 se
399 2114 443 2148 ad
466 2113 572 2159 pedes
595 2113 687 2155 eius,
710 2112 824 2147 multis
848 2113 1060 2154 videntibus,
1083 2123 1150 2146 non
1170 2113 1359 2147 dubitasse.
1407 2110 1640 2156 patriarcham

165 2171 247 2195 vero
269 2160 377 2206 ipsum
400 2161 524 2194 acerbe
546 2159 736 2205 repuiisse,
759 2158 908 2204 nihilque
930 2158 1091 2193 inflexum
1114 2157 1316 2203 despexisse
1336 2159 1438 2191 arcto*
1453 2156 1523 2192 sibi
1546 2168 1639 2192 com-

163 2206 267 2252 plexu
290 2217 401 2251 genua
424 2206 657 2251 stringentem.
703 2204 790 2239 adeo
812 2205 1032 2240 formidolosa
1055 2204 1262 2239 conscientia
1283 2202 1426 2239 sceleris
1449 2206 1526 2245 est,
1550 2203 1638 2238 adeo

163 2252 272 2287 virtus
294 2252 516 2286 venerabilis!
551 2264 624 2286 cum
646 2255 758 2286 autem
781 2251 920 2296 saepius
942 2251 1034 2286 idem
1059 2261 1186 2295 rogans
1208 2254 1245 2284 et
1266 2249 1485 2284 vehementer
1506 2248 1640 2285 instans

163 2298 268 2332 etiam
293 2299 473 2332 abeuntem
495 2303 720 2344 sequeretur,
756 2297 856 2343 quasi
878 2296 1126 2343 expugnandae
1148 2296 1183 2330 vi
1205 2295 1264 2341 pia
1286 2294 1485 2331 severitatis
1508 2298 1636 2338 certus,

161 2345 278 2379 ferunt
309 2344 536 2389 patriarcham
567 2344 685 2378 cellam
714 2343 907 2388 ingressum
938 2344 1033 2378 fores
1059 2342 1092 2376 in
1116 2352 1155 2376 os
1178 2346 1274 2376 arcte
1305 2341 1437 2376 clausas
1460 2340 1635 2376 obdidisse

160 2391 370 2432 assectanfi,
405 2390 523 2436 sicque
553 2390 646 2424 ilium
679 2401 824 2424 vacuum
857 2393 893 2424 et
924 2389 1040 2435 precis
1061 2387 1195 2422 irritum
1215 2387 1322 2423 crude
1345 2387 1524 2422 dimisisse.
1568 2398 1633 2423 nec

161 2436 267 2472 semel
288 2436 379 2478 talia,
395 2440 558 2482 expertus
586 2436 782 2481 imperator.
829 2436 890 2470 sed
924 2435 1042 2470 eadem
1072 2435 1158 2468 haec
1188 2434 1328 2480 saepius
1358 2436 1395 2468 et
1425 2434 1560 2468 locutus
1594 2436 1632 2467 et

161 2486 326 2528 operatus
348 2484 385 2516 et
405 2494 548 2526 passus,
584 2482 813 2528 nequidquam
834 2492 989 2528 semper,
1020 2480 1187 2515 efferatus
1208 2480 1252 2514 ad
1275 2485 1460 2514 extremum
1484 2483 1558 2522 est,
1595 2484 1632 2514 et

160 2528 205 2563 de
236 2528 365 2563 duritia
394 2528 610 2574 patriarchae
641 2529 732 2574 apud
763 2527 888 2562 muitos
919 2530 974 2562 est
1008 2530 1174 2573 questus,
1209 2525 1373 2561 invidiose
1403 2535 1631 2570 exaggerans,

160 2574 250 2609 velle
271 2574 393 2610 iubere
413 2575 506 2610 iilum
527 2574 631 2609 abiici
652 2586 674 2609 a
696 2585 735 2609 se
757 2584 873 2608 curam
896 2572 1114 2608 communium
1135 2583 1263 2616 rerum,
1285 2584 1350 2607 nec
1370 2571 1485 2607 sinere
1500 2582 1540 2606 se
1557 2582 1632 2605 am-

160 2620 250 2667 plius
273 2625 332 2656 aut
355 2633 376 2656 e
396 2621 501 2655 terris
523 2621 654 2655 tributa
676 2626 737 2655 aut
768 2631 790 2653 e
819 2619 1046 2654 mercimoniis
1070 2618 1256 2664 vectigalia
1284 2618 1442 2663 exigere3
1480 2616 1628 2662 denique

157 2667 368 2702 tractatione
391 2667 482 2703 omni
503 2667 715 2713 publicorum
734 2666 947 2710 negotiorum
966 2664 1190 2706 interdicere,
1212 2676 1255 2700 ac
1276 2676 1321 2699 ne
1342 2664 1444 2699 ullam
1465 2662 1627 2708 deinceps

158 2712 368 2759 reipublicae
397 2717 532 2761 partem
566 2713 803 2748 administrare
835 2715 895 2746 aut
922 2712 1055 2747 onmino
1084 2710 1257 2756 attingere
1278 2711 1466 2756 imperator
1487 2708 1625 2753 audeat,

159 2764 293 2795 vetare.
338 2760 427 2794 hunc
452 2760 507 2795 sui
530 2759 673 2796 curandi
693 2757 829 2794 modum
849 2759 1062 2804 excogitasse
1082 2758 1331 2804 patriarcham,
1363 2755 1420 2790 cui
1442 2765 1486 2789 ex
1508 2753 1627 2790 officio

159 2803 332 2840 incumbat
364 2817 532 2852 quaerere
565 2804 725 2852 optimam
759 2804 926 2840 rationem
956 2804 1220 2840 adiuvandorum
1242 2806 1280 2838 et
1301 2803 1338 2837 in
1358 2805 1485 2836 statum
1508 2798 1629 2845 pristi-

162 2861 242 2886 num
263 2852 529 2899 reparandorum
550 2864 670 2889 eornm>
690 2852 749 2900 qui
770 2851 966 2888 hnmanitm
984 2850 1074 2899 lapsi
1091 2854 1184 2888 sunt.
1229 2852 1310 2897 post
1329 2849 1415 2884 haec
1435 2846 1629 2883 declamata
