<?xml version="1.0" encoding="UTF-8"?>
<!DOCTYPE html PUBLIC "-//W3C//DTD XHTML 1.0 Transitional//EN"
    "http://www.w3.org/TR/xhtml1/DTD/xhtml1-transitional.dtd">
<html xmlns="http://www.w3.org/1999/xhtml" xml:lang="en" lang="en">
 <head>
  <title>
</title>
<meta http-equiv="Content-Type" content="text/html;charset=utf-8" />
  <meta name='ocr-system' content='tesseract 3.04.00' />
  <meta name='ocr-capabilities' content='ocr_page ocr_carea ocr_par ocr_line ocrx_word'/>
</head>
<body>
  <div class='ocr_page' id='page_1' title='image "./corpusscriptorum17niebuoft_0773.png"; bbox 0 0 1884 3262; ppageno 0'>
   <div class='ocr_carea' id='block_1_1' title="bbox 194 158 1640 324">
    <p class='ocr_par' dir='ltr' id='par_1_1' title="bbox 194 158 1640 319">
     <span class='ocr_line' id='line_1_1' title="bbox 531 158 1640 225; baseline 0.002 -5"><span class='ocrx_word' id='word_1_1' title='bbox 531 176 638 223; x_wconf 77' lang='lat' dir='ltr'><strong>Lm</strong></span> <span class='ocrx_word' id='word_1_2' title='bbox 656 158 732 224; x_wconf 82' lang='lat'>111.</span> <span class='ocrx_word' id='word_1_3' title='bbox 786 173 1274 225; x_wconf 77' lang='lat' dir='ltr'><strong>cHRONOLoelcus,</strong></span> <span class='ocrx_word' id='word_1_4' title='bbox 1307 168 1313 171; x_wconf 76' lang='grc'><strong>“</strong></span> <span class='ocrx_word' id='word_1_5' title='bbox 1542 176 1640 223; x_wconf 84' lang='lat'><strong>755</strong></span> 
     </span>
     <span class='ocr_line' id='line_1_2' title="bbox 194 282 665 324; baseline 0.002 -13"><span class='ocrx_word' id='word_1_6' title='bbox 194 283 271 312; x_wconf 68' lang='lat' dir='ltr'><strong>Anni</strong></span> <span class='ocrx_word' id='word_1_7' title='bbox 313 282 466 311; x_wconf 79' lang='lat' dir='ltr'><strong>Romano-</strong></span> <span class='ocrx_word' id='word_1_8' title='bbox 502 283 578 324; x_wconf 75' lang='lat' dir='ltr'><strong>Imp.</strong></span> <span class='ocrx_word' id='word_1_9' title='bbox 614 284 665 313; x_wconf 75' lang='lat' dir='ltr'><strong>or.</strong></span> 
     </span>
    </p>
   </div>
   <div class='ocr_carea' id='block_1_2' title="bbox 178 280 1639 453">
    <p class='ocr_par' dir='ltr' id='par_1_2' title="bbox 178 280 1639 453">
     <span class='ocr_line' id='line_1_3' title="bbox 194 280 1638 346; baseline -0.001 -21"><span class='ocrx_word' id='word_1_10' title='bbox 194 317 269 346; x_wconf 73' lang='lat' dir='ltr'><strong>chr.</strong></span> <span class='ocrx_word' id='word_1_11' title='bbox 312 325 376 344; x_wconf 81' lang='lat' dir='ltr'><strong>rum</strong></span> <span class='ocrx_word' id='word_1_12' title='bbox 386 317 448 343; x_wconf 67' lang='lat' dir='ltr'><strong>Pon</strong></span> <span class='ocrx_word' id='word_1_13' title='bbox 453 318 475 344; x_wconf 89' lang='lat' dir='ltr'><strong>t.</strong></span> <span class='ocrx_word' id='word_1_14' title='bbox 502 317 664 346; x_wconf 44' lang='lat' dir='ltr'>Midum„</span> <span class='ocrx_word' id='word_1_15' title='bbox 724 287 998 327; x_wconf 77' lang='lat' dir='ltr'><strong>coniuratio</strong></span> <span class='ocrx_word' id='word_1_16' title='bbox 1045 280 1310 340; x_wconf 86' lang='lat' dir='ltr'><strong>deprehensa</strong></span> <span class='ocrx_word' id='word_1_17' title='bbox 1323 286 1367 324; x_wconf 88' lang='lat' dir='ltr'><strong>in</strong></span> <span class='ocrx_word' id='word_1_18' title='bbox 1404 284 1638 338; x_wconf 82' lang='lat' dir='ltr'><strong>Augustum,</strong></span> 
     </span>
     <span class='ocr_line' id='line_1_4' title="bbox 312 342 1639 396; baseline 0.003 -18"><span class='ocrx_word' id='word_1_19' title='bbox 312 350 475 379; x_wconf 82' lang='lat' dir='ltr'><strong>elem.1v.</strong></span> <span class='ocrx_word' id='word_1_20' title='bbox 518 351 656 380; x_wconf 71' lang='lat' dir='ltr'><strong>Palaeol.</strong></span> <span class='ocrx_word' id='word_1_21' title='bbox 713 345 824 384; x_wconf 86' lang='lat' dir='ltr'><strong>cuius</strong></span> <span class='ocrx_word' id='word_1_22' title='bbox 876 343 1098 396; x_wconf 79' lang='lat' dir='ltr'>suspicione</span> <span class='ocrx_word' id='word_1_23' title='bbox 1141 344 1262 382; x_wconf 78' lang='lat' dir='ltr'><strong>etiam</strong></span> <span class='ocrx_word' id='word_1_24' title='bbox 1309 342 1496 382; x_wconf 83' lang='lat' dir='ltr'><strong>Arsenius</strong></span> <span class='ocrx_word' id='word_1_25' title='bbox 1542 344 1639 382; x_wconf 84' lang='lat' dir='ltr'><strong>exul</strong></span> 
     </span>
     <span class='ocr_line' id='line_1_5' title="bbox 178 391 1638 453; baseline 0.001 -15"><span class='ocrx_word' id='word_1_26' title='bbox 178 392 283 433; x_wconf 76' lang='lat'><strong>1266</strong></span> <span class='ocrx_word' id='word_1_27' title='bbox 392 391 420 430; x_wconf 81' lang='lat'>2</span> <span class='ocrx_word' id='word_1_28' title='bbox 583 392 612 432; x_wconf 84' lang='lat'>7</span> <span class='ocrx_word' id='word_1_29' title='bbox 710 401 954 453; x_wconf 76' lang='lat' dir='ltr'><strong>aspergitur:</strong></span> <span class='ocrx_word' id='word_1_30' title='bbox 1001 401 1072 439; x_wconf 81' lang='lat' dir='ltr'><strong>sed</strong></span> <span class='ocrx_word' id='word_1_31' title='bbox 1109 401 1175 440; x_wconf 89' lang='lat' dir='ltr'><strong>ille</strong></span> <span class='ocrx_word' id='word_1_32' title='bbox 1214 399 1482 439; x_wconf 78' lang='lat' dir='ltr'>innocentiam</span> <span class='ocrx_word' id='word_1_33' title='bbox 1525 413 1638 439; x_wconf 86' lang='lat' dir='ltr'><strong>suam</strong></span> 
     </span>
    </p>
   </div>
   <div class='ocr_carea' id='block_1_3' title="bbox 708 458 1118 510">
    <p class='ocr_par' dir='ltr' id='par_1_3' title="bbox 708 458 1118 510">
     <span class='ocr_line' id='line_1_6' title="bbox 708 458 1118 510; baseline -0.002 -13"><span class='ocrx_word' id='word_1_34' title='bbox 708 459 864 510; x_wconf 86' lang='lat' dir='ltr'><strong>probat.</strong></span> <span class='ocrx_word' id='word_1_35' title='bbox 919 458 973 497; x_wconf 89' lang='lat' dir='ltr'><strong>ib.</strong></span> <span class='ocrx_word' id='word_1_36' title='bbox 992 471 1031 496; x_wconf 83' lang='lat' dir='ltr'><strong>c.</strong></span> <span class='ocrx_word' id='word_1_37' title='bbox 1053 458 1118 500; x_wconf 87' lang='lat'><strong>15.</strong></span> 
     </span>
    </p>
   </div>
   <div class='ocr_carea' id='block_1_4' title="bbox 631 423 680 2886">
    <p class='ocr_par' dir='ltr' id='par_1_4' title="bbox 631 423 680 2886">
     <span class='ocr_line' id='line_1_7' title="bbox 631 423 680 2886; baseline 0 -751"><span class='ocrx_word' id='word_1_38' title='bbox 631 423 680 2886; x_wconf 95' lang='lat' dir='ltr'><strong>   </strong></span> 
     </span>
    </p>
   </div>
   <div class='ocr_carea' id='block_1_5' title="bbox 303 537 478 549">
    <p class='ocr_par' dir='ltr' id='par_1_5' title="bbox 303 537 478 549">
     <span class='ocr_line' id='line_1_8' title="bbox 303 537 478 549; baseline 0 0"><span class='ocrx_word' id='word_1_39' title='bbox 303 537 478 549; x_wconf 95' lang='lat' dir='ltr'><strong> </strong></span> 
     </span>
    </p>
   </div>
   <div class='ocr_carea' id='block_1_6' title="bbox 498 541 662 550">
    <p class='ocr_par' dir='ltr' id='par_1_6' title="bbox 498 541 662 550">
     <span class='ocr_line' id='line_1_9' title="bbox 498 541 662 550; baseline 0 0"><span class='ocrx_word' id='word_1_40' title='bbox 498 541 662 550; x_wconf 95' lang='lat' dir='ltr'><strong> </strong></span> 
     </span>
    </p>
   </div>
   <div class='ocr_carea' id='block_1_7' title="bbox 176 566 1777 620">
    <p class='ocr_par' dir='ltr' id='par_1_7' title="bbox 176 566 1777 620">
     <span class='ocr_line' id='line_1_10' title="bbox 176 566 1777 620; baseline -0.004 -9"><span class='ocrx_word' id='word_1_41' title='bbox 176 574 282 614; x_wconf 83' lang='lat'>1267</span> <span class='ocrx_word' id='word_1_42' title='bbox 390 571 416 610; x_wconf 85' lang='lat'><strong>3</strong></span> <span class='ocrx_word' id='word_1_43' title='bbox 581 573 606 612; x_wconf 91' lang='lat'>8</span> <span class='ocrx_word' id='word_1_44' title='bbox 763 568 982 620; x_wconf 87' lang='lat' dir='ltr'><strong>Imperator</strong></span> <span class='ocrx_word' id='word_1_45' title='bbox 996 566 1306 605; x_wconf 86' lang='lat' dir='ltr'><strong>Arsenianorum</strong></span> <span class='ocrx_word' id='word_1_46' title='bbox 1323 567 1492 606; x_wconf 86' lang='lat' dir='ltr'>schisma</span> <span class='ocrx_word' id='word_1_47' title='bbox 1507 569 1638 620; x_wconf 87' lang='lat' dir='ltr'><strong>repri-</strong></span> <span class='ocrx_word' id='word_1_48' title='bbox 1660 578 1690 614; x_wconf 79' lang='lat' dir='ltr'>P</span> <span class='ocrx_word' id='word_1_49' title='bbox 1710 578 1777 616; x_wconf 82' lang='lat'><strong>535</strong></span> 
     </span>
    </p>
   </div>
   <div class='ocr_carea' id='block_1_8' title="bbox 651 624 1635 2887">
    <p class='ocr_par' dir='ltr' id='par_1_8' title="bbox 706 624 1635 733">
     <span class='ocr_line' id='line_1_11' title="bbox 707 624 1635 678; baseline 0.003 -16"><span class='ocrx_word' id='word_1_50' title='bbox 707 638 814 663; x_wconf 90' lang='lat' dir='ltr'><strong>mere</strong></span> <span class='ocrx_word' id='word_1_51' title='bbox 840 630 1017 664; x_wconf 76' lang='lat' dir='ltr'><strong>conatur.</strong></span> <span class='ocrx_word' id='word_1_52' title='bbox 1075 624 1158 663; x_wconf 86' lang='lat' dir='ltr'><strong>eius</strong></span> <span class='ocrx_word' id='word_1_53' title='bbox 1176 637 1220 661; x_wconf 91' lang='lat' dir='ltr'><strong>ea</strong></span> <span class='ocrx_word' id='word_1_54' title='bbox 1241 624 1289 662; x_wconf 88' lang='lat' dir='ltr'><strong>de</strong></span> <span class='ocrx_word' id='word_1_55' title='bbox 1307 637 1351 663; x_wconf 88' lang='lat' dir='ltr'><strong>re</strong></span> <span class='ocrx_word' id='word_1_56' title='bbox 1372 625 1423 663; x_wconf 88' lang='lat' dir='ltr'><strong>ad</strong></span> <span class='ocrx_word' id='word_1_57' title='bbox 1440 626 1635 678; x_wconf 84' lang='lat' dir='ltr'><strong>populum</strong></span> 
     </span>
     <span class='ocr_line' id='line_1_12' title="bbox 706 679 1230 733; baseline 0.008 -13"><span class='ocrx_word' id='word_1_58' title='bbox 706 683 848 722; x_wconf 88' lang='lat' dir='ltr'><strong>oratio.</strong></span> <span class='ocrx_word' id='word_1_59' title='bbox 902 681 1090 733; x_wconf 82' lang='lat' dir='ltr'><strong>Pachym.</strong></span> <span class='ocrx_word' id='word_1_60' title='bbox 1112 679 1139 722; x_wconf 83' lang='lat'><strong>4</strong></span> <span class='ocrx_word' id='word_1_61' title='bbox 1164 684 1230 723; x_wconf 91' lang='lat'><strong>11.</strong></span> 
     </span>
    </p>

    <p class='ocr_par' dir='ltr' id='par_1_9' title="bbox 700 737 1635 904">
     <span class='ocr_line' id='line_1_13' title="bbox 760 737 1635 777; baseline 0 0"><span class='ocrx_word' id='word_1_62' title='bbox 760 739 849 777; x_wconf 88' lang='lat' dir='ltr'><strong>Hoc</strong></span> <span class='ocrx_word' id='word_1_63' title='bbox 866 752 971 776; x_wconf 81' lang='lat' dir='ltr'><strong>anno</strong></span> <span class='ocrx_word' id='word_1_64' title='bbox 987 738 1225 776; x_wconf 83' lang='lat' dir='ltr'><strong>translatum</strong></span> <span class='ocrx_word' id='word_1_65' title='bbox 1244 737 1484 776; x_wconf 85' lang='lat' dir='ltr'>Germanum</span> <span class='ocrx_word' id='word_1_66' title='bbox 1503 751 1525 776; x_wconf 92' lang='lat' dir='ltr'><strong>e</strong></span> <span class='ocrx_word' id='word_1_67' title='bbox 1542 738 1635 777; x_wconf 86' lang='lat' dir='ltr'><strong>sede</strong></span> 
     </span>
     <span class='ocr_line' id='line_1_14' title="bbox 702 794 1633 847; baseline 0.001 -13"><span class='ocrx_word' id='word_1_68' title='bbox 702 794 1056 847; x_wconf 82' lang='lat' dir='ltr'><strong>Adrianopolitana</strong></span> <span class='ocrx_word' id='word_1_69' title='bbox 1086 794 1129 832; x_wconf 91' lang='lat' dir='ltr'><strong>in</strong></span> <span class='ocrx_word' id='word_1_70' title='bbox 1158 794 1633 846; x_wconf 82' lang='lat' dir='ltr'><strong>constantinopolitanam</strong></span> 
     </span>
     <span class='ocr_line' id='line_1_15' title="bbox 700 853 1083 904; baseline 0 -13"><span class='ocrx_word' id='word_1_71' title='bbox 700 853 951 892; x_wconf 86' lang='lat' dir='ltr'><strong>verisimilius</strong></span> <span class='ocrx_word' id='word_1_72' title='bbox 969 858 1083 904; x_wconf 87' lang='lat' dir='ltr'><strong>puto.</strong></span> 
     </span>
    </p>

    <p class='ocr_par' dir='ltr' id='par_1_10' title="bbox 651 907 1631 2887">
     <span class='ocr_line' id='line_1_16' title="bbox 756 907 1631 948; baseline -0.001 0"><span class='ocrx_word' id='word_1_73' title='bbox 756 910 856 948; x_wconf 88' lang='lat' dir='ltr'><strong>Nam</strong></span> <span class='ocrx_word' id='word_1_74' title='bbox 885 909 929 947; x_wconf 84' lang='lat' dir='ltr'><strong>id</strong></span> <span class='ocrx_word' id='word_1_75' title='bbox 961 922 1010 946; x_wconf 90' lang='lat' dir='ltr'><strong>ne</strong></span> <span class='ocrx_word' id='word_1_76' title='bbox 1033 909 1183 947; x_wconf 89' lang='lat' dir='ltr'><strong>sactum</strong></span> <span class='ocrx_word' id='word_1_77' title='bbox 1200 907 1419 946; x_wconf 83' lang='lat' dir='ltr'><strong>existimem</strong></span> <span class='ocrx_word' id='word_1_78' title='bbox 1437 922 1540 946; x_wconf 87' lang='lat' dir='ltr'><strong>anno</strong></span> <span class='ocrx_word' id='word_1_79' title='bbox 1560 922 1631 947; x_wconf 90' lang='lat' dir='ltr'><strong>su-</strong></span> 
     </span>
     <span class='ocr_line' id='line_1_17' title="bbox 702 965 1631 1017; baseline -0.002 -13"><span class='ocrx_word' id='word_1_80' title='bbox 702 966 867 1017; x_wconf 89' lang='lat' dir='ltr'><strong>periori,</strong></span> <span class='ocrx_word' id='word_1_81' title='bbox 895 965 992 1003; x_wconf 78' lang='lat' dir='ltr'><strong>facit</strong></span> <span class='ocrx_word' id='word_1_82' title='bbox 1011 965 1207 1017; x_wconf 86' lang='lat' dir='ltr'><strong>primum,</strong></span> <span class='ocrx_word' id='word_1_83' title='bbox 1237 965 1345 1014; x_wconf 87' lang='lat' dir='ltr'><strong>quod</strong></span> <span class='ocrx_word' id='word_1_84' title='bbox 1367 978 1456 1003; x_wconf 91' lang='lat' dir='ltr'><strong>cum</strong></span> <span class='ocrx_word' id='word_1_85' title='bbox 1477 965 1631 1003; x_wconf 83' lang='lat' dir='ltr'><strong>Arsenii</strong></span> 
     </span>
     <span class='ocr_line' id='line_1_18' title="bbox 698 1021 1629 1071; baseline -0.001 -11"><span class='ocrx_word' id='word_1_86' title='bbox 698 1022 889 1060; x_wconf 87' lang='lat' dir='ltr'><strong>iudicium</strong></span> <span class='ocrx_word' id='word_1_87' title='bbox 907 1022 1132 1060; x_wconf 82' lang='lat' dir='ltr'><strong>absolutum</strong></span> <span class='ocrx_word' id='word_1_88' title='bbox 1151 1021 1274 1059; x_wconf 82' lang='lat' dir='ltr'><strong>fuerit</strong></span> <span class='ocrx_word' id='word_1_89' title='bbox 1294 1021 1367 1059; x_wconf 90' lang='lat' dir='ltr'><strong>sub</strong></span> <span class='ocrx_word' id='word_1_90' title='bbox 1386 1021 1504 1059; x_wconf 86' lang='lat' dir='ltr'><strong>finem</strong></span> <span class='ocrx_word' id='word_1_91' title='bbox 1522 1021 1629 1071; x_wconf 85' lang='lat' dir='ltr'><strong>Maii,</strong></span> 
     </span>
     <span class='ocr_line' id='line_1_19' title="bbox 697 1076 1627 1130; baseline -0.001 -13"><span class='ocrx_word' id='word_1_92' title='bbox 697 1085 759 1117; x_wconf 90' lang='lat' dir='ltr'><strong>ut</strong></span> <span class='ocrx_word' id='word_1_93' title='bbox 786 1078 930 1117; x_wconf 84' lang='lat' dir='ltr'><strong>diserte</strong></span> <span class='ocrx_word' id='word_1_94' title='bbox 963 1078 1088 1116; x_wconf 86' lang='lat' dir='ltr'><strong>tradit</strong></span> <span class='ocrx_word' id='word_1_95' title='bbox 1126 1076 1384 1128; x_wconf 87' lang='lat' dir='ltr'><strong>Pachymeres</strong></span> <span class='ocrx_word' id='word_1_96' title='bbox 1395 1107 1407 1126; x_wconf 87' lang='lat'><strong><em>,</em></strong></span> <span class='ocrx_word' id='word_1_97' title='bbox 1457 1079 1627 1130; x_wconf 85' lang='lat' dir='ltr'><strong>spatium</strong></span> 
     </span>
     <span class='ocr_line' id='line_1_20' title="bbox 697 1126 1628 1186; baseline -0.001 -13"><span class='ocrx_word' id='word_1_98' title='bbox 697 1126 806 1186; x_wconf 77' lang='lat' dir='ltr'><strong>quod</strong></span> <span class='ocrx_word' id='word_1_99' title='bbox 828 1134 922 1173; x_wconf 90' lang='lat' dir='ltr'><strong>inde</strong></span> <span class='ocrx_word' id='word_1_100' title='bbox 941 1134 994 1172; x_wconf 80' lang='lat' dir='ltr'><strong>ad</strong></span> <span class='ocrx_word' id='word_1_101' title='bbox 1017 1134 1121 1172; x_wconf 91' lang='lat' dir='ltr'><strong>diem</strong></span> <span class='ocrx_word' id='word_1_102' title='bbox 1137 1134 1397 1183; x_wconf 88' lang='lat' dir='ltr'><strong>Pentecostes,</strong></span> <span class='ocrx_word' id='word_1_103' title='bbox 1421 1147 1499 1185; x_wconf 90' lang='lat' dir='ltr'><strong>quo</strong></span> <span class='ocrx_word' id='word_1_104' title='bbox 1523 1134 1628 1172; x_wconf 84' lang='lat' dir='ltr'><strong>idern</strong></span> 
     </span>
     <span class='ocr_line' id='line_1_21' title="bbox 694 1191 1628 1243; baseline 0 -14"><span class='ocrx_word' id='word_1_105' title='bbox 694 1192 976 1243; x_wconf 89' lang='lat' dir='ltr'><strong>inauguratum</strong></span> <span class='ocrx_word' id='word_1_106' title='bbox 988 1191 1229 1229; x_wconf 86' lang='lat' dir='ltr'>Germanum</span> <span class='ocrx_word' id='word_1_107' title='bbox 1246 1191 1428 1240; x_wconf 84' lang='lat' dir='ltr'><strong>affirmat,</strong></span> <span class='ocrx_word' id='word_1_108' title='bbox 1446 1205 1534 1230; x_wconf 90' lang='lat' dir='ltr'><strong>cum</strong></span> <span class='ocrx_word' id='word_1_109' title='bbox 1545 1205 1628 1229; x_wconf 90' lang='lat' dir='ltr'><strong>non</strong></span> 
     </span>
     <span class='ocr_line' id='line_1_22' title="bbox 695 1247 1626 1300; baseline -0.002 -14"><span class='ocrx_word' id='word_1_110' title='bbox 695 1248 873 1300; x_wconf 85' lang='lat' dir='ltr'><strong>potuerit</strong></span> <span class='ocrx_word' id='word_1_111' title='bbox 889 1261 971 1286; x_wconf 87' lang='lat' dir='ltr'><strong>esse</strong></span> <span class='ocrx_word' id='word_1_112' title='bbox 987 1248 1078 1299; x_wconf 88' lang='lat' dir='ltr'><strong>plus</strong></span> <span class='ocrx_word' id='word_1_113' title='bbox 1098 1261 1216 1298; x_wconf 90' lang='lat' dir='ltr'><strong>quam</strong></span> <span class='ocrx_word' id='word_1_114' title='bbox 1234 1253 1325 1285; x_wconf 92' lang='lat' dir='ltr'><strong>octo</strong></span> <span class='ocrx_word' id='word_1_115' title='bbox 1346 1247 1520 1296; x_wconf 86' lang='lat' dir='ltr'><strong>dierum,</strong></span> <span class='ocrx_word' id='word_1_116' title='bbox 1551 1261 1626 1285; x_wconf 88' lang='lat' dir='ltr'><strong>an-</strong></span> 
     </span>
     <span class='ocr_line' id='line_1_23' title="bbox 694 1304 1625 1356; baseline -0.002 -13"><span class='ocrx_word' id='word_1_117' title='bbox 694 1305 842 1356; x_wconf 87' lang='lat' dir='ltr'><strong>gustius</strong></span> <span class='ocrx_word' id='word_1_118' title='bbox 866 1311 925 1343; x_wconf 81' lang='lat' dir='ltr'><strong>est</strong></span> <span class='ocrx_word' id='word_1_119' title='bbox 949 1318 1066 1355; x_wconf 84' lang='lat' dir='ltr'><strong>quam</strong></span> <span class='ocrx_word' id='word_1_120' title='bbox 1090 1309 1138 1342; x_wconf 88' lang='lat' dir='ltr'><strong>ut</strong></span> <span class='ocrx_word' id='word_1_121' title='bbox 1159 1317 1296 1356; x_wconf 84' lang='lat' dir='ltr'><strong>capere</strong></span> <span class='ocrx_word' id='word_1_122' title='bbox 1313 1304 1437 1355; x_wconf 85' lang='lat' dir='ltr'><strong>possit</strong></span> <span class='ocrx_word' id='word_1_123' title='bbox 1456 1304 1625 1354; x_wconf 88' lang='lat' dir='ltr'><strong>inquisi-</strong></span> 
     </span>
     <span class='ocr_line' id='line_1_24' title="bbox 694 1360 1624 1412; baseline 0 -13"><span class='ocrx_word' id='word_1_124' title='bbox 694 1362 843 1400; x_wconf 82' lang='lat' dir='ltr'>tionem</span> <span class='ocrx_word' id='word_1_125' title='bbox 861 1368 902 1400; x_wconf 91' lang='lat' dir='ltr'><strong>et</strong></span> <span class='ocrx_word' id='word_1_126' title='bbox 918 1361 1240 1400; x_wconf 83' lang='lat' dir='ltr'><strong>deliberationem</strong></span> <span class='ocrx_word' id='word_1_127' title='bbox 1258 1360 1411 1412; x_wconf 85' lang='lat' dir='ltr'><strong>synodi,</strong></span> <span class='ocrx_word' id='word_1_128' title='bbox 1429 1366 1516 1399; x_wconf 84' lang='lat' dir='ltr'><strong>tum</strong></span> <span class='ocrx_word' id='word_1_129' title='bbox 1536 1361 1624 1399; x_wconf 86' lang='lat' dir='ltr'><strong>suf-</strong></span> 
     </span>
     <span class='ocr_line' id='line_1_25' title="bbox 692 1417 1622 1470; baseline -0.002 -14"><span class='ocrx_word' id='word_1_130' title='bbox 692 1419 827 1470; x_wconf 83' lang='lat' dir='ltr'><strong>fragiis</strong></span> <span class='ocrx_word' id='word_1_131' title='bbox 863 1419 905 1456; x_wconf 88' lang='lat' dir='ltr'><strong>in</strong></span> <span class='ocrx_word' id='word_1_132' title='bbox 946 1418 1177 1456; x_wconf 83' lang='lat' dir='ltr'><strong>electionem</strong></span> <span class='ocrx_word' id='word_1_133' title='bbox 1218 1417 1405 1455; x_wconf 81' lang='lat' dir='ltr'><strong>Germani</strong></span> <span class='ocrx_word' id='word_1_134' title='bbox 1443 1417 1622 1469; x_wconf 88' lang='lat' dir='ltr'><strong>perlatis,</strong></span> 
     </span>
     <span class='ocr_line' id='line_1_26' title="bbox 691 1473 1624 1528; baseline -0.002 -15"><span class='ocrx_word' id='word_1_135' title='bbox 691 1475 847 1528; x_wconf 86' lang='lat' dir='ltr'><strong>longam</strong></span> <span class='ocrx_word' id='word_1_136' title='bbox 868 1476 949 1514; x_wconf 89' lang='lat' dir='ltr'><strong>eius</strong></span> <span class='ocrx_word' id='word_1_137' title='bbox 965 1489 1039 1514; x_wconf 88' lang='lat' dir='ltr'><strong>nec</strong></span> <span class='ocrx_word' id='word_1_138' title='bbox 1055 1475 1129 1513; x_wconf 89' lang='lat' dir='ltr'><strong>nisi</strong></span> <span class='ocrx_word' id='word_1_139' title='bbox 1145 1487 1215 1526; x_wconf 90' lang='lat' dir='ltr'><strong>per</strong></span> <span class='ocrx_word' id='word_1_140' title='bbox 1232 1475 1379 1512; x_wconf 87' lang='lat' dir='ltr'><strong>multos</strong></span> <span class='ocrx_word' id='word_1_141' title='bbox 1398 1473 1478 1511; x_wconf 87' lang='lat' dir='ltr'><strong>dies</strong></span> <span class='ocrx_word' id='word_1_142' title='bbox 1493 1474 1624 1512; x_wconf 86' lang='lat' dir='ltr'><strong>itera-</strong></span> 
     </span>
     <span class='ocr_line' id='line_1_27' title="bbox 691 1530 1620 1583; baseline -0.001 -14"><span class='ocrx_word' id='word_1_143' title='bbox 691 1532 743 1570; x_wconf 88' lang='lat' dir='ltr'><strong>tis</strong></span> <span class='ocrx_word' id='word_1_144' title='bbox 782 1532 1031 1583; x_wconf 79' lang='lat' dir='ltr'><strong>imperatoris</strong></span> <span class='ocrx_word' id='word_1_145' title='bbox 1063 1531 1244 1583; x_wconf 84' lang='lat' dir='ltr'><strong>precibus</strong></span> <span class='ocrx_word' id='word_1_146' title='bbox 1275 1531 1421 1570; x_wconf 85' lang='lat' dir='ltr'><strong>victam</strong></span> <span class='ocrx_word' id='word_1_147' title='bbox 1450 1530 1620 1580; x_wconf 89' lang='lat' dir='ltr'><strong>denique</strong></span> 
     </span>
     <span class='ocr_line' id='line_1_28' title="bbox 689 1588 1618 1627; baseline -0.004 0"><span class='ocrx_word' id='word_1_148' title='bbox 689 1589 988 1627; x_wconf 75' lang='lat' dir='ltr'><strong>recusationem,</strong></span> <span class='ocrx_word' id='word_1_149' title='bbox 1033 1588 1218 1626; x_wconf 85' lang='lat' dir='ltr'><strong>credibile</strong></span> <span class='ocrx_word' id='word_1_150' title='bbox 1239 1588 1354 1626; x_wconf 88' lang='lat' dir='ltr'><strong>etiam</strong></span> <span class='ocrx_word' id='word_1_151' title='bbox 1374 1593 1432 1625; x_wconf 89' lang='lat' dir='ltr'><strong>est</strong></span> <span class='ocrx_word' id='word_1_152' title='bbox 1452 1592 1618 1626; x_wconf 84' lang='lat' dir='ltr'><strong>cuncta-</strong></span> 
     </span>
     <span class='ocr_line' id='line_1_29' title="bbox 690 1645 1618 1697; baseline -0.003 -13"><span class='ocrx_word' id='word_1_153' title='bbox 690 1646 870 1684; x_wconf 90' lang='lat' dir='ltr'><strong>bundum</strong></span> <span class='ocrx_word' id='word_1_154' title='bbox 897 1645 1043 1696; x_wconf 85' lang='lat' dir='ltr'><strong>alioqui</strong></span> <span class='ocrx_word' id='word_1_155' title='bbox 1063 1651 1103 1683; x_wconf 86' lang='lat' dir='ltr'><strong>et</strong></span> <span class='ocrx_word' id='word_1_156' title='bbox 1127 1646 1452 1696; x_wconf 81' lang='lat' dir='ltr'><strong>circumspectare</strong></span> <span class='ocrx_word' id='word_1_157' title='bbox 1473 1649 1618 1697; x_wconf 82' lang='lat' dir='ltr'><strong>cuncta</strong></span> 
     </span>
     <span class='ocr_line' id='line_1_30' title="bbox 689 1701 1616 1754; baseline -0.003 -14"><span class='ocrx_word' id='word_1_158' title='bbox 689 1703 848 1741; x_wconf 85' lang='lat' dir='ltr'><strong>solitum</strong></span> <span class='ocrx_word' id='word_1_159' title='bbox 876 1702 1153 1754; x_wconf 86' lang='lat' dir='ltr'><strong>imperatorem</strong></span> <span class='ocrx_word' id='word_1_160' title='bbox 1180 1701 1291 1740; x_wconf 83' lang='lat' dir='ltr'><strong>haud</strong></span> <span class='ocrx_word' id='word_1_161' title='bbox 1320 1701 1452 1740; x_wconf 85' lang='lat' dir='ltr'><strong>statim</strong></span> <span class='ocrx_word' id='word_1_162' title='bbox 1475 1714 1616 1740; x_wconf 84' lang='lat' dir='ltr'><strong>ausum</strong></span> 
     </span>
     <span class='ocr_line' id='line_1_31' title="bbox 688 1758 1615 1809; baseline -0.002 -12"><span class='ocrx_word' id='word_1_163' title='bbox 688 1760 924 1797; x_wconf 79' lang='lat' dir='ltr'><strong>substituere</strong></span> <span class='ocrx_word' id='word_1_164' title='bbox 940 1759 1061 1797; x_wconf 85' lang='lat' dir='ltr'><strong>alium</strong></span> <span class='ocrx_word' id='word_1_165' title='bbox 1070 1758 1247 1807; x_wconf 85' lang='lat' dir='ltr'><strong>Arsenio,</strong></span> <span class='ocrx_word' id='word_1_166' title='bbox 1262 1758 1489 1809; x_wconf 86' lang='lat' dir='ltr'><strong>priusquam</strong></span> <span class='ocrx_word' id='word_1_167' title='bbox 1503 1771 1615 1795; x_wconf 85' lang='lat' dir='ltr'><strong>mora</strong></span> 
     </span>
     <span class='ocr_line' id='line_1_32' title="bbox 689 1814 1614 1868; baseline -0.001 -16"><span class='ocrx_word' id='word_1_168' title='bbox 689 1822 729 1854; x_wconf 88' lang='lat' dir='ltr'><strong>et</strong></span> <span class='ocrx_word' id='word_1_169' title='bbox 748 1816 990 1868; x_wconf 81' lang='lat' dir='ltr'><strong>experientia</strong></span> <span class='ocrx_word' id='word_1_170' title='bbox 1008 1816 1259 1867; x_wconf 89' lang='lat' dir='ltr'><strong>comperisset</strong></span> <span class='ocrx_word' id='word_1_171' title='bbox 1274 1814 1316 1852; x_wconf 82' lang='lat' dir='ltr'><strong>id</strong></span> <span class='ocrx_word' id='word_1_172' title='bbox 1333 1827 1373 1852; x_wconf 90' lang='lat' dir='ltr'><strong>se</strong></span> <span class='ocrx_word' id='word_1_173' title='bbox 1390 1820 1481 1852; x_wconf 79' lang='lat' dir='ltr'><strong>tuto</strong></span> <span class='ocrx_word' id='word_1_174' title='bbox 1500 1820 1540 1852; x_wconf 86' lang='lat' dir='ltr'><strong>et</strong></span> <span class='ocrx_word' id='word_1_175' title='bbox 1554 1814 1614 1852; x_wconf 90' lang='lat' dir='ltr'><strong>ci-</strong></span> 
     </span>
     <span class='ocr_line' id='line_1_33' title="bbox 686 1871 1613 1924; baseline -0.002 -14"><span class='ocrx_word' id='word_1_176' title='bbox 686 1878 752 1910; x_wconf 79' lang='lat' dir='ltr'><strong>tra</strong></span> <span class='ocrx_word' id='word_1_177' title='bbox 781 1873 981 1924; x_wconf 83' lang='lat' dir='ltr'><strong>publicam</strong></span> <span class='ocrx_word' id='word_1_178' title='bbox 1015 1871 1266 1911; x_wconf 83' lang='lat' dir='ltr'><strong>offensionem</strong></span> <span class='ocrx_word' id='word_1_179' title='bbox 1298 1872 1508 1909; x_wconf 81' lang='lat' dir='ltr'><strong>facturum.</strong></span> <span class='ocrx_word' id='word_1_180' title='bbox 1566 1883 1613 1908; x_wconf 86' lang='lat' dir='ltr'><strong>ac</strong></span> 
     </span>
     <span class='ocr_line' id='line_1_34' title="bbox 687 1925 1611 1980; baseline -0.001 -14"><span class='ocrx_word' id='word_1_181' title='bbox 687 1943 777 1967; x_wconf 88' lang='lat' dir='ltr'><strong>cum</strong></span> <span class='ocrx_word' id='word_1_182' title='bbox 798 1929 952 1980; x_wconf 86' lang='lat' dir='ltr'><strong>perlato</strong></span> <span class='ocrx_word' id='word_1_183' title='bbox 970 1929 1113 1967; x_wconf 85' lang='lat' dir='ltr'><strong>nuntio</strong></span> <span class='ocrx_word' id='word_1_184' title='bbox 1131 1928 1180 1967; x_wconf 85' lang='lat' dir='ltr'><strong>de</strong></span> <span class='ocrx_word' id='word_1_185' title='bbox 1199 1940 1356 1966; x_wconf 85' lang='lat' dir='ltr'><strong>assensu</strong></span> <span class='ocrx_word' id='word_1_186' title='bbox 1376 1925 1611 1965; x_wconf 83' lang='lat' dir='ltr'><strong>Antiocheni</strong></span> 
     </span>
     <span class='ocr_line' id='line_1_35' title="bbox 684 1983 1610 2036; baseline -0.002 -14"><span class='ocrx_word' id='word_1_187' title='bbox 684 1985 946 2036; x_wconf 87' lang='lat' dir='ltr'><strong>patriarchae,</strong></span> <span class='ocrx_word' id='word_1_188' title='bbox 975 1999 999 2022; x_wconf 86' lang='lat' dir='ltr'><strong>a</strong></span> <span class='ocrx_word' id='word_1_189' title='bbox 1017 1999 1096 2035; x_wconf 87' lang='lat' dir='ltr'><strong>quo</strong></span> <span class='ocrx_word' id='word_1_190' title='bbox 1116 1991 1162 2024; x_wconf 84' lang='lat' dir='ltr'><strong>ut</strong></span> <span class='ocrx_word' id='word_1_191' title='bbox 1179 1985 1358 2023; x_wconf 88' lang='lat' dir='ltr'><strong>viciniori</strong></span> <span class='ocrx_word' id='word_1_192' title='bbox 1376 1984 1507 2021; x_wconf 86' lang='lat' dir='ltr'><strong>timeri</strong></span> <span class='ocrx_word' id='word_1_193' title='bbox 1520 1983 1610 2034; x_wconf 90' lang='lat' dir='ltr'><strong>plus</strong></span> 
     </span>
     <span class='ocr_line' id='line_1_36' title="bbox 683 2040 1608 2093; baseline -0.002 -14"><span class='ocrx_word' id='word_1_194' title='bbox 683 2047 842 2093; x_wconf 80' lang='lat' dir='ltr'><strong>poterat</strong></span> <span class='ocrx_word' id='word_1_195' title='bbox 869 2055 988 2092; x_wconf 90' lang='lat' dir='ltr'><strong>quam</strong></span> <span class='ocrx_word' id='word_1_196' title='bbox 1019 2042 1067 2080; x_wconf 85' lang='lat' dir='ltr'><strong>ab</strong></span> <span class='ocrx_word' id='word_1_197' title='bbox 1099 2040 1479 2079; x_wconf 74' lang='lat' dir='ltr'><strong>Alexandrino‘toto</strong></span> <span class='ocrx_word' id='word_1_198' title='bbox 1507 2040 1608 2077; x_wconf 82' lang='lat' dir='ltr'><strong>mari</strong></span> 
     </span>
     <span class='ocr_line' id='line_1_37' title="bbox 684 2096 1606 2146; baseline -0.003 -10"><span class='ocrx_word' id='word_1_199' title='bbox 684 2098 824 2146; x_wconf 87' lang='lat' dir='ltr'><strong>diviso,</strong></span> <span class='ocrx_word' id='word_1_200' title='bbox 846 2098 1040 2136; x_wconf 86' lang='lat' dir='ltr'><strong>animatus</strong></span> <span class='ocrx_word' id='word_1_201' title='bbox 1058 2097 1110 2135; x_wconf 86' lang='lat' dir='ltr'><strong>ad</strong></span> <span class='ocrx_word' id='word_1_202' title='bbox 1129 2097 1357 2136; x_wconf 85' lang='lat' dir='ltr'><strong>audendum</strong></span> <span class='ocrx_word' id='word_1_203' title='bbox 1372 2096 1520 2144; x_wconf 83' lang='lat' dir='ltr'><strong>fuisset,</strong></span> <span class='ocrx_word' id='word_1_204' title='bbox 1539 2109 1606 2134; x_wconf 90' lang='lat' dir='ltr'><strong>re·-</strong></span> 
     </span>
     <span class='ocr_line' id='line_1_38' title="bbox 680 2153 1607 2193; baseline -0.003 -1"><span class='ocrx_word' id='word_1_205' title='bbox 680 2154 882 2193; x_wconf 83' lang='lat' dir='ltr'><strong>tardatum</strong></span> <span class='ocrx_word' id='word_1_206' title='bbox 901 2160 1034 2192; x_wconf 82' lang='lat' dir='ltr'><strong>tamen</strong></span> <span class='ocrx_word' id='word_1_207' title='bbox 1051 2160 1158 2192; x_wconf 88' lang='lat' dir='ltr'><strong>metu</strong></span> <span class='ocrx_word' id='word_1_208' title='bbox 1176 2154 1352 2192; x_wconf 84' lang='lat' dir='ltr'><strong>factionis</strong></span> <span class='ocrx_word' id='word_1_209' title='bbox 1365 2153 1607 2190; x_wconf 84' lang='lat' dir='ltr'><strong>Arseniano-</strong></span> 
     </span>
     <span class='ocr_line' id='line_1_39' title="bbox 681 2210 1604 2263; baseline -0.004 -13"><span class='ocrx_word' id='word_1_210' title='bbox 681 2225 784 2263; x_wconf 83' lang='lat' dir='ltr'><strong>rum,</strong></span> <span class='ocrx_word' id='word_1_211' title='bbox 805 2224 970 2250; x_wconf 87' lang='lat' dir='ltr'><strong>numero</strong></span> <span class='ocrx_word' id='word_1_212' title='bbox 990 2216 1031 2248; x_wconf 86' lang='lat' dir='ltr'><strong>et</strong></span> <span class='ocrx_word' id='word_1_213' title='bbox 1048 2211 1198 2250; x_wconf 84' lang='lat' dir='ltr'><strong>viribus</strong></span> <span class='ocrx_word' id='word_1_214' title='bbox 1217 2210 1468 2261; x_wconf 85' lang='lat' dir='ltr'><strong>augescentis,</strong></span> <span class='ocrx_word' id='word_1_215' title='bbox 1480 2223 1604 2261; x_wconf 13' lang='lat' dir='ltr'><strong>*quam</strong></span> 
     </span>
     <span class='ocr_line' id='line_1_40' title="bbox 682 2266 1603 2319; baseline -0.003 -13"><span class='ocrx_word' id='word_1_216' title='bbox 682 2269 734 2306; x_wconf 84' lang='lat' dir='ltr'><strong>ad</strong></span> <span class='ocrx_word' id='word_1_217' title='bbox 757 2267 1078 2319; x_wconf 83' lang='lat' dir='ltr'><strong>compescendam</strong></span> <span class='ocrx_word' id='word_1_218' title='bbox 1105 2267 1225 2306; x_wconf 76' lang='lat' dir='ltr'><strong>variis</strong></span> <span class='ocrx_word' id='word_1_219' title='bbox 1244 2267 1394 2305; x_wconf 86' lang='lat' dir='ltr'><strong>artibus</strong></span> <span class='ocrx_word' id='word_1_220' title='bbox 1411 2266 1603 2304; x_wconf 83' lang='lat' dir='ltr'><strong>incubuit.</strong></span> 
     </span>
     <span class='ocr_line' id='line_1_41' title="bbox 679 2323 1602 2363; baseline -0.003 0"><span class='ocrx_word' id='word_1_221' title='bbox 679 2325 906 2363; x_wconf 76' lang='lat' dir='ltr'><strong>existimans</strong></span> <span class='ocrx_word' id='word_1_222' title='bbox 934 2329 1066 2362; x_wconf 85' lang='lat' dir='ltr'><strong>autem</strong></span> <span class='ocrx_word' id='word_1_223' title='bbox 1092 2324 1329 2361; x_wconf 85' lang='lat' dir='ltr'><strong>invalescere</strong></span> <span class='ocrx_word' id='word_1_224' title='bbox 1354 2323 1461 2361; x_wconf 86' lang='lat' dir='ltr'><strong>illam</strong></span> <span class='ocrx_word' id='word_1_225' title='bbox 1483 2337 1602 2360; x_wconf 88' lang='lat' dir='ltr'><strong>anar-</strong></span> 
     </span>
     <span class='ocr_line' id='line_1_42' title="bbox 651 2379 1602 2432; baseline -0.005 -10"><span class='ocrx_word' id='word_1_226' title='bbox 651 2420 653 2422; x_wconf 88' lang='lat'>.</span> <span class='ocrx_word' id='word_1_227' title='bbox 679 2381 767 2420; x_wconf 86' lang='lat' dir='ltr'><strong>chia</strong></span> <span class='ocrx_word' id='word_1_228' title='bbox 787 2391 827 2420; x_wconf 87' lang='lat' dir='ltr'><strong>et</strong></span> <span class='ocrx_word' id='word_1_229' title='bbox 843 2382 958 2432; x_wconf 85' lang='lat' dir='ltr'><strong>longa</strong></span> <span class='ocrx_word' id='word_1_230' title='bbox 975 2381 1181 2420; x_wconf 82' lang='lat' dir='ltr'><strong>vacatione</strong></span> <span class='ocrx_word' id='word_1_231' title='bbox 1201 2380 1323 2429; x_wconf 83' lang='lat' dir='ltr'><strong>sedis,</strong></span> <span class='ocrx_word' id='word_1_232' title='bbox 1352 2379 1499 2432; x_wconf 90' lang='lat' dir='ltr'><strong>populo</strong></span> <span class='ocrx_word' id='word_1_233' title='bbox 1526 2393 1602 2431; x_wconf 88' lang='lat' dir='ltr'><strong>pa-</strong></span> 
     </span>
     <span class='ocr_line' id='line_1_43' title="bbox 678 2437 1599 2487; baseline -0.004 -10"><span class='ocrx_word' id='word_1_234' title='bbox 678 2445 823 2477; x_wconf 88' lang='lat' dir='ltr'><strong>storem</strong></span> <span class='ocrx_word' id='word_1_235' title='bbox 839 2443 1026 2476; x_wconf 68' lang='lat' dir='ltr'><strong>amotum</strong></span> <span class='ocrx_word' id='word_1_236' title='bbox 1058 2437 1149 2476; x_wconf 85' lang='lat' dir='ltr'><strong>ideo</strong></span> <span class='ocrx_word' id='word_1_237' title='bbox 1180 2437 1346 2475; x_wconf 80' lang='lat' dir='ltr'><strong>fortasse</strong></span> <span class='ocrx_word' id='word_1_238' title='bbox 1372 2437 1599 2487; x_wconf 86' lang='lat' dir='ltr'><strong>requirente</strong></span> 
     </span>
     <span class='ocr_line' id='line_1_44' title="bbox 677 2492 1599 2548; baseline -0.004 -14"><span class='ocrx_word' id='word_1_239' title='bbox 677 2495 786 2547; x_wconf 83' lang='lat' dir='ltr'><strong>quod</strong></span> <span class='ocrx_word' id='word_1_240' title='bbox 810 2501 1054 2548; x_wconf 86' lang='lat' dir='ltr'><strong>praesentem</strong></span> <span class='ocrx_word' id='word_1_241' title='bbox 1077 2494 1399 2545; x_wconf 85' lang='lat' dir='ltr'><strong>qualemcumque</strong></span> <span class='ocrx_word' id='word_1_242' title='bbox 1424 2507 1505 2531; x_wconf 87' lang='lat' dir='ltr'><strong>non</strong></span> <span class='ocrx_word' id='word_1_243' title='bbox 1534 2492 1599 2530; x_wconf 84' lang='lat' dir='ltr'><strong>vi-</strong></span> 
     </span>
     <span class='ocr_line' id='line_1_45' title="bbox 677 2550 1598 2602; baseline -0.007 -11"><span class='ocrx_word' id='word_1_244' title='bbox 677 2550 808 2602; x_wconf 75' lang='lat' dir='ltr'><strong>deret,</strong></span> <span class='ocrx_word' id='word_1_245' title='bbox 840 2552 1058 2591; x_wconf 86' lang='lat' dir='ltr'><strong>decreverit</strong></span> <span class='ocrx_word' id='word_1_246' title='bbox 1084 2551 1322 2590; x_wconf 86' lang='lat' dir='ltr'><strong>Germanum</strong></span> <span class='ocrx_word' id='word_1_247' title='bbox 1349 2560 1598 2601; x_wconf 87' lang='lat' dir='ltr'><strong>promovere,</strong></span> 
     </span>
     <span class='ocr_line' id='line_1_46' title="bbox 674 2606 1597 2660; baseline -0.005 -13"><span class='ocrx_word' id='word_1_248' title='bbox 674 2609 800 2647; x_wconf 85' lang='lat' dir='ltr'><strong>fidum</strong></span> <span class='ocrx_word' id='word_1_249' title='bbox 821 2609 893 2646; x_wconf 91' lang='lat' dir='ltr'><strong>sibi</strong></span> <span class='ocrx_word' id='word_1_250' title='bbox 910 2615 950 2647; x_wconf 78' lang='lat' dir='ltr'><strong>et</strong></span> <span class='ocrx_word' id='word_1_251' title='bbox 967 2608 1102 2660; x_wconf 75' lang='lat' dir='ltr'><strong>vulgo,</strong></span> <span class='ocrx_word' id='word_1_252' title='bbox 1131 2614 1177 2647; x_wconf 81' lang='lat' dir='ltr'><strong>ut</strong></span> <span class='ocrx_word' id='word_1_253' title='bbox 1194 2607 1419 2660; x_wconf 84' lang='lat' dir='ltr'><strong>apparebat,</strong></span> <span class='ocrx_word' id='word_1_254' title='bbox 1445 2606 1597 2657; x_wconf 85' lang='lat' dir='ltr'><strong>gratio-</strong></span> 
     </span>
     <span class='ocr_line' id='line_1_47' title="bbox 674 2663 1597 2716; baseline -0.007 -12"><span class='ocrx_word' id='word_1_255' title='bbox 674 2679 762 2704; x_wconf 93' lang='lat' dir='ltr'><strong>sum</strong></span> <span class='ocrx_word' id='word_1_256' title='bbox 779 2665 991 2704; x_wconf 88' lang='lat' dir='ltr'><strong>hominem.</strong></span> <span class='ocrx_word' id='word_1_257' title='bbox 1027 2678 1107 2716; x_wconf 87' lang='lat' dir='ltr'><strong>quo</strong></span> <span class='ocrx_word' id='word_1_258' title='bbox 1122 2666 1163 2703; x_wconf 85' lang='lat' dir='ltr'><strong>in</strong></span> <span class='ocrx_word' id='word_1_259' title='bbox 1184 2663 1486 2716; x_wconf 84' lang='lat' dir='ltr'><strong>patriarchalem</strong></span> <span class='ocrx_word' id='word_1_260' title='bbox 1503 2674 1597 2699; x_wconf 88' lang='lat' dir='ltr'><strong>eve-</strong></span> 
     </span>
     <span class='ocr_line' id='line_1_48' title="bbox 674 2718 1595 2771; baseline -0.007 -10"><span class='ocrx_word' id='word_1_261' title='bbox 674 2728 740 2761; x_wconf 86' lang='lat' dir='ltr'><strong>cto</strong></span> <span class='ocrx_word' id='word_1_262' title='bbox 756 2721 960 2769; x_wconf 76' lang='lat' dir='ltr'><strong>thronum,</strong></span> <span class='ocrx_word' id='word_1_263' title='bbox 989 2735 1079 2760; x_wconf 88' lang='lat' dir='ltr'><strong>cum</strong></span> <span class='ocrx_word' id='word_1_264' title='bbox 1096 2721 1220 2760; x_wconf 86' lang='lat' dir='ltr'><strong>nihilo</strong></span> <span class='ocrx_word' id='word_1_265' title='bbox 1237 2720 1391 2771; x_wconf 85' lang='lat' dir='ltr'><strong>segnius</strong></span> <span class='ocrx_word' id='word_1_266' title='bbox 1410 2718 1595 2758; x_wconf 88' lang='lat' dir='ltr'><strong>Arsenia-</strong></span> 
     </span>
     <span class='ocr_line' id='line_1_49' title="bbox 673 2774 1595 2830; baseline -0.009 -12"><span class='ocrx_word' id='word_1_267' title='bbox 673 2792 817 2818; x_wconf 86' lang='lat' dir='ltr'><strong>norum</strong></span> <span class='ocrx_word' id='word_1_268' title='bbox 835 2779 968 2817; x_wconf 80' lang='lat' dir='ltr'><strong>studia</strong></span> <span class='ocrx_word' id='word_1_269' title='bbox 987 2779 1155 2830; x_wconf 80' lang='lat' dir='ltr'><strong>flagrare</strong></span> <span class='ocrx_word' id='word_1_270' title='bbox 1175 2781 1403 2830; x_wconf 85' lang='lat' dir='ltr'><strong>pergerent,</strong></span> <span class='ocrx_word' id='word_1_271' title='bbox 1435 2774 1595 2813; x_wconf 85' lang='lat' dir='ltr'><strong>absolu-</strong></span> 
     </span>
     <span class='ocr_line' id='line_1_50' title="bbox 671 2830 1594 2887; baseline -0.009 -11"><span class='ocrx_word' id='word_1_272' title='bbox 671 2836 822 2876; x_wconf 86' lang='lat' dir='ltr'><strong>tionem</strong></span> <span class='ocrx_word' id='word_1_273' title='bbox 842 2835 899 2876; x_wconf 87' lang='lat' dir='ltr'><strong>.ab</strong></span> <span class='ocrx_word' id='word_1_274' title='bbox 924 2848 972 2875; x_wconf 82' lang='lat' dir='ltr'><strong>eo</strong></span> <span class='ocrx_word' id='word_1_275' title='bbox 1001 2835 1097 2876; x_wconf 78' lang='lat' dir='ltr'><strong>dare</strong></span> <span class='ocrx_word' id='word_1_276' title='bbox 1130 2835 1222 2874; x_wconf 89' lang='lat' dir='ltr'><strong>licet</strong></span> <span class='ocrx_word' id='word_1_277' title='bbox 1250 2838 1390 2887; x_wconf 86' lang='lat' dir='ltr'><strong>parato</strong></span> <span class='ocrx_word' id='word_1_278' title='bbox 1423 2830 1594 2871; x_wconf 84' lang='lat' dir='ltr'><strong>noluerit</strong></span> 
     </span>
    </p>
   </div>
  </div>
 </body>
</html>
