1884 3262
731 184 834 230 Lm.
851 184 906 230 11.
955 186 1158 231 NOTAE.-
1415 156 1419 161 ²
1558 186 1655 234 643

215 307 349 348 pressa
374 299 487 344 sunt,
515 293 699 334 mendum
726 294 829 334 inest
856 308 938 333 non
959 294 1144 337 dubium.
1198 296 1296 347 quid
1319 296 1439 336 enim
1448 297 1542 336 illuc
1559 299 1655 339 facit

209 364 299 390 vox
322 347 558 391 ὗπνούντων
583 352 715 389 locum
736 364 929 402 occupans
947 350 1150 401 vocabuli,
1178 353 1286 402 quod
1303 355 1537 416 respondeat
1554 369 1652 407 par-

208 407 350 458 ticipio
377 403 665 455 καταστάντοςΡ
721 412 826 445 recte
850 408 976 458 igitur.
995 414 1035 446 et
1059 421 1108 445 ex
1130 408 1300 457 meliori,
1330 411 1488 474 opinor,
1517 423 1652 450 exem-

215 463 316 515 plari
330 476 402 514 pro
421 461 658 503 ὐπνούντων
680 463 887 501 Vaticanus
902 463 1015 514 ponit
1029 460 1271 516 πνεύματος,
1300 477 1415 504 sensu
1430 467 1504 504 iam
1520 468 1651 532 plano,

217 532 332 569 quem
352 525 391 556 et
412 533 482 556 nos
503 520 544 556 in
564 519 883 571 interpretatione
903 520 1110 558 tenuimus.
1165 533 1262 570 quae
1283 528 1500 570 sequuntur
1520 525 1560 561 in
1581 525 1654 562 iis-

218 576 307 613 dem
337 575 451 616 codd.
476 576 507 612 B
535 582 575 613 et
602 576 658 623 A,
689 575 930 627 desperatam
959 575 1255 626 perplexitatem
1283 575 1446 627 habent,
1479 586 1650 630 auctore,

216 637 263 670 ut
291 632 407 679 solet,
435 637 515 668 tam
541 632 581 669 in
609 632 760 669 delectu
780 645 896 682 quam
921 631 963 668 in
995 631 1246 669 collocatione
1264 631 1474 672 verborum
1496 636 1651 675 obviam

215 688 439 726 facilitatem
457 687 591 725 sedulo
610 687 788 738 fugiente.
843 687 1049 726 Vaticanus
1068 701 1111 725 ea
1136 688 1363 758 compendio
1381 695 1420 727 et
1440 690 1578 729 clarius
1601 691 1651 733 de

216 757 287 782 suo
316 743 535 794 exprimens
559 745 614 781 sic
634 740 772 782 habet:
801 739 871 784 εἶτ’
903 740 973 784 ἐαν
1002 759 1040 783 τι
1067 743 1158 795 περὶ
1187 759 1234 783 τα
1260 743 1434 797 αἰσθητά
1462 749 1649 800 συμβαίη,

217 798 274 852 μή
291 797 553 847 καταστάντος
569 798 668 840 κατὰ
687 797 817 852 χώραν
838 802 911 840 τοῦ
928 796 1162 851 πνεύματος,
1182 800 1218 839 εἰ
1234 798 1305 852 μὲν
1323 798 1468 853 ὁμαλόν
1487 802 1566 844 ἐστι
1581 819 1651 844 και

215 859 296 895 τῶν
324 851 518 907 συνηθων
534 872 578 896 το
600 850 987 908 αντιλαμβανόμενον
1009 855 1156 921 αἴφνης
1182 852 1399 907 οἴκουσθὲν,
1431 873 1480 898 ου
1509 863 1652 900 τοσοῦ-

215 927 287 952 τον
301 913 454 980 γίνεται
473 927 516 952 το
536 909 683 976 βλαβος
702 927 792 979 περι
811 909 856 952 τὸ
876 907 1110 980 l’oytouuo'v.
1165 911 1200 951 εἰ
1219 909 1262 952 δὲ
1278 911 1498 966 λυπηρόν”
1468 931 1495 966 η
1515 930 1651 968 χαριεν

215 965 259 1008 τὸ
286 964 675 1019 αντιλαμβανόμενον
703 963 852 1014 εὐθέως
877 963 1079 1006 ἄκουσθὲν
1103 964 1209 1034 παρὰ
1238 971 1370 1008 πᾶσαν
1392 972 1649 1021 προσδοκίαν,

212 1023 546 1076 τεθορυβημένων
561 1026 640 1063 τῶν
656 1019 884 1073 αἰσθήσεων
905 1021 1087 1073 ἔκπληξιν
1105 1017 1371 1075 οἷπεργαζεται.
1409 1026 1463 1062 ita
1477 1026 1541 1063 ille
1559 1041 1651 1065 mu-

202 1085 304 1126 ‚tans
321 1086 358 1124 et
379 1078 612 1116 contrahens
633 1092 706 1130 pro
725 1077 901 1115 arbitrio.
957 1091 1028 1115 nos
1050 1084 1187 1115 auctor
1190 1091 1249 1116 em
1266 1078 1394 1130 ipsum
1411 1080 1650 1134 exhibemuS,

212 1142 252 1173 et
267 1148 383 1186 quam
402 1135 618 1172 fidelissime
640 1147 685 1172 ac
702 1132 908 1172 clarissime
929 1146 1114 1172 conamur
1130 1132 1308 1173 reddere.

322 1205 360 1244 p.
384 1194 462 1234 160
484 1204 523 1229 v.
543 1193 608 1234 20.
662 1198 878 1242 postquam
892 1188 967 1226 diu
987 1190 1131 1226 clausa
1145 1199 1420 1240 permanserat
1438 1201 1578 1244 aperta
1594 1201 1651 1232 eet
1673 1195 1701 1230 P
1722 1195 1792 1232 450

208 1255 330 1300 porta
354 1247 504 1286 Aurea.
561 1247 616 1284 sic
636 1246 878 1284 1eddidimus
894 1245 1029 1295 quod
1018 1259 1059 1283 m
1078 1246 1225 1284 Graeco
1244 1246 1404 1297 legitur,
1434 1247 1595 1300 ἤνοικτο
1620 1268 1646 1304 η

213 1303 356 1356 χρυσέα
381 1299 486 1354 πύλη
511 1303 659 1355 χρονία.
714 1302 770 1339 ita
803 1301 905 1339 clare
931 1301 1156 1366 exprimunt
1187 1303 1322 1353 optimi
1349 1303 1464 1342 codd.
1487 1306 1520 1342 B
1542 1311 1582 1344 et
1600 1307 1647 1346 A.

211 1358 422 1399 Vaticanus
441 1362 569 1396 autem
590 1370 662 1409 pro
678 1358 816 1410 χρονία
832 1357 944 1408 ponit
962 1354 1086 1409 μόλις
1142 1359 1248 1396 unde
1267 1359 1526 1399 intelleximus
1549 1362 1650 1400 velle

213 1422 413 1454 auctorem
437 1414 648 1465 significaie
674 1418 764 1465 post
788 1413 943 1463 longam
967 1413 1131 1463 denique
1153 1415 1460 1466 expectationem
1482 1418 1651 1468 patuisse

210 1471 296 1510 illas
317 1472 386 1509 diu
403 1471 599 1509 obseratas
614 1471 729 1511 sores.
785 1483 893 1508 more
913 1468 1093 1507 videlicet
1111 1482 1338 1522 pomparum
1357 1472 1645 1523 solemniorum,

212 1528 378 1579 quibus,
405 1533 453 1564 ut
483 1524 743 1564 Tertullianus
772 1525 820 1563 de
850 1525 1042 1576 mysteriis
1069 1526 1205 1564 scribit
1219 1527 1331 1565 mitio
1351 1527 1441 1566 libri
1462 1529 1648 1567 adversus

212 1583 524 1631 Valentinianos,
554 1584 788 1620 cruciantur
813 1581 975 1629 aditu-93
1004 1582 1112 1632 quod
1135 1584 1270 1621 referri
1295 1589 1426 1634 potest
1453 1584 1503 1622 ad
1518 1597 1650 1624 moras

210 1642 252 1680 in
268 1639 460 1680 vestibulo
476 1636 733 1676 haerentium.
789 1638 907 1689 paulo
925 1643 1013 1689 post
1027 1635 1131 1676 idem
1150 1645 1339 1678 memorat
1355 1641 1535 1691 suspiria
1546 1654 1650 1693 por-

203 1705 369 1747 tarum,
396 1697 508 1733 iuxta
531 1693 734 1733 lectionem
760 1693 962 1732 cuiusdam
993 1694 1137 1732 codicis
1165 1706 1245 1733 non
1269 1708 1543 1747 usquequaque
1562 1697 1650 1736 sor-

204 1752 324 1803 ,tassia
344 1749 657 1803 improbabilem,
687 1750 758 1788 etsi
781 1750 922 1788 merito
951 1750 1027 1788 viri
1054 1750 1159 1788 docti
1187 1752 1442 1803 praetulerint
1467 1755 1648 1804 suspiria

212 1815 468 1860 'epoptarumt
497 1821 588 1845 nam
606 1806 731 1846 videri
751 1806 880 1856 potuit
898 1806 997 1844 velle
1023 1812 1160 1845 auctor
1186 1807 1402 1860 exprimere
1423 1819 1647 1860 suspensam

211 1864 519 1916 inquietudinem
543 1862 830 1915 expectantium
855 1860 906 1899 ad
931 1866 1064 1914 portas
1084 1867 1124 1900 et
1143 1863 1195 1901 ad
1219 1870 1393 1915 optatam
1414 1876 1549 1903 eorum
1573 1879 1647 1917 pa-

210 1920 460 1958 tefactionem
489 1919 777 1971 suspirantium.
833 1917 1017 1956 admonet
1040 1925 1190 1968 autem,
1219 1925 1437 1971 opportune
1464 1920 1515 1959 ad
1541 1921 1649 1971 quod

213 1977 395 2026 dicimus,
430 1982 561 2014 noster
592 1976 864 2027 imperatorem
901 1975 1085 2025 peculiari
1112 1975 1244 2014 studio
1276 1989 1429 2014 curasse
1452 1981 1500 2014 ut
1527 1990 1646 2026 quam

211 2033 380 2071 maxime
402 2036 562 2083 augusta
585 2036 794 2081 sanctaque
813 2030 910 2068 haec
932 2031 1148 2069 ceremonia
1166 2032 1228 2069 sui
1249 2032 1427 2069 solemnis
1446 2032 1488 2069 in
1506 2032 1644 2070 urbem

211 2089 355 2139 regiam
370 2088 561 2138 ingressus
578 2087 772 2126 evaderet.
828 2099 945 2136 quam
962 2086 1004 2123 in
1019 2099 1102 2124 rem
1122 2087 1225 2125 inter
1248 2093 1399 2125 caetera
1418 2087 1645 2126 diuturnam

208 2144 323 2182 istam
340 2143 517 2181 adhibuit
533 2157 681 2181 moram
701 2147 837 2194 portae
855 2142 1003 2179 Aureae
1021 2141 1261 2194 aperiendae,
1289 2149 1377 2180 ante
1396 2155 1513 2193 quam
1533 2143 1645 2181 clau-

210 2214 292 2238 sam
326 2199 595 2250 persistentem
633 2196 781 2248 aliquot
811 2198 891 2236 dies
919 2211 1008 2236 cum
1045 2199 1233 2236 comitatu
1259 2199 1452 2249 substitit3
1487 2204 1526 2236 et
1556 2199 1642 2251 ipso

210 2254 458 2306 triumphalis
481 2253 663 2292 introitus
689 2267 770 2292 non
797 2260 886 2293 ante
911 2254 1111 2292 meridiem
1133 2254 1252 2305 pandi
1280 2254 1427 2303 voluit,
1455 2260 1502 2293 ut
1524 2255 1643 2307 paulo

209 2317 300 2364 post
324 2311 481 2349 dicitur.
537 2322 609 2347 nec
630 2315 687 2347 est
712 2308 936 2348 incredibile
949 2316 1102 2348 tantam
1121 2324 1144 2347 a
1162 2308 1345 2348 michaele
1360 2311 1642 2349 solemnitatem

210 2369 253 2406 in
282 2380 351 2405 suo
376 2366 452 2405 isto
481 2377 551 2416 per
582 2371 738 2416 portam
762 2365 930 2404 Auream
957 2367 1130 2417 ingressu
1157 2367 1391 2414 affectatam,
1421 2367 1526 2416 quod
1556 2380 1641 2405 eam

204 2423 283 2475 ,sibi
305 2422 434 2460 adhuc
454 2421 615 2459 lactenti
632 2421 874 2472 praedictam
893 2421 1081 2470 audisset,
1109 2429 1294 2460 narrante
1309 2423 1382 2476 ipsi
1398 2422 1557 2474 Eulogia
1574 2437 1640 2462 so-

209 2491 311 2518 rore.
366 2478 457 2517 vide
471 2489 554 2535 rem
574 2477 805 2528 descriptam
822 2491 938 2529 supra
954 2480 1090 2528 p.128
1107 2491 1146 2517 v.
1168 2482 1232 2522 11.

319 2547 357 2586 p
379 2537 456 2575 163
479 2546 518 2574 v.
538 2536 578 2575 9.
633 2547 734 2584 quoe
751 2534 945 2570 allatrare*
961 2547 1050 2571 cum
1070 2542 1315 2586 apparerent.
1371 2534 1426 2573 sic
1443 2533 1637 2586 expressi-

209 2604 297 2631 mus
323 2590 431 2641 quod
460 2590 603 2626 Graece
627 2589 800 2636 ἐκείνους
822 2585 863 2629 δ’
880 2588 1192 2642 υλακτουμένους
1208 2595 1264 2646 τῷ
1281 2586 1439 2642 πλήθει.
1497 2600 1639 2640 quam-

209 2660 327 2697 quam
345 2660 423 2684 non
443 2645 663 2693 dissimulo,
694 2658 743 2682 ex
759 2658 836 2695 quo
854 2642 929 2683 iam
945 2644 1043 2683 haec
1058 2646 1114 2684 sie
1132 2653 1244 2685 erant
1261 2648 1387 2696 edita,
1416 2647 1640 2684 observasse

208 2715 271 2740 me
288 2703 331 2740 in
349 2702 479 2740 codice
497 2701 657 2751 antiquo
673 2696 954 2752 η’λαττομένους
973 2715 1045 2752 pto
1064 2701 1362 2754 υλακτομὲνους.
1404 2708 1460 2739 est
1481 2700 1639 2751 quidem

209 2758 291 2795 sine
319 2758 438 2797 dubio
464 2756 695 2797 mendosum
710 2757 809 2795 illud
827 2757 1081 2806 vocabulum,
1109 2764 1155 2797 ut
1173 2759 1226 2797 ibi
1243 2759 1428 2810 scriptum
1446 2757 1526 2796 vidi
1550 2770 1639 2795 cum

210 2828 232 2855 ο
257 2827 381 2866 parvo
406 2814 447 2853 in
471 2813 589 2852 tertia
619 2813 787 2865 syllaba,
824 2826 914 2852 cum
949 2814 998 2853 ab
1028 2811 1194 2858 &tandm
1217 2811 1511 2869 ἠλαττωμένους
1534 2813 1639 2853 flecti
