1884 3262
258 204 356 252 514
679 199 913 244 GEORGn
944 191 1298 243 PAGHYMERIS

260 318 366 372 πλὴν
399 313 445 357 οὗ
479 311 645 369 καιρίως
673 311 777 356 ὥστε
806 313 872 355 καὶ
903 311 1145 362 ἐξαπιναίως
1174 315 1424 354 καταπεσεῖν.
1494 306 1608 364 ὅμως
1641 307 1718 367 (τὸ

261 386 338 441 γὰρ
367 384 485 435 βέλος
512 380 672 438 ἤπειγε)
701 383 767 424 καὶ
794 385 870 423 τοῦ
901 383 1055 423 πολλοῦ
1086 375 1276 434 θράσους
1301 382 1526 434 καθυφεΐτο
1554 379 1620 420 καὶ
1645 376 1718 419 τὸν

211 464 243 497 D
268 449 463 506 ἐπιβάτην
491 451 650 499 εἰκαίως
680 450 842 506 ἔφερεν,
880 447 983 491 ὥστε
1015 449 1080 489 καὶ
1115 447 1348 504 σιτοδοχείῳ
1377 445 1480 491 κατὰ
1497 448 1569 500 γῆς
1587 461 1718 501 προσ-

261 527 405 563 παΐσαι
435 516 651 575 ἀνεῳγότι,
689 517 1028 571 συμποδισθῆναί
1056 532 1098 558 τε
1130 516 1196 557 καὶ
1225 514 1296 556 τὸν
1318 511 1512 566 ἐπιβάτην
1529 518 1717 566 καταβα-

262 594 358 632 λεΐν.
427 587 466 628 οἳ
499 586 543 628 δὲ
569 585 626 640 μὴ
657 584 880 638 δυνάμενον
909 588 1127 638 κινηθῆναι
1156 582 1227 625 τὸν
1253 581 1435 635 σοβαρὸν
1461 579 1750 636 περιστάντες5

258 658 395 713 χερσὶν
422 653 644 697 ἁλίσκουσι.
718 654 931 709 φημίζεται
965 657 1062 707 γοῦν
1090 650 1281 705 παραυτά
1305 649 1423 691 ἔνθεν
1441 650 1516 702 μὲν
1535 655 1620 698 τοῖς
1641 652 1716 691 τοῦ

261 724 460 780 βασιλέως
487 723 639 765 ἐκεῖθεν
668 722 712 764 δὲ
739 727 825 771 τοῖς
853 719 958 762 κατὰ
997 720 1043 762 τὸ
1083 717 1280 775 φρούριον
1311 715 1336 772 ἦ
1368 718 1517 760 ἐκείνου
1553 715 1716 766 ἅλωσις.

263 795 330 836 καὶ
360 792 398 835 οἶ
422 791 495 844 μὲν
523 792 563 832 ἓν
590 791 728 845 χερσὶν
764 787 868 843 εἶχον
894 788 965 830 τὸν
989 787 1088 836 τέως
1110 787 1213 842 μέγα
1231 783 1578 841 σοβαρευόμενον,
1616 784 1655 826 οἱ
1673 783 1719 831 δέ

263 865 338 905 τοῦ
367 859 566 916 φρουρίου
596 859 663 900 καὶ
690 857 769 912 πρὸ
792 861 866 900 τοῦ
888 856 985 905 τούς
1006 855 1272 910 ἀγγελοῦντας
1290 853 1593 908 παραγενέσθαι
1615 853 1718 909 ἔφη·

211 934 245 969 Ε
270 928 432 983 ὃόμενοι
461 933 546 976 τοῖς
574 925 687 976 ἐκτὸς
707 925 782 980 τὴν
802 924 953 967 ἅλωσιν
973 923 1154 979 ἤγγελον.
1221 921 1308 976 ἅμα
1328 926 1426 977 γοῦν
1448 921 1500 980 ἕῳ
1521 920 1561 963 οἱ
1583 921 1717 964 ἐντεῦ-
1727 929 1774 964 .1o

263 1002 340 1041 θεν
371 992 698 1049 συνησπικότες,.
718 997 961 1050 κρατοῦντες
990 993 1159 1041 ἕκαστος
1183 992 1250 1032 καὶ
1276 990 1348 1032 τὸν
1373 994 1488 1032 θεῖον
1511 988 1553 1038 ἓξ
1580 989 1717 1034 ἐλαίου

263 1063 475 1120 πάπυρον,
509 1062 802 1118 περαιωθέντες
829 1061 901 1103 τὸν
935 1059 1119 1114 ποταμὸν
1146 1058 1454 1113 τεταραγμένοις
1477 1057 1720 1110 ἐμπίπτουσι

263 1134 332 1177 καὶ
361 1132 448 1186 ἅμα
478 1130 579 1186 πρὸς
607 1130 740 1187 φυγὴν
771 1129 996 1185 τρέπονται.
1065 1127 1104 1169 οἳ
1126 1128 1199 1180 μὲν
1221 1122 1294 1168 οὖν
1317 1125 1420 1168 κατὰ
1444 1122 1578 1178 στόμα
1597 1121 1719 1166 παιό-

263 1218 378 1256 μενοι
409 1200 687 1254 διεφθείροντο
724 1196 799 1251 (οὐ
834 1196 912 1252 γὰρ
939 1195 1041 1251 πρὸς
1070 1194 1117 1237 τὸ
1151 1195 1371 1248 ἀντισχεῖν,
1407 1192 1510 1235 ἀλλὰ
1541 1191 1643 1248 πρὸς
1669 1190 1716 1234 τό

262 1273 414 1325 μαθεῖν
433 1264 559 1321 μόνον
579 1267 620 1308 τί
637 1265 681 1308 τὸ
704 1262 911 1320 γινόμενον
932 1262 1145 1318 ἐτρέποντο
1176 1262 1280 1304 κατὰ
1306 1259 1648 1316 πρόσωπον),ὀῖ
1672 1259 1718 1302 δὲ
1728 1267 1772 1305 15

264 1337 370 1380 κατὰ
389 1333 519 1377 νώτου
539 1330 807 1388 πληττόμενοι
828 1328 1116 1375 ὃιωλίσθαινόν
1141 1347 1183 1373 τε
1211 1334 1292 1376 τῶν
1306 1331 1443 1372 ἵππων
1460 1330 1525 1370 καὶ
1547 1327 1717 1370 πίπτον-

262 1421 327 1455 τες
356 1404 558 1458 ἔθνησκον
566 1434 580 1454 ,
618 1400 700 1444 ἔστι
730 1401 773 1443 δ’
795 1394 843 1442 οἷ)
872 1401 938 1442 καὶ
962 1401 1104 1452 ζῶντες
1121 1396 1488 1451 συνελαμβάνοντο.
1555 1395 1715 1449 σπουδὴ
1748 1424 1750 1426 -

262 1472 340 1530 γὰρ
369 1467 420 1527 ἦν
450 1475 535 1520 τοῖς
561 1469 636 1526 μὲν
666 1469 738 1513 τὸν
765 1467 951 1524 ποταμὸν
975 1464 1151 1523 Βοώσην
1179 1464 1345 1526 φθάσαι
1366 1467 1433 1510 καὶ
1454 1468 1716 1523 περαιωθεῒσι

263 1719 460 1757 ferebatur,
482 1726 645 1762 percussa
666 1715 734 1750 telo
758 1717 830 1758 est,
855 1726 920 1749 non
935 1714 1030 1749 letali
1052 1713 1187 1760 quidem
1209 1713 1279 1748 ictu
1293 1738 1304 1755 ,
1331 1723 1398 1758 quo
1421 1710 1537 1746 statim
1560 1709 1717 1745 concide-

263 1769 341 1798 ret:
359 1769 473 1796 tamen
495 1772 596 1796 sensu
619 1761 872 1806 qualiscumque
892 1761 976 1795 satis
999 1761 1067 1794 alte
1090 1760 1299 1813 penetrantis
1321 1758 1469 1792 vulneris
1491 1757 1630 1791 turbata
1648 1767 1715 1791 non

263 1819 405 1855 parum,
439 1807 577 1841 multum
608 1806 652 1839 de
682 1806 791 1852 priori
821 1806 951 1840 remisit
981 1806 1146 1846 audacia,
1178 1815 1410 1849 sessoremque
1430 1804 1498 1837 iam
1520 1802 1654 1847 segnius
1678 1803 1716 1835 et

261 1854 452 1888 titubanter
481 1851 688 1894 sustinebat,
720 1852 831 1896 quoad
863 1852 1047 1895 impingens
1078 1852 1166 1884 sorte
1196 1851 1232 1884 in
1264 1853 1461 1884 excavatum
1490 1848 1557 1882 illic
1579 1848 1713 1881 foveam

259 1901 450 1941 frumento,
479 1901 520 1931 ut
541 1896 603 1939 tit,
632 1896 822 1939 condendo,
850 1896 1056 1941 implicatum
1079 1907 1162 1929 cavo
1186 1896 1304 1940 pedem
1326 1894 1489 1938 expedire
1508 1904 1574 1927 non
1595 1892 1715 1927 valens

260 1943 429 1985 concidit,
458 1943 606 1988 equitem
629 1942 880 1987 superciliosum
902 1941 996 1987 prius
1016 1941 1107 1975 illum
1130 1942 1303 1985 ferumque
1326 1939 1507 1981 deiiciens3
1545 1950 1643 1983 quem
1668 1937 1713 1972 ob

260 1989 392 2036 pondus
423 1998 590 2022 armorum
620 1987 818 2021 immobilem
849 1988 1041 2021 haerentem
1073 1987 1180 2021 nostri
1209 1986 1355 2030 undique
1387 1990 1602 2019 accurrentes
1621 1994 1715 2018 com-

287 2035 462 2069 rehensum
491 2033 675 2069 abducunt.
721 2033 894 2077 divulgata
923 2036 1089 2066 momento
1111 2038 1165 2066 est
1184 2031 1267 2066 totis
1297 2030 1511 2076 imperatoris
1532 2029 1658 2064 castris
1676 2031 1714 2063 et

259 2084 352 2115 intra
384 2079 493 2125 ipsam
522 2079 694 2113 obsessam
725 2089 837 2112 arcem
868 2078 962 2112 ducis
992 2078 1136 2111 hostium
1165 2076 1425 2122 comprehensio.
1472 2080 1508 2110 et
1530 2075 1565 2109 in
1589 2073 1713 2109 castris

260 2126 397 2172 quidem
427 2126 524 2159 certa
548 2123 635 2158 fides
664 2126 739 2158 erat
761 2124 951 2164 oculorum,
979 2128 1210 2168 praesentem,
1239 2133 1327 2168 quae
1350 2121 1503 2156 manibus
1523 2125 1719 2163 teneretur,·

290 2171 424 2205 raedam
454 2168 663 2204 cernentium
693 2180 735 2203 ae
765 2169 895 2203 scilicet
915 2169 1121 2202 illudentium
1142 2169 1175 2202 in
1199 2180 1273 2202 eam
1296 2167 1470 2202 servitutis
1493 2166 1713 2201 bumilitatem

264 2227 333 2250 1am
354 2215 494 2250 redacto
514 2219 585 2249 tam
607 2214 734 2248 tumido
756 2216 856 2260 paulo
879 2220 958 2248 ante
979 2214 1162 2258 gloriaturi,
1208 2213 1339 2248 obsessi
1369 2224 1453 2247 vero
1480 2212 1584 2247 etiam
1612 2215 1714 2246 ante-

264 2272 366 2307 quam
396 2260 441 2294 ad
476 2271 535 2295 eos
568 2261 805 2304 pervenissent
834 2259 892 2305 qui
922 2260 985 2294 hoc
1016 2259 1200 2293 nuntiaturi
1221 2259 1313 2293 missi
1335 2262 1456 2300 eraut,
1488 2257 1603 2292 nescio
1623 2267 1713 2303 quo·-

264 2306 364 2340 modo
387 2315 486 2340 casus
507 2305 581 2339 eius
597 2305 894 2346 facti-certiores,
921 2305 1020 2349 signa
1035 2305 1185 2339 laetitiae
1206 2305 1404 2347 ediderunt,
1441 2315 1484 2338 ex
1506 2303 1628 2350 quibus
1648 2313 1713 2337 no·

265 2351 331 2387 stri
353 2351 471 2397 procul
491 2349 720 2395 intelligerent
747 2350 815 2386 iam
835 2350 924 2384 scire
944 2351 1035 2396 ipsos
1058 2351 1138 2396 quid
1165 2350 1374 2395 contigisset.
1418 2361 1500 2394 ergo
1523 2349 1587 2383 sub
1606 2356 1714 2383 auro-

264 2407 337 2431 ram
368 2397 476 2430 nostri
509 2407 622 2430 omnes
651 2396 755 2431 armis
786 2397 946 2442 sumptis,
977 2399 1202 2442 correptaque
1256 2396 1373 2442 uisque
1394 2395 1429 2429 in
1450 2406 1581 2429 manum
1602 2393 1712 2436 tinctu.

265 2442 340 2476 oleo
373 2452 472 2475 sacro
502 2441 676 2481 chartula,
710 2441 855 2476 traiecto
876 2452 973 2476 amne
993 2441 1026 2475 in
1049 2443 1204 2476 turbatos
1225 2409 1322 2476 clade
1343 2441 1439 2475 ducis
1461 2441 1574 2475 hostes
1595 2442 1711 2480 ruunt.

262 2487 299 2522 hi
321 2485 434 2521 statim
454 2486 639 2520 funduntur
659 2487 904 2532 fuganturque,
935 2487 1052 2532 paucis
1072 2488 1129 2532 qui
1152 2498 1189 2521 os
1210 2489 1430 2521 obverterent
1451 2484 1626 2531 spectandi
1636 2489 1708 2529 ‘po-

263 2532 333 2566 tius
355 2530 552 2566 curiositate
572 2543 672 2576 quam
695 2532 873 2567 resistendi
895 2533 1023 2574 animo,
1053 2533 1165 2566 subito
1185 2532 1335 2567 deiectis.
1379 2531 1574 2575 fugientium
1595 2532 1709 2564 autem

264 2578 333 2612 iam
367 2576 498 2623 pariter
531 2577 673 2610 omnium
702 2582 801 2622 terga
831 2579 1046 2624 insequentes
1075 2577 1182 2612 nostri
1211 2578 1322 2612 valide
1355 2577 1498 2612 incussis
1529 2574 1710 2610 missilibus

269 2623 467 2658 caedebant.
511 2621 600 2656 unde
628 2625 930 2667 prosternebantur
961 2623 1111 2669 equites,
1144 2625 1282 2657 vulnere
1303 2626 1363 2658 aut
1382 2621 1583 2656 offendiculo
1613 2621 1710 2666 equis

268 2667 480 2713 lapsantibus
501 2666 641 2701 evoluti.
688 2668 803 2702 horum
826 2669 979 2714 plerique
999 2670 1259 2703 occumbebant:
1283 2669 1351 2703 vivi
1367 2666 1509 2702 nonnulli
1527 2665 1711 2711 capieban-

269 2717 347 2756 tur,
378 2711 553 2753 interclusi
582 2723 622 2746 eo
655 2714 745 2766 quod
771 2725 896 2748 summo
917 2715 1027 2750 studio
1063 2716 1256 2760 captabant.
1300 2714 1336 2749 id
1359 2719 1471 2748 autem
1489 2718 1566 2746 erat
1585 2722 1711 2757 perve-

269 2759 342 2794 nire
365 2759 408 2794 ad
429 2758 574 2795 Boosem
594 2755 733 2795 fluvium
756 2762 792 2794 et
813 2771 855 2795 eo
877 2761 1029 2796 transito,
1042 2761 1184 2797 salutem
1211 2761 1246 2795 in
1267 2765 1342 2797 tuto
1363 2768 1501 2805 ponere.
1544 2761 1584 2792 at
1603 2756 1718 2804 impe--
