1884 3262
574 239 576 241 ,
609 204 713 250 LIB.
731 204 766 251 1.
805 203 1189 250 >GLOSSARIUM-
1221 220 1223 222 ·
1526 203 1624 251 543

172 327 281 354 sacra
299 313 500 366 publicam
520 313 694 353 nominis
709 327 836 367 papae
853 328 935 354 non
953 327 1064 353 nunc
1081 313 1256 367 primum
1275 313 1525 367 institutam,
1552 315 1624 355 sed

171 377 262 410 cum
281 371 372 409 olim
392 378 482 409 ante
501 371 671 408 schisma
690 371 830 410 luisset
847 372 1016 420 usitata,
1043 385 1151 414 nune
1171 370 1409 412 restitutam.

280 423 468 480 Ἀνέμοε
495 423 690 480 πύργος
717 430 853 480 p.378
868 431 985 470 V.16.
1033 427 1082 466 de
1099 428 1248 466 Ioanne
1266 428 1395 466 Vecco
1411 427 1506 479 agit.
1533 433 1625 466 tur-
1684 457 1686 459 v

167 484 224 522 ris
251 482 347 521 haec
373 487 566 532 Anemae,
595 497 714 534 quae,
745 484 813 521 ubi
845 490 884 522 et
909 484 1015 521 unde
1046 484 1104 522 sic
1131 484 1239 522 dicta
1262 484 1334 535 sit,
1368 484 1486 523 docet
1509 485 1622 522 Anna

159 541 367 592 rConmena
396 541 425 580 l.
458 543 509 582 12
545 540 748 578 Alexiadis
773 554 817 592 p.
845 539 940 582 364.
996 539 1063 578 ubi
1093 546 1303 592 postquam
1338 540 1622 593 deprehensam

169 595 372 634 Michaelis
399 597 570 635 Anemae
598 596 642 635 in
662 596 938 648 imperatorem
964 595 1146 634 Alexium
1168 597 1483 635 coniurationem
1506 605 1623 636 retu-

165 653 234 701 lit,
272 659 310 690 et
337 666 380 690 se
412 653 537 704 ipsam
571 666 728 691 curasse
756 653 935 692 decretae
958 652 1034 704 ipsi
1060 652 1105 690 in
1129 667 1297 705 poenam
1335 654 1622 693 excaecationis

167 709 330 759 gratiam
349 709 535 747 damnato
553 709 660 758 fieri,
691 709 825 748 subdit
841 709 1006 747 ductum
1027 722 1114 747 eum
1135 709 1256 748 fuisse
1273 709 1315 747 in
1334 711 1476 748 turrim
1494 724 1623 762 prope

166 766 361 817 palatium
404 766 672 816 aedificatam,
716 772 755 804 et
792 765 848 803 ibi
887 764 1067 803 habitum
1100 766 1143 804 in
1179 766 1374 807 custodia.
1432 767 1623 806 adscribit

169 822 230 859 dei
237 822 312 859 nde
331 821 426 861 haec
447 822 588 871 verba,
620 835 720 872 quae
749 822 929 860 indicant
950 822 1019 861 isti
1042 823 1228 880 deinceps
1249 823 1339 860 loco
1361 825 1488 860 turris
1506 823 1622 861 Ane-

167 892 256 915 mae
281 879 583 930 appellationem
611 878 844 918 adhaesisse.
903 876 1018 919 ovium
1044 875 1084 919 δ’
1106 881 1224 927 οὗτος
1245 882 1317 930 τῆς
1336 880 1488 931 εἱρκτῆς
1511 880 1621 920 ἔλευ-

166 937 360 986 θεροῦτο,
399 934 467 975 καὶ
503 933 574 975 τὸν
601 931 824 1004 Γρηγόριον
859 929 984 983 αυθις
1010 933 1041 986 ἦ
1066 937 1140 975 τοῦ
1168 931 1310 987 Λνὲμα
1337 933 1439 987 εἶχεν
1473 932 1620 989 εἰρκτή

167 1006 318 1043 πυργος
338 988 379 1031 δ’
396 986 451 1043 ἦν
469 1007 529 1040 τις
547 1007 628 1030 των
642 988 776 1057 οῗγχοῦ
794 993 875 1031 τῶν
893 991 938 1031 ἐν
955 990 1193 1042 Βλαχὲρναις
1222 988 1454 1057 διακτόρων
1466 993 1619 1033 διακει-

166 1047 299 1113 μένων
329 1051 468 1099 τειχῶν
499 1048 571 1098 τῆς
600 1045 770 1097 πόλεως,
801 1046 825 1087 o‘
850 1049 925 1087 τοῦ
951 1043 1104 1098 Ἀνεμᾶ
1129 1045 1400 1100 καλούμενος,
1429 1044 1562 1100 ω’σπερ
1580 1065 1620 1089 τι

165 1099 286 1154 λαχος
311 1101 384 1155 τὴν
409 1104 638 1155 ἐπωνυμίαν
664 1102 830 1154 ταυτηνὶ
856 1101 1163 1155 κληρωσάμενος
1189 1101 1255 1144 δια
1281 1101 1325 1145 τὸ
1354 1101 1519 1156 πρώτως
1546 1102 1618 1146 τόν

165 1155 342 1211 ’Λνεμᾶν
383 1157 638 1213 σιὸηοόδετον
674 1159 866 1209 δέξασθαι
891 1159 958 1200 ἐπὶ
990 1157 1120 1200 πὸλυν
1145 1160 1188 1201 ἐν
1218 1156 1330 1201 αὕτω
1354 1158 1618 1215 χρονοτριβῆ-

164 1227 288 1256 σαντα
312 1213 466 1269 χρόνον.
522 1215 619 1254 haec
643 1216 698 1254 ibi
734 1219 868 1265 Anna3
913 1230 1012 1267 quae
1037 1217 1094 1254 sic
1123 1217 1220 1255 olim
1250 1217 1454 1255 vertimus.
1514 1232 1617 1256 non-

164 1271 265 1309 dum
293 1275 330 1309 is
359 1287 401 1310 eo
425 1286 579 1311 carcere
600 1273 796 1310 liberatus
810 1274 982 1322 suerat,
1014 1287 1105 1310 cum
1127 1273 1259 1310 alium
1284 1273 1479 1324 hospitem
1516 1276 1617 1313 Gre...

161 1331 324 1380 goriam
343 1329 442 1366 liaeo
466 1343 570 1381 quae
588 1331 712 1381 prius
732 1329 1072 1380 Anemaesuerat
1095 1331 1218 1368 unius·
1240 1329 1429 1368 custodia
1453 1333 1614 1382 excepit.

164 1388 294 1423 turris·
313 1393 450 1423 autem
476 1394 562 1423 erat
584 1400 671 1424 ιιηα
694 1384 895 1437 quaedam
920 1399 965 1422 ex
989 1387 1043 1422 iis·
1067 1399 1173 1437 quae
1188 1401 1263 1438 per
1286 1388 1483 1424 moenium
1511 1390 1616 1424 civi-

164 1444 266 1479 tatis
289 1450 450 1493 partem
479 1442 807 1480 Blaclzernarum
839 1443 994 1493 regiam
1020 1444 1203 1493 proxime
1227 1450 1469 1493 spectantem
1496 1446 1616 1481 certis

164 1499 390 1536 intervallis·
420 1497 642 1550 dispositae
670 1506 778 1537 sunt.
835 1512 883 1535 ea
909 1500 1106 1549 insignem
1129 1514 1174 1536 ex
1193 1513 1240 1536 eov
1258 1513 1374 1551 quem
1397 1514 1615 1538 narramus
1643 1516 1647 1517 ⁷

163 1563 305 1593 eventu,
332 1555 640 1606 appellationem
662 1558 706 1593 in
731 1569 843 1593 omne
865 1562 1021 1606 tempus·
1034 1558 1249 1607 propriam
1269 1561 1395 1593 nacta
1414 1564 1494 1594 est:
1524 1564 1618 1595 tur-

162 1612 224 1649 ris
246 1612 331 1648 iam
349 1614 508 1663 passim
527 1613 707 1651 Anemae
730 1619 894 1660 vocata,
917 1619 1130 1663 propterea
1151 1611 1264 1665 quod
1280 1612 1479 1650 Anemam
1495 1612 1615 1665 Jerro

160 1670 312 1707 victum
329 1670 507 1720 primum
529 1670 722 1721 acceperit
743 1667 894 1720 diuque
914 1670 1094 1708 tenuerit.

277 1719 612 1792 ἄνεμοπύλαι
632 1739 671 1778 p.
683 1725 766 1766 410
784 1738 825 1764 v.
835 1728 903 1767 21.
962 1725 1012 1763 de
1034 1724 1163 1764 [cario
1187 1724 1243 1763 ait
1267 1724 1389 1764 fuisse
1408 1725 1525 1764 illum
1545 1740 1620 1765 κα-

163 1775 359 1833 τάρχοντα
385 1778 512 1833 νήσου
543 1783 723 1836 μεγίστης
749 1778 804 1834 ἣν
829 1777 1084 1832 α’νεμσπύλας
1113 1781 1210 1829 ἔθος
1235 1785 1319 1829 τοῖς
1354 1781 1456 1822 ἐκεῖ
1467 1785 1615 1822 καλεῖν.

162 1850 248 1876 non
277 1850 360 1877 esse
385 1837 464 1876 hoc
496 1852 641 1877 nomen
670 1838 777 1877 illius
806 1838 960 1876 insulae
988 1838 1150 1888 vulgare
1177 1838 1347 1889 ubique,
1387 1838 1504 1877 docet
1529 1838 1616 1890 ipse

163 1899 326 1944 auctor,
362 1894 457 1934 dum
484 1896 532 1933 ab
565 1895 707 1934 incolis
742 1894 786 1933 id
817 1895 980 1947 proprie
1014 1894 1197 1946 usurpari
1225 1894 1388 1933 solitum
1415 1894 1616 1934 admonet.

163 1963 216 1993 an
241 1963 379 1990 verum
407 1957 446 1990 et
473 1952 656 1991 omnibus
677 1957 816 1990 notum
837 1951 955 1990 huius
980 1951 1134 1990 insulae
1154 1965 1300 1990 nomen
1317 1951 1461 2003 Lipara
1477 1952 1613 2000 fuerit,

163 2019 264 2058 quae
290 2013 439 2060 septem
464 2015 555 2059 aut,
582 2015 630 2048 ut
655 2009 743 2056 alii,
773 2007 908 2047 decem
937 2007 1164 2047 Aeoliarum
1193 2007 1414 2046 insularum
1440 2008 1611 2046 maxima

163 2068 204 2106 et
228 2063 345 2102 unica
370 2064 477 2104 inter
503 2079 638 2104 omnes
665 2065 838 2104 habitata
871 2066 1019 2111 fertur,
1055 2065 1231 2103 viderint
1261 2064 1481 2115 peritiores.
1539 2077 1610 2114 ego
1635 2063 1663 2098 P
1686 2064 1754 2100 370

162 2117 312 2170 ἐπέχω,
339 2121 470 2170 quoad
495 2122 690 2160 indicium
721 2122 940 2160 occurrerit
966 2121 1125 2160 certius.
1183 2120 1216 2158 si
1243 2119 1320 2157 hoc
1347 2120 1414 2169 sit,
1445 2126 1611 2171 apparet

164 2187 280 2216 causa
309 2188 382 2215 cur
408 2176 513 2216 hanc
535 2179 706 2217 insulam
729 2178 985 2230 pachymeres
1005 2178 1187 2230 μεγίστην
1207 2178 1427 2213 maximam
1448 2176 1610 2227 dixerit,

161 2230 261 2269 licet
279 2245 354 2270 nec
374 2233 509 2272 Cretae
525 2248 600 2272 nec
620 2234 776 2273 Siciliae
794 2234 1096 2287 comparabilem
1108 2263 1120 2284 ,
1148 2239 1332 2285 respectu
1350 2232 1538 2271 videlicet
1554 2233 1606 2272 ad

162 2299 233 2326 sex
253 2293 323 2326 aut
338 2302 482 2328 novem
501 2289 655 2329 Aeolias
671 2292 856 2331 minores.
1384 2312 1386 2314 >

277 2339 571 2399 ἆντίδωρον
597 2361 638 2399 p.
669 2350 750 2390 361
784 2361 823 2387 v.
847 2350 888 2389 2.
944 2360 1082 2386 rursus
1109 2346 1157 2384 de
1184 2344 1319 2383 eodem
1346 2359 1384 2397 p.
1403 2344 1486 2388 407
1504 2358 1540 2385 v.
1563 2349 1604 2389 8.

163 2405 247 2439 erat
263 2399 332 2439 hic
350 2415 505 2451 merus,
533 2417 615 2441 non
633 2410 882 2442 consecratus
901 2410 971 2442 aut
986 2403 1030 2441 in
1047 2401 1195 2440 Christi
1217 2415 1362 2453 corpus
1390 2414 1604 2440 conversus

160 2456 298 2508 paniS,
328 2458 398 2509 qui
422 2459 574 2498 cunctis
594 2460 818 2511 promiscue
836 2460 941 2498 inter
959 2473 1067 2498 sacra
1090 2459 1133 2496 in
1163 2458 1325 2496 ecclesia
1346 2457 1605 2497 distribueba-

161 2518 231 2551 tur
261 2515 366 2565 apud
388 2515 580 2566 Graecos,
609 2516 667 2554 uti
694 2522 733 2554 et
760 2517 866 2568 apud
887 2516 1067 2564 Latinos,
1098 2515 1181 2554 ritu
1209 2514 1407 2566 hodieque
1437 2515 1603 2565 vigente.

163 2568 295 2608 dictus
325 2566 567 2624 αντίδωρον,
605 2571 711 2623 quod
738 2573 829 2610 vice
859 2572 963 2611 sacri
991 2571 1086 2610 doni
1119 2570 1398 2621 eucharistiae,
1436 2571 1608 2623 disposi-

160 2624 294 2674 tione,
322 2641 439 2678 quam
465 2628 809 2679 exquisitissimam
831 2628 979 2666 Christi
1010 2642 1154 2680 corpus
1181 2628 1366 2679 requirit,
1391 2641 1472 2665 non
1494 2640 1609 2679 prae-

161 2682 326 2732 paratis,
354 2683 513 2723 ministr
515 2691 658 2724 aretur.
713 2685 763 2723 de
779 2684 857 2723 hoc
875 2686 960 2724 fuse
978 2691 1018 2724 et
1034 2685 1187 2724 erudite
1200 2685 1366 2724 Iacobus
1388 2684 1493 2722 Goar
1511 2683 1608 2722 Ord.

161 2737 300 2777 praed.
321 2740 434 2779 Notis
451 2742 502 2780 ad
517 2741 732 2792 Eucholog.
751 2756 790 2793 p.
809 2741 912 2790 154,
943 2755 1058 2794 quem
1076 2742 1180 2781 vide.

275 2791 626 2839 α’ντικανονία.
682 2797 787 2837 hane
817 2811 956 2838 vocem
987 2813 1008 2836 a
1043 2799 1280 2850 Pac-hymen
1316 2812 1355 2850 p.
1384 2794 1467 2839 375
1495 2808 1537 2834 v·
1567 2797 1606 2836 8.

162 2857 393 2903 usurpatam
431 2855 483 2894 ad
517 2854 818 2907 significandum
847 2855 1098 2907 illegitimum
1129 2855 1383 2906 irregularem
1415 2859 1456 2891 et
1486 2851 1609 2891 sacris
