1884 3262
290 201 393 247 560
691 197 1004 242 OBSERVAT.
1037 199 1348 246 PAGHYMER.

290 307 561 362 spiritualibus
590 306 822 359 penderent.
886 320 1009 359 quare
1043 314 1201 360 praesto
1226 308 1424 350 habebant
1452 311 1644 350 vicarium
1670 325 1746 365 pn-

288 364 510 414 triarchae,
540 362 593 401 ad
612 377 728 414 quem
747 364 816 402 illo
843 364 1003 403 absente
1020 368 1432 417 1ecurrerent.quia
1452 380 1548 407 vero
1574 369 1643 406 ubi
1658 382 1701 407 ex
1702 375 1745 408 at

287 422 527 473 imperator,
555 426 603 459 ut
623 426 722 459 tunc
737 420 975 473 Magnesiae,
1001 434 1164 473 magnus
1192 428 1278 460 erat
1297 424 1645 463 exautorianorum
1663 438 1746 463 nu—

284 491 440 527 merus,
474 483 515 516 et
542 490 632 515 cum
659 478 736 516 illis
765 477 1067 530 propatriarcha
1094 478 1281 530 proprius
1306 478 1508 530 ipsorum,
1546 480 1598 519 ad
1635 481 1745 520 hunc

285 534 511 586 congregati
529 546 710 585 proceres
727 536 893 573 mittunt
920 540 968 573 ut
994 534 1285 587 patriarcham,
1316 536 1426 574 cuius
1454 542 1539 575 erat
1558 538 1745 587 vicarius,

285 598 503 630 accerseret
519 590 671 641 Nicaea,
701 591 810 642 quod
828 591 910 630 eius
929 604 1049 643 opera
1068 598 1108 630 et
1128 591 1365 631 auctoritate
1380 593 1596 644 praesentis
1610 607 1673 632 res
1694 594 1744 632 de

283 662 364 700 qua
393 648 641 686 tractabatur
661 654 802 699 egeret.
858 647 955 686 haec
984 648 1174 700 opinabar
1206 649 1247 687 in
1271 649 1359 687 loco
1379 649 1590 701 perplexo,
1619 650 1745 688 donec

283 705 382 756 quid
404 705 548 743 certius
567 705 802 754 occurrerit,
831 718 913 743 non
931 705 1105 743 nesciens
1123 711 1257 743 tamen
1275 711 1364 757 post
1384 712 1538 758 captam
1558 719 1580 743 a
1595 706 1744 745 Latinis

284 762 668 813 Constantinopolim
688 767 727 799 et
742 767 911 800 mortem
926 762 1082 800 Ioannis
1102 763 1308 812 Camateri‚
1329 762 1401 800 sub
1420 775 1498 813 quo
1516 762 1743 815 patriarcha

287 819 427 857 Graeci
455 831 506 856 ex
537 830 582 855 ea
614 818 713 870 urbe
741 819 845 870 pulsi
872 831 943 870 per
972 819 1131 857 Latinos
1161 825 1276 868 sunt,
1326 818 1493 857 electum
1526 819 1575 857 ab
1605 819 1742 858 iisdem

288 875 448 913 Graecis
465 874 621 926 imperii
641 875 771 912 sedem
786 875 949 913 Nicaeae
966 874 1202 914 habentibus
1219 874 1485 928 patriarcham
1506 875 1622 914 titulo
1635 875 1742 914 nihi-

284 932 458 971 lominus
481 932 966 984 Constantinopolitanum‚
997 933 1064 982 qui
1091 933 1210 971 sacris
1231 932 1482 984 praesideret,
1511 930 1743 970 Michaelem

286 988 567 1038 Autorianum,
610 1001 726 1038 quem
755 989 820 1026 alii
839 989 1074 1027 Saurianum
1099 996 1265 1039 vocant5
1302 989 1516 1039 quinetiam
1534 989 1743 1027 Arsenium

288 1045 368 1085 hoc
399 1045 524 1096 capite
550 1051 832 1093 memoratum,
874 1046 942 1095 qui
968 1059 990 1082 a
1008 1045 1196 1084 Michaffle
1213 1045 1427 1083 Autoriano
1441 1046 1629 1097 septimus
1646 1058 1743 1083 cau·-

289 1102 380 1140 dem
411 1100 712 1153 patriarchalem
747 1101 910 1139 Nicaeae
942 1102 1073 1140 sedem
1099 1104 1251 1151 tenuit,
1294 1103 1448 1153 reperio
1479 1102 1741 1140 Autorianum

288 1171 445 1210 quoque
468 1157 629 1196 dictum.
687 1158 756 1196 sed
781 1158 877 1208 quid
907 1156 1006 1196 haec
1030 1159 1080 1196 ad
1109 1156 1356 1212 πατριάρχην
1381 1154 1740 1209 Ἐξαυτωρειανῶν,

287 1215 338 1252 de
362 1228 440 1265 quo
470 1213 537 1252 hie
558 1214 735 1252 mentio?
764 1214 1032 1264 quaerendum
1048 1215 1168 1265 igitur
1196 1215 1384 1265 amplius,
1413 1216 1488 1252 nisi
1503 1214 1590 1266 quis
1607 1215 1741 1252 conie-

287 1278 377 1310 ctur
380 1285 423 1308 ae
446 1284 469 1307 a
484 1283 546 1308 me
561 1270 670 1322 prius
687 1271 911 1325 propositae
927 1271 1252 1321 acquiescendum
1267 1276 1391 1338 putet.

395 1327 562 1368 ἐπαλα
578 1326 703 1367 στέω
740 1340 778 1379 p-
810 1329 893 1368 298
930 1341 971 1366 v.
1007 1327 1070 1369 15.
1149 1323 1238 1368 οἷον
1278 1322 1418 1367 ἑαυτὸν
1452 1322 1737 1377 ἐπαλαστήσας.

282 1384 430 1436 repetit
458 1389 496 1421 et
527 1383 553 1421 l.
574 1383 600 1424 5
622 1397 655 1421 c.
678 1386 716 1424 6.
762 1397 843 1421 non
871 1384 986 1434 posui
1011 1383 1089 1422 hoc
1113 1384 1279 1422 verbum
1309 1383 1352 1421 in
1381 1381 1459 1420 hoc
1486 1382 1662 1433 catalogo
1695 1388 1740 1421 ut

281 1441 469 1480 lectorem
490 1440 672 1478 docerem
690 1440 788 1491 quid
808 1439 960 1479 valeret
978 1440 1156 1493 (confido
1178 1441 1280 1478 enim
1299 1439 1485 1491 idipsum
1508 1452 1558 1476 ex
1577 1439 1740 1477 Homeri

283 1498 451 1536 lectione
470 1496 661 1544 didicisse,
689 1496 798 1547 apud
815 1510 932 1546 quem
941 1493 1101 1539 ’.Οδυσσ
1114 1513 1140 1536 α
1159 1510 1198 1536 v.
1210 1499 1293 1538 252
1313 1496 1449 1547 legerit
1476 1493 1548 1536 τόν
1576 1492 1619 1536 δ’
1639 1496 1736 1536 ἐπα*-

282 1552 507 1606 λαστήσασα
535 1527 758 1622 προσηύδα
777 1551 939 1602 Παλλας
963 1549 1130 1605 Ἀθήνη.
1184 1553 1252 1592 ubi
1247 1553 1463 1611 Didymus
1491 1552 1655 1604 exponit
1673 1551 1739 1594 ἐπὶ

280 1615 365 1658 τοῖς
387 1614 608 1661 λεχθεῖσιν,
648 1626 701 1657 ως
733 1606 917 1658 ἄλαστοῖς
941 1609 1009 1650 καὶ
1041 1611 1188 1658 δεινοῖς
1212 1604 1324 1656 οὖσι,
1362 1606 1738 1661 δεινοπαθήσασα),

280 1667 351 1704 sed
369 1673 415 1705 ut
432 1667 665 1708 admoneam
690 1667 738 1703 de
768 1668 879 1717 genio
911 1666 1184 1719 Pachymeris‚
1215 1679 1330 1717 quem
1347 1665 1512 1703 delectat
1536 1665 1657 1704 verba
1674 1666 1739 1704 vel

278 1724 397 1762 semel
418 1727 625 1775 poetarum
645 1723 812 1775 cuipiam
833 1728 1012 1762 veterum
1028 1729 1220 1774 usurpata
1235 1724 1277 1761 in
1295 1722 1472 1761 oratione
1486 1735 1555 1760 sua
1575 1732 1739 1773 ponere&

280 1793 381 1830 quae
396 1793 477 1818 una
506 1793 555 1817 ex
579 1780 704 1817 causis
723 1786 782 1818 est
807 1782 887 1818 eius
915 1780 1174 1818 obscuritatis.
1231 1780 1301 1818 sed
1324 1785 1362 1817 et
1378 1778 1456 1817 hoc
1476 1784 1632 1830 praeter
1650 1778 1737 1816 Hoss

280 1836 380 1875 meri
406 1836 683 1874 auctoritatem
711 1842 853 1885 novat,
894 1842 940 1874 ut
974 1837 1142 1875 verbum
1171 1837 1278 1888 apud
1303 1836 1414 1874 illum
1440 1841 1627 1873 neutrum
1654 1835 1738 1898 ipse

284 1893 461 1931 activum
480 1892 610 1930 faciat.
667 1906 748 1930 non
775 1893 877 1930 enim
905 1890 1052 1944 ἑαυτὴν
1067 1890 1370 1945 ἐπαλαστήσασα
1390 1892 1586 1930 Homerus
1603 1891 1737 1942 posuit

281 1953 332 1988 ut
351 1954 500 1990 noster.
557 1955 598 1987 et
625 1948 657 1986 si
687 1948 783 1999 quid
807 1948 850 1986 id
867 1949 1009 1994 refert
1033 1948 1202 1999 simplex
1228 1961 1384 1998 quoque
1398 1947 1535 1995 huius,
1565 1943 1737 1999 αλαστη-

285 2018 380 2054 σας,
410 2005 515 2043 idem
533 2005 715 2056 princeps
738 2010 944 2057 poetarum
966 2005 1142 2043 absolute
1170 2006 1253 2043 sine
1270 2004 1455 2055 regimine
1475 2016 1587 2042 casus
1602 2005 1736 2055 posuit

284 2062 395 2103 Iliad.
426 2078 453 2114 μ
480 2074 519 2102 v.
558 2062 656 2110 165,
685 2061 761 2099 ubi
785 2074 898 2109 ασιος
923 2060 1201 2114 Τρτακίδης..
1215 2058 1466 2112 ,ἀλαστήσας
1493 2059 1587 2108 ἔπος
1611 2057 1734 2111 ηὔδα,

284 2132 368 2157 non
390 2124 521 2157 autem
551 2115 689 2159 ἑαυτὸν
719 2113 962 2171 ἀλαστήσας,
990 2124 1038 2157 ut
1063 2117 1129 2156 hic
1145 2091 1311 2156 Michael
1334 2117 1584 2168 Palaeologus
1614 2129 1637 2153 a
1656 2116 1735 2155 Pa-

285 2174 470 2227 chymere
491 2173 708 2213 inducitur.

397 2231 566 2284 ἐπέχει
581 2247 604 2271 ν
633 2245 670 2283 p.
689 2230 772 2273 256
792 2233 928 2271 v.13.
986 2230 1146 2270 videtur
1164 2229 1242 2268 hoc
1261 2229 1348 2267 loco
1369 2228 1523 2282 ἐπέχειν
1539 2241 1643 2267 nove
1661 2241 1736 2280 po-

284 2288 403 2326 situm
429 2302 503 2339 pro
523 2288 698 2327 coarcere
722 2294 758 2324 et
779 2288 981 2338 castigare
1001 2287 1133 2324 verbis
1149 2301 1286 2339 aspere
1302 2286 1491 2338 aliquem.
1547 2285 1639 2323 vide
1657 2298 1734 2323 vo·-

282 2357 345 2381 ces
365 2339 634 2396 ἀναδέχεσθαι
653 2350 693 2382 et
711 2339 998 2395 πνευματικός.
1028 2357 1121 2382 nam
1147 2356 1196 2381 ex
1231 2343 1288 2381 ibi
1315 2342 1429 2381 dictis
1454 2341 1606 2395 patebit
1629 2342 1733 2380 ratio

278 2400 615 2452 interpretationis
632 2400 750 2439 huius
772 2399 849 2437 loci
866 2412 984 2438 meae.
1725 2416 1728 2419 ⁴

137 2471 164 2504 p
189 2468 258 2503 384
392 2456 663 2497 ἐπευκτεῖν
692 2471 731 2508 p.
755 2458 838 2497 288
859 2469 898 2494 v.
921 2459 983 2497 11
1027 2457 1111 2507 lego
1127 2455 1192 2494 hic
1215 2450 1553 2507 ἕπευκτησᾶμενος
1569 2469 1591 2493 a
1611 2453 1732 2493 verbo

280 2512 483 2555 ἔπευκτεῖν
511 2513 603 2550 satis
633 2513 822 2550 inusitato
863 2513 930 2549 illo
960 2513 1147 2562 quidem,
1186 2527 1268 2551 non
1291 2519 1425 2550 tamen
1455 2511 1689 2550 abhorrente
1709 2523 1733 2547 a

279 2570 382 2621 stylo
411 2569 529 2607 huius
551 2569 751 2619 scriptoris
767 2569 1000 2619 antiquarii,
1029 2571 1060 2607 si
1087 2570 1172 2619 quis
1203 2570 1322 2618 alius,
1353 2574 1393 2605 et
1407 2562 1583 2606 fastidire
1601 2566 1733 2615 obvia,

281 2625 424 2665 sectari
459 2624 546 2663 avia
573 2625 805 2676 palmarium
828 2626 1015 2677 putantis
1072 2626 1146 2664 sor
1139 2639 1172 2664 e
1202 2627 1235 2663 is
1255 2626 1400 2676 legerat
1418 2624 1523 2675 apud
1539 2615 1652 2662 'LXX
1671 2623 1732 2660 le·-

278 2696 376 2722 rem.
404 2685 459 2723 20
487 2678 655 2731 ἔπευκτή
683 2681 849 2749 ἡμέρα,
873 2681 950 2719 1100
983 2688 1066 2731 est,
1102 2689 1150 2720 ut
1179 2681 1397 2733 Hesychius
1432 2680 1731 2731 interpretatur,

280 2733 527 2791 ἐπιθυμητή,
557 2743 605 2775 ut
624 2737 775 2785 Suidas,
805 2734 922 2789 εὐχῆς
939 2733 1038 2786 agia.
1097 2738 1189 2777 satis
1206 2738 1284 2776 hoc
1301 2738 1355 2775 illi
1378 2735 1624 2774 fundamenti
1641 2735 1732 2773 sue-

281 2796 336 2834 lit
354 2795 405 2834 ad
421 2794 588 2834 verbum
609 2794 807 2835 ἐπευκτεῖν
828 2794 1114 2844 fabricandum,
1142 2801 1190 2833 ut
1208 2795 1282 2832 alia
1298 2792 1441 2845 passim
1459 2793 1594 2831 multa.
1638 2805 1732 2830 nam

283 2851 380 2903 quid
412 2851 478 2889 hic
505 2849 633 2901 ahud,
672 2850 780 2902 quod
805 2849 856 2888 ad
884 2862 968 2889 rem
1003 2851 1121 2890 saciat
1138 2880 1150 2901 ‚
1181 2850 1558 2890 ..comminiscamurl'
1603 2847 1730 2886 codex
