1846 3262
214 171 308 220 184
630 172 866 216 GEORGII
899 173 1253 220 PACHYMERIS

209 289 340 340 λείας,
371 287 439 330 καὶ
472 283 609 342 πάσης
636 285 913 343 ἄπερριμμένη
945 292 1088 343 τιμῆς,
1126 288 1203 344 τὴν
1222 287 1264 332 δ’
1289 289 1504 346 ἀντίζηλον
1524 291 1588 335 ἐπὶ
1606 295 1681 336 τοῦ

209 353 367 413 θρόνου
389 358 463 409 τῆς
482 356 695 409 βασιλείας
714 354 854 413 ὁρῶσα
885 354 1273 412 συμβασιλεύουσαν
1293 358 1358 417 τῷ
1376 359 1508 417 ἀνδρί.
1580 358 1681 404 ὅθεν

210 427 276 467 καὶ
307 423 410 480 πρὸς
438 423 510 466 τὸν
541 422 798 482 πατριάρχην
827 426 1029 481 πέμψασα
1058 423 1221 469 ἱκετεύει
1244 425 1438 484 τοιαύτην
1460 429 1681 487 συμφορὰν

208 493 361 545 ἀμῦναι
389 490 544 550 ταύτῃ,
582 495 650 536 καὶ
675 491 814 548 νόμων
845 495 971 538 θείων
995 493 1242 551 ὗπερμαχεῖν
1265 495 1384 547 ἀξιοῖ.
1455 496 1501 547 ὃς
1521 498 1570 553 δὴ
1595 516 1681 553 μα-

207 561 300 604 θών
322 562 388 603 καὶ
413 558 614 617 ἀγάμενος
623 595 636 615 ,
675 563 710 605 εἴ
731 560 932 614 τοιούτοις
953 564 1168 621 ἐπιχειροίη
1190 562 1211 607 ὅ
1233 565 1428 619 βασιλεὺς
1446 567 1512 608 καὶ
1535 566 1714 623 ἀνέδηνὸ

206 634 290 672 τῶν
312 628 498 673 ἀθίκτων
517 629 686 674 ἅπτεται
702 664 715 684 ,
753 630 808 682 ὥς
825 635 891 675 καὶ
912 633 1009 683 τούς
1034 633 1239 688 κειμένους
1259 631 1413 688 νόμους
1431 633 1586 678 ἐθέλειν
1605 654 1684 678 κα-

156 710 188 744 D
212 705 429 750 ταπατεῖν,
469 698 595 750 αὐτὸς
611 705 796 750 τοιοῦτος
813 701 871 756 μὴ
891 700 1154 757 νομιζόμενος
1175 699 1388 759 πρότερον,
1426 703 1536 746 δεινοὶ
1560 705 1684 747 ἐποίει

209 769 276 810 καὶ
294 764 480 823 διεμήνυε
490 801 503 820 ,
540 769 586 812 τὸ
605 770 680 823 μὲν
701 769 924 823 ὀνειδίζων,
950 771 999 814 τὸ
1021 773 1045 813 δ
1057 770 1068 787 '
1097 772 1281 814 ἐπισείων
1303 771 1437 830 ἐκείνῳ
1460 774 1526 814 καὶ
1542 773 1617 828 τὴν
1638 775 1683 816 ἐκ

207 840 311 879 θεοῦ
331 834 621 893 ἀγανάκτησιν.
692 839 767 889 τὰς
790 839 838 881 δέ
855 855 898 896 γε
923 837 1150 896 προφάσεις
1173 837 1228 890 ὥς
1262 840 1376 883 ἱστὸν
1399 838 1581 898 ἀράχνης
1600 842 1683 885 διέ-

209 909 301 947 λυε·
336 905 384 948 τὸ
404 905 481 962 γὰρ
502 903 636 962 φόβον
657 912 774 951 θεῖον
803 908 909 965 παρ’
935 908 1054 952 οὐδὲν
1076 910 1277 951 τίθεσθαι
1298 913 1432 959 κακῶς
1457 911 1603 966 κρίνειν
1626 913 1682 953 εῗ-
1696 922 1739 957 10

210 971 332 1024 δότος
351 972 449 1017 εἶναι
472 975 518 1018 τὸ
541 974 745 1033 φοβερόν,
782 976 829 1020 τὸ
848 976 986 1032 μέντοι
1010 994 1052 1034 γε
1082 977 1180 1027 τοὺς
1201 979 1345 1028 θείους
1362 975 1514 1032 νόμους
1539 983 1684 1036 φοβεῖ-

206 1047 311 1086 σθαι
335 1042 516 1100 ἀφοβίαν
545 1042 644 1088 εἷναι
663 1046 856 1102 μεγίστην
883 1050 941 1106 τῷ
974 1045 1219 1105 φοβουμένῳ
1229 1079 1243 1100 ,
1281 1045 1357 1089 κᾶν
1377 1044 1398 1089 ὅ
1419 1064 1458 1089 τι
1480 1049 1685 1104 προτείνοι

209 1128 271 1162 τις
292 1112 355 1154 ἐπὶ
375 1117 432 1171 τῷ
459 1117 616 1170 φοβεῖν.
690 1118 823 1157 ταῦτα
842 1119 917 1157 τοῦ
947 1112 1202 1171 πατριάρχου
1223 1117 1290 1157 καὶ
1310 1115 1497 1171 λέγοντος
1518 1118 1582 1158 καὶ
1599 1135 1684 1172 μη-

158 1191 191 1226 Ε
215 1179 404 1234 νύοντος,
451 1180 510 1223 ἔτι
538 1183 562 1224 δ
571 1181 583 1198 ³
614 1180 778 1236 ἑτοίμου
805 1181 923 1233 ι’)’ντος
948 1182 1193 1226 ἀποκόπτειν
1230 1184 1402 1237 ἐκεῖνον,
1449 1186 1484 1226 εἷ
1517 1184 1616 1227 ἄλλο
1643 1202 1684 1227 τι

208 1246 408 1306 πράττοι,
442 1254 517 1304 τῆς
536 1254 611 1293 τοῦ
631 1254 821 1308 Χριστοῦ
842 1250 1075 1306 ὅλομελείας
1095 1250 1150 1302 ὥς
1169 1250 1292 1306 μέλος
1319 1252 1496 1307 σεσηπὸς
1515 1253 1594 1308 ἤδη
1616 1255 1683 1296 καὶ
1696 1264 1739 1301 15

210 1319 438 1374 θεραπείαν
465 1318 525 1374 μὴ
553 1319 844 1376 προσιέμενον,
891 1321 975 1363 ἐπεὶ
1004 1321 1105 1377 ἔγνω
1133 1319 1423 1378 προσκρούσας
1447 1319 1468 1364 ὃ
1491 1322 1686 1375 βασιλεὺς

209 1386 460 1446 ἰσχυροτέρῳ
494 1391 576 1430 τῶν
609 1388 738 1431 αὐτοῦ
773 1386 1011 1443 δυνάμεων,
1049 1391 1117 1432 καὶ
1147 1387 1201 1439 ὥς
1222 1389 1324 1446 πρὸς
1343 1392 1492 1446 Κρῆτα
1512 1393 1685 1446 κρητίζει

211 1457 342 1511 δῆθεν
372 1455 442 1498 τὸν
474 1454 555 1512 ἤδη
587 1455 785 1511 μαθόντα
817 1457 893 1508 τὰς
916 1459 1068 1501 ἐκείνου
1098 1456 1358 1515 ἐπιχειρήσεις
1378 1458 1590 1515 (οὐδὲγὰρ
1620 1460 1684 1502 ἐπὶ

209 1524 355 1581 μικρὸν
389 1524 482 1567 οὐδ’
525 1525 676 1568 ἐκείνου
713 1525 874 1582 ἠρεμεῖν
907 1525 970 1568 εἴα
1000 1526 1098 1575 τοὺς
1127 1527 1346 1581 λογισμοὺς
1379 1525 1403 1581 ἦ
1433 1531 1510 1569 τοῦ
1539 1528 1686 1578 παιδὸς

206 1591 397 1636 Ἰωάννου
420 1593 485 1635 ἐπὶ
507 1596 558 1650 τῇ
575 1594 764 1655 βασιλεία
791 1591 1067 1652 παρόρασις),
1099 1592 1290 1652 πρύμναν
1317 1611 1360 1637 τε
1385 1593 1598 1652 κρούεται,
1635 1596 1683 1640 τὸ
1695 1609 1742 1645 20

210 1712 282 1736 sam
307 1713 460 1736 cernere.
508 1702 574 1737 hoc
596 1704 688 1737 metu
712 1702 813 1738 anxia
834 1703 942 1738 mittit
964 1702 1009 1738 ad
1033 1703 1265 1749 patriarcham
1287 1703 1346 1749 qui
1369 1715 1444 1738 eum
1468 1714 1529 1738 suo
1553 1705 1687 1740 nomine

211 1747 414 1793 suppliciter
437 1752 601 1792 rogarent
624 1753 663 1783 ut
685 1753 756 1784 tam
780 1753 929 1784 atrocem
952 1761 975 1785 a
998 1761 1036 1785 se
1058 1750 1213 1784 iniuriam
1237 1755 1394 1794 arceret,
1419 1750 1687 1797 dignareturque

239 1805 276 1827 ro
301 1804 363 1828 sua
395 1795 602 1829 auctoritate
635 1795 812 1829 deterrere
844 1795 1106 1840 imperatorem,
1130 1807 1174 1831 ne
1196 1800 1265 1831 tam
1289 1802 1453 1841 proterve
1475 1808 1599 1831 uxores
1622 1809 1686 1842 pro

211 1805 308 1874 iibito
332 1840 565 1875 commutando
589 1840 711 1875 divinis
731 1841 866 1886 legibus
888 1841 1031 1876 illudere
1051 1842 1206 1876 auderet.
1253 1842 1395 1883 miratus
1418 1842 1597 1887 plurimum
1619 1845 1686 1877 hoc

212 1886 357 1920 audiens
378 1886 575 1931 patriarcha
599 1890 652 1920 est
675 1887 821 1932 cogitari
843 1887 1078 1933 attentarique
1101 1899 1157 1923 res
1182 1888 1270 1922 tales
1294 1889 1337 1922 ab
1360 1888 1590 1933 imperatore,
1623 1900 1687 1933 pa-

212 1931 280 1965 lam
312 1932 518 1967 inconcessis
552 1932 722 1976 inhiante,
755 1945 819 1967 nec
840 1938 982 1969 verente
1004 1946 1067 1979 per
1100 1934 1315 1968 conculcatas
1340 1934 1434 1979 leges
1458 1934 1491 1967 in
1516 1935 1688 1979 cupidita-

212 1981 285 2011 tum
308 1978 509 2023 obsequium
538 1990 658 2022 ruere;
695 1983 844 2024 quantae
867 1979 960 2014 illum
984 1980 1156 2026 nequitiae
1188 1991 1347 2025 capacem
1379 1992 1448 2014 non
1470 1985 1550 2015 ante
1575 1981 1687 2014 credi-

213 2023 330 2058 disset.
379 2036 486 2070 quare
517 2025 607 2059 haud
633 2025 778 2060 molliter
808 2025 1040 2071 castigandam
1071 2031 1167 2060 ratus
1200 2031 1429 2071 erumpentem
1459 2028 1495 2060 in
1529 2031 1598 2060 tam
1630 2027 1685 2060 in-

212 2070 423 2104 verecundos
454 2081 557 2105 ausus
591 2071 775 2116 insaniam,
807 2072 1008 2117 gravissime
1037 2072 1131 2107 illum
1164 2084 1232 2118 qua
1264 2073 1500 2117 exprobrando
1531 2084 1600 2118 qua
1624 2073 1688 2107 ob-

212 2115 379 2161 iurgando
412 2116 601 2162 increpuit,
635 2117 734 2152 minis
765 2117 870 2152 etiam
901 2119 1079 2153 intentatis
1110 2119 1184 2153 irae
1206 2118 1352 2153 divinae.
1399 2119 1499 2153 simul
1521 2120 1687 2162 allegatos

214 2161 249 2195 in
281 2163 453 2196 obtentum
487 2167 669 2208 protervae
699 2163 863 2198 lasciviae
898 2169 1095 2208 praetextus
1136 2169 1175 2199 ut
1209 2165 1297 2199 telas
1329 2176 1528 2199 aranearum
1560 2165 1687 2200 amovit

216 2207 456 2253 difflavitque,
490 2209 663 2253 sapienter
693 2221 830 2245 monens
863 2210 1047 2245 formidare
1077 2210 1142 2245 vim
1166 2211 1334 2245 hominum
1365 2217 1400 2245 et
1423 2211 1477 2245 dei
1500 2221 1622 2244 numen
1645 2222 1688 2245 ac

215 2252 354 2297 vigilem
377 2255 414 2288 in
448 2255 580 2290 scelera
619 2255 803 2290 vindictam
837 2257 957 2291 audaci
991 2257 1131 2291 licentia
1162 2268 1325 2302 spernere
1356 2256 1491 2291 nonnisi
1515 2258 1587 2291 eius
1611 2268 1688 2291 esse

217 2299 276 2344 qui
300 2299 343 2334 de
365 2311 447 2351 vere
470 2301 678 2336 terribilibus
701 2302 847 2348 pessime
869 2302 1010 2346 iudicet,
1034 2303 1113 2337 hinc
1132 2304 1269 2348 quidem
1293 2303 1398 2338 stulte
1416 2303 1584 2348 trepidus,
1607 2303 1688 2337 inde

215 2349 439 2391 praepostere
474 2358 625 2382 securus·
680 2360 912 2394 quaecumque
943 2349 1011 2384 sibi
1042 2349 1174 2383 demum
1203 2354 1372 2383 terrorum
1404 2353 1543 2395 spectra
1580 2360 1687 2394 prave

216 2391 426 2426 formidolosi
449 2393 655 2438 confingant,
678 2394 810 2429 divinas
832 2395 946 2430 vereri
965 2395 1060 2440 leges
1075 2407 1191 2430 veram
1208 2396 1338 2430 demum
1356 2395 1574 2430 securitatem
1599 2405 1686 2429 esse.

218 2436 389 2472 desineret
410 2437 515 2482 igitur
540 2451 630 2473 vana
654 2440 875 2484 comminisci,
902 2445 938 2476 et
959 2441 1222 2487 trepidationem
1243 2442 1374 2476 inanem
1397 2441 1486 2475 iusto
1510 2445 1546 2475 et
1567 2445 1686 2475 sancto

218 2481 274 2516 dei
304 2487 395 2518 metu
429 2485 680 2530 comprimeret.
725 2487 811 2521 haec
845 2491 882 2521 et
913 2488 964 2522 his
1001 2493 1228 2523 consentanea
1263 2488 1432 2533 gravitate
1453 2487 1514 2521 tali
1538 2498 1687 2531 persona

217 2527 322 2573 digna
344 2535 532 2564 monentem
566 2531 817 2576 patriarcham,
853 2534 1011 2580 clareque
1039 2534 1179 2580 insuper
1212 2533 1393 2568 minantem
1426 2544 1502 2568 sese
1523 2532 1633 2574 illum,
1651 2533 1687 2568 si
1715 2539 1720 2543 ’

217 2586 321 2619 porro
345 2577 496 2620 cogitata
518 2582 746 2622 promoveret,
771 2590 791 2612 e
814 2579 947 2614 Christi
971 2591 1114 2625 corpore
1136 2581 1230 2615 velut
1251 2580 1433 2614 membrum
1454 2578 1628 2624 putridum
1652 2582 1689 2613 et

218 2621 426 2656 curationem
449 2634 616 2668 respuens
640 2624 887 2668 abscissurum,
920 2627 1088 2661 reveritus
1111 2627 1316 2672 imperator,
1348 2628 1408 2662 aut
1430 2625 1545 2670 potius
1569 2626 1688 2659 consu-

216 2676 276 2701 sus
300 2668 512 2714 deprehensa
535 2668 647 2714 turpis
669 2671 744 2704 voti
767 2671 975 2706 conscientia
990 2698 1001 2715 ‚
1034 2678 1260 2718 eventumque
1290 2673 1475 2719 desperans
1499 2671 1611 2716 coepti
1633 2672 1690 2705 sa-

220 2713 348 2748 cultate
375 2715 484 2760 (quod
519 2725 597 2749 sero
626 2716 813 2760 sentiebat)
845 2720 881 2750 et
910 2717 1040 2753 viribus
1066 2718 1274 2765 superioris,
1312 2718 1450 2762 insuper
1472 2719 1624 2751 metuens
1646 2728 1689 2751 ne

218 2763 354 2794 veteres
382 2761 600 2805 patriarchae
626 2761 662 2795 in
684 2773 722 2796 se
745 2762 949 2797 offensiones
972 2765 1016 2798 ob
1040 2770 1186 2799 amotum
1208 2766 1252 2800 ab
1273 2763 1407 2809 imperii
1423 2763 1564 2808 collegio
1587 2763 1691 2798 Ioan-

218 2815 293 2840 nem
320 2806 517 2851 refricaret,
538 2818 581 2842 ac
604 2809 696 2843 clare
717 2809 853 2845 tandem
876 2809 1067 2856 intelligens
1089 2812 1219 2847 frustra
1241 2820 1279 2846 se
1300 2811 1415 2846 fucum
1433 2809 1690 2856 perspicacibus
