1884 3262
492 195 566 236 DE
601 190 874 238 MICHAELE
909 196 1279 240 PALAEOLOGO
1315 199 1364 239 L.
1404 198 1480 240 lv.
1620 198 1716 243 293

250 309 324 356 τοῦ
354 305 436 362 ἀφ’
467 305 618 350 ἑαυτοῦ
654 306 870 365 πράττειν,
897 306 958 363 μή
989 326 1076 359 πως
1110 306 1348 358 ἐπιστάντος
1377 325 1441 351 σοι
1471 314 1547 352 τοῦ
1566 315 1712 366 καιροῦ

247 375 351 417 καθ’
376 374 421 418 ὃν
446 374 690 432 ἀβουλήτως
711 376 902 432 πράττειν
928 376 1250 434 ἀναγκασθήσῃ,
1284 379 1352 420 καὶ
1372 378 1527 432 γέλωτα
1546 377 1702 435 ὄφλοις,
1727 387 1758 420 D

248 442 474 498 ἀποχωρῶν
504 448 577 498 τῆς
602 446 814 500 ἐκκλησίας
843 446 909 486 καὶ
931 444 1092 491 ἄκων.”
1158 450 1291 488 ταῦτα
1310 447 1384 500 μέν
1407 441 1481 488 οὖν
1500 446 1646 497 ἐκεῖνος
1664 450 1705 490 ἓν

244 510 462 567 ὖποθήκης
478 510 617 571 τρόπῳ
636 513 737 569 πρὸς
754 513 825 556 τὸν
843 514 906 556 ἐπὶ
925 518 999 555 τοῦ
1018 515 1305 568 πατριαρχείου
1321 521 1500 571 συνεῖρεν
1513 529 1524 538 ·
1560 514 1648 559 ἀλλ’
1675 515 1700 571 ἦ

212 587 233 620 5
247 579 374 634 ὄρεξις
391 583 641 636 προσίστατο
664 586 739 624 τοῦ
761 579 994 632 ἀκούοντος,
1031 583 1098 623 καὶ
1118 579 1138 623 ὃ
1159 582 1284 637 λέγων
1306 581 1550 626 officiam-9⁶.
1619 589 1700 627 ποῦ

242 649 320 704 γὰρ
347 650 414 690 καὶ
442 651 497 698 εἷς
527 654 623 692 νοῦν
649 651 806 708 ἐκείνῳ,
843 647 900 699 ὥς
916 651 982 692 καὶ
1003 649 1198 703 βασιλεὺς
1220 647 1385 692 ἐπινεύει
1405 655 1537 692 ταῦτα
1556 653 1622 693 καὶ
1646 653 1698 695 τά

241 721 316 771 τῆς
344 722 582 772 συμβουλῆς
607 717 756 773 Ἰωσὴφ
785 719 940 760 ἐκεῖθεν
973 718 1402 773 προανακὲκρουσται,·
1446 717 1571 771 ἔμεινε
1599 723 1696 775 γοῦν

241 787 308 827 καὶ
335 785 393 827 ἔτι
418 787 483 827 καὶ
514 785 774 839 ἔπεστοίβασε
803 784 1018 841 κληρικούς
1047 803 1089 829 τε
1119 788 1186 828 καὶ
1219 783 1410 843 ἱεράρχας
1434 792 1691 841 χειροτονῶν,
1715 803 1747 837 Ε

239 853 410 909 ἀφορῶν
430 853 533 909 πρὸς
550 853 625 908 τὴν
645 858 717 896 τοῦ
738 859 987 909 κρατοῦντος
1006 853 1223 908 εὐμένειαν.
1270 854 1318 898 τὸ
1339 854 1380 896 δ’
1406 853 1477 910 ἄρ’
1492 850 1550 910 ,ἦν
1565 854 1689 911 χλεύη

183 926 226 960 10
238 924 304 963 καὶ
333 921 456 976 γε’λως
466 954 480 973 ,
515 923 582 964 καὶ
602 921 647 964 τὸ
668 924 723 971 εἰς
743 923 890 964 ἐκεῖνον
909 922 1076 975 ἐλπίζειν
1099 921 1196 965 ὅσον
1215 924 1282 964 καὶ
1303 926 1361 979 τῷ
1387 922 1430 964 ἓν
1450 925 1582 976 μνίοις
1603 928 1687 966 θα-

235 987 412 1044 λάσσης,
450 990 532 1031 ἐπεὶ
551 994 625 1043 τῆς
645 989 742 1039 νεὼς
759 988 955 1033 rinengam
965 1024 978 1042 ,
1014 994 1243 1046 θαρροῦντι
1261 989 1478 1042 σώζεσθαι.
1544 991 1638 1034 ἀλλ’
1664 991 1685 1036 ὅ
1707 1005 1734 1039 P
1761 1007 1824 1041 193

234 1062 394 1112 κρατῶν
423 1057 497 1111 τὴν
523 1055 708 1112 ὑποψίαν
737 1059 925 1101 ἐκκλίνειν
950 1058 1105 1101 ἐθέλων
1126 1060 1192 1100 καὶ
1214 1058 1390 1112 συνέχειν
1410 1068 1686 1114 προσεποιεῖτο

1560 1128 1572 1143 τ
1611 1127 1624 1144 2
1664 1124 1685 1146 l*

231 1127 298 1167 καὶ
327 1125 500 1180 εὐμενῶς
524 1125 816 1182 προσεφέρετο,
855 1128 920 1168 καὶ
949 1133 1135 1183 παρεῖχεν
1161 1127 1297 1186 ἐκείνῳ
1324 1130 1515 1179 πλεῖστα,
1554 1144 1604 1184 εφ
1649 1147 1685 1187 ῳ

232 1195 362 1248 διδοίη
383 1195 448 1236 καὶ
466 1193 540 1243 τὰς
559 1198 641 1237 τιόν
662 1198 823 1237 πολλῶν
845 1193 1033 1245 ὲξωνοΐτο
1056 1192 1244 1250 γνώμας,
1281 1194 1385 1238 ὥστε
1411 1196 1478 1236 καὶ
1505 1199 1579 1250 τῆς
1599 1201 1680 1239 τῶν

176 1267 218 1301 15
229 1265 360 1315 βαΐων
384 1260 528 1318 ἑορτῆς
554 1260 773 1317 ἐπιστάσης
779 1295 793 1315 ,
817 1261 896 1306 ,ὅτε
917 1264 984 1305 καὶ
1004 1261 1027 1318 ἦ
1049 1261 1236 1318 συνήθης
1255 1264 1297 1314 ἐξ
1317 1262 1478 1319 ὄρθρου
1499 1266 1678 1308 λιτανεία

227 1334 423 1382 τελεῖται,
461 1329 586 1380 αὐτὸς
611 1330 779 1385 πέμψας
808 1335 977 1373 πλεῖστα
1008 1332 1052 1381 ἐξ
1080 1329 1259 1387 ἀργύρου
1289 1333 1355 1373 καὶ
1374 1334 1531 1385 χαλκοῦ
1559 1334 1677 1386 νομί-

226 1415 365 1452 σματα
395 1398 498 1456 πρὸς
526 1403 598 1441 τοῦ
626 1404 875 1455 κρατοῦντος
893 1397 1120 1454 ἐλάμβανε,
1148 1401 1214 1441 καὶ
1232 1397 1449 1455 ἁρπεδόσιν
1469 1400 1675 1443 ἐνδεῖσθαι
1699 1406 1726 1440 Β

224 1505 392 1541 dedecore
426 1505 653 1541 extrudendus
686 1518 734 1541 es.
782 1507 886 1541 breve
908 1509 1018 1541 restat
1038 1510 1096 1542 tuo
1119 1507 1262 1552 spatium
1284 1503 1444 1548 arbitrio,
1475 1506 1589 1542 brevis
1619 1512 1673 1542 est

224 1552 356 1586 occasio
379 1552 566 1587 voluntarie
587 1564 629 1587 ac
649 1553 786 1587 laudate
808 1553 1025 1597 defungendi.
1071 1554 1100 1587 si
1124 1553 1283 1598 negligis,
1314 1551 1429 1585 statim
1452 1557 1584 1597 tempus
1609 1554 1671 1588 nd-

225 1599 291 1631 erit
320 1609 386 1643 quo
418 1598 486 1632 iam
517 1601 655 1632 coactus
687 1603 724 1632 et
753 1610 828 1632 cum
858 1599 930 1632 risu
963 1598 1164 1632 aemulorum
1194 1597 1338 1632 ecclesia
1359 1597 1483 1631 invitus
1505 1598 1672 1633 excedere

224 1643 443 1688 compellaris.
454 1642 474 1659 ”
521 1644 604 1677 haec
626 1643 697 1686 ille,
729 1644 790 1677 fidi
811 1655 848 1677 se
872 1644 998 1677 consilii
1019 1645 1215 1678 benevolum
1247 1646 1415 1677 auctorem
1439 1644 1575 1685 ferens,
1606 1656 1671 1689 pe.-

221 1689 434 1723 triarchalem
467 1689 662 1732 dignitatem
691 1689 823 1732 gerenti
852 1688 1034 1733 suggessit.
1079 1690 1138 1723 sed
1162 1701 1225 1723 non
1249 1688 1378 1734 reperit
1399 1688 1527 1722 aditum
1548 1688 1583 1722 in
1608 1701 1670 1722 nu-

221 1735 346 1768 dientis
369 1735 477 1769 animo
501 1734 664 1768 aviditate
687 1734 722 1768 in
745 1738 846 1778 gustu
869 1734 1057 1779 praesentis
1080 1734 1157 1768 boni
1179 1735 1291 1767 defixa
1314 1736 1560 1778 praeoccupato
1585 1745 1668 1776 qua-

219 1781 262 1814 lis
285 1780 350 1814 ista
374 1792 515 1825 cumque
537 1780 730 1824 suggestio:
761 1781 925 1824 quomodo
959 1780 1044 1814 enim
1077 1780 1113 1814 id
1146 1779 1344 1824 persuaderi
1375 1778 1440 1812 sibi
1475 1780 1667 1814 Germanus

219 1826 366 1866 sineret,
387 1825 546 1869 ignorans
569 1837 636 1870 quo
657 1825 836 1859 inclinaret
858 1826 1060 1870 imperator,
1083 1837 1125 1859 ac
1147 1837 1190 1859 ne
1211 1824 1378 1869 suspicari
1399 1823 1533 1869 quidem
1552 1825 1668 1859 valens

217 1871 300 1906 talia
322 1872 386 1905 sibi
408 1874 491 1904 nutu
513 1871 659 1905 eiusdem
682 1883 724 1904 ac
745 1871 887 1916 impulsu
910 1871 1079 1916 proponi?
1101 1870 1253 1916 perstitit
1273 1870 1376 1914 igitur
1398 1870 1507 1903 adhue
1529 1869 1563 1903 in
1585 1881 1666 1915 pro-

215 1917 327 1963 posito
349 1918 496 1951 tuendae
515 1916 737 1962 possessionis
758 1918 869 1951 throni
891 1928 995 1962 seque
1017 1916 1052 1951 in
1074 1928 1116 1951 ea
1138 1915 1291 1950 firmandi
1304 1940 1315 1957 ,
1343 1916 1389 1949 nd
1411 1915 1474 1950 hoc
1496 1915 1663 1950 affectans

216 1970 298 1997 tunc
321 1974 395 1996 cnm
418 1962 559 1996 maxime
581 1974 677 1996 usum
700 1966 874 1996 ostentare
895 1962 1041 1996 labantis
1063 1963 1254 2008 potestatis,
1274 1962 1371 2006 quasi
1386 1972 1459 1995 enm
1476 1960 1542 1994 sibi
1557 1961 1660 1995 multe

214 2008 305 2042 illius
327 2009 488 2043 exercitio
509 2008 616 2053 magis
638 2012 817 2042 assereret.
861 2009 1058 2053 frequentes
1088 2019 1170 2052 ergo
1203 2007 1399 2042 clericorum
1427 2010 1463 2040 et
1483 2005 1660 2051 episcopo-

213 2065 288 2088 rum
310 2054 535 2088 ordinationes
559 2053 760 2094 celebravit,
782 2055 891 2087 fretus
913 2053 1045 2087 scilicet
1070 2057 1239 2087 ostentato
1261 2051 1420 2097 principis
1442 2052 1576 2094 favore,
1601 2052 1660 2096 qui

212 2103 324 2133 tamen
344 2099 519 2133 ludibrium
543 2111 669 2133 merum
688 2103 726 2134 et
745 2099 859 2133 irrisio
881 2102 976 2142 erat3
1011 2099 1063 2133 cui
1096 2111 1204 2132 vanae
1230 2096 1432 2132 simulationi
1453 2096 1658 2130 benevolen-

212 2145 283 2178 tiae
305 2144 366 2178 niti
388 2157 463 2179 eum
486 2156 689 2189 magnopere
707 2144 816 2179 simile
836 2145 988 2179 nimirum
1011 2145 1077 2178 fuit
1098 2145 1255 2189 quiddam
1279 2155 1320 2177 ac
1342 2142 1372 2176 si
1392 2141 1467 2186 quis
1488 2141 1655 2185 navigans

210 2201 367 2234 spumosa
386 2190 568 2235 superficie
589 2190 744 2224 undantis
766 2191 887 2230 maris,
923 2195 1037 2224 crusta
1056 2190 1200 2235 quadam
1222 2189 1316 2222 fluxa
1336 2187 1557 2221 innatantium
1577 2198 1654 2221 sor-

210 2235 322 2276 dium,
355 2235 500 2269 muscosi
533 2236 671 2280 cespitis
702 2239 762 2270 aut
790 2236 946 2279 ingestae
976 2235 1086 2269 arenis
1108 2236 1206 2278 elgae
1227 2233 1428 2268 soliditatem
1450 2232 1654 2274 mentientis,

209 2280 370 2314 sustineri
400 2293 437 2314 se
465 2287 622 2326 speraret
654 2292 773 2326 posse,
808 2288 912 2326 atque
943 2282 987 2314 ad
1020 2285 1199 2314 extremum
1224 2291 1245 2312 a
1265 2277 1472 2312 demersione
1503 2276 1651 2319 servari,

210 2326 268 2359 ubi
299 2337 319 2359 e
349 2327 427 2360 navi
457 2326 648 2361 excidisset.
694 2333 864 2360 caeterum
885 2327 1067 2371 imperator
1091 2336 1172 2359 suas
1200 2324 1364 2368 quasdem
1385 2327 1523 2358 senatus
1543 2322 1649 2357 ratio-

209 2381 288 2413 nes,
323 2371 366 2405 ob
389 2382 473 2416 quas
496 2371 664 2405 vitandam
686 2373 830 2416 putabat
849 2372 1070 2417 suspicionem
1093 2381 1233 2404 aversae
1255 2381 1277 2404 a
1300 2371 1469 2403 Germano
1491 2368 1649 2403 volunta-

207 2417 275 2458 tis,
308 2417 446 2460 egregie
474 2417 623 2462 perstitit
648 2417 683 2451 in
714 2417 924 2451 simulatione
953 2416 1090 2451 fovendi
1118 2414 1385 2460 protegendique
1411 2414 1537 2459 ipsum,
1579 2425 1647 2449 non

206 2461 312 2496 solum
335 2462 427 2496 vultu
449 2473 667 2506 sermoneque
688 2462 722 2496 in
745 2463 998 2507 congressibus,
1029 2462 1158 2495 cunetis
1188 2472 1289 2495 verae
1318 2460 1572 2494 benevolentiae
1593 2459 1647 2505 in-

205 2507 304 2541 dicii‘s
326 2508 567 2548 monstrandis,
601 2518 719 2541 verum
741 2507 1014 2552 etiampecuniis
1036 2507 1131 2552 large
1151 2505 1334 2548 donandis,
1365 2505 1488 2551 quibus
1510 2504 1567 2538 ille
1589 2504 1646 2539 vi·

204 2553 330 2587 delicet
357 2554 519 2588 adversas
540 2553 606 2587 sibi
627 2553 860 2587 reconciliaret
889 2553 1090 2587 voluntates.
1133 2564 1200 2597 quo
1224 2552 1260 2586 in
1282 2563 1406 2596 genere
1427 2549 1567 2594 contigit
1588 2549 1643 2583 in-

203 2603 318 2632 stante
339 2601 524 2644 palmarum
545 2599 654 2640 festo,
681 2609 748 2642 quo
769 2598 924 2632 solemnis
945 2598 1023 2632 duci
1045 2609 1107 2643 per
1127 2599 1242 2632 urbem
1263 2596 1463 2642 supplicatio
1485 2594 1644 2641 precibus

203 2643 424 2678 decantandis
454 2645 646 2685 consuevit,
671 2649 719 2677 ut
747 2655 821 2678 cnm
847 2643 956 2677 missis
978 2643 1022 2677 ed
1042 2644 1277 2688 imperatorem
1299 2643 1369 2677 suis
1391 2640 1585 2686 patriarcha
1608 2638 1642 2672 ei

202 2689 412 2724 confidenter
432 2689 614 2723 indicasset
633 2688 786 2732 indigere
809 2700 846 2723 se
867 2689 965 2724 lineis
985 2689 1082 2723 hamo
1106 2700 1184 2723 esca
1204 2689 1318 2723 induto
1339 2686 1531 2726 instructis,
1565 2729 1574 2737 ¹
1586 2683 1641 2719 ui-

202 2734 267 2767 bus
290 2734 334 2768 ad
356 2746 394 2769 se
411 2735 559 2770 homines
581 2734 752 2776 traheret,
775 2733 967 2778 intelligens
988 2734 1044 2768 ille
1066 2738 1184 2779 petere
1205 2734 1314 2779 ipsum
1331 2741 1496 2772 nummos,
1517 2740 1576 2776 qm
1599 2740 1643 2764 us

201 2778 392 2815 imminente
413 2791 535 2826 pompa
557 2779 753 2825 spargendis
775 2779 809 2813 in
830 2779 960 2824 plebem
981 2779 1094 2814 studia
1114 2791 1233 2825 parum
1255 2779 1320 2813 sibi
1340 2777 1527 2812 faventium
1548 2786 1640 2809 eme-

201 2829 351 2870 teretur,
392 2826 546 2861 continuo
577 2825 668 2860 misit
694 2836 849 2870 magnam
877 2825 1007 2871 copiam
1042 2837 1164 2861 aereae
1200 2829 1448 2870 argenteaeque
1476 2826 1643 2861 monetet,-
