1846 3262
239 222 305 271 46
493 261 499 270 x
666 221 902 267 GEORGII
932 212 1287 266 PACHYMERIS

240 334 407 396 τρόποις
435 334 496 387 οἷς
523 336 649 392 ἐκείνη
676 335 829 395 πέφυκε
858 337 1132 392 κλέπτεσθαι,
1169 339 1238 381 καὶ
1277 337 1347 381 δαὶ
1378 340 1505 381 τοῦτο
1536 335 1627 380 οἵτ’
1658 329 1734 392 ἦιῖ

240 405 481 458 σπουδάζειν
516 407 580 449 ἐπὶ
607 405 656 450 τὸ
689 409 825 462 μεῒζον
854 406 880 464 ἢ
910 408 1015 452 κατὰ
1047 407 1145 458 τοὺς
1170 406 1320 457 ἄλλους
1346 404 1537 464 πράττειν
1569 409 1713 462 πειρᾶ-

176 468 185 475 ”
240 481 370 528 σθαι,
407 479 481 518 τοῦ
513 476 741 531 δυναμένου
772 476 896 533 λέγειν
918 476 1021 534 πρὸς
1043 476 1219 531 βασιλέα
1242 477 1308 519 καὶ
1327 481 1551 533 μαρτυρεῖν
1571 479 1712 518 καθα-

242 549 324 602 ρῶς
344 543 418 587 οὐκ
437 543 578 598 ὄντος,
618 547 684 588 καὶ
710 542 886 600 μάταιος
903 541 953 602 ἦν
974 544 1000 602 ἦ
1023 545 1181 601 σπουδὴ
1202 549 1262 603 τῷ
1280 542 1553 597 σπουδάζοντι
1574 561 1713 599 παρα-

184 623 216 658 Ε
242 613 483 672 λογιζομένῳ
504 611 700 664 πολλάκις
720 616 787 658 καὶ
807 614 1058 675 ζημιουμένῳ
1081 615 1157 669 τὴν
1179 614 1249 672 ἐφ’
1276 611 1337 663 οἷς
1357 613 1532 670 ἔπραξεν»
1554 611 1745 656 effluxi-5

238 699 377 739 μησιν.
447 687 522 726 νῦν
551 682 593 725 δ’
619 683 711 726 ἀλλ’
735 684 799 727 ἐπὶ
825 688 908 727 τῶν
929 681 1163 740 κηδεμόνων
1184 687 1267 727 τῶν
1289 679 1544 739 πραγμάτων
1569 684 1712 724 τελου-

238 751 372 807 μένων
392 755 527 802 καλῶς
545 751 595 795 ἂν
614 751 697 808 ἔχοι
716 753 791 808 τὴν
809 751 982 797 ἑκάστου
1014 752 1200 807 σπουδὴν
1221 751 1404 810 φανερὰν
1426 749 1523 794 εἶναι
1543 751 1610 793 καὶ
1629 755 1716 799 τοῖς
1759 753 1766 757 “

239 821 450 876 ,ἀμείνοσιν
478 821 816 876 ἀνταμείβεσθαι.
888 822 952 866 διὸ
976 824 1043 866 καὶ
1066 821 1348 866 σπουδαστέον
1370 818 1491 876 ἡμῖν,
1532 820 1615 862 ἐπεὶ
1641 818 1716 862 οὒκ

244 889 331 933 ἴστι
361 890 407 933 τὸ
438 890 509 934 τὸν
536 890 710 944 βασιλέα
725 890 926 945 δεδιέναι,
963 891 1010 935 τὸ
1032 890 1133 948 ὖπέρ
1155 895 1230 935 τοῦ
1250 889 1454 945 βασιλέως
1471 892 1712 946 φοβεῖσθαι,

245 957 302 1009 ὥς
323 960 513 1003 ἐντεῦθεν
532 958 558 1015 ’ἢ
580 955 622 1002 εὖ
634 994 647 1014 ,
681 962 714 1004 εἶ
733 958 900 1014 σώζοιτ’
921 961 1092 1014 ἐκεῖνος,
1130 959 1157 1016 ’ἢ
1185 964 1343 1012 κακῶς,
1379 960 1414 1002 εἰ
1439 957 1498 1014 μὴ
1530 954 1715 1010 σώζοιτο,
1729 964 1774 999 10

244 1027 344 1084 ἡμῖν
374 1029 542 1081 ἐλπίζειν
572 1030 824 1085 συμβαίνειν.
894 1031 963 1073 καὶ
991 1034 1125 1073 ταῦτα
1154 1030 1228 1084 μὲν
1254 1028 1358 1086 πρὸς
1378 1026 1475 1077 τοὺς
1497 1026 1619 1081 ἐμοὺς
1641 1043 1719 1070 συ-

247 1095 506 1155 στρατιώτας
533 1095 642 1153 ὖμᾶς
663 1101 730 1142 καὶ
758 1096 1038 1156 συντρόφους·
1073 1098 1177 1156 πρὸς
1197 1098 1241 1141 δὲ
1261 1097 1360 1148 τούς
1385 1094 1446 1147 οἷς
1470 1093 1652 1152 ὑπερέχει
1670 1093 1718 1138 τὸ

131 1171 160 1206 Ρ
183 1172 228 1206 26
250 1166 366 1226 Ιγένος
384 1169 451 1210 καὶ
467 1167 676 1223 διαπρέπει
694 1168 746 1211 τὰ
764 1166 1001 1223 ἀξιώματα,
1035 1166 1257 1224 ὖπέρχεταί
1269 1183 1342 1221 μοι
1358 1164 1463 1221 μετὰ
1487 1164 1721 1222 παρρησίας

249 1238 317 1280 καὶ
346 1241 422 1292 τῆς
450 1234 739 1293 προσηκούσης
765 1236 1002 1294 ἐλευθερίας
1023 1239 1144 1280 εἶπεΐν
1166 1234 1221 1286 ὥς
1242 1235 1381 1291 ἀληθῆ
1402 1233 1569 1285 λέξοντι.
1641 1231 1720 1290 ἐγὼ

250 1304 341 1350 οὔτ’
376 1306 498 1355 ῗδίαις
531 1307 598 1348 καὶ
630 1304 901 1361 αὖτοβούλοις
928 1306 1210 1364 προαιρέσεσιν
1241 1303 1335 1348 οὔτε
1360 1304 1444 1359 μὴν
1473 1305 1614 1361 σκοπῷ
1641 1302 1719 1346 τινὶ
1731 1306 1775 1342 15

251 1376 319 1418 καὶ
349 1374 496 1432 μελέτῃ
526 1381 617 1425 ταῖς
644 1379 718 1418 τοῦ
747 1375 949 1430 βασιλέως
986 1374 1250 1432 προσανέχειν
1281 1375 1519 1430 ἐπιτροπαῖς
1548 1369 1720 1429 ᾕρημαι,

252 1443 359 1486 ἀλλὰ
379 1447 544 1500 πρῶτον
562 1444 637 1499 μὲν
658 1444 876 1495 ἐπιστολὰς
897 1448 1066 1502 πληρῶν
1082 1441 1300 1499 βασιλέως,
1317 1441 1453 1485 ἔπειτα
1471 1440 1528 1484 δέ.
1563 1439 1651 1483 ἀλλ’
1671 1438 1720 1484 οὗ

250 1510 458 1568 βούλομαι
495 1511 632 1569 λέγειν.
650 1549 658 1554 .
702 1512 809 1570 πλὴν
839 1515 907 1556 καὶ
931 1511 1049 1569 ὑμῶν
1075 1510 1309 1564 θελόντων,
1357 1509 1467 1554 οὕτω
1500 1511 1568 1553 καὶ
1593 1506 1722 1564 μόνον

254 1581 518 1639 προσανέχειν
563 1583 630 1625 καὶ
673 1580 731 1626 ἔτι
769 1588 861 1633 ταῖς
904 1583 1142 1640 ἒπιτροπαΐς
1188 1577 1408 1637 βούλομαι.
1477 1580 1512 1622 εἰ
1548 1577 1591 1621 δ’
1631 1572 1720 1630 οὖν,

203 1658 234 1693 Β
260 1651 356 1695 ἀλλ’
377 1649 492 1707 ὑμεῖς
512 1650 586 1706 μὲν
608 1650 679 1695 τὸν
700 1649 1044 1711 ἐπιτροπεύσοντα
1061 1653 1276 1710 ε’φιστᾶτε,
1314 1643 1403 1705 ἐμοὶ
1425 1646 1469 1692 δ’
1489 1646 1648 1706 ἀρκέσει
1673 1645 1779 1691 τό20

343 1773 401 1808 20.
425 1769 740 1817 ἐπιτροπεύσαντα
760 1773 801 1809 P.

256 1888 368 1923 eaque
401 1879 478 1912 arte
506 1888 608 1922 quam
638 1889 682 1912 ex
713 1877 898 1912 observata
934 1879 1060 1912 natura
1091 1875 1164 1911 eius
1187 1878 1293 1922 atque
1315 1873 1431 1909 indole
1451 1873 1528 1909 fore
1550 1871 1725 1917 intellige-

255 1924 342 1959 bant
374 1923 418 1958 ad
452 1934 590 1968 scopum
620 1923 787 1959 intentum
819 1924 1004 1959 efficacem.
1049 1922 1129 1957 hinc
1161 1927 1238 1957 erat
1266 1921 1388 1957 inutile
1417 1920 1627 1955 contendere
1649 1926 1726 1953 stu·

257 1969 350 2004 dium
374 1974 410 2004 et
433 1969 552 2004 conari
577 1970 675 2015 plura
698 1982 796 2016 quam
820 1970 925 2012 alios,
959 1981 1034 2004 cum
1065 1980 1162 2004 nemo
1186 1971 1280 2004 esset
1302 1966 1360 2013 qui
1385 1971 1502 2014 posset
1523 1966 1590 2000 hoc
1610 1965 1724 2011 ipsum

258 2015 460 2062 imperatori
490 2015 687 2061 siguificare
720 2028 761 2050 ac
795 2016 946 2051 debitum
978 2016 1101 2050 virtuti
1135 2013 1364 2050 testimonium
1397 2012 1558 2048 reddere.
1603 2021 1726 2053 vanus,

260 2062 420 2107 inquam,
449 2067 525 2097 erat
548 2063 645 2097 labor
667 2061 865 2108 impendere
887 2073 926 2098 se
949 2062 1085 2108 publico
1109 2066 1145 2096 et
1167 2072 1291 2106 magna
1313 2060 1349 2094 in
1371 2071 1443 2095 rem
1462 2056 1629 2105 principis
1652 2068 1738 2093 mo-.

261 2108 339 2151 liri,
377 2119 452 2142 cum
482 2120 589 2154 saepe
622 2108 837 2154 contingeret
867 2109 1021 2144 delusum
1053 2112 1089 2142 et
1120 2107 1405 2149 circumventum,
1437 2105 1496 2151 qui
1516 2104 1568 2139 sic
1592 2105 1724 2148 egerat.

259 2165 325 2201 pro
357 2154 459 2189 laude
491 2166 533 2189 ac
566 2154 679 2199 gratia
711 2156 834 2190 damna
861 2160 898 2190 et
931 2154 1165 2190 contumeliam
1194 2153 1338 2188 referre.
1385 2163 1476 2186 nunc
1500 2151 1604 2185 rebus
1625 2148 1726 2184 mini·

261 2207 408 2236 sti-orum
432 2200 583 2235 fidelium
607 2213 711 2236 curae
731 2201 940 2244 commissis,
959 2201 1102 2244 ‚nullum
1125 2204 1221 2235 recte
1242 2200 1371 2243 factum
1393 2197 1536 2239 latebit,
1559 2195 1727 2242 cuiusque

260 2247 375 2281 virtus
405 2254 630 2293 agnoscetur,
669 2247 818 2282 studium
846 2249 959 2293 palam
990 2247 1078 2289 erit,
1113 2246 1211 2281 labor
1240 2243 1518 2291 compensabitur
1548 2241 1727 2287 condignis

260 2292 434 2338 praemiis.
481 2305 591 2338 quare
622 2293 812 2339 augendum
833 2294 980 2328 studium
1003 2298 1077 2335 est,
1109 2291 1349 2328 contendenda
1374 2288 1543 2325 industria
1563 2288 1599 2323 in
1623 2282 1727 2322 obse-

260 2339 377 2384 quium
409 2338 594 2385 principis,
627 2346 664 2375 et
693 2351 715 2375 a
749 2352 818 2386 quo
851 2340 935 2375 nihil
963 2339 1136 2381 timemus,
1170 2338 1201 2373 ei
1225 2342 1349 2372 cuncta
1370 2336 1560 2371 timeamus.
1605 2334 1727 2368 felices

261 2384 388 2420 erimus
410 2385 441 2419 si
464 2386 579 2420 salvus
602 2386 669 2421 sit:
700 2386 729 2420 si
752 2385 835 2432 qnid
857 2386 908 2421 illi
931 2385 1108 2426 acciderit,
1130 2383 1333 2430 perierimus
1356 2394 1419 2418 nos
1466 2392 1588 2427 noque.
1636 2380 1728 2415 bona

261 2435 299 2466 et
321 2431 410 2466 mela
431 2436 549 2466 nostra
571 2444 616 2466 ex
638 2433 778 2468 fortuna
801 2436 839 2467 et
862 2432 1091 2478 prosperitate
1126 2430 1219 2465 illius
1241 2429 1403 2476 pendent.
1473 2439 1535 2462 aec
1561 2427 1727 2461 hactenus

258 2477 305 2512 nd
328 2478 569 2513 commilitones
593 2482 628 2512 et
651 2478 787 2514 sodales
808 2490 900 2514 meos
925 2478 1017 2512 dixi:
1049 2477 1209 2522 deinceps
1233 2477 1276 2511 ad
1292 2487 1351 2511 eos
1366 2485 1508 2522 quorum
1524 2472 1650 2508 eminet
1664 2484 1728 2517 ge-

259 2534 346 2566 nuS,
381 2535 524 2569 quorum
547 2523 733 2569 dignitates
756 2525 791 2559 in
815 2524 995 2571 republica
1017 2523 1259 2569 praefulgent,
1284 2523 1370 2558 haec
1392 2519 1538 2555 dicenda
1561 2517 1726 2561 iudicavi,

261 2580 334 2605 cum
364 2582 406 2604 ea
436 2570 599 2605 libertate
628 2582 669 2605 ac
700 2570 828 2608 fiducia
859 2582 960 2617 quam
980 2570 1130 2616 inspirat
1150 2568 1304 2614 loquenti
1325 2565 1535 2603 conscientia
1555 2563 1728 2600 veritatis.

261 2627 329 2661 ego
360 2626 428 2651 non
459 2616 602 2662 propria
634 2616 855 2652 inclinatione
889 2616 1103 2662 privatisque
1138 2615 1289 2651 consiliis
1316 2615 1361 2650 ad
1396 2612 1536 2648 tutelam
1559 2610 1727 2657 principis

262 2661 414 2704 accessi,
448 2674 511 2697 nec
534 2667 609 2698 arte
644 2666 705 2697 aut
728 2663 860 2698 ambitu
880 2662 1020 2698 incubui
1042 2666 1081 2697 ut
1104 2662 1147 2697 ab
1171 2661 1248 2696 eius
1271 2663 1373 2707 patre
1393 2662 1461 2694 tam
1485 2656 1593 2693 arduo
1619 2667 1728 2701 nego-

262 2707 312 2742 tio
345 2708 570 2754 praeficeret,
600 2708 662 2743 sed
694 2709 837 2755 primum
870 2721 911 2744 eo
945 2708 1091 2754 prosilui
1121 2707 1288 2754 supremis
1312 2704 1481 2741 mandatis
1502 2701 1726 2749 imperatoris

262 2755 473 2801 obsequens,
509 2754 635 2790 deinde
655 2774 721 2790 -.
770 2754 833 2790 sed
855 2766 980 2790 revoco
1002 2766 1076 2797 me,
1109 2766 1224 2800 neque
1245 2753 1313 2788 isto
1336 2762 1464 2798 genere
1485 2748 1652 2785 orationis
1673 2747 1726 2783 uti

262 2800 353 2835 volo.
399 2800 437 2836 id
459 2800 566 2836 solum
588 2801 765 2848 apudvos
789 2801 975 2846 profiteor,
993 2800 1048 2835 ita
1069 2812 1123 2836 me
1146 2800 1235 2836 velle
1257 2808 1484 2846 perseverare
1503 2795 1542 2831 in
1564 2795 1630 2831 hoo
1654 2805 1733 2830 mu-⁴

264 2857 367 2889 nere,
391 2846 423 2881 si
445 2858 507 2883 vos
530 2847 688 2883 iubeatis.
718 2847 894 2882 decernite
916 2847 1024 2892 igitur
1047 2846 1138 2893 quod
1160 2846 1287 2892 placet.
1319 2843 1502 2900 praeficite
1515 2841 1586 2896 ‚isti
1607 2851 1726 2885 curae,

252 2891 296 2929 xi
318 2892 480 2937 videtur,
502 2893 619 2930 alium:
651 2893 770 2930 cedam
789 2892 955 2937 libenter,
977 2892 1159 2940 redigique
1181 2904 1235 2929 me
1257 2895 1371 2939 patiar
1392 2889 1430 2926 in
1451 2887 1604 2926 ordinem
1611 2911 1624 2933 ‚
1646 2886 1726 2924 loco
