1884 3262
646 203 748 247 LlB.
767 202 801 250 1.
844 185 1223 252 ·GLOSSA.R1UM
1561 209 1658 254 585

203 311 272 353 καὶ
299 307 356 352 δι’
373 311 563 381 ἔρυθρων
585 311 838 386 ’ὑπογράφειν
857 313 1099 384 γραμμάτων
1117 311 1417 385 προστάγματα,
1447 313 1499 359 ου’
1526 316 1660 371 μέντοι

205 371 316 421 μῆνα
345 368 414 409 καὶ
442 370 638 420 ἴνδικτον,
681 369 779 412 ἄλλα
807 368 1073 426 Ἀνδρόνικος
1103 376 1279 426 Χριστοῦ
1309 370 1441 427 χάριτι
1477 373 1663 428 βασιλεῦς

202 425 413 477 Ῥωμαίων.
462 429 653 478 permisit
678 443 769 467 vero
789 431 871 480 ipsi
887 437 1018 481 pater
1024 429 1170 467 edictis
1186 430 1434 470 subscribere
1452 432 1591 471 rubris
1607 433 1664 470 li-

206 484 322 531 teris,
353 490 553 521 caeterum
580 486 666 522 sine
687 499 819 523 mense
836 493 874 524 et
893 485 1135 524 indictione:
1163 485 1238 524 sed
1253 486 1519 526 Andronicus·
1543 489 1666 527 Chri-

205 540 262 576 sti
294 542 438 590 gratia
475 542 693 592 imperator
716 543 1004 581 Romanorum.
1062 542 1160 580 haec
1187 544 1402 595 Gregora83
1441 557 1491 583 ex
1522 540 1664 596 quibus

204 596 395 647 intelliges
413 597 511 647 quid
530 598 581 635 sit
598 598 706 648 quod
724 598 982 651 Pachymeres
1002 599 1159 651 scripsit
1177 597 1432 670 υπογρᾶφειν
1450 603 1565 654 βασιλ
1569 618 1666 650 ικως

203 652 451 690 subscribere
472 656 601 706 regie.-
631 661 689 693 est
712 655 815 694 enim
841 655 885 694 id
910 654 1164 710 ὑπογράφειν
1192 651 1248 697 δι’
1271 656 1458 711 ἕρυθρων
1482 658 1667 696 subscri-

190 709 290 747 -bere
309 709 449 747 rubris·
467 711 576 748 liter
560 725 608 749 ιε.

318 764 590 819 μνημονεύ
602 782 683 809 ειν
716 767 786 810 καὶ
825 765 1162 822 μνημόσυνον
1195 782 1238 821 Ρ.
1263 769 1348 812 374
1374 782 1414 808 V.
1446 772 1511 811 17.
1567 768 1667 808 haee

205 822 471 862 offerebantur
496 837 519 861 a
544 825 701 863 Graecis
729 838 853 878 papae
863 855 874 875 ,
904 825 935 863 si
949 826 1069 864 vellet
1088 826 1281 864 abstinere
1306 839 1330 864 a
1352 826 1537 865 iuvandis
1555 827 1668 864 Lati-

204 880 266 918 nis
285 880 668 933 Constantinopolim
687 887 784 921 tunc
801 883 1097 935 occupantibus.
1153 882 1284 921 verbo·
1310 880 1576 935 μνημονεύειν
1608 883 1665 921 si-

205 936 415 986 gnificatur
434 937 618 976 distincta
639 940 786 977 mentio
805 952 929 991 papae
946 939 988 976 in
1008 939 1126 978 sacris
1145 940 1387 978 Graecorum
1402 939 1567 990 liturgiis
1586 953 1665 991 pu·

193 993 306 1031 blice
335 1007 382 1031 ac
406 994 639 1033 nominatim
663 995 855 1036 facienda.
910 996 995 1047 ipsa
1018 1009 1140 1047 porro
1168 996 1259 1033 talis
1279 997 1601 1034 commemoratio
1617 993 1663 1037 το“

206 1047 463 1102 μνημόσυνον
497 1051 676 1089 absolute
714 1052 984 1091 antonomasia
1016 1052 1306 1103 compendiaria
1341 1052 1488 1091 dicitur
1516 1052 1560 1090 in
1586 1052 1663 1090 hac

203 1106 394 1156 historia,
421 1112 468 1145 ut
495 1107 674 1159 superius
701 1108 877 1147 diximus
905 1109 1027 1148 verbo
1059 1108 1260 1162 ἔκκλητον.
1318 1109 1366 1147 ab
1389 1108 1466 1147 hac
1491 1109 1663 1147 Romani

204 1162 404 1214 pontificis
431 1164 537 1202 inter
564 1177 677 1203 sacra
700 1167 1071 1204 commemoratione
1096 1179 1168 1204 cur
1195 1171 1402 1217 tantopere
1423 1166 1564 1204 Graeci
1591 1166 1664 1203 ab-

204 1218 440 1269 horrerent,
468 1233 626 1259 causam
639 1236 722 1260 non
744 1235 825 1260 esse
844 1222 1037 1273 sapienter
1057 1222 1230 1261 ostendit
1244 1222 1470 1274 imperator,
1499 1222 1559 1260 his
1577 1222 1665 1260 illos

206 1289 349 1327 urgens
364 1277 516 1316 veihis.
545 1278 636 1318 τίνα
657 1274 696 1318 δ’
718 1277 794 1331 ἔχει
813 1274 1096 1319 ἆντικανονίαν
1118 1278 1149 1332 ἦ
1168 1274 1232 1320 ἐπ’
1249 1274 1501 1348 ἐκκλησίας’
1476 1276 1665 1330 αναφορά

205 1335 280 1373 τοῦ
301 1329 498 1401 ὀνόματος
531 1334 724 1383 (subaudi
742 1337 909 1387 papae),
937 1332 1040 1376 ’ὅπου
1065 1349 1109 1388 γε
1122 1334 1192 1375 καὶ
1209 1332 1262 1387 μὴ
1281 1331 1418 1383 πᾶπας
1435 1333 1550 1383 ’ὄντας
1568 1332 1666 1383 τούς

209 1387 355 1438 ἄλλους
385 1385 540 1443 ανάγκη
562 1389 734 1443 μετέχειν
751 1393 910 1433 τοιᾶσδε
930 1394 1003 1442 τῆς
1022 1392 1257 1442 κοινωνίας,
1284 1396 1368 1439 τοῖς
1386 1388 1666 1442 ἐκκλησιάζου-

209 1458 274 1486 σιν
301 1445 610 1498 συνισταμένους
632 1450 706 1488 τοῦ
737 1447 880 1500 ἱερέως.
936 1448 1046 1499 quasi
1067 1447 1230 1486 diceret:
1260 1448 1358 1498 quid
1373 1454 1531 1486 tantum
1553 1448 1668 1486 refu-

208 1502 301 1553 gitis
323 1515 346 1540 a
369 1503 613 1541 nominando
639 1504 744 1542 inter
769 1517 922 1542 sacrum
940 1518 1064 1556 papa,
1094 1517 1186 1543 cum
1202 1504 1258 1542 ibi
1277 1505 1424 1543 multos
1443 1505 1559 1553 alios,
1588 1503 1668 1542 mi-

210 1558 319 1598 noris
348 1560 485 1610 utique
517 1559 736 1611 dignitatis,
765 1561 992 1599 nominatim
1018 1561 1186 1626 exprimi
1204 1574 1281 1599 usu
1300 1561 1392 1599 olim
1410 1560 1581 1612 legitimo
1601 1560 1668 1598 in-

209 1615 409 1654 valuerit?
465 1616 667 1654 verissima
683 1616 781 1656 haec
799 1623 903 1655 sunt.
960 1631 1051 1655 nam
1071 1618 1114 1656 in
1130 1618 1286 1668 liturgia
1306 1619 1344 1656 S.
1356 1618 1514 1655 Ioannis
1535 1616 1614 1654 Chr
1617 1631 1669 1668 y-

210 1671 374 1709 sostomi
395 1671 494 1710 haec
513 1672 675 1723 legimus
695 1687 734 1726 p.
755 1676 810 1715 78
841 1673 1346 1725 Ειιε110103ἰίεένταῦθαὸ
1364 1671 1494 1726 ἷερεῦς
1511 1689 1669 1726 μνημο-

211 1725 323 1768 νεύει
340 1730 398 1768 ών
412 1728 558 1769 θέλειι
540 1726 698 1777 ςώντων
714 1729 782 1770 καὶ
797 1727 1043 1771 τεθνεώτων.
1101 1728 1204 1783 ὑπὲρ
1223 1726 1380 1779 ζώντων
1398 1730 1512 1796 λέγει.
1566 1727 1669 1782 νπὲρ

212 1785 430 1837 σωτηρίας,
458 1785 720 1838 ἐπισκέψεως,
750 1783 930 1837 ἀφέσεως
958 1803 1039 1827 των
1067 1785 1270 1839 αμαρτιῶν
1295 1789 1367 1827 τοῦ
1395 1782 1542 1828 δούλου
1565 1788 1670 1826 θεοῦ

211 1841 355 1888 δεῖνος.
412 1841 482 1879 Ιιίο
507 1841 695 1880 sacerdos
720 1845 900 1881 meminit
923 1857 1096 1895 quorum
1114 1844 1205 1881 wilc
1224 1845 1292 1882 tit
1294 1858 1410 1881 orum
1427 1850 1463 1881 et
1483 1850 1669 1880 mortuo-

211 1911 316 1936 rum.
366 1911 446 1949 pro
475 1899 584 1936 vivis·
611 1898 738 1951 dicit‚·
757 1914 836 1951 pro
860 1901 994 1938 salute
1007 1902 1253 1951 protectione
1273 1907 1310 1938 et
1330 1901 1562 1937 remissione
1575 1912 1669 1951 pec-

211 1961 397 1991 catorum
424 1957 529 1993 servi
553 1954 618 1992 dn·
645 1957 699 1994 N.
755 1969 805 1994 en
823 1962 871 1994 ut
891 1957 1122 1995 nominatim
1143 1956 1289 1995 mentio
1307 1957 1382 1994 fit·
1371 1971 1412 1994 in
1432 1969 1542 1994 sacro
1563 1969 1667 2006 quo-

211 2011 365 2050 rumvis
384 2011 435 2049 ad
453 2011 660 2050 arbitrium
679 2013 906 2051 sacerdotis.
960 2027 1000 2065 p.
1022 2013 1163 2051 deinde
1183 2016 1259 2055 79:
1289 2011 1310 2054 6
1329 2011 1408 2053 δὲ’
1390 2010 1519 2066 ιερεῦς
1536 2012 1667 2061 ἐκφω-

214 2070 287 2107 νεῖ.
344 2066 387 2107 ἐν
413 2065 586 2121 πρώτοις
613 2066 817 2121 μνήσθητι
836 2066 949 2123 κύριε
965 2072 1037 2110 τοῦ
1055 2065 1356 2122 πανιερωτᾶτου
1371 2069 1665 2133 μητρηπολίτου

213 2121 332 2174 ημῶν
358 2126 432 2164 τοῦ
462 2125 603 2172 δεῖνος.
657 2124 846 2164 sacerdos
864 2139 954 2164 vero
975 2128 1196 2164 exclamat:
1225 2127 1267 2163 in
1284 2126 1436 2176 primis
1457 2131 1659 2175 memento,
1681 2129 1710 2165 P
1734 2132 1801 2166 404

216 2178 397 2228 domine,
424 2182 694 2219 sacratissimi
714 2183 987 2234 metropolitae
1003 2183 1132 2220 nostri
1152 2182 1204 2219 ΝΖ
1260 2181 1425 2231 quilibet
1442 2180 1560 2231 igitur
1579 2181 1665 2231 epi-

216 2247 362 2286 scopus>
390 2247 413 2272 a
443 2236 643 2274 sacerdote
668 2237 711 2275 in
740 2238 908 2277 dioecesi
942 2238 1023 2276 eius
1050 2238 1271 2276 celebrante
1295 2236 1453 2275 nomine
1479 2249 1666 2288 expresso

216 2297 471 2330 memoratur.
528 2292 763 2343 quinetiam,
799 2301 848 2333 ut
873 2308 970 2332 mox
1000 2294 1185 2358 additur,
1209 2293 1314 2332 idem
1339 2293 1465 2332 honos
1491 2292 1665 2332 habetur

216 2346 382 2398 simplici
408 2348 602 2386 sacerdoti
623 2355 661 2387 et
678 2350 991 2402 imperatoribus.
1048 2350 1102 2389 sic
1126 2351 1230 2389 enim
1259 2349 1517 2389 adscribitur:
1544 2350 1613 2391 καὶ
1642 2348 1667 2391 6

218 2400 407 2452 διάκονος
421 2401 519 2472 πρὸς
539 2406 590 2459 τῇ
597 2400 721 2472 θύρα
736 2404 831 2455 στας
848 2406 973 2477 λέγει
966 2409 1039 2448 τοῦ
1058 2408 1188 2454 δεῖνος
1206 2402 1503 2461 πανιερωτάτου
1520 2422 1666 2460 μητρο-

217 2462 384 2501 πολίτου
410 2456 440 2512 η’
471 2447 758 2520 ἐπισκόπου,“
738 2475 842 2512 οστις
866 2478 918 2504 αν
941 2458 1000 2534 ᾗ,
1023 2462 1092 2503 και
1117 2460 1219 2516 ὑπὲρ
1243 2466 1316 2504 τοῦ
1336 2465 1668 2516 προσκομίζοντος

219 2513 268 2556 τὰ
289 2513 382 2570 ἅγια
402 2513 512 2585 δωρα
533 2521 657 2557 ταῦτα
681 2503 1000 2572 ευλαβεστοὶτου’”
983 2518 1116 2587 ιερέως
1134 2521 1210 2560 τοῦ
1229 2521 1382 2568 δεῖνος·
1409 2517 1511 2572 υπὲρ
1541 2533 1669 2570 σωτη-

219 2573 307 2625 ρίας
325 2575 406 2613 τῶν
427 2569 714 2625 εὐσεβεστάτων
731 2574 799 2615 και
816 2572 1106 2626 θεοφνλᾶκτων
1126 2576 1319 2629 βασιλέων
1341 2575 1456 2629 ημῶν
1476 2575 1544 2615 καὶ
1562 2572 1669 2615 πάν-

218 2644 299 2669 των
323 2627 392 2669 καὶ
418 2632 571 2670 πασων.
630 2629 655 2671 ὅ
682 2626 821 2685 χορός·
848 2631 916 2672 καὶ
932 2628 1095 2673 πάντων
1111 2632 1178 2673 καὶ
1195 2635 1346 2674 πασῶν.
1404 2640 1442 2670 et
1469 2631 1669 2669 diaconus·

221 2684 312 2722 ad
296 2699 466 2723 ianuam
491 2693 606 2724 stans·
630 2685 754 2724 dicit.-
783 2716 794 2727 .
809 2717 820 2727 .
835 2717 845 2727 .
861 2717 871 2727 .
900 2694 939 2726 et
958 2702 1033 2740 pro
1051 2689 1232 2755 offerente
1246 2703 1367 2728 sacra
1384 2702 1553 2726 munera
1569 2687 1669 2725 llaec

221 2740 474 2779 devotissimo
501 2741 705 2781 sacerdote
724 2743 779 2782 .N.
793 2758 873 2796 pro
892 2745 1024 2784 salute
1036 2748 1319 2797 piissimorum
1338 2752 1374 2783 et
1393 2760 1422 2783 a
1442 2743 1513 2781 deo
1532 2751 1668 2781 cus-to-

222 2796 401 2836 datorum
428 2800 717 2850 imperatorum
739 2808 988 2852 nostrorum,
1028 2809 1067 2840 et
1091 2811 1329 2842 cunctorum
1351 2808 1390 2840 et
1422 2808 1667 2839 cunctarum.

222 2853 368 2892 clzoruc
389 2857 549 2907 repetit,
580 2863 617 2894 et
640 2864 876 2896 cunctorum
895 2864 932 2897 et
953 2865 1200 2899 cunctat-mm
1256 2859 1348 2911 quia
1369 2857 1471 2897 enim
1493 2857 1663 2911 impera-
