1846 3262
752 177 1078 223 PRAEFATIO.
1593 195 1645 223 rx

188 305 252 339 tus
292 291 542 338 orthodoxus
584 298 690 335 esset
724 290 992 345 Pachymeres
1008 320 1025 341 ,
1064 288 1198 332 minus
1225 287 1392 334 iuvaret.
1451 297 1544 333 sunt
1570 305 1646 335 ve-

185 378 293 406 neno
322 369 497 405 carentes
532 369 573 403 et
605 374 766 418 prorsus
797 358 953 400 innoxii
993 366 1222 414 serpentes:
1258 358 1333 401 sed
1366 358 1397 399 ii
1419 358 1646 415 theriacam

186 447 271 475 non
298 432 459 473 faciunt.
483 433 489 437 ’
515 429 662 486 viperis
697 441 800 484 opus
836 434 897 468 est
933 426 1083 468 exitiali
1121 441 1240 468 succo
1277 427 1443 480 turgidis
1460 459 1473 482 ,
1509 430 1646 471 lethali

185 487 322 543 dente'
335 498 490 541 infestis
504 527 516 550 ‚
557 495 667 537 unde
695 498 865 538 salutare
905 494 1270 550 alexipharmacum
1307 498 1436 552 possit
1463 498 1646 542 existere,

182 569 287 611 adeo
314 568 431 610 malis
461 563 662 606 interdum
703 564 826 605 etiam
853 570 893 604 et
919 562 1099 619 pestibus
1126 576 1200 603 sua
1234 562 1337 604 inest
1363 566 1535 608 utilitas!
1564 568 1646 608 ha-

182 639 256 680 bes
286 651 354 677 cur
380 649 465 676 non
491 631 706 675 tolerabilis
734 633 867 673 solum
882 661 894 683 ‚
930 629 1004 672 sed
1040 630 1163 672 etiam
1193 632 1418 687 expetibilis
1447 634 1646 676 schisma-

181 706 251 746 tici
290 701 488 759 scriptoris
527 699 650 742 editio
692 700 756 742 sit.
816 707 1016 741 caeterum
1054 699 1129 740 etsi
1144 713 1240 740 'non
1266 700 1395 752 magis
1422 701 1645 756 periculum

183 788 272 815 esse
300 771 422 815 video
450 783 503 809 ne
529 766 756 810 catholicus
785 782 808 809 e
837 767 1095 822 Pachymeris
1112 767 1284 809 lectione
1302 768 1478 810 schisma
1507 767 1645 822 discat,

182 831 304 898 quam
330 853 383 880 ne
422 835 687 886 Christianus,
727 836 897 879 deorum
930 839 1125 879 falsorum
1160 835 1313 893 passim
1342 843 1570 878 occurrente
1599 837 1644 878 in

141 957 147 962 ι
181 908 290 950 libris
328 907 522 948 Veterum
560 901 722 946 Graecis
760 906 990 962 Latinisque
1031 907 1156 958 vulgo
1194 904 1292 945 tritis
1326 904 1533 946 mentione
1547 935 1560 956 ,
1598 905 1642 946 in

180 974 449 1017 idololatriam
489 973 761 1028 pertrahatur,
804 973 899 1015 dedi
939 982 1073 1015 tamen
1117 971 1350 1025 diligentem
1389 986 1555 1029 operam
1596 972 1641 1013 in

179 1042 295 1085 Notis
323 1041 376 1083 ad
408 1041 562 1093 singula
603 1042 691 1081 loca
719 1044 951 1094 maculosa,
993 1056 1046 1083 ne
1083 1039 1304 1082 calumniae
1344 1053 1392 1082 ac
1427 1039 1638 1082 mendacia

178 1111 343 1167 impune
370 1108 541 1161 auctori,
570 1107 700 1150 fraudi
727 1111 865 1152 lectori
891 1111 1038 1152 forent.

288 1211 360 1255 IV.
419 1209 546 1264 Quod
582 1220 778 1269 superest,
815 1212 1003 1256 editionis
1038 1211 1157 1256 huius
1192 1211 1357 1255 consilia
1399 1225 1538 1254 causas
1572 1214 1635 1254 fa-

180 1281 341 1322 cultates
368 1286 572 1336 totamque
590 1282 788 1323 rationem
812 1281 1045 1324 edisserenti
1070 1296 1235 1340 operam
1255 1281 1359 1323 mihi
1378 1295 1442 1333 ne,
1474 1294 1636 1337 quaeso,

180 1363 345 1402 gravere
370 1378 383 1399 ,
434 1349 559 1390 lector
576 1380 587 1402 ,
636 1351 804 1393 brevem
861 1350 1133 1393 commodare.
1202 1358 1362 1394 sanctae
1413 1349 1637 1391 memoriae

176 1415 424 1459 URBANUS
462 1417 644 1473 pontifex
679 1419 765 1461 eius
801 1419 976 1460 nominis
1011 1419 1191 1462 Octavus
1228 1418 1309 1460 duo
1342 1418 1530 1460 historica
1556 1419 1638 1460 Pa-

177 1485 376 1539 chymeris
404 1501 525 1543 opera
539 1520 551 1539 ,
577 1487 748 1529 totidem
775 1486 967 1528 distinctis
994 1487 1278 1529 transmarinae
1305 1500 1352 1527 ac
1379 1487 1636 1542 perantiquae

174 1566 317 1594 manus
339 1563 497 1596 exarata
515 1556 786 1598 voluminibus
805 1584 818 1604 ,
845 1555 888 1595 in
920 1569 995 1596 suo
1024 1556 1209 1598 thesauro
1247 1553 1406 1596 librario
1435 1556 1636 1605 servabat,

173 1619 324 1672 integra
352 1628 391 1661 et
418 1622 528 1663 haud
563 1626 683 1679 paulo
711 1622 870 1664 saniora
889 1636 1024 1678 *quam
1058 1636 1162 1679 quae
1196 1622 1446 1676 Augustanus
1472 1622 1635 1666 Wolfio

172 1686 283 1730 visus
315 1687 444 1730 codex
479 1690 630 1733 habuit.
686 1690 794 1747 prior
826 1696 961 1731 tomus
995 1689 1039 1731 in
1075 1691 1200 1733 libros
1241 1691 1408 1734 tributus
1449 1707 1523 1734 sex
1550 1693 1635 1735 Mi-

174 1754 321 1797 chae‘lis
349 1755 580 1812 Palaeologi
605 1773 670 1801 res
697 1765 826 1812 gestas
855 1765 946 1799 ante
965 1757 1179 1816 imperium
1199 1766 1240 1800 et
1256 1759 1299 1800 in
1316 1760 1486 1817 imperio
1515 1775 1632 1803 enar-

170 1830 252 1876 rat,
281 1825 382 1881 alter
403 1824 512 1867 libris
539 1833 695 1883 septem
721 1841 911 1881 magnam
937 1835 1092 1884 partem
1119 1835 1298 1869 actorum
1335 1828 1446 1882 longi
1482 1829 1631 1885 princi-

169 1898 284 1947 patus
323 1891 538 1934 Andronici
565 1893 743 1936 Senioris
778 1896 954 1938 exhibet.
1010 1903 1222 1952 utrumque
1257 1896 1373 1937 illum
1409 1909 1434 1937 a
1461 1911 1507 1939 se
1534 1912 1627 1954 per-

94 2008 100 2015 ,
170 1961 318 2001 lectum
361 1962 715 2010 commentarium,
743 1977 817 2020 pro
853 1978 902 2005 ea
936 1977 1014 2020 qua
1054 1965 1214 2008 valebat
1251 1962 1428 2006 Graecae
1465 1965 1626 2018 linguae

169 2027 310 2083 peritia
345 2027 598 2072 doctissimus
632 2030 668 2073 is
703 2031 905 2088 pontifex,
942 2032 1109 2086 dignum
1145 2032 1214 2088 qui
1250 2023 1392 2074 Latine
1427 2034 1623 2086 legeretur

166 2095 394 2148 iudicabat3
421 2097 543 2154 idque
575 2106 620 2139 ut
646 2108 874 2155 procuraret
897 2100 1208 2142 familiarissimo
1248 2108 1288 2142 et
1320 2100 1515 2143 fidissimo
1544 2102 1624 2144 sibi

168 2166 307 2221 capiti,
350 2166 678 2208 Eminentissimo
729 2167 927 2210 Cardinali
962 2167 1265 2212 FRANCISCO
1301 2167 1622 2212 BARBERINO

166 2231 312 2276 Fratris
346 2233 472 2286 Filio,
505 2248 628 2292 saepe
654 2235 915 2293 impenseque
944 2236 1253 2281 commendavit.
1311 2252 1432 2293 quam
1460 2237 1513 2279 ad
1540 2240 1620 2280 hoc

165 2299 234 2341 ille
259 2316 332 2358 per
354 2303 432 2344 hos
459 2317 586 2345 annos
615 2303 776 2357 viginti,
805 2313 846 2347 et
874 2304 983 2361 quod
1013 2306 1207 2356 excurrit,
1238 2304 1484 2359 diligentiam
1502 2306 1620 2348 adhi-

164 2369 316 2421 buerit,
342 2369 542 2412 infinitum
568 2372 619 2413 sit
644 2372 799 2414 minute
825 2374 1020 2429 persequi.
1074 2374 1168 2416 satis
1195 2374 1315 2415 fuerit
1342 2374 1489 2418 dixisse
1516 2376 1618 2418 nihil

163 2434 208 2476 in
234 2437 314 2478 hoc
342 2451 488 2491 genere
515 2438 626 2495 quod
652 2447 866 2497 utcumque
896 2442 1038 2483 tentari
1066 2450 1220 2499 posset,
1259 2444 1310 2484 ab
1349 2457 1401 2484 eo
1440 2458 1618 2500 unquam

164 2504 374 2560 uspiamve
400 2509 736 2562 praetermissum.
793 2511 957 2563 obtulit,
996 2511 1200 2564 invitavit,
1246 2511 1419 2565 rogavit,
1463 2513 1618 2569 promi-

163 2571 235 2623 sit,
274 2586 378 2615 voce
415 2589 574 2627 coram,
611 2577 764 2634 scriptis
800 2578 947 2630 literis,
986 2594 1058 2636 per
1091 2581 1245 2623 amicos
1284 2579 1490 2622 conventis
1520 2581 1615 2623 viris

163 2637 318 2683 doctis:
345 2642 446 2684 nihil
471 2643 642 2701 denique
667 2660 749 2686 non
779 2647 878 2700 egit,
906 2662 985 2703 quo
1012 2648 1250 2703 Pachymeri
1275 2648 1406 2690 Latini
1433 2649 1616 2692 alicunde

162 2707 383 2765 interpretis
414 2721 638 2768 suppeteret
666 2714 799 2771 copia,
836 2716 970 2758 missis
1004 2717 1126 2758 etiam
1153 2719 1291 2774 procul
1319 2725 1428 2760 extra
1455 2717 1613 2760 Italiam

162 2773 260 2830 ipsis
303 2776 506 2822 codicibus
545 2782 790 2839 archetypis,
826 2785 939 2840 quasi
966 2791 1012 2826 ut
1037 2798 1152 2826 suam
1178 2799 1250 2842 per
1276 2800 1320 2827 se
1347 2786 1424 2843 ipsi
1452 2801 1612 2828 causam

162 2851 325 2895 agerent
361 2854 402 2887 et
437 2848 735 2892 miserationem
777 2860 1006 2908 praesentes
1055 2867 1102 2894 ac
1147 2854 1346 2911 supplices
1381 2862 1613 2909 moverent3
