1884 3262
451 201 528 244 DE
557 200 836 244 MICHAELE
867 200 1243 245 PALAEOLOGO
1274 202 1320 246 L.
1348 201 1424 244 IV.
1565 200 1664 246 319

195 334 283 361 νιον
303 316 369 359 ἐπὶ
397 319 472 371 τῆς
501 315 700 372 τραπέζης
728 319 854 374 τιμᾷ,
892 317 960 358 καὶ
984 316 1120 371 τρίτον
1140 315 1213 358 τὸν
1232 316 1276 358 ἐκ
1299 318 1488 371 Χριστοῦ
1511 312 1669 365 πόλεως

197 382 514 440 Τζαμπλάκωνα
534 389 664 427 τατᾶν
681 389 755 440 τῆς
775 384 904 439 αὐλῆς
921 384 1050 427 αὐτοῦ
1072 386 1375 440 ἐγκαθίστησιν.
1431 384 1666 440 εὐτρέπιστο

193 455 332 509 μέντοι
351 451 488 512 τούτῳ
511 455 576 496 καὶ
597 455 803 510 βακτηρία
828 453 1021 507 βασιλικὴ
1037 458 1174 508 χρυσῆ
1193 451 1420 505 ὑπόξυλος,
1458 455 1500 503 ἐς
1522 453 1543 497 ὃ
1564 471 1666 511 κρα-

193 529 275 566 τεῖν
291 521 445 578 ταύτην
465 524 529 565 ἐπὶ
553 527 636 565 τῶν
653 525 779 566 θείων
800 519 964 576 ὕμνων,
1004 519 1059 570 ὥς
1077 522 1176 572 ἔθος
1187 555 1200 574 ,
1233 522 1308 564 σὺν
1331 527 1390 580 τῷ
1413 525 1550 579 πατρί.
1599 525 1667 565 καὶ

161 590 386 649 ὄέπράχθη
411 594 476 634 καὶ
497 590 612 645 τόδε,
650 591 761 640 ἅπαξ
785 589 811 646 -ἢ
832 592 898 632 καὶ
919 587 1106 645 δεύτερον
1129 590 1160 645 ἢ
1179 592 1246 632 καὶ
1276 592 1398 633 πλέον
1420 589 1536 645 ἡμῶν
1554 589 1666 634 ῗδόν-

191 678 275 704 των
298 666 545 718 κρατοῦντα.
613 661 750 703 ἔπειτα
778 657 903 710 δόξαν
932 663 991 717 τῷ
1021 663 1186 712 βασιλεῖ
1207 660 1325 718 (μίαν
1354 660 1432 715 γὰρ
1457 659 1556 703 εἶναι
1585 660 1660 715 τὴν
1684 668 1715 702 C

191 727 346 786 ἀρχήν,
380 732 588 787 βακτηρία
609 730 654 772 δὲ
675 733 747 783 τῆς
765 728 894 784 ἀρχῆς
917 726 1130 782 σύμβολον
1145 762 1156 780 ,
1182 733 1332 784 χρῆναι
1355 730 1400 771 δὲ
1419 731 1486 771 καὶ
1508 727 1664 784 ταύτην

189 800 289 852 μίαν
307 798 426 854 εἶναι)
449 799 516 842 διὰ
535 803 668 841 ταῦτα
687 798 868 853 ἧθὲτητο
891 801 1030 840 τοῦτο.
1086 796 1215 852 ἐδόθη
1240 799 1285 841 δὲ
1307 800 1374 841 καὶ
1391 797 1665 855 προστάσσειν

191 869 258 909 καὶ
282 866 536 924 ὑπογράφειν
559 871 796 921 βασιλικῶς,
826 866 932 920 πλὴν
955 866 1003 909 οὐ
1023 871 1264 922 μηνολογεῖν
1286 865 1341 916 ὡς
1358 867 1459 917 ἔθος
1475 875 1562 917 τοῖς
1581 875 1663 921 βα-

136 946 180 980 10
193 941 389 989 σιλεῧσιν,
426 936 534 979 ἀλλὰ
557 934 726 992 γράφειν
764 935 824 977 δι’
864 936 1056 991 ἔρυθρῶν
1085 937 1212 995 οἰκεία
1245 938 1347 993 χειρὶ
1381 935 1665 992 ’(Ἀνδρόνικος

187 1008 378 1060 Χριστοῦ
395 1003 530 1062 χάριτι
548 1004 743 1058 βασιλεὺς
759 1003 1017 1059 Ῥωμαίων.”
1088 1005 1127 1047 οἳ
1154 1005 1199 1047 δὲ
1218 1005 1322 1061 πρὸς
1348 1004 1420 1048 τὸν
1439 1006 1598 1062 πατέρα
1623 1006 1662 1048 οἳ

188 1071 302 1128 ὅρκοι
322 1075 389 1116 καὶ
408 1074 582 1126 βασιλέα
600 1073 704 1127 μετὰ
724 1073 799 1127 τὴν
819 1075 875 1122 εἷς
894 1073 995 1116 θεὸν
1025 1074 1092 1115 καὶ
1118 1073 1193 1128 τὴν
1212 1075 1428 1129 ἐκκλησίαν
1448 1072 1663 1131 ἐγγράφως

185 1140 438 1198 ἀσφάλειαν,
485 1140 541 1192 ὥς
576 1142 632 1197 μὴ
668 1139 924 1196 ἐπιβουλεύοι
958 1141 1052 1184 ἀλλ’
1094 1140 1366 1186 ὗποτάττοιτο
1391 1176 1404 1195 ,
1452 1145 1520 1186 καὶ
1556 1145 1648 1186 λίαν
1672 1150 1703 1184 D

185 1209 384 1268 ἀσφαλεῖς
404 1211 663 1266 προέβαινον.
735 1211 808 1268 ἐφ’
832 1210 894 1260 οἷς
913 1211 951 1254 οἱ
970 1215 1044 1253 τοῦ
1063 1215 1168 1254 λαοῦ
1183 1211 1286 1268 πρὸς
1309 1211 1436 1255 αὐτὸν
1458 1211 1573 1269 ὅρκοι
1593 1215 1661 1255 καὶ

130 1286 173 1323 15
186 1280 226 1322 οἷ
254 1284 330 1335 τῆς
358 1281 572 1335 ἐκκλησίας
601 1281 791 1336 ἐγίνοντο.
863 1277 1176 1337 ἓτομογράφουν
1210 1282 1255 1324 δὲ
1282 1282 1349 1323 καὶ
1382 1281 1422 1324 οἶ
1450 1280 1662 1338 ἀρχιερεῖς,

181 1346 256 1391 ὕπ’
278 1348 511 1406 ἄφορισμὸν
529 1354 740 1399 ποιοῦντες
760 1349 831 1392 τὸν
853 1348 900 1398 ὃς
918 1351 986 1391 καὶ
1002 1350 1256 1405 ἐπανασταίη
1279 1354 1339 1408 τῷ
1358 1355 1532 1404 βασιλεῖ.
1584 1350 1662 1405 εἶχε

181 1417 260 1474 γὰρ
297 1419 352 1467 εἷς
385 1416 573 1471 ὕποψίαν
603 1418 702 1467 τούς
734 1417 940 1474 ἀδελφοὺς
967 1418 1050 1470 ἔτι,
1090 1420 1157 1460 καὶ
1185 1422 1345 1473 μᾶλλον
1365 1419 1438 1462 τὸν
1459 1417 1663 1474 δεσπότην

177 1483 398 1541 Ἰωάννην,
433 1486 539 1531 πολὺ
571 1486 618 1530 τὸ
645 1486 804 1542 θερμὸν
838 1485 945 1542 παρ’
971 1487 1105 1546 ἐκείνῳ
1135 1487 1298 1541 βλέπων
1320 1489 1375 1537 εἷς
1394 1486 1557 1542 μάχας,
1593 1490 1662 1530 καὶ

181 1554 260 1608 τὴν
282 1554 386 1612 πρὸς
405 1555 554 1599 ἐκεῖνον
572 1555 687 1613 παρὰ
711 1553 906 1599 ἁπάντων
925 1555 994 1598 διὰ
1018 1555 1065 1599 τὸ
1094 1556 1340 1614 εὐεργετικὸν
1365 1559 1433 1600 καὶ
1454 1557 1558 1614 πρὸς
1581 1557 1657 1608 τὰς

251 1657 253 1659 ¹
270 1678 304 1713 7.
327 1676 531 1725 βακτηρίαν
542 1675 562 1710 ?

175 1782 397 1826 praefectura
419 1793 557 1816 mensae
581 1781 717 1826 regiae;
740 1781 880 1817 tertium
901 1781 1046 1828 denique
1070 1793 1114 1816 ex
1137 1780 1349 1827 Christopoli
1371 1782 1658 1829 Tzamplaconern

177 1827 306 1862 Tatam
329 1828 429 1862 aulae
451 1827 559 1874 ipsius
584 1828 789 1863 declaravit.
835 1832 978 1874 paratus
1010 1831 1164 1873 Augusto
1199 1828 1322 1862 iuniori
1356 1840 1491 1875 quoque
1515 1834 1570 1863 est
1591 1831 1657 1864 ba-

177 1873 274 1908 culus
303 1873 422 1919 regius
457 1885 541 1909 auro
576 1875 727 1909 exterius
766 1874 955 1916 obductus,
987 1874 1106 1909 intime
1135 1874 1284 1919 ligneus,
1320 1886 1420 1920 quem
1453 1880 1588 1910 teneret
1611 1877 1655 1911 de

174 1930 269 1955 more
294 1931 371 1954 cum
393 1923 512 1966 patre,
537 1921 672 1966 quoties
696 1921 817 1955 divinis
840 1921 973 1966 hymnis
995 1921 1191 1956 interesset.
1237 1921 1341 1967 idque
1364 1924 1494 1956 factum
1521 1927 1575 1956 est
1597 1935 1654 1957 se-

173 1966 261 2008 mel,
283 1966 407 2001 iterum
430 1971 492 2001 aut
515 1968 616 2002 etiam
639 1967 788 2013 saepius,
813 1968 911 2002 nobis
933 1968 1139 2003 videntibus.
1186 1965 1279 2002 aliud
1302 1973 1422 2013 postea
1448 1969 1554 2002 visum
1577 1971 1652 2003 Au-

173 2015 275 2056 gusto
308 2013 448 2047 seniori.
495 2025 572 2048 nam
609 2025 684 2048 cum
720 2019 900 2058 reputaret
933 2022 1035 2048 unum
1078 2026 1156 2048 esse
1192 2014 1443 2059 principatum,
1476 2020 1650 2060 utcunque

173 2059 453 2094 communicatum
476 2059 684 2105 principibus
707 2060 860 2103 duobus,
884 2065 1054 2106 sceptrum
1078 2059 1213 2105 imperii
1234 2061 1420 2105 symbolum
1443 2072 1545 2094 unum
1569 2066 1649 2095 tan-

174 2109 244 2138 tum
269 2106 403 2140 ostendi
427 2106 585 2149 deinceps
608 2110 769 2151 oportere
791 2106 934 2142 censuit.
981 2118 1145 2141 concessa
1167 2106 1271 2140 etiam
1299 2108 1491 2141 Andronico
1515 2110 1569 2141 est
1591 2109 1647 2142 fa-

174 2150 284 2193 cultas
307 2151 420 2185 edicta
442 2151 631 2194 condendi,
665 2153 968 2199 subscribendique
991 2153 1121 2188 chartis
1143 2153 1248 2197 regiis
1281 2156 1321 2186 ut
1343 2152 1566 2198 imperatores
1590 2165 1648 2187 so-

172 2195 266 2238 lent,
290 2203 437 2242 excepta
458 2204 574 2233 tamen
596 2198 812 2243 appositione
835 2199 980 2242 mensis,
1005 2211 1106 2245 quam
1129 2200 1196 2233 sibi
1228 2206 1435 2232 reservatam
1460 2198 1519 2232 uni
1541 2199 1647 2234 voluit

171 2242 284 2276 senior
307 2244 501 2287 Augustus,
524 2245 574 2279 ita
598 2250 637 2278 ut
659 2245 729 2278 filio
751 2245 788 2280 in
818 2245 960 2292 imperio
985 2247 1137 2290 collegae
1168 2244 1288 2279 liceret
1309 2245 1416 2279 solum
1440 2248 1580 2280 extense
1602 2258 1645 2280 ac

171 2288 259 2321 citra
282 2291 514 2334 compendium
538 2291 692 2325 scribere
714 2291 852 2326 rubrica
877 2304 977 2326 manu
997 2291 1139 2338 propria
1160 2290 1194 2324 in
1219 2291 1307 2325 hunc
1330 2291 1487 2335 modum,
1510 2292 1645 2326 Andro-

169 2333 267 2368 nicus
299 2334 431 2369 Christi
463 2336 578 2381 gratia
607 2337 793 2382 imperator
835 2338 1074 2373 Romanorum.
1131 2337 1319 2371 iuramenta
1349 2337 1475 2371 deinde
1503 2349 1524 2372 a
1556 2350 1645 2373 novo

169 2379 345 2424 Augusto,
370 2385 450 2426 post
472 2382 659 2418 cautionem
691 2385 820 2430 scripto
842 2385 957 2418 datam
980 2384 1024 2418 de
1048 2394 1111 2418 sua
1133 2382 1169 2416 iu
1193 2384 1292 2417 deum
1318 2387 1354 2417 et
1376 2383 1553 2418 ecclesiam
1576 2385 1646 2418 fide

168 2426 424 2472 obsequioque,
461 2434 583 2463 exacta
605 2434 685 2464 sunt
706 2430 808 2474 talia,
839 2442 930 2476 quae
959 2430 1051 2464 clare
1073 2429 1233 2474 pietatem
1257 2434 1294 2463 et
1315 2430 1544 2465 obedientiam
1569 2431 1644 2465 eius

167 2482 252 2516 erga
274 2478 408 2517 patrem
429 2473 618 2519 Augustum
649 2476 783 2521 plenam
812 2476 1078 2521 inviolatamque
1100 2478 1340 2521 praestarent,
1365 2476 1530 2511 distincte
1551 2477 1641 2523 ipso,

167 2517 232 2552 deo
256 2521 366 2561 teste,
391 2519 575 2566 pollicente
597 2532 636 2555 se
660 2533 725 2555 non
748 2522 1006 2564 insidiaturum,
1041 2533 1080 2556 se
1101 2524 1136 2555 in
1159 2522 1371 2557 subiectione
1393 2523 1540 2557 obnoxia
1562 2535 1641 2569 per-

166 2563 338 2600 stiturum.
387 2566 451 2600 sub
474 2567 560 2601 haec
582 2569 752 2613 apopulo
775 2572 812 2602 et
834 2567 1075 2602 ecclesiasticis
1096 2568 1242 2602 iuratum
1276 2568 1314 2602 in
1338 2570 1446 2604 verba
1468 2569 1546 2603 novi
1570 2573 1642 2603 Au—

167 2610 270 2653 gusti.
319 2611 655 2658 decretumyquoque
686 2614 868 2658 pontifices
890 2614 958 2648 rite
981 2614 1154 2659 pertulere
1170 2639 1181 2656 ,
1212 2626 1280 2660 quo
1303 2615 1640 2650 excommunicationi

166 2656 393 2692 subiiciebant
407 2670 489 2703 eun).
508 2659 664 2705 quisquis
686 2662 790 2704 foret,
814 2660 874 2706 qui
896 2660 931 2694 in
953 2672 1075 2695 novum
1098 2661 1337 2706 imperatorem
1360 2661 1565 2705 insurgeret.
1602 2661 1638 2695 id

166 2706 281 2744 actum
302 2707 357 2738 est
379 2707 521 2739 cura‘nte
543 2705 698 2750 seniore,
731 2707 877 2741 fratrum
906 2706 1124 2752 propriorum
1159 2707 1375 2742 ambitionem
1404 2710 1639 2752 suspectante,

165 2748 378 2795 maximeque
400 2752 565 2797 despotae
588 2752 743 2795 Ioannis,
767 2763 868 2798 quem
889 2754 932 2787 ad
959 2752 1097 2798 quidvis
1119 2755 1322 2798 sperandum
1345 2754 1476 2798 magnis
1498 2753 1637 2787 videbat

163 2794 346 2837 praesidiis
366 2796 588 2839 instructum,
610 2798 822 2835 fortitudinis
845 2798 987 2834 bellicae
1010 2804 1065 2833 tot
1086 2799 1291 2845 praeliorum
1314 2800 1530 2834 successibus
1553 2811 1634 2844 spe-

163 2843 293 2884 ctatae,
320 2843 494 2890 studiique
515 2856 599 2891 erga
622 2858 699 2881 eum
720 2843 898 2894 praecipui
920 2845 1066 2880 omnium
1088 2852 1231 2892 propter
1253 2845 1328 2880 eius
1354 2845 1635 2881 benevolentissi-
