<?xml version="1.0" encoding="UTF-8"?>
<!DOCTYPE html PUBLIC "-//W3C//DTD XHTML 1.0 Transitional//EN"
    "http://www.w3.org/TR/xhtml1/DTD/xhtml1-transitional.dtd">
<html xmlns="http://www.w3.org/1999/xhtml" xml:lang="en" lang="en">
 <head>
  <title>
</title>
<meta http-equiv="Content-Type" content="text/html;charset=utf-8" />
  <meta name='ocr-system' content='tesseract 3.04.00' />
  <meta name='ocr-capabilities' content='ocr_page ocr_carea ocr_par ocr_line ocrx_word'/>
</head>
<body>
  <div class='ocr_page' id='page_1' title='image "./corpusscriptorum17niebuoft_0345.png"; bbox 0 0 1884 3262; ppageno 0'>
   <div class='ocr_carea' id='block_1_1' title="bbox 464 195 1655 242">
    <p class='ocr_par' dir='ltr' id='par_1_1' title="bbox 464 195 1655 242">
     <span class='ocr_line' id='line_1_1' title="bbox 464 195 1655 242; baseline 0.002 -3"><span class='ocrx_word' id='word_1_1' title='bbox 464 197 540 239; x_wconf 92' lang='lat' dir='ltr'><strong>DE</strong></span> <span class='ocrx_word' id='word_1_2' title='bbox 565 195 840 240; x_wconf 86' lang='lat' dir='ltr'><strong>MICHAELE</strong></span> <span class='ocrx_word' id='word_1_3' title='bbox 866 196 1252 241; x_wconf 73' lang='lat' dir='ltr'><strong>PALAEOLOGO</strong></span> <span class='ocrx_word' id='word_1_4' title='bbox 1269 198 1314 240; x_wconf 92' lang='lat' dir='ltr'><strong>L.</strong></span> <span class='ocrx_word' id='word_1_5' title='bbox 1340 197 1414 242; x_wconf 87' lang='lat' dir='ltr'><strong>IV.</strong></span> <span class='ocrx_word' id='word_1_6' title='bbox 1557 197 1655 241; x_wconf 74' lang='lat'><strong>327</strong></span> 
     </span>
    </p>
   </div>
   <div class='ocr_carea' id='block_1_2' title="bbox 1630 309 1650 325">
    <p class='ocr_par' dir='ltr' id='par_1_2' title="bbox 1630 309 1650 325">
     <span class='ocr_line' id='line_1_2' title="bbox 1630 309 1650 325; baseline -0.05 0"><span class='ocrx_word' id='word_1_7' title='bbox 1630 309 1650 325; x_wconf 68' lang='grc' dir='ltr'>Ἃ</span> 
     </span>
    </p>
   </div>
   <div class='ocr_carea' id='block_1_3' title="bbox 148 304 1703 1386">
    <p class='ocr_par' dir='ltr' id='par_1_3' title="bbox 148 304 1703 1386">
     <span class='ocr_line' id='line_1_3' title="bbox 195 304 1650 368; baseline -0.001 -15"><span class='ocrx_word' id='word_1_8' title='bbox 195 308 344 368; x_wconf 82' lang='grc' dir='ltr'><strong><em>χρόνος</em></strong></span> <span class='ocrx_word' id='word_1_9' title='bbox 369 310 562 366; x_wconf 81' lang='grc' dir='ltr'><strong><em>προβαίη.</em></strong></span> <span class='ocrx_word' id='word_1_10' title='bbox 633 304 766 352; x_wconf 76' lang='grc' dir='ltr'><strong><em>ταῦτα</em></strong></span> <span class='ocrx_word' id='word_1_11' title='bbox 794 314 867 352; x_wconf 75' lang='grc' dir='ltr'><strong>τοῦ</strong></span> <span class='ocrx_word' id='word_1_12' title='bbox 894 308 1407 366; x_wconf 75' lang='grc' dir='ltr'><strong><em>δεσπότουδιαμηνύοντος</em></strong></span> <span class='ocrx_word' id='word_1_13' title='bbox 1426 311 1589 361; x_wconf 71' lang='grc' dir='ltr'><strong><em>ε’κεΐνοι,</em></strong></span> <span class='ocrx_word' id='word_1_14' title='bbox 1625 328 1650 364; x_wconf 89' lang='grc' dir='ltr'><em>η</em></span> 
     </span>
     <span class='ocr_line' id='line_1_4' title="bbox 199 377 1647 434; baseline -0.001 -12"><span class='ocrx_word' id='word_1_15' title='bbox 199 385 290 428; x_wconf 79' lang='grc' dir='ltr'><strong><em>ταῖς</em></strong></span> <span class='ocrx_word' id='word_1_16' title='bbox 308 381 311 384; x_wconf 69' lang='grc'>’</span> <span class='ocrx_word' id='word_1_17' title='bbox 327 377 541 433; x_wconf 72' lang='grc' dir='ltr'><strong><em>ἀληθείαις</em></strong></span> <span class='ocrx_word' id='word_1_18' title='bbox 579 377 605 433; x_wconf 72' lang='grc' dir='ltr'><strong>’ἢ</strong></span> <span class='ocrx_word' id='word_1_19' title='bbox 652 377 754 434; x_wconf 76' lang='grc' dir='ltr'><strong><em>παρ’</em></strong></span> <span class='ocrx_word' id='word_1_20' title='bbox 797 378 946 421; x_wconf 74' lang='grc' dir='ltr'><strong><em>ἔκείνου</em></strong></span> <span class='ocrx_word' id='word_1_21' title='bbox 991 377 1331 434; x_wconf 77' lang='grc' dir='ltr'><strong><em>προβιβαζόμενοι</em></strong></span> <span class='ocrx_word' id='word_1_22' title='bbox 1371 379 1486 421; x_wconf 68' lang='grc' dir='ltr'><strong><em>ε’νδον</em></strong></span> <span class='ocrx_word' id='word_1_23' title='bbox 1516 378 1647 430; x_wconf 77' lang='grc' dir='ltr'><strong><em>ὄντος,</em></strong></span> 
     </span>
     <span class='ocr_line' id='line_1_5' title="bbox 201 445 1652 503; baseline -0.001 -14"><span class='ocrx_word' id='word_1_24' title='bbox 201 447 329 502; x_wconf 78' lang='grc' dir='ltr'><strong><em>ἠπίως</em></strong></span> <span class='ocrx_word' id='word_1_25' title='bbox 344 463 388 488; x_wconf 89' lang='grc' dir='ltr'><strong>τε</strong></span> <span class='ocrx_word' id='word_1_26' title='bbox 407 446 678 502; x_wconf 67' lang='grc' dir='ltr'><em>ἀπελογοῦντο</em></span> <span class='ocrx_word' id='word_1_27' title='bbox 704 448 770 489; x_wconf 76' lang='grc' dir='ltr'><strong><em>καὶ</em></strong></span> <span class='ocrx_word' id='word_1_28' title='bbox 795 445 1120 502; x_wconf 73' lang='grc' dir='ltr'><strong><em>προσελιπάρουν</em></strong></span> <span class='ocrx_word' id='word_1_29' title='bbox 1151 452 1262 503; x_wconf 75' lang='grc' dir='ltr'><strong><em>σφᾶς</em></strong></span> <span class='ocrx_word' id='word_1_30' title='bbox 1280 451 1363 490; x_wconf 80' lang='grc' dir='ltr'><strong>τῶν</strong></span> <span class='ocrx_word' id='word_1_31' title='bbox 1384 445 1521 502; x_wconf 79' lang='grc' dir='ltr'><strong><em>ὁρμῶν</em></strong></span> <span class='ocrx_word' id='word_1_32' title='bbox 1543 447 1652 488; x_wconf 79' lang='grc' dir='ltr'><strong><em>ἀνεῖ-</em></strong></span> 
     </span>
     <span class='ocr_line' id='line_1_6' title="bbox 201 507 1648 571; baseline 0.001 -14"><span class='ocrx_word' id='word_1_33' title='bbox 201 533 288 567; x_wconf 86' lang='grc' dir='ltr'><strong><em>ναι,</em></strong></span> <span class='ocrx_word' id='word_1_34' title='bbox 322 514 484 568; x_wconf 50' lang='grc' dir='ltr'><strong><em>μετήοὖ</em></strong></span> <span class='ocrx_word' id='word_1_35' title='bbox 503 514 606 557; x_wconf 71' lang='grc' dir='ltr'><strong><em>πολὺ</em></strong></span> <span class='ocrx_word' id='word_1_36' title='bbox 623 517 846 571; x_wconf 70' lang='grc' dir='ltr'><strong><em>προδοῦναι</em></strong></span> <span class='ocrx_word' id='word_1_37' title='bbox 862 516 928 557; x_wconf 79' lang='grc' dir='ltr'><strong>καὶ</strong></span> <span class='ocrx_word' id='word_1_38' title='bbox 946 514 1016 556; x_wconf 79' lang='grc' dir='ltr'><strong>τὸν</strong></span> <span class='ocrx_word' id='word_1_39' title='bbox 1027 512 1219 569; x_wconf 81' lang='grc' dir='ltr'><strong><em>Ἰωάννην</em></strong></span> <span class='ocrx_word' id='word_1_40' title='bbox 1237 507 1648 568; x_wconf 66' lang='grc' dir='ltr'><strong><em>καθυπισχνούμενοι.</em></strong></span> 
     </span>
     <span class='ocr_line' id='line_1_7' title="bbox 169 580 1649 638; baseline -0.001 -12"><span class='ocrx_word' id='word_1_41' title='bbox 169 581 256 632; x_wconf 79' lang='grc' dir='ltr'><strong><em>5ὥς</em></strong></span> <span class='ocrx_word' id='word_1_42' title='bbox 276 587 373 638; x_wconf 79' lang='grc' dir='ltr'><strong><em>γοῦν</em></strong></span> <span class='ocrx_word' id='word_1_43' title='bbox 389 583 540 636; x_wconf 77' lang='grc' dir='ltr'><strong><em>μεταξὺ</em></strong></span> <span class='ocrx_word' id='word_1_44' title='bbox 552 580 700 638; x_wconf 83' lang='grc' dir='ltr'><strong><em>χρόνος</em></strong></span> <span class='ocrx_word' id='word_1_45' title='bbox 719 583 921 638; x_wconf 76' lang='grc' dir='ltr'><strong><em>ἐτρίβετο,</em></strong></span> <span class='ocrx_word' id='word_1_46' title='bbox 950 584 1016 624; x_wconf 81' lang='grc' dir='ltr'><strong><em>καὶ</em></strong></span> <span class='ocrx_word' id='word_1_47' title='bbox 1038 583 1076 624; x_wconf 79' lang='grc' dir='ltr'><strong><em>οἱ</em></strong></span> <span class='ocrx_word' id='word_1_48' title='bbox 1091 583 1164 635; x_wconf 79' lang='grc' dir='ltr'><strong>μὲν</strong></span> <span class='ocrx_word' id='word_1_49' title='bbox 1186 582 1409 635; x_wconf 77' lang='grc' dir='ltr'><strong><em>ἀναβολαῖς</em></strong></span> <span class='ocrx_word' id='word_1_50' title='bbox 1429 580 1649 638; x_wconf 76' lang='grc' dir='ltr'><strong><em>ἔναιῶρουν</em></strong></span> 
     </span>
     <span class='ocr_line' id='line_1_8' title="bbox 199 648 1647 708; baseline -0.001 -14"><span class='ocrx_word' id='word_1_51' title='bbox 199 651 275 706; x_wconf 86' lang='grc' dir='ltr'><strong>τὴν</strong></span> <span class='ocrx_word' id='word_1_52' title='bbox 302 653 552 708; x_wconf 88' lang='grc' dir='ltr'><strong><em>προδοσίαν,</em></strong></span> <span class='ocrx_word' id='word_1_53' title='bbox 575 652 629 699; x_wconf 71' lang='grc' dir='ltr'><strong>,οἳ</strong></span> <span class='ocrx_word' id='word_1_54' title='bbox 657 651 702 693; x_wconf 78' lang='grc' dir='ltr'><strong>δὲ</strong></span> <span class='ocrx_word' id='word_1_55' title='bbox 732 649 828 692; x_wconf 81' lang='grc' dir='ltr'><strong><em>ὅσον</em></strong></span> <span class='ocrx_word' id='word_1_56' title='bbox 853 649 968 693; x_wconf 68' lang='grc' dir='ltr'><strong><em>οἷίπω</em></strong></span> <span class='ocrx_word' id='word_1_57' title='bbox 991 648 1139 692; x_wconf 72' lang='grc' dir='ltr'><strong><em>ἀνύσαι</em></strong></span> <span class='ocrx_word' id='word_1_58' title='bbox 1159 650 1205 693; x_wconf 79' lang='grc' dir='ltr'><strong><em>τὸ</em></strong></span> <span class='ocrx_word' id='word_1_59' title='bbox 1226 654 1308 692; x_wconf 84' lang='grc' dir='ltr'><strong>πᾶν</strong></span> <span class='ocrx_word' id='word_1_60' title='bbox 1333 650 1523 705; x_wconf 76' lang='grc' dir='ltr'><strong><em>ἤλπιζον,</em></strong></span> <span class='ocrx_word' id='word_1_61' title='bbox 1561 653 1647 692; x_wconf 77' lang='grc' dir='ltr'><strong><em>ἐπι-</em></strong></span> 
     </span>
     <span class='ocr_line' id='line_1_9' title="bbox 198 716 1701 776; baseline -0.001 -14"><span class='ocrx_word' id='word_1_62' title='bbox 198 726 342 776; x_wconf 84' lang='grc' dir='ltr'><strong><em>χειρεῖν</em></strong></span> <span class='ocrx_word' id='word_1_63' title='bbox 358 737 395 762; x_wconf 89' lang='grc' dir='ltr'><strong>τι</strong></span> <span class='ocrx_word' id='word_1_64' title='bbox 412 724 495 762; x_wconf 84' lang='grc' dir='ltr'><strong>τῶν</strong></span> <span class='ocrx_word' id='word_1_65' title='bbox 515 717 706 774; x_wconf 80' lang='grc' dir='ltr'><strong><em>συνήθων</em></strong></span> <span class='ocrx_word' id='word_1_66' title='bbox 726 719 824 774; x_wconf 70' lang='grc' dir='ltr'><strong><em>ἔγνω</em></strong></span> <span class='ocrx_word' id='word_1_67' title='bbox 844 716 1082 773; x_wconf 76' lang='grc' dir='ltr'><strong><em>ὃἸωάννης.</em></strong></span> <span class='ocrx_word' id='word_1_68' title='bbox 1152 720 1219 760; x_wconf 80' lang='grc' dir='ltr'><strong>καὶ</strong></span> <span class='ocrx_word' id='word_1_69' title='bbox 1239 718 1461 772; x_wconf 76' lang='grc' dir='ltr'><strong><em>σκοπητέον</em></strong></span> <span class='ocrx_word' id='word_1_70' title='bbox 1482 716 1537 766; x_wconf 83' lang='grc' dir='ltr'><strong><em>ὡς</em></strong></span> <span class='ocrx_word' id='word_1_71' title='bbox 1556 718 1645 774; x_wconf 76' lang='grc' dir='ltr'><strong><em>ι’ίρι-</em></strong></span> <span class='ocrx_word' id='word_1_72' title='bbox 1665 729 1701 763; x_wconf 82' lang='lat' dir='ltr'>D</span> 
     </span>
     <span class='ocr_line' id='line_1_10' title="bbox 201 784 1648 843; baseline -0.002 -13"><span class='ocrx_word' id='word_1_73' title='bbox 201 806 294 831; x_wconf 86' lang='grc' dir='ltr'><strong><em>στα.</em></strong></span> <span class='ocrx_word' id='word_1_74' title='bbox 363 788 507 837; x_wconf 77' lang='grc' dir='ltr'><strong><em>νυκτὸς</em></strong></span> <span class='ocrx_word' id='word_1_75' title='bbox 528 788 605 843; x_wconf 78' lang='grc' dir='ltr'><strong><em>γὰρ</em></strong></span> <span class='ocrx_word' id='word_1_76' title='bbox 631 786 775 829; x_wconf 70' lang='grc' dir='ltr'><strong><em>ἑαυτὸν</em></strong></span> <span class='ocrx_word' id='word_1_77' title='bbox 794 787 968 841; x_wconf 82' lang='grc' dir='ltr'><strong><em>σχοίνοις</em></strong></span> <span class='ocrx_word' id='word_1_78' title='bbox 991 787 1059 828; x_wconf 82' lang='grc' dir='ltr'><strong><em>διὰ</em></strong></span> <span class='ocrx_word' id='word_1_79' title='bbox 1075 791 1148 829; x_wconf 81' lang='grc' dir='ltr'><strong>τοῦ</strong></span> <span class='ocrx_word' id='word_1_80' title='bbox 1172 788 1327 841; x_wconf 75' lang='grc' dir='ltr'><strong><em>τείχους</em></strong></span> <span class='ocrx_word' id='word_1_81' title='bbox 1343 784 1648 840; x_wconf 75' lang='grc' dir='ltr'><strong><em>καταχαλάσας,</em></strong></span> 
     </span>
     <span class='ocr_line' id='line_1_11' title="bbox 202 853 1652 912; baseline -0.002 -13"><span class='ocrx_word' id='word_1_82' title='bbox 202 854 258 905; x_wconf 82' lang='grc' dir='ltr'><strong><em>ὡς</em></strong></span> <span class='ocrx_word' id='word_1_83' title='bbox 276 856 332 911; x_wconf 89' lang='grc' dir='ltr'><strong>μὴ</strong></span> <span class='ocrx_word' id='word_1_84' title='bbox 356 857 571 912; x_wconf 75' lang='grc' dir='ltr'><strong><em>φωραθείη</em></strong></span> <span class='ocrx_word' id='word_1_85' title='bbox 592 855 660 897; x_wconf 79' lang='grc' dir='ltr'><strong><em>διὰ</em></strong></span> <span class='ocrx_word' id='word_1_86' title='bbox 681 853 958 910; x_wconf 75' lang='grc' dir='ltr'><strong><em>στρατοπέδου</em></strong></span> <span class='ocrx_word' id='word_1_87' title='bbox 988 856 1188 909; x_wconf 63' lang='grc' dir='ltr'><strong><em>βαδίζων,</em></strong></span> <span class='ocrx_word' id='word_1_88' title='bbox 1227 853 1353 904; x_wconf 80' lang='grc' dir='ltr'><strong><em>εὐθύς</em></strong></span> <span class='ocrx_word' id='word_1_89' title='bbox 1377 872 1418 896; x_wconf 88' lang='grc' dir='ltr'><strong>τε</strong></span> <span class='ocrx_word' id='word_1_90' title='bbox 1445 871 1652 909; x_wconf 76' lang='grc' dir='ltr'><strong><em>μετασχη-</em></strong></span> 
     </span>
     <span class='ocr_line' id='line_1_12' title="bbox 149 922 1653 979; baseline -0.002 -12"><span class='ocrx_word' id='word_1_91' title='bbox 149 926 409 979; x_wconf 82' lang='grc' dir='ltr'><strong><em>1οματίζεται</em></strong></span> <span class='ocrx_word' id='word_1_92' title='bbox 435 925 500 965; x_wconf 78' lang='grc' dir='ltr'><strong>καὶ</strong></span> <span class='ocrx_word' id='word_1_93' title='bbox 529 929 697 977; x_wconf 87' lang='grc' dir='ltr'><strong><em>χλαῖναν</em></strong></span> <span class='ocrx_word' id='word_1_94' title='bbox 723 923 796 977; x_wconf 73' lang='grc' dir='ltr'><strong>μὲν</strong></span> <span class='ocrx_word' id='word_1_95' title='bbox 824 923 1018 976; x_wconf 82' lang='grc' dir='ltr'><strong><em>μέλαιναν</em></strong></span> <span class='ocrx_word' id='word_1_96' title='bbox 1044 925 1315 977; x_wconf 76' lang='grc' dir='ltr'><strong><em>περιτίθεται,</em></strong></span> <span class='ocrx_word' id='word_1_97' title='bbox 1354 929 1494 975; x_wconf 87' lang='grc' dir='ltr'><strong><em>κρατεῖ</em></strong></span> <span class='ocrx_word' id='word_1_98' title='bbox 1509 923 1550 964; x_wconf 82' lang='grc' dir='ltr'><strong>δ’</strong></span> <span class='ocrx_word' id='word_1_99' title='bbox 1576 922 1653 965; x_wconf 79' lang='grc' dir='ltr'><strong>ἇνά</strong></span> 
     </span>
     <span class='ocr_line' id='line_1_13' title="bbox 198 989 1652 1048; baseline -0.002 -13"><span class='ocrx_word' id='word_1_100' title='bbox 198 999 335 1048; x_wconf 81' lang='grc' dir='ltr'><strong><em>χεῖρας</em></strong></span> <span class='ocrx_word' id='word_1_101' title='bbox 359 993 488 1033; x_wconf 65' lang='grc' dir='ltr'><strong><em>’ίππου</em></strong></span> <span class='ocrx_word' id='word_1_102' title='bbox 518 992 698 1048; x_wconf 80' lang='grc' dir='ltr'><strong><em>ῥυτῆρα,</em></strong></span> <span class='ocrx_word' id='word_1_103' title='bbox 749 991 816 1033; x_wconf 82' lang='grc' dir='ltr'><strong><em>καὶ</em></strong></span> <span class='ocrx_word' id='word_1_104' title='bbox 845 990 949 1032; x_wconf 77' lang='grc' dir='ltr'><strong><em>κατὰ</em></strong></span> <span class='ocrx_word' id='word_1_105' title='bbox 982 989 1216 1045; x_wconf 76' lang='grc' dir='ltr'><strong><em>θεράποντα</em></strong></span> <span class='ocrx_word' id='word_1_106' title='bbox 1247 989 1652 1044; x_wconf 82' lang='grc' dir='ltr'><strong><em>μετασκευασάμενος</em></strong></span> 
     </span>
     <span class='ocr_line' id='line_1_14' title="bbox 199 1055 1652 1115; baseline -0.001 -13"><span class='ocrx_word' id='word_1_107' title='bbox 199 1057 487 1102; x_wconf 72' lang='grc' dir='ltr'><strong><em>καθευδόντων</em></strong></span> <span class='ocrx_word' id='word_1_108' title='bbox 517 1060 603 1114; x_wconf 82' lang='grc' dir='ltr'><strong><em>περὶ</em></strong></span> <span class='ocrx_word' id='word_1_109' title='bbox 635 1059 764 1112; x_wconf 86' lang='grc' dir='ltr'><strong><em>με’σας</em></strong></span> <span class='ocrx_word' id='word_1_110' title='bbox 792 1055 942 1108; x_wconf 82' lang='grc' dir='ltr'><strong><em>νύκτας</em></strong></span> <span class='ocrx_word' id='word_1_111' title='bbox 978 1057 1089 1100; x_wconf 81' lang='grc' dir='ltr'><strong><em>ἅπαν</em></strong></span> <span class='ocrx_word' id='word_1_112' title='bbox 1121 1058 1167 1100; x_wconf 82' lang='grc' dir='ltr'><strong><em>τὸ</em></strong></span> <span class='ocrx_word' id='word_1_113' title='bbox 1201 1056 1476 1112; x_wconf 86' lang='grc' dir='ltr'><strong><em>στρατόπεδον</em></strong></span> <span class='ocrx_word' id='word_1_114' title='bbox 1509 1056 1652 1115; x_wconf 78' lang='grc' dir='ltr'><strong><em>διεξῄει</em></strong></span> 
     </span>
     <span class='ocr_line' id='line_1_15' title="bbox 200 1124 1649 1183; baseline -0.001 -13"><span class='ocrx_word' id='word_1_115' title='bbox 200 1130 513 1183; x_wconf 77' lang='grc' dir='ltr'><strong><em>ἕρωτηματικῶς</em></strong></span> <span class='ocrx_word' id='word_1_116' title='bbox 540 1128 731 1182; x_wconf 75' lang='grc' dir='ltr'><strong><em>ἐκφωνῶν</em></strong></span> <span class='ocrx_word' id='word_1_117' title='bbox 751 1124 938 1180; x_wconf 78' lang='grc' dir='ltr'><strong><em>συχνάκις</em></strong></span> <span class='ocrx_word' id='word_1_118' title='bbox 960 1129 1048 1182; x_wconf 81' lang='grc' dir='ltr'><strong><em>περὶ</em></strong></span> <span class='ocrx_word' id='word_1_119' title='bbox 1071 1128 1199 1169; x_wconf 70' lang='grc' dir='ltr'><strong><em>ἵππου</em></strong></span> <span class='ocrx_word' id='word_1_120' title='bbox 1225 1128 1355 1179; x_wconf 76' lang='grc' dir='ltr'><strong><em>δῆθεν</em></strong></span> <span class='ocrx_word' id='word_1_121' title='bbox 1377 1124 1649 1175; x_wconf 79' lang='grc' dir='ltr'><strong><em>ἀπολωλότος.</em></strong></span> 
     </span>
     <span class='ocr_line' id='line_1_16' title="bbox 201 1186 1652 1249; baseline -0.001 -11"><span class='ocrx_word' id='word_1_122' title='bbox 201 1186 268 1238; x_wconf 80' lang='grc' dir='ltr'><strong><em>καὶ</em></strong></span> <span class='ocrx_word' id='word_1_123' title='bbox 295 1196 334 1238; x_wconf 77' lang='grc' dir='ltr'><strong><em>οἳ</em></strong></span> <span class='ocrx_word' id='word_1_124' title='bbox 360 1196 434 1249; x_wconf 68' lang='grc' dir='ltr'><strong>μὲν</strong></span> <span class='ocrx_word' id='word_1_125' title='bbox 456 1195 731 1249; x_wconf 74' lang='grc' dir='ltr'><strong><em>κατημέλουν,</em></strong></span> <span class='ocrx_word' id='word_1_126' title='bbox 765 1194 803 1236; x_wconf 74' lang='grc' dir='ltr'><strong><em>οἳ</em></strong></span> <span class='ocrx_word' id='word_1_127' title='bbox 824 1195 869 1236; x_wconf 74' lang='grc' dir='ltr'><strong>δὲ</strong></span> <span class='ocrx_word' id='word_1_128' title='bbox 885 1196 951 1236; x_wconf 82' lang='grc' dir='ltr'><strong>καὶ</strong></span> <span class='ocrx_word' id='word_1_129' title='bbox 970 1195 1240 1248; x_wconf 73' lang='grc' dir='ltr'><strong><em>ἀπελογοῦντο</em></strong></span> <span class='ocrx_word' id='word_1_130' title='bbox 1263 1194 1432 1236; x_wconf 67' lang='grc' dir='ltr'><strong><em>ἔνδοθεν</em></strong></span> <span class='ocrx_word' id='word_1_131' title='bbox 1451 1199 1533 1236; x_wconf 86' lang='grc' dir='ltr'><strong>τῶν</strong></span> <span class='ocrx_word' id='word_1_132' title='bbox 1553 1211 1652 1249; x_wconf 80' lang='grc' dir='ltr'><strong><em>σκη-</em></strong></span> 
     </span>
     <span class='ocr_line' id='line_1_17' title="bbox 148 1260 1703 1318; baseline -0.002 -10"><span class='ocrx_word' id='word_1_133' title='bbox 148 1272 190 1308; x_wconf 87' lang='grc'><strong>15</strong></span> <span class='ocrx_word' id='word_1_134' title='bbox 202 1268 282 1307; x_wconf 85' lang='grc' dir='ltr'><strong>νῶν</strong></span> <span class='ocrx_word' id='word_1_135' title='bbox 302 1263 360 1318; x_wconf 86' lang='grc' dir='ltr'><strong>μὴ</strong></span> <span class='ocrx_word' id='word_1_136' title='bbox 382 1265 479 1304; x_wconf 78' lang='grc' dir='ltr'><strong><em>ἷδεΐν</em></strong></span> <span class='ocrx_word' id='word_1_137' title='bbox 498 1263 545 1305; x_wconf 87' lang='grc' dir='ltr'><strong><em>τὸ</em></strong></span> <span class='ocrx_word' id='word_1_138' title='bbox 564 1261 759 1314; x_wconf 79' lang='grc' dir='ltr'><strong><em>σύνολον,</em></strong></span> <span class='ocrx_word' id='word_1_139' title='bbox 792 1263 940 1304; x_wconf 72' lang='grc' dir='ltr'><strong><em>ἐκείνου</em></strong></span> <span class='ocrx_word' id='word_1_140' title='bbox 965 1264 1032 1304; x_wconf 82' lang='grc' dir='ltr'><strong><em>καὶ</em></strong></span> <span class='ocrx_word' id='word_1_141' title='bbox 1056 1263 1106 1304; x_wconf 82' lang='grc' dir='ltr'><strong><em>τὰ</em></strong></span> <span class='ocrx_word' id='word_1_142' title='bbox 1136 1264 1191 1311; x_wconf 76' lang='grc' dir='ltr'><strong>εἷς</strong></span> <span class='ocrx_word' id='word_1_143' title='bbox 1214 1260 1366 1318; x_wconf 68' lang='grc' dir='ltr'><strong><em>εὕρεσιν</em></strong></span> <span class='ocrx_word' id='word_1_144' title='bbox 1389 1264 1545 1317; x_wconf 81' lang='grc' dir='ltr'><strong><em>δαψιλῆ</em></strong></span> <span class='ocrx_word' id='word_1_145' title='bbox 1573 1280 1647 1304; x_wconf 79' lang='grc' dir='ltr'><strong>κα·</strong></span> <span class='ocrx_word' id='word_1_146' title='bbox 1671 1272 1703 1305; x_wconf 89' lang='grc' dir='ltr'>Ε</span> 
     </span>
     <span class='ocr_line' id='line_1_18' title="bbox 199 1328 1652 1386; baseline -0.002 -11"><span class='ocrx_word' id='word_1_147' title='bbox 199 1331 566 1386; x_wconf 76' lang='grc' dir='ltr'><strong><em>θυπισχνουμὲνου.</em></strong></span> <span class='ocrx_word' id='word_1_148' title='bbox 636 1332 701 1372; x_wconf 80' lang='grc' dir='ltr'><strong>καὶ</strong></span> <span class='ocrx_word' id='word_1_149' title='bbox 732 1328 841 1373; x_wconf 71' lang='grc' dir='ltr'><strong><em>οὕτω</em></strong></span> <span class='ocrx_word' id='word_1_150' title='bbox 870 1331 1015 1372; x_wconf 77' lang='grc' dir='ltr'><strong><em>λαθὼν</em></strong></span> <span class='ocrx_word' id='word_1_151' title='bbox 1045 1330 1120 1379; x_wconf 79' lang='grc' dir='ltr'><strong>τὰς</strong></span> <span class='ocrx_word' id='word_1_152' title='bbox 1148 1328 1340 1371; x_wconf 79' lang='grc' dir='ltr'><strong><em>ἁπάντων</em></strong></span> <span class='ocrx_word' id='word_1_153' title='bbox 1360 1328 1524 1384; x_wconf 69' lang='grc' dir='ltr'><strong><em>γνώσεις</em></strong></span> <span class='ocrx_word' id='word_1_154' title='bbox 1547 1330 1652 1372; x_wconf 81' lang='grc' dir='ltr'><strong><em>ἀπο-</em></strong></span> 
     </span>
    </p>
   </div>
   <div class='ocr_carea' id='block_1_4' title="bbox 1486 1396 1604 1414">
    <p class='ocr_par' dir='ltr' id='par_1_4' title="bbox 1486 1396 1604 1414">
     <span class='ocr_line' id='line_1_19' title="bbox 1486 1396 1604 1414; baseline 0 -2"><span class='ocrx_word' id='word_1_155' title='bbox 1486 1396 1506 1412; x_wconf 69' lang='grc' dir='ltr'><strong>(Ὗ</strong></span> <span class='ocrx_word' id='word_1_156' title='bbox 1543 1397 1555 1412; x_wconf 73' lang='lat'>2</span> <span class='ocrx_word' id='word_1_157' title='bbox 1582 1398 1604 1414; x_wconf 77' lang='grc' dir='ltr'><strong>(Ἰ</strong></span> 
     </span>
    </p>
   </div>
   <div class='ocr_carea' id='block_1_5' title="bbox 198 1397 1647 1523">
    <p class='ocr_par' dir='ltr' id='par_1_5' title="bbox 198 1397 1647 1523">
     <span class='ocr_line' id='line_1_20' title="bbox 200 1397 1647 1455; baseline -0.002 -13"><span class='ocrx_word' id='word_1_158' title='bbox 200 1397 336 1442; x_wconf 69' lang='grc' dir='ltr'><strong><em>λύεται</em></strong></span> <span class='ocrx_word' id='word_1_159' title='bbox 351 1400 424 1453; x_wconf 76' lang='grc' dir='ltr'><strong>μὲν</strong></span> <span class='ocrx_word' id='word_1_160' title='bbox 445 1403 518 1441; x_wconf 82' lang='grc' dir='ltr'><strong>τοῦ</strong></span> <span class='ocrx_word' id='word_1_161' title='bbox 533 1397 758 1450; x_wconf 77' lang='grc' dir='ltr'><strong><em>Ῥωμαϊκοῦ</em></strong></span> <span class='ocrx_word' id='word_1_162' title='bbox 777 1398 1077 1453; x_wconf 77' lang='grc' dir='ltr'><strong><em>στρατοπέδου,</em></strong></span> <span class='ocrx_word' id='word_1_163' title='bbox 1114 1398 1398 1446; x_wconf 72' lang='grc' dir='ltr'><strong><em>ε’νσκευασθεὶς</em></strong></span> <span class='ocrx_word' id='word_1_164' title='bbox 1418 1398 1462 1439; x_wconf 80' lang='grc' dir='ltr'><strong>δὲ</strong></span> <span class='ocrx_word' id='word_1_165' title='bbox 1481 1416 1537 1451; x_wconf 85' lang='grc' dir='ltr'><strong>αμ</strong></span> <span class='ocrx_word' id='word_1_166' title='bbox 1580 1415 1647 1455; x_wconf 59' lang='lat' dir='ltr'><strong>eqo,</strong></span> 
     </span>
     <span class='ocr_line' id='line_1_21' title="bbox 198 1463 1647 1523; baseline -0.001 -13"><span class='ocrx_word' id='word_1_167' title='bbox 198 1469 267 1511; x_wconf 77' lang='grc' dir='ltr'><strong><em>’καὶ</em></strong></span> <span class='ocrx_word' id='word_1_168' title='bbox 289 1466 345 1510; x_wconf 82' lang='grc' dir='ltr'><strong><em>δι’</em></strong></span> <span class='ocrx_word' id='word_1_169' title='bbox 370 1464 532 1520; x_wconf 79' lang='grc' dir='ltr'><strong><em>ἀδήλων</em></strong></span> <span class='ocrx_word' id='word_1_170' title='bbox 553 1465 627 1516; x_wconf 79' lang='grc' dir='ltr'><strong>τὰς</strong></span> <span class='ocrx_word' id='word_1_171' title='bbox 651 1464 796 1520; x_wconf 64' lang='grc' dir='ltr'><strong><em>Θήβας</em></strong></span> <span class='ocrx_word' id='word_1_172' title='bbox 819 1467 859 1508; x_wconf 76' lang='grc' dir='ltr'><strong>ἓν</strong></span> <span class='ocrx_word' id='word_1_173' title='bbox 879 1464 1044 1523; x_wconf 70' lang='grc' dir='ltr'><strong><em>ἡμέραις</em></strong></span> <span class='ocrx_word' id='word_1_174' title='bbox 1059 1467 1241 1522; x_wconf 81' lang='grc' dir='ltr'><strong><em>μετρίαις</em></strong></span> <span class='ocrx_word' id='word_1_175' title='bbox 1261 1463 1529 1519; x_wconf 79' lang='grc' dir='ltr'><strong><em>καταλαβών,</em></strong></span> <span class='ocrx_word' id='word_1_176' title='bbox 1564 1483 1647 1521; x_wconf 83' lang='grc' dir='ltr'><strong>μη-</strong></span> 
     </span>
    </p>
   </div>
   <div class='ocr_carea' id='block_1_6' title="bbox 199 1607 1662 2885">
    <p class='ocr_par' dir='ltr' id='par_1_6' title="bbox 199 1607 1662 2885">
     <span class='ocr_line' id='line_1_22' title="bbox 201 1607 1647 1655; baseline -0.002 -10"><span class='ocrx_word' id='word_1_177' title='bbox 201 1610 243 1645; x_wconf 85' lang='lat' dir='ltr'><strong>ad</strong></span> <span class='ocrx_word' id='word_1_178' title='bbox 273 1609 307 1643; x_wconf 89' lang='lat' dir='ltr'><strong>id</strong></span> <span class='ocrx_word' id='word_1_179' title='bbox 339 1608 579 1655; x_wconf 81' lang='lat' dir='ltr'><strong>perficiendum</strong></span> <span class='ocrx_word' id='word_1_180' title='bbox 611 1607 775 1654; x_wconf 80' lang='lat' dir='ltr'><strong>patientia</strong></span> <span class='ocrx_word' id='word_1_181' title='bbox 803 1619 887 1654; x_wconf 84' lang='lat' dir='ltr'><strong>opus</strong></span> <span class='ocrx_word' id='word_1_182' title='bbox 917 1613 1018 1643; x_wconf 82' lang='lat' dir='ltr'><strong>esset.</strong></span> <span class='ocrx_word' id='word_1_183' title='bbox 1066 1619 1140 1643; x_wconf 86' lang='lat' dir='ltr'><strong>nam</strong></span> <span class='ocrx_word' id='word_1_184' title='bbox 1164 1608 1231 1643; x_wconf 89' lang='lat' dir='ltr'><strong>sibi</strong></span> <span class='ocrx_word' id='word_1_185' title='bbox 1260 1608 1432 1643; x_wconf 87' lang='lat' dir='ltr'><strong>abundare</strong></span> <span class='ocrx_word' id='word_1_186' title='bbox 1455 1608 1575 1650; x_wconf 85' lang='lat' dir='ltr'><strong>otium,</strong></span> <span class='ocrx_word' id='word_1_187' title='bbox 1611 1612 1647 1642; x_wconf 92' lang='lat' dir='ltr'><strong>et</strong></span> 
     </span>
     <span class='ocr_line' id='line_1_23' title="bbox 200 1654 1648 1699; baseline -0.002 -9"><span class='ocrx_word' id='word_1_188' title='bbox 200 1657 299 1691; x_wconf 87' lang='lat' dir='ltr'><strong>unice</strong></span> <span class='ocrx_word' id='word_1_189' title='bbox 322 1666 445 1690; x_wconf 86' lang='lat' dir='ltr'><strong>vacare</strong></span> <span class='ocrx_word' id='word_1_190' title='bbox 467 1654 575 1688; x_wconf 84' lang='lat' dir='ltr'><strong>soluto</strong></span> <span class='ocrx_word' id='word_1_191' title='bbox 599 1654 688 1688; x_wconf 80' lang='lat' dir='ltr'><strong>curis</strong></span> <span class='ocrx_word' id='word_1_192' title='bbox 710 1654 796 1695; x_wconf 84' lang='lat' dir='ltr'><strong>aliis,</strong></span> <span class='ocrx_word' id='word_1_193' title='bbox 820 1654 1064 1699; x_wconf 81' lang='lat' dir='ltr'><strong>quantumlibet</strong></span> <span class='ocrx_word' id='word_1_194' title='bbox 1085 1654 1229 1699; x_wconf 86' lang='lat' dir='ltr'><strong>spatium</strong></span> <span class='ocrx_word' id='word_1_195' title='bbox 1252 1654 1288 1688; x_wconf 87' lang='lat' dir='ltr'><strong>in</strong></span> <span class='ocrx_word' id='word_1_196' title='bbox 1311 1666 1351 1687; x_wconf 91' lang='lat' dir='ltr'><strong>ea</strong></span> <span class='ocrx_word' id='word_1_197' title='bbox 1373 1654 1545 1688; x_wconf 79' lang='lat' dir='ltr'>obsidione</span> <span class='ocrx_word' id='word_1_198' title='bbox 1569 1666 1648 1688; x_wconf 92' lang='lat' dir='ltr'><strong>con-</strong></span> 
     </span>
     <span class='ocr_line' id='line_1_24' title="bbox 200 1699 1649 1744; baseline -0.002 -8"><span class='ocrx_word' id='word_1_199' title='bbox 200 1712 342 1736; x_wconf 84' lang='lat' dir='ltr'><strong>sumere.</strong></span> <span class='ocrx_word' id='word_1_200' title='bbox 387 1700 470 1733; x_wconf 84' lang='lat' dir='ltr'><strong>talia</strong></span> <span class='ocrx_word' id='word_1_201' title='bbox 490 1700 698 1734; x_wconf 82' lang='lat' dir='ltr'><strong>denuntianti</strong></span> <span class='ocrx_word' id='word_1_202' title='bbox 723 1700 884 1744; x_wconf 82' lang='lat' dir='ltr'><strong>despotae</strong></span> <span class='ocrx_word' id='word_1_203' title='bbox 906 1700 1090 1734; x_wconf 69' lang='lat' dir='ltr'><strong>Pati-enses</strong></span> <span class='ocrx_word' id='word_1_204' title='bbox 1113 1699 1186 1733; x_wconf 84' lang='lat' dir='ltr'><strong>sive</strong></span> <span class='ocrx_word' id='word_1_205' title='bbox 1217 1711 1297 1733; x_wconf 87' lang='lat' dir='ltr'><strong>vere</strong></span> <span class='ocrx_word' id='word_1_206' title='bbox 1329 1699 1530 1744; x_wconf 85' lang='lat' dir='ltr'><strong>sinceraque</strong></span> <span class='ocrx_word' id='word_1_207' title='bbox 1555 1711 1649 1733; x_wconf 90' lang='lat' dir='ltr'><strong>men-</strong></span> 
     </span>
     <span class='ocr_line' id='line_1_25' title="bbox 201 1745 1648 1792; baseline -0.001 -12"><span class='ocrx_word' id='word_1_208' title='bbox 201 1748 247 1781; x_wconf 83' lang='lat' dir='ltr'><strong>tis</strong></span> <span class='ocrx_word' id='word_1_209' title='bbox 270 1745 430 1792; x_wconf 83' lang='lat' dir='ltr'><strong>propriae</strong></span> <span class='ocrx_word' id='word_1_210' title='bbox 452 1745 639 1789; x_wconf 85' lang='lat' dir='ltr'><strong>sententia,</strong></span> <span class='ocrx_word' id='word_1_211' title='bbox 676 1745 747 1779; x_wconf 80' lang='lat' dir='ltr'><strong>sive</strong></span> <span class='ocrx_word' id='word_1_212' title='bbox 767 1745 815 1779; x_wconf 84' lang='lat' dir='ltr'><strong>ita</strong></span> <span class='ocrx_word' id='word_1_213' title='bbox 838 1745 1026 1779; x_wconf 77' lang='lat' dir='ltr'><strong>faciendum</strong></span> <span class='ocrx_word' id='word_1_214' title='bbox 1047 1750 1267 1789; x_wconf 77' lang='lat' dir='ltr'>suggerente,</span> <span class='ocrx_word' id='word_1_215' title='bbox 1303 1757 1399 1790; x_wconf 88' lang='lat' dir='ltr'><strong>quem</strong></span> <span class='ocrx_word' id='word_1_216' title='bbox 1422 1745 1514 1778; x_wconf 84' lang='lat' dir='ltr'><strong>intus</strong></span> <span class='ocrx_word' id='word_1_217' title='bbox 1535 1755 1648 1779; x_wconf 78' lang='lat' dir='ltr'><strong>secum</strong></span> 
     </span>
     <span class='ocr_line' id='line_1_26' title="bbox 199 1790 1650 1836; baseline -0.003 -9"><span class='ocrx_word' id='word_1_218' title='bbox 199 1793 387 1832; x_wconf 81' lang='lat' dir='ltr'><strong>habebant,</strong></span> <span class='ocrx_word' id='word_1_219' title='bbox 420 1791 547 1824; x_wconf 80' lang='lat' dir='ltr'><strong>Ioanne</strong></span> <span class='ocrx_word' id='word_1_220' title='bbox 570 1790 673 1832; x_wconf 89' lang='lat' dir='ltr'><strong>duce,</strong></span> <span class='ocrx_word' id='word_1_221' title='bbox 705 1796 877 1824; x_wconf 87' lang='lat' dir='ltr'><strong>mansuete</strong></span> <span class='ocrx_word' id='word_1_222' title='bbox 899 1791 1115 1836; x_wconf 86' lang='lat' dir='ltr'><strong>modesteque</strong></span> <span class='ocrx_word' id='word_1_223' title='bbox 1140 1791 1405 1835; x_wconf 80' lang='lat' dir='ltr'><strong>respondebant3</strong></span> <span class='ocrx_word' id='word_1_224' title='bbox 1438 1796 1650 1832; x_wconf 75' lang='lat' dir='ltr'>excusantes,</span> 
     </span>
     <span class='ocr_line' id='line_1_27' title="bbox 200 1836 1649 1882; baseline -0.001 -11"><span class='ocrx_word' id='word_1_225' title='bbox 200 1842 362 1872; x_wconf 87' lang='lat' dir='ltr'><strong>maturam</strong></span> <span class='ocrx_word' id='word_1_226' title='bbox 386 1836 420 1870; x_wconf 88' lang='lat' dir='ltr'><strong>in</strong></span> <span class='ocrx_word' id='word_1_227' title='bbox 443 1836 617 1882; x_wconf 79' lang='lat' dir='ltr'><strong>praesenti</strong></span> <span class='ocrx_word' id='word_1_228' title='bbox 639 1848 709 1870; x_wconf 88' lang='lat' dir='ltr'><strong>rem</strong></span> <span class='ocrx_word' id='word_1_229' title='bbox 733 1848 797 1870; x_wconf 91' lang='lat' dir='ltr'><strong>non</strong></span> <span class='ocrx_word' id='word_1_230' title='bbox 821 1848 918 1879; x_wconf 82' lang='lat' dir='ltr'><strong>esse3</strong></span> <span class='ocrx_word' id='word_1_231' title='bbox 953 1836 1152 1882; x_wconf 79' lang='lat' dir='ltr'><strong>suppliciter</strong></span> <span class='ocrx_word' id='word_1_232' title='bbox 1173 1840 1310 1871; x_wconf 86' lang='lat' dir='ltr'><strong>orantes</strong></span> <span class='ocrx_word' id='word_1_233' title='bbox 1333 1837 1461 1870; x_wconf 83' lang='lat' dir='ltr'><strong>remitti</strong></span> <span class='ocrx_word' id='word_1_234' title='bbox 1483 1837 1649 1881; x_wconf 78' lang='lat' dir='ltr'><strong>tantisper</strong></span> 
     </span>
     <span class='ocr_line' id='line_1_28' title="bbox 201 1881 1647 1936; baseline -0.002 -18"><span class='ocrx_word' id='word_1_235' title='bbox 201 1881 459 1929; x_wconf 78' lang='lat' dir='ltr'><strong>oppugnationis</strong></span> <span class='ocrx_word' id='word_1_236' title='bbox 488 1881 655 1927; x_wconf 82' lang='lat' dir='ltr'><strong>impetus3</strong></span> <span class='ocrx_word' id='word_1_237' title='bbox 691 1893 844 1926; x_wconf 82' lang='lat' dir='ltr'><strong>magnum</strong></span> <span class='ocrx_word' id='word_1_238' title='bbox 870 1882 986 1916; x_wconf 87' lang='lat' dir='ltr'><strong>brevis</strong></span> <span class='ocrx_word' id='word_1_239' title='bbox 1009 1893 1121 1916; x_wconf 83' lang='lat' dir='ltr'><strong>morae</strong></span> <span class='ocrx_word' id='word_1_240' title='bbox 1142 1883 1286 1936; x_wconf 85' lang='lat' dir='ltr'><strong>pretium</strong></span> <span class='ocrx_word' id='word_1_241' title='bbox 1311 1883 1404 1916; x_wconf 84' lang='lat' dir='ltr'><strong>fore:</strong></span> <span class='ocrx_word' id='word_1_242' title='bbox 1436 1893 1511 1915; x_wconf 87' lang='lat' dir='ltr'><strong>nam</strong></span> <span class='ocrx_word' id='word_1_243' title='bbox 1535 1893 1572 1916; x_wconf 88' lang='lat' dir='ltr'><strong>se</strong></span> <span class='ocrx_word' id='word_1_244' title='bbox 1595 1881 1647 1915; x_wconf 87' lang='lat' dir='ltr'><strong>in-</strong></span> 
     </span>
     <span class='ocr_line' id='line_1_29' title="bbox 201 1927 1647 1973; baseline -0.002 -10"><span class='ocrx_word' id='word_1_245' title='bbox 201 1930 299 1963; x_wconf 81' lang='lat' dir='ltr'><strong>terim</strong></span> <span class='ocrx_word' id='word_1_246' title='bbox 324 1927 532 1962; x_wconf 84' lang='lat' dir='ltr'><strong>confinnatis</strong></span> <span class='ocrx_word' id='word_1_247' title='bbox 553 1927 702 1971; x_wconf 88' lang='lat' dir='ltr'><strong>viribus,</strong></span> <span class='ocrx_word' id='word_1_248' title='bbox 733 1929 788 1961; x_wconf 91' lang='lat' dir='ltr'><strong>ubi</strong></span> <span class='ocrx_word' id='word_1_249' title='bbox 812 1927 1001 1973; x_wconf 87' lang='lat' dir='ltr'><strong>praesidio,</strong></span> <span class='ocrx_word' id='word_1_250' title='bbox 1034 1927 1123 1973; x_wconf 89' lang='lat' dir='ltr'><strong>quod</strong></span> <span class='ocrx_word' id='word_1_251' title='bbox 1146 1928 1335 1973; x_wconf 73' lang='lat' dir='ltr'><strong>impositum</strong></span> <span class='ocrx_word' id='word_1_252' title='bbox 1359 1927 1545 1962; x_wconf 82' lang='lat' dir='ltr'><strong>cervicibus</strong></span> <span class='ocrx_word' id='word_1_253' title='bbox 1569 1938 1647 1973; x_wconf 83' lang='lat' dir='ltr'><strong>per-</strong></span> 
     </span>
     <span class='ocr_line' id='line_1_30' title="bbox 199 1973 1649 2019; baseline -0.003 -10"><span class='ocrx_word' id='word_1_254' title='bbox 199 1977 348 2014; x_wconf 83' lang='lat' dir='ltr'><strong>ferrent,</strong></span> <span class='ocrx_word' id='word_1_255' title='bbox 382 1973 560 2007; x_wconf 86' lang='lat' dir='ltr'><strong>eluctando</strong></span> <span class='ocrx_word' id='word_1_256' title='bbox 583 1973 667 2007; x_wconf 84' lang='lat' dir='ltr'><strong>satis</strong></span> <span class='ocrx_word' id='word_1_257' title='bbox 691 1980 852 2019; x_wconf 81' lang='lat' dir='ltr'><strong>possent,</strong></span> <span class='ocrx_word' id='word_1_258' title='bbox 883 1973 992 2007; x_wconf 86' lang='lat' dir='ltr'><strong>omnia</strong></span> <span class='ocrx_word' id='word_1_259' title='bbox 1022 1984 1109 2018; x_wconf 83' lang='lat' dir='ltr'><strong>quae</strong></span> <span class='ocrx_word' id='word_1_260' title='bbox 1143 1978 1364 2018; x_wconf 83' lang='lat' dir='ltr'><strong>poscerentur</strong></span> <span class='ocrx_word' id='word_1_261' title='bbox 1394 1973 1575 2007; x_wconf 81' lang='lat' dir='ltr'><strong>effecturos</strong></span> <span class='ocrx_word' id='word_1_262' title='bbox 1613 1977 1649 2006; x_wconf 86' lang='lat' dir='ltr'><strong>et</strong></span> 
     </span>
     <span class='ocr_line' id='line_1_31' title="bbox 200 2018 1647 2064; baseline -0.002 -10"><span class='ocrx_word' id='word_1_263' title='bbox 200 2021 359 2055; x_wconf 79' lang='lat' dir='ltr'><strong>loannem</strong></span> <span class='ocrx_word' id='word_1_264' title='bbox 382 2020 416 2053; x_wconf 91' lang='lat' dir='ltr'><strong>in</strong></span> <span class='ocrx_word' id='word_1_265' title='bbox 440 2030 533 2052; x_wconf 87' lang='lat' dir='ltr'><strong>suam</strong></span> <span class='ocrx_word' id='word_1_266' title='bbox 564 2019 738 2053; x_wconf 81' lang='lat' dir='ltr'><strong>redactum</strong></span> <span class='ocrx_word' id='word_1_267' title='bbox 773 2023 975 2064; x_wconf 83' lang='lat' dir='ltr'><strong>potestatem</strong></span> <span class='ocrx_word' id='word_1_268' title='bbox 1005 2018 1199 2053; x_wconf 76' lang='lat' dir='ltr'><strong>tradituros.</strong></span> <span class='ocrx_word' id='word_1_269' title='bbox 1246 2020 1381 2053; x_wconf 76' lang='lat' dir='ltr'><strong>auditae</strong></span> <span class='ocrx_word' id='word_1_270' title='bbox 1410 2030 1529 2063; x_wconf 77' lang='lat' dir='ltr'><strong>preces</strong></span> <span class='ocrx_word' id='word_1_271' title='bbox 1559 2021 1647 2052; x_wconf 78' lang='lat' dir='ltr'><strong>sunt.</strong></span> 
     </span>
     <span class='ocr_line' id='line_1_32' title="bbox 200 2063 1647 2110; baseline -0.003 -11"><span class='ocrx_word' id='word_1_272' title='bbox 200 2066 254 2099; x_wconf 82' lang='lat' dir='ltr'><strong>vis</strong></span> <span class='ocrx_word' id='word_1_273' title='bbox 280 2063 516 2110; x_wconf 70' lang='lat' dir='ltr'><strong>&#39;suspenditur3</strong></span> <span class='ocrx_word' id='word_1_274' title='bbox 558 2065 643 2098; x_wconf 88' lang='lat' dir='ltr'><strong>fides</strong></span> <span class='ocrx_word' id='word_1_275' title='bbox 675 2070 875 2110; x_wconf 84' lang='lat' dir='ltr'><strong>expectatur</strong></span> <span class='ocrx_word' id='word_1_276' title='bbox 906 2064 1153 2110; x_wconf 77' lang='lat' dir='ltr'><strong>promissorum.</strong></span> <span class='ocrx_word' id='word_1_277' title='bbox 1199 2064 1332 2109; x_wconf 82' lang='lat' dir='ltr'><strong>longum</strong></span> <span class='ocrx_word' id='word_1_278' title='bbox 1362 2064 1398 2097; x_wconf 89' lang='lat' dir='ltr'><strong>in</strong></span> <span class='ocrx_word' id='word_1_279' title='bbox 1432 2064 1482 2097; x_wconf 80' lang='lat' dir='ltr'><strong>his</strong></span> <span class='ocrx_word' id='word_1_280' title='bbox 1515 2068 1647 2107; x_wconf 84' lang='lat' dir='ltr'><strong>tempus</strong></span> 
     </span>
     <span class='ocr_line' id='line_1_33' title="bbox 201 2108 1647 2156; baseline -0.003 -11"><span class='ocrx_word' id='word_1_281' title='bbox 201 2112 285 2145; x_wconf 73' lang='lat' dir='ltr'><strong>abit,</strong></span> <span class='ocrx_word' id='word_1_282' title='bbox 329 2110 407 2144; x_wconf 81' lang='lat' dir='ltr'><strong>hinc</strong></span> <span class='ocrx_word' id='word_1_283' title='bbox 432 2111 651 2145; x_wconf 84' lang='lat' dir='ltr'><strong>Patrensibus</strong></span> <span class='ocrx_word' id='word_1_284' title='bbox 673 2110 707 2144; x_wconf 90' lang='lat' dir='ltr'><strong>in</strong></span> <span class='ocrx_word' id='word_1_285' title='bbox 731 2110 876 2144; x_wconf 80' lang='lat' dir='ltr'><strong>artificio</strong></span> <span class='ocrx_word' id='word_1_286' title='bbox 900 2111 989 2156; x_wconf 87' lang='lat' dir='ltr'><strong>quod</strong></span> <span class='ocrx_word' id='word_1_287' title='bbox 1014 2110 1175 2155; x_wconf 77' lang='lat' dir='ltr'><strong>prodesse</strong></span> <span class='ocrx_word' id='word_1_288' title='bbox 1198 2113 1368 2155; x_wconf 85' lang='lat' dir='ltr'><strong>coeperat,</strong></span> <span class='ocrx_word' id='word_1_289' title='bbox 1391 2108 1547 2152; x_wconf 54' lang='lat' dir='ltr'><strong>gnaviter</strong></span> <span class='ocrx_word' id='word_1_290' title='bbox 1570 2120 1647 2152; x_wconf 79' lang='lat' dir='ltr'><strong>per·</strong></span> 
     </span>
     <span class='ocr_line' id='line_1_34' title="bbox 200 2154 1645 2200; baseline -0.003 -10"><span class='ocrx_word' id='word_1_291' title='bbox 200 2155 386 2198; x_wconf 86' lang='lat' dir='ltr'><strong>stantibus,</strong></span> <span class='ocrx_word' id='word_1_292' title='bbox 416 2155 494 2189; x_wconf 88' lang='lat' dir='ltr'><strong>inde</strong></span> <span class='ocrx_word' id='word_1_293' title='bbox 526 2156 685 2191; x_wconf 86' lang='lat' dir='ltr'><strong>Romanis</strong></span> <span class='ocrx_word' id='word_1_294' title='bbox 717 2167 778 2200; x_wconf 86' lang='lat' dir='ltr'><strong>spe</strong></span> <span class='ocrx_word' id='word_1_295' title='bbox 807 2156 871 2190; x_wconf 90' lang='lat' dir='ltr'><strong>sibi</strong></span> <span class='ocrx_word' id='word_1_296' title='bbox 902 2167 989 2190; x_wconf 85' lang='lat' dir='ltr'><strong>vana</strong></span> <span class='ocrx_word' id='word_1_297' title='bbox 1010 2155 1170 2189; x_wconf 77' lang='lat' dir='ltr'><strong>victoriae</strong></span> <span class='ocrx_word' id='word_1_298' title='bbox 1194 2156 1364 2199; x_wconf 85' lang='lat' dir='ltr'><strong>proximae</strong></span> <span class='ocrx_word' id='word_1_299' title='bbox 1384 2154 1645 2188; x_wconf 83' lang='lat' dir='ltr'><strong>blandientibus.</strong></span> 
     </span>
     <span class='ocr_line' id='line_1_35' title="bbox 202 2199 1646 2247; baseline -0.002 -12"><span class='ocrx_word' id='word_1_300' title='bbox 202 2202 264 2236; x_wconf 83' lang='lat' dir='ltr'><strong>hoc</strong></span> <span class='ocrx_word' id='word_1_301' title='bbox 294 2201 436 2235; x_wconf 84' lang='lat' dir='ltr'><strong>articulo</strong></span> <span class='ocrx_word' id='word_1_302' title='bbox 468 2212 580 2235; x_wconf 83' lang='lat' dir='ltr'><strong>rerum</strong></span> <span class='ocrx_word' id='word_1_303' title='bbox 611 2203 807 2235; x_wconf 81' lang='lat' dir='ltr'><strong>tentandum</strong></span> <span class='ocrx_word' id='word_1_304' title='bbox 837 2201 963 2247; x_wconf 82' lang='lat' dir='ltr'><strong>aliquid</strong></span> <span class='ocrx_word' id='word_1_305' title='bbox 998 2212 1151 2246; x_wconf 85' lang='lat' dir='ltr'><strong>magnum</strong></span> <span class='ocrx_word' id='word_1_306' title='bbox 1182 2204 1249 2235; x_wconf 88' lang='lat' dir='ltr'><strong>dux</strong></span> <span class='ocrx_word' id='word_1_307' title='bbox 1280 2201 1422 2234; x_wconf 84' lang='lat' dir='ltr'><strong>Ioannes</strong></span> <span class='ocrx_word' id='word_1_308' title='bbox 1461 2199 1646 2240; x_wconf 71' lang='lat' dir='ltr'><strong>constituit,</strong></span> 
     </span>
     <span class='ocr_line' id='line_1_36' title="bbox 201 2244 1646 2292; baseline -0.002 -12"><span class='ocrx_word' id='word_1_309' title='bbox 201 2246 349 2281; x_wconf 81' lang='lat' dir='ltr'><strong>adhibita</strong></span> <span class='ocrx_word' id='word_1_310' title='bbox 370 2245 406 2279; x_wconf 90' lang='lat' dir='ltr'><strong>in</strong></span> <span class='ocrx_word' id='word_1_311' title='bbox 431 2246 619 2289; x_wconf 82' lang='lat' dir='ltr'><strong>consilium,</strong></span> <span class='ocrx_word' id='word_1_312' title='bbox 651 2250 789 2292; x_wconf 86' lang='lat' dir='ltr'><strong>praeter</strong></span> <span class='ocrx_word' id='word_1_313' title='bbox 810 2247 878 2292; x_wconf 85' lang='lat' dir='ltr'><strong>ipsi</strong></span> <span class='ocrx_word' id='word_1_314' title='bbox 900 2246 1096 2281; x_wconf 79' lang='lat' dir='ltr'><strong>familiarem</strong></span> <span class='ocrx_word' id='word_1_315' title='bbox 1125 2247 1338 2290; x_wconf 80' lang='lat' dir='ltr'><strong>innatamque</strong></span> <span class='ocrx_word' id='word_1_316' title='bbox 1359 2244 1549 2285; x_wconf 86' lang='lat' dir='ltr'><strong>audaciam,</strong></span> <span class='ocrx_word' id='word_1_317' title='bbox 1586 2256 1646 2278; x_wconf 82' lang='lat' dir='ltr'><strong>ex-</strong></span> 
     </span>
     <span class='ocr_line' id='line_1_37' title="bbox 203 2290 1646 2335; baseline -0.003 -9"><span class='ocrx_word' id='word_1_318' title='bbox 203 2296 307 2326; x_wconf 79' lang='lat' dir='ltr'><strong>trema</strong></span> <span class='ocrx_word' id='word_1_319' title='bbox 341 2291 543 2325; x_wconf 76' lang='lat' dir='ltr'><strong>necessitate</strong></span> <span class='ocrx_word' id='word_1_320' title='bbox 577 2304 690 2326; x_wconf 87' lang='lat' dir='ltr'><strong>rerum</strong></span> <span class='ocrx_word' id='word_1_321' title='bbox 724 2304 855 2326; x_wconf 86' lang='lat' dir='ltr'><strong>suarum</strong></span> <span class='ocrx_word' id='word_1_322' title='bbox 886 2293 1000 2326; x_wconf 78' lang='lat' dir='ltr'><strong>ultimo</strong></span> <span class='ocrx_word' id='word_1_323' title='bbox 1035 2292 1100 2325; x_wconf 87' lang='lat' dir='ltr'><strong>iam</strong></span> <span class='ocrx_word' id='word_1_324' title='bbox 1132 2291 1166 2324; x_wconf 90' lang='lat' dir='ltr'><strong>in</strong></span> <span class='ocrx_word' id='word_1_325' title='bbox 1198 2291 1387 2325; x_wconf 84' lang='lat' dir='ltr'><strong>discrimine</strong></span> <span class='ocrx_word' id='word_1_326' title='bbox 1419 2290 1646 2335; x_wconf 87' lang='lat' dir='ltr'><strong>pendentium.</strong></span> 
     </span>
     <span class='ocr_line' id='line_1_38' title="bbox 201 2335 1645 2381; baseline -0.001 -11"><span class='ocrx_word' id='word_1_327' title='bbox 201 2342 300 2371; x_wconf 87' lang='lat' dir='ltr'><strong>noctu</strong></span> <span class='ocrx_word' id='word_1_328' title='bbox 324 2348 386 2381; x_wconf 90' lang='lat' dir='ltr'><strong>per</strong></span> <span class='ocrx_word' id='word_1_329' title='bbox 410 2337 494 2370; x_wconf 86' lang='lat' dir='ltr'><strong>fidos</strong></span> <span class='ocrx_word' id='word_1_330' title='bbox 515 2348 663 2381; x_wconf 81' lang='lat' dir='ltr'><strong>paucos,</strong></span> <span class='ocrx_word' id='word_1_331' title='bbox 694 2337 824 2372; x_wconf 87' lang='lat' dir='ltr'><strong>iuratos</strong></span> <span class='ocrx_word' id='word_1_332' title='bbox 848 2349 970 2372; x_wconf 85' lang='lat' dir='ltr'><strong>arcano</strong></span> <span class='ocrx_word' id='word_1_333' title='bbox 994 2339 1119 2371; x_wconf 78' lang='lat' dir='ltr'><strong>factum</strong></span> <span class='ocrx_word' id='word_1_334' title='bbox 1143 2337 1339 2378; x_wconf 83' lang='lat' dir='ltr'><strong>habituros,</strong></span> <span class='ocrx_word' id='word_1_335' title='bbox 1372 2335 1502 2370; x_wconf 71' lang='lat' dir='ltr'><strong>demitti</strong></span> <span class='ocrx_word' id='word_1_336' title='bbox 1526 2347 1563 2370; x_wconf 88' lang='lat' dir='ltr'><strong>se</strong></span> <span class='ocrx_word' id='word_1_337' title='bbox 1586 2347 1645 2368; x_wconf 92' lang='lat' dir='ltr'><strong>cu-</strong></span> 
     </span>
     <span class='ocr_line' id='line_1_39' title="bbox 200 2382 1645 2426; baseline -0.003 -8"><span class='ocrx_word' id='word_1_338' title='bbox 200 2384 290 2418; x_wconf 76' lang='lat' dir='ltr'><strong>ravit</strong></span> <span class='ocrx_word' id='word_1_339' title='bbox 321 2382 455 2416; x_wconf 79' lang='lat' dir='ltr'><strong>mnibus</strong></span> <span class='ocrx_word' id='word_1_340' title='bbox 483 2393 546 2426; x_wconf 88' lang='lat' dir='ltr'><strong>per</strong></span> <span class='ocrx_word' id='word_1_341' title='bbox 575 2394 724 2425; x_wconf 87' lang='lat' dir='ltr'><strong>murum,</strong></span> <span class='ocrx_word' id='word_1_342' title='bbox 755 2388 851 2417; x_wconf 85' lang='lat' dir='ltr'><strong>veste</strong></span> <span class='ocrx_word' id='word_1_343' title='bbox 874 2387 974 2417; x_wconf 87' lang='lat' dir='ltr'><strong>antea</strong></span> <span class='ocrx_word' id='word_1_344' title='bbox 996 2386 1144 2424; x_wconf 79' lang='lat' dir='ltr'><strong>mutata,</strong></span> <span class='ocrx_word' id='word_1_345' title='bbox 1178 2394 1219 2416; x_wconf 93' lang='lat' dir='ltr'><strong>ne</strong></span> <span class='ocrx_word' id='word_1_346' title='bbox 1241 2385 1358 2426; x_wconf 88' lang='lat' dir='ltr'><strong>posset</strong></span> <span class='ocrx_word' id='word_1_347' title='bbox 1380 2382 1525 2426; x_wconf 85' lang='lat' dir='ltr'><strong>agnosci.</strong></span> <span class='ocrx_word' id='word_1_348' title='bbox 1575 2384 1645 2414; x_wconf 83' lang='lat' dir='ltr'><strong>tum</strong></span> 
     </span>
     <span class='ocr_line' id='line_1_40' title="bbox 201 2428 1645 2473; baseline -0.002 -11"><span class='ocrx_word' id='word_1_349' title='bbox 201 2438 239 2463; x_wconf 91' lang='lat' dir='ltr'><strong>nt</strong></span> <span class='ocrx_word' id='word_1_350' title='bbox 262 2432 337 2462; x_wconf 79' lang='lat' dir='ltr'><strong>erat</strong></span> <span class='ocrx_word' id='word_1_351' title='bbox 360 2439 442 2472; x_wconf 80' lang='lat' dir='ltr'><strong>sago</strong></span> <span class='ocrx_word' id='word_1_352' title='bbox 466 2428 561 2471; x_wconf 79' lang='lat' dir='ltr'><strong>nigro</strong></span> <span class='ocrx_word' id='word_1_353' title='bbox 584 2428 619 2461; x_wconf 91' lang='lat' dir='ltr'><strong>in</strong></span> <span class='ocrx_word' id='word_1_354' title='bbox 641 2428 754 2462; x_wconf 81' lang='lat' dir='ltr'><strong>samnii</strong></span> <span class='ocrx_word' id='word_1_355' title='bbox 782 2429 926 2473; x_wconf 86' lang='lat' dir='ltr'><strong>speciem</strong></span> <span class='ocrx_word' id='word_1_356' title='bbox 948 2431 1110 2468; x_wconf 81' lang='lat' dir='ltr'><strong>larvatus,</strong></span> <span class='ocrx_word' id='word_1_357' title='bbox 1133 2429 1212 2472; x_wconf 83' lang='lat' dir='ltr'><strong>equi</strong></span> <span class='ocrx_word' id='word_1_358' title='bbox 1234 2428 1382 2462; x_wconf 83' lang='lat' dir='ltr'><strong>habenas</strong></span> <span class='ocrx_word' id='word_1_359' title='bbox 1405 2439 1503 2461; x_wconf 88' lang='lat' dir='ltr'><strong>manu</strong></span> <span class='ocrx_word' id='word_1_360' title='bbox 1517 2430 1645 2466; x_wconf 80' lang='lat' dir='ltr'><strong>tenens,</strong></span> 
     </span>
     <span class='ocr_line' id='line_1_41' title="bbox 200 2472 1645 2518; baseline -0.003 -10"><span class='ocrx_word' id='word_1_361' title='bbox 200 2479 299 2509; x_wconf 83' lang='lat' dir='ltr'><strong>nocte</strong></span> <span class='ocrx_word' id='word_1_362' title='bbox 322 2472 486 2507; x_wconf 84' lang='lat' dir='ltr'><strong>concubia</strong></span> <span class='ocrx_word' id='word_1_363' title='bbox 509 2474 749 2508; x_wconf 80' lang='lat' dir='ltr'><strong>dormientibus</strong></span> <span class='ocrx_word' id='word_1_364' title='bbox 771 2475 920 2516; x_wconf 84' lang='lat' dir='ltr'><strong>cunctis,</strong></span> <span class='ocrx_word' id='word_1_365' title='bbox 946 2485 1006 2518; x_wconf 82' lang='lat' dir='ltr'><strong>per</strong></span> <span class='ocrx_word' id='word_1_366' title='bbox 1029 2474 1138 2508; x_wconf 84' lang='lat' dir='ltr'><strong>media</strong></span> <span class='ocrx_word' id='word_1_367' title='bbox 1161 2473 1285 2507; x_wconf 81' lang='lat' dir='ltr'><strong>transit</strong></span> <span class='ocrx_word' id='word_1_368' title='bbox 1308 2477 1440 2514; x_wconf 86' lang='lat' dir='ltr'><strong>castra,</strong></span> <span class='ocrx_word' id='word_1_369' title='bbox 1462 2473 1645 2506; x_wconf 86' lang='lat' dir='ltr'><strong>identidem</strong></span> 
     </span>
     <span class='ocr_line' id='line_1_42' title="bbox 199 2518 1662 2565; baseline -0.003 -11"><span class='ocrx_word' id='word_1_370' title='bbox 199 2520 370 2565; x_wconf 86' lang='lat' dir='ltr'><strong>inquirens</strong></span> <span class='ocrx_word' id='word_1_371' title='bbox 393 2518 537 2564; x_wconf 86' lang='lat' dir='ltr'><strong>supplici</strong></span> <span class='ocrx_word' id='word_1_372' title='bbox 559 2521 703 2553; x_wconf 82' lang='lat' dir='ltr'><strong>clamore</strong></span> <span class='ocrx_word' id='word_1_373' title='bbox 717 2545 725 2557; x_wconf 82' lang='grc'><strong><em>,</em></strong></span> <span class='ocrx_word' id='word_1_374' title='bbox 748 2519 788 2564; x_wconf 83' lang='lat' dir='ltr'><strong>¹si</strong></span> <span class='ocrx_word' id='word_1_375' title='bbox 810 2520 884 2564; x_wconf 88' lang='lat' dir='ltr'><strong>quis</strong></span> <span class='ocrx_word' id='word_1_376' title='bbox 914 2521 1017 2553; x_wconf 85' lang='lat' dir='ltr'><strong>sciret</strong></span> <span class='ocrx_word' id='word_1_377' title='bbox 1040 2531 1107 2564; x_wconf 90' lang='lat' dir='ltr'><strong>quo</strong></span> <span class='ocrx_word' id='word_1_378' title='bbox 1129 2519 1271 2554; x_wconf 85' lang='lat' dir='ltr'><strong>abiisset</strong></span> <span class='ocrx_word' id='word_1_379' title='bbox 1292 2519 1357 2554; x_wconf 88' lang='lat' dir='ltr'><strong>sibi</strong></span> <span class='ocrx_word' id='word_1_380' title='bbox 1381 2519 1515 2564; x_wconf 81' lang='lat' dir='ltr'><strong>eiapsus</strong></span> <span class='ocrx_word' id='word_1_381' title='bbox 1538 2528 1662 2563; x_wconf 62' lang='lat' dir='ltr'><strong>equus</strong></span> 
     </span>
     <span class='ocr_line' id='line_1_43' title="bbox 201 2562 1646 2609; baseline -0.003 -11"><span class='ocrx_word' id='word_1_382' title='bbox 201 2565 346 2609; x_wconf 87' lang='lat' dir='ltr'><strong>domini,</strong></span> <span class='ocrx_word' id='word_1_383' title='bbox 378 2568 565 2598; x_wconf 85' lang='lat' dir='ltr'><strong>monstrare</strong></span> <span class='ocrx_word' id='word_1_384' title='bbox 595 2576 638 2598; x_wconf 88' lang='lat' dir='ltr'><strong>ne</strong></span> <span class='ocrx_word' id='word_1_385' title='bbox 667 2570 887 2608; x_wconf 80' lang='lat' dir='ltr'><strong>gravaretur:</strong></span> <span class='ocrx_word' id='word_1_386' title='bbox 925 2575 1078 2609; x_wconf 78' lang='lat' dir='ltr'><strong>magnam</strong></span> <span class='ocrx_word' id='word_1_387' title='bbox 1107 2565 1224 2599; x_wconf 87' lang='lat' dir='ltr'><strong>indicii</strong></span> <span class='ocrx_word' id='word_1_388' title='bbox 1249 2564 1436 2600; x_wconf 84' lang='lat' dir='ltr'><strong>mercedem</strong></span> <span class='ocrx_word' id='word_1_389' title='bbox 1466 2564 1550 2597; x_wconf 87' lang='lat' dir='ltr'><strong>fore.</strong></span> <span class='ocrx_word' id='word_1_390' title='bbox 1596 2562 1646 2595; x_wconf 87' lang='lat' dir='ltr'><strong>sic</strong></span> 
     </span>
     <span class='ocr_line' id='line_1_44' title="bbox 201 2607 1648 2655; baseline -0.003 -10"><span class='ocrx_word' id='word_1_391' title='bbox 201 2615 334 2645; x_wconf 83' lang='lat' dir='ltr'><strong>euntem</strong></span> <span class='ocrx_word' id='word_1_392' title='bbox 359 2611 389 2644; x_wconf 86' lang='lat' dir='ltr'><strong>si</strong></span> <span class='ocrx_word' id='word_1_393' title='bbox 413 2609 470 2655; x_wconf 91' lang='lat' dir='ltr'><strong>qui</strong></span> <span class='ocrx_word' id='word_1_394' title='bbox 502 2610 621 2654; x_wconf 77' lang='lat' dir='ltr'><strong>vigiles</strong></span> <span class='ocrx_word' id='word_1_395' title='bbox 647 2610 825 2652; x_wconf 85' lang='lat' dir='ltr'><strong>videbant,</strong></span> <span class='ocrx_word' id='word_1_396' title='bbox 857 2611 1040 2655; x_wconf 74' lang='lat' dir='ltr'><strong>procedere</strong></span> <span class='ocrx_word' id='word_1_397' title='bbox 1073 2610 1231 2646; x_wconf 77' lang='lat' dir='ltr'><strong>sinebant</strong></span> <span class='ocrx_word' id='word_1_398' title='bbox 1263 2611 1344 2645; x_wconf 83' lang='lat' dir='ltr'><strong>nihil</strong></span> <span class='ocrx_word' id='word_1_399' title='bbox 1371 2609 1550 2654; x_wconf 83' lang='lat' dir='ltr'><strong>suspicati:</strong></span> <span class='ocrx_word' id='word_1_400' title='bbox 1589 2607 1648 2641; x_wconf 75' lang='lat' dir='ltr'><strong>alii</strong></span> 
     </span>
     <span class='ocr_line' id='line_1_45' title="bbox 201 2654 1647 2702; baseline -0.003 -12"><span class='ocrx_word' id='word_1_401' title='bbox 201 2656 310 2690; x_wconf 81' lang='lat' dir='ltr'><strong>abditi</strong></span> <span class='ocrx_word' id='word_1_402' title='bbox 339 2655 565 2690; x_wconf 76' lang='lat' dir='ltr'><strong>tabernaculis</strong></span> <span class='ocrx_word' id='word_1_403' title='bbox 597 2667 681 2702; x_wconf 88' lang='lat' dir='ltr'><strong>quos</strong></span> <span class='ocrx_word' id='word_1_404' title='bbox 710 2665 844 2689; x_wconf 88' lang='lat' dir='ltr'><strong>somnus</strong></span> <span class='ocrx_word' id='word_1_405' title='bbox 873 2655 916 2689; x_wconf 83' lang='lat' dir='ltr'><strong>ab</strong></span> <span class='ocrx_word' id='word_1_406' title='bbox 948 2655 1110 2691; x_wconf 78' lang='lat' dir='ltr'><strong>audiendo</strong></span> <span class='ocrx_word' id='word_1_407' title='bbox 1145 2668 1210 2691; x_wconf 90' lang='lat' dir='ltr'><strong>non</strong></span> <span class='ocrx_word' id='word_1_408' title='bbox 1243 2660 1399 2698; x_wconf 82' lang='lat' dir='ltr'><strong>arceret,</strong></span> <span class='ocrx_word' id='word_1_409' title='bbox 1435 2654 1647 2699; x_wconf 74' lang='lat' dir='ltr'><strong>negligenter</strong></span> 
     </span>
     <span class='ocr_line' id='line_1_46' title="bbox 201 2699 1646 2748; baseline -0.003 -13"><span class='ocrx_word' id='word_1_410' title='bbox 201 2700 336 2736; x_wconf 80' lang='lat' dir='ltr'><strong>reddita</strong></span> <span class='ocrx_word' id='word_1_411' title='bbox 374 2701 466 2736; x_wconf 75' lang='lat' dir='ltr'><strong>i&#39;ntus</strong></span> <span class='ocrx_word' id='word_1_412' title='bbox 495 2714 579 2735; x_wconf 84' lang='lat' dir='ltr'><strong>voce</strong></span> <span class='ocrx_word' id='word_1_413' title='bbox 607 2702 856 2747; x_wconf 84' lang='lat' dir='ltr'><strong>respondebant</strong></span> <span class='ocrx_word' id='word_1_414' title='bbox 886 2708 1048 2747; x_wconf 76' lang='lat' dir='ltr'><strong>negantes</strong></span> <span class='ocrx_word' id='word_1_415' title='bbox 1081 2713 1201 2748; x_wconf 86' lang='lat' dir='ltr'><strong>equum</strong></span> <span class='ocrx_word' id='word_1_416' title='bbox 1234 2702 1301 2736; x_wconf 87' lang='lat' dir='ltr'><strong>sibi</strong></span> <span class='ocrx_word' id='word_1_417' title='bbox 1330 2702 1448 2735; x_wconf 84' lang='lat' dir='ltr'><strong>visum.</strong></span> <span class='ocrx_word' id='word_1_418' title='bbox 1493 2700 1526 2732; x_wconf 91' lang='lat' dir='ltr'><strong>in</strong></span> <span class='ocrx_word' id='word_1_419' title='bbox 1558 2699 1646 2732; x_wconf 86' lang='lat' dir='ltr'><strong>hunc</strong></span> 
     </span>
     <span class='ocr_line' id='line_1_47' title="bbox 201 2744 1646 2793; baseline -0.002 -13"><span class='ocrx_word' id='word_1_420' title='bbox 201 2747 332 2781; x_wconf 88' lang='lat' dir='ltr'><strong>modum</strong></span> <span class='ocrx_word' id='word_1_421' title='bbox 359 2746 492 2792; x_wconf 87' lang='lat' dir='ltr'><strong>impune</strong></span> <span class='ocrx_word' id='word_1_422' title='bbox 521 2747 674 2782; x_wconf 86' lang='lat' dir='ltr'><strong>traiectis</strong></span> <span class='ocrx_word' id='word_1_423' title='bbox 702 2758 801 2792; x_wconf 86' lang='lat' dir='ltr'><strong>quam</strong></span> <span class='ocrx_word' id='word_1_424' title='bbox 832 2747 902 2780; x_wconf 85' lang='lat' dir='ltr'><strong>late</strong></span> <span class='ocrx_word' id='word_1_425' title='bbox 932 2748 1097 2793; x_wconf 83' lang='lat' dir='ltr'><strong>patebant</strong></span> <span class='ocrx_word' id='word_1_426' title='bbox 1126 2748 1247 2782; x_wconf 82' lang='lat' dir='ltr'><strong>castris</strong></span> <span class='ocrx_word' id='word_1_427' title='bbox 1278 2747 1437 2781; x_wconf 87' lang='lat' dir='ltr'><strong>Romanis</strong></span> <span class='ocrx_word' id='word_1_428' title='bbox 1463 2744 1646 2784; x_wconf 87' lang='lat' dir='ltr'><strong>universis,</strong></span> 
     </span>
     <span class='ocr_line' id='line_1_48' title="bbox 201 2790 1644 2838; baseline -0.003 -12"><span class='ocrx_word' id='word_1_429' title='bbox 201 2793 263 2826; x_wconf 86' lang='lat' dir='ltr'><strong>sub</strong></span> <span class='ocrx_word' id='word_1_430' title='bbox 287 2803 441 2827; x_wconf 85' lang='lat' dir='ltr'><strong>auroram</strong></span> <span class='ocrx_word' id='word_1_431' title='bbox 463 2804 528 2838; x_wconf 89' lang='lat' dir='ltr'><strong>per</strong></span> <span class='ocrx_word' id='word_1_432' title='bbox 549 2794 622 2827; x_wconf 83' lang='lat' dir='ltr'><strong>vias</strong></span> <span class='ocrx_word' id='word_1_433' title='bbox 646 2793 796 2826; x_wconf 71' lang='lat' dir='ltr'><strong>occultas</strong></span> <span class='ocrx_word' id='word_1_434' title='bbox 819 2793 993 2828; x_wconf 77' lang='lat' dir='ltr'><strong>contendit</strong></span> <span class='ocrx_word' id='word_1_435' title='bbox 1013 2794 1154 2828; x_wconf 87' lang='lat' dir='ltr'><strong>Thebas</strong></span> <span class='ocrx_word' id='word_1_436' title='bbox 1175 2804 1318 2835; x_wconf 84' lang='lat' dir='ltr'><strong>versus,</strong></span> <span class='ocrx_word' id='word_1_437' title='bbox 1340 2803 1406 2837; x_wconf 92' lang='lat' dir='ltr'><strong>quo</strong></span> <span class='ocrx_word' id='word_1_438' title='bbox 1432 2791 1548 2836; x_wconf 83' lang='lat' dir='ltr'><strong>paucis</strong></span> <span class='ocrx_word' id='word_1_439' title='bbox 1571 2790 1644 2823; x_wconf 88' lang='lat' dir='ltr'><strong>die-</strong></span> 
     </span>
     <span class='ocr_line' id='line_1_49' title="bbox 202 2835 1645 2885; baseline -0.001 -14"><span class='ocrx_word' id='word_1_440' title='bbox 202 2838 266 2871; x_wconf 88' lang='lat' dir='ltr'><strong>bus</strong></span> <span class='ocrx_word' id='word_1_441' title='bbox 298 2837 623 2884; x_wconf 84' lang='lat' dir='ltr'><strong>inexpectatissimus</strong></span> <span class='ocrx_word' id='word_1_442' title='bbox 653 2838 821 2885; x_wconf 85' lang='lat' dir='ltr'><strong>pervenit.</strong></span> <span class='ocrx_word' id='word_1_443' title='bbox 864 2839 923 2885; x_wconf 87' lang='lat' dir='ltr'><strong>qui</strong></span> <span class='ocrx_word' id='word_1_444' title='bbox 959 2839 1048 2874; x_wconf 83' lang='lat' dir='ltr'><strong>enim</strong></span> <span class='ocrx_word' id='word_1_445' title='bbox 1077 2840 1127 2875; x_wconf 88' lang='lat' dir='ltr'><strong>ibi</strong></span> <span class='ocrx_word' id='word_1_446' title='bbox 1157 2839 1338 2885; x_wconf 84' lang='lat' dir='ltr'><strong>quidquam</strong></span> <span class='ocrx_word' id='word_1_447' title='bbox 1371 2836 1583 2884; x_wconf 78' lang='lat' dir='ltr'><strong>praemoneri</strong></span> <span class='ocrx_word' id='word_1_448' title='bbox 1603 2835 1645 2870; x_wconf 86' lang='lat' dir='ltr'><strong>de</strong></span> 
     </span>
    </p>
   </div>
  </div>
 </body>
</html>
