1884 3262
281 185 379 230 280
697 180 934 225 GEORGII
965 179 1317 225 PACHYMERIS

285 296 431 353 ἀρετὴν
463 300 678 348 περιποιεῖν
712 290 967 347 αἱρούμενοι,
1017 291 1091 335 κᾶν
1119 290 1141 335 ὅ
1173 310 1211 335 τι
1243 294 1382 337 ἐκεῖνοι
1409 296 1476 337 καὶ
1510 291 1737 352 πράττοιεν,

288 363 381 407 ἀλλ’
408 363 554 416 ἀρετῆς
584 366 658 414 τῆς
682 361 776 403 κατ’
803 361 1025 417 ἄνθρωπον
1047 361 1197 413 ὄντως,
1234 361 1339 404 καθ’
1365 361 1414 416 ’ἢν
1436 362 1485 406 ἂν
1509 365 1576 406 καὶ
1596 361 1616 406 ὅ
1640 364 1742 418 ἀλη-

287 431 404 480 θινὸς
422 430 761 484 χαρακτηρίζοιτο
783 428 1031 486 ἄνθρωπος,
1070 430 1135 472 καὶ
1154 433 1311 483 μᾶλλον
1333 427 1353 472 ὁ
1376 430 1441 472 ἐπ’
1462 432 1645 481 ἐξουσίας
1660 465 1671 484 ,
1709 426 1742 490 ᾧ

289 500 340 553 δὴ
370 499 435 540 καὶ
460 498 506 539 τὸ
534 499 809 554 μετριοπαθές
836 503 908 540 τοῦ
941 497 1133 546 ἀπαθοῦς
1164 501 1322 550 μᾶλλον
1353 498 1576 553 ὀφείλεται·
1613 495 1660 542 οὗ
1691 500 1742 554 ὁὴ

149 581 177 614 Ρ
202 580 265 614 189
287 568 380 620 βίον
401 567 435 608 εἷ
453 567 604 622 ἔξαρεῒς
626 566 700 620 τὴν
721 564 940 622 διάκρισιν,
976 566 1023 608 τὸ
1043 570 1124 608 πᾶν
1147 563 1359 615 ἀπώλεσας
1378 568 1419 617 ἐξ
1437 563 1539 615 ἑνός.
1575 566 1777 624 τοιαύτῃό

288 635 424 678 τοίνυν
446 631 723 688 κοσμούμενος
746 634 891 691 ἀρετῇ,
928 634 978 689 ἢν
999 635 1048 689 δὴ
1068 636 1134 676 καὶ
1154 632 1362 688 πολιτικήν
1382 651 1484 684 τινες
1505 634 1660 689 λέγουσι
1679 638 1747 679 καὶ

291 703 362 747 τὸν
392 701 486 745 κατ’
520 702 649 757 αὐτὴν
679 704 770 756 βίον
801 700 1031 754 πολιτικόν,
1068 702 1192 756 μέσον
1220 702 1320 745 ὄντα
1340 707 1595 759 θεωρητικοῦ
1615 721 1658 746 τε
1681 706 1748 746 καὶ

293 773 595 815 ἀπολαυστικοῦ
608 803 620 823 ,
659 768 679 812 ὁ
704 772 906 824 δηλωθεὶς
924 775 997 825 τῆς
1011 769 1272 828 Ὀρεστιάδος
1290 770 1496 827 ἀρχιερεὺς
1514 774 1750 828 προκριθεὶς

293 843 376 883 τῶν
406 838 542 881 ἄλλων
579 839 673 896 (καὶ
696 839 775 895 γὰρ
794 840 945 894 ἐλέγετο
970 838 1044 882 κάν
1067 843 1125 896 τῷ
1149 839 1243 882 κατ’
1265 839 1467 894 ἀνατολὴν
1492 838 1575 895 ὄρει
1597 828 1655 898 τιῷ
1676 839 1750 895 μέ-

295 913 387 950 λανι
404 909 470 950 καὶ
488 911 538 964 τῇ
557 906 650 950 κατ’
680 908 803 950 ἐκεῖνο
822 912 927 964 μονῇ
947 908 1179 964 ἕγχρονίσας
1199 908 1372 962 ἀσκῆσαι
1394 907 1441 950 τὸ
1461 906 1587 950 πάλαι
1605 907 1656 950 τὰ
1678 907 1750 962 μέ-
1763 919 1808 953 10

293 974 438 1033 yae-ca)
469 975 583 1032 παρὰ
614 979 696 1018 τῶν
726 980 877 1019 λοιπῶν
903 976 1065 1031 ἠξιοῦτο
1093 977 1168 1031 τὴν
1191 981 1263 1031 τῆς
1285 974 1755 1026 Κωνσταντινουπόλεως

245 1053 274 1086 Β
301 1044 555 1101 προστασίαν
583 1043 875 1094 ἀναδέξασθαι.
947 1044 1022 1087 σὺν
1055 1042 1116 1094 οἷς
1145 1046 1212 1087 καὶ
1243 1043 1264 1087 ὃ
1293 1044 1484 1098 βασιλεὺς
1511 1045 1585 1099 τὴν
1608 1049 1755 1102 ψῆφον

296 1109 596 1166 ἀποδεξάμενος
617 1111 896 1167 κατηντιβόλει
920 1113 991 1154 τὸν
1018 1111 1171 1166 ἄνδρα,
1207 1114 1273 1154 καὶ
1293 1112 1360 1168 ἐφ’
1390 1111 1556 1169 ἡμέραις
1575 1113 1756 1169 προσιών

298 1180 410 1230 ὅλαις
429 1178 574 1237 ὁρμαῖς
593 1180 832 1236 παρώτρυνε
851 1182 917 1223 καὶ
933 1181 1046 1235 ἠξίου
1065 1181 1122 1235 μὴ
1141 1180 1473 1235 ἀποπέμψασθαι
1491 1181 1543 1223 τὰ
1562 1186 1636 1237 τῆς
1656 1179 1756 1236 κλή-

248 1257 277 1291 C
301 1265 414 1298 σεως.
486 1247 606 1306 (13)
644 1251 709 1291 καὶ
729 1249 778 1303 δὴ
799 1251 1078 1305 παρακληθεὶς
1098 1247 1186 1299 εἶξε.
1254 1250 1320 1291 καὶ
1348 1249 1477 1303 μηνὸς
1499 1252 1755 1305 ΖΠαιμακτη-
1769 1258 1811 1295 15

300 1321 444 1372 ριῶνος
475 1317 516 1358 ἓν
549 1320 599 1371 τῇ
632 1322 705 1360 τοῦ
733 1316 847 1372 ἁγίου
869 1314 1099 1370 πνεύματος
1122 1315 1242 1372 ἑορτῇ
1262 1315 1340 1359 ὑπὸ
1366 1315 1480 1373 τόμῳ
1502 1322 1621 1376 κοινῷ
1645 1335 1758 1373 γεγο-

299 1382 385 1427 νότι
405 1381 659 1439 πατριάρχης
679 1383 1002 1441 ἐπικηρύσσεται,
1040 1386 1106 1427 καὶ
1129 1387 1268 1442 σφίσιν
1286 1383 1372 1438 ἅμα
1394 1385 1760 1442 συλλειτουργήσας

300 1457 357 1512 τῷ
379 1453 474 1510 ἱερῷ
494 1451 667 1508 ἐφιζάνει
685 1451 827 1510 θρόνῳ
848 1456 914 1496 καὶ
937 1457 1018 1496 τῶν
1041 1452 1174 1496 ἄλλων
1195 1456 1454 1509 προΐσταται.

427 1519 537 1575 Ἅμα
556 1521 599 1562 δὲ
619 1525 675 1581 τῷ
693 1526 922 1577 προσβῆναι
942 1526 1000 1580 τῷ
1018 1519 1159 1580 θρόνῳ
1180 1521 1296 1578 ἔργον
1316 1522 1451 1580 ἐκείνῳ
1470 1521 1666 1578 ἀσχολίας
1682 1519 1762 1565 ποῖ-

303 1606 378 1645 σης
411 1587 634 1646 ὗπέρτερον
663 1595 786 1645 τιμᾶν
812 1608 855 1633 τε
884 1597 969 1640 τοῖς
997 1588 1248 1646 προσήκουσι
1275 1590 1371 1640 τοὺς
1393 1590 1516 1648 ἀρετῇ
1539 1593 1819 1642 δοκοῦνταςρο

396 1686 451 1719 19.
476 1683 592 1720 ἐκεῖνο
616 1684 655 1718 Ρ.

306 1764 450 1797 finemve
471 1761 654 1804 facientes,
679 1774 741 1797 sua
757 1765 938 1807 mirantes,
952 1777 1001 1800 -se
1022 1776 1106 1799 unos
1130 1770 1258 1800 rectam
1284 1766 1378 1801 vitae
1401 1767 1496 1812 sequi
1521 1771 1659 1808 sectam,
1681 1777 1765 1801 unos

309 1819 452 1853 sapere,
487 1819 590 1853 penes
613 1820 697 1842 unos
719 1811 785 1844 vim
808 1811 978 1855 decusque
1004 1812 1113 1845 laudis
1133 1824 1174 1846 ac
1196 1813 1371 1856 religionis
1394 1814 1545 1847 residere
1567 1813 1696 1854 omnis,
1728 1813 1764 1846 in

310 1854 440 1888 cunctis
467 1865 556 1898 quae
587 1861 692 1898 agunt
725 1867 763 1889 se
794 1856 924 1899 opinari
954 1858 1197 1902 praeferentes.
1245 1869 1312 1892 non
1343 1858 1444 1901 talis,
1477 1859 1636 1903 inquam,
1668 1857 1766 1892 huius

308 1899 375 1933 viri
396 1899 505 1933 virtus
530 1904 624 1939 erat,
657 1900 718 1934 sed
741 1902 840 1945 longe
863 1901 991 1936 diversi
1014 1903 1174 1946 generis,
1204 1904 1457 1938 accommodata
1478 1904 1608 1938 omnino
1635 1904 1679 1938 ad
1703 1904 1766 1937 lm-

311 1956 442 1979 manum
469 1950 624 1990 captum,
659 1946 754 1991 quali
776 1959 850 1981 eum
873 1948 1025 1992 insigniri
1048 1950 1102 1982 sas
1125 1949 1170 1982 sit
1192 1949 1250 1994 qui
1273 1960 1392 1983 verum
1414 1949 1576 1984 hominem
1600 1961 1682 1983 vera
1704 1950 1768 1983 hu-

309 1990 473 2024 manitate
499 2001 576 2024 sese
604 1998 776 2035 praestet,
810 1998 913 2037 prout
944 1994 1144 2037 praesertim
1175 2006 1250 2028 eum
1281 1994 1380 2028 decet
1410 1995 1467 2040 qui
1498 1996 1700 2030 constitutus
1731 1995 1767 2029 in
1803 2032 1811 2042 ⁵

311 2037 529 2081 praefectura
561 2035 626 2078 sit,
661 2048 683 2071 a
715 2049 782 2082 quo
810 2050 877 2072 non
907 2039 1056 2083 exigitur
1086 2045 1126 2073 ut
1157 2040 1449 2085 perturbationum
1471 2041 1623 2076 funditus
1645 2051 1770 2086 expers

312 2081 376 2123 sit,
411 2081 471 2115 sed
504 2083 544 2115 ut
574 2092 634 2116 eas
663 2083 899 2118 mediocritate
924 2085 1068 2130 quadam
1090 2089 1297 2131 temperatas
1319 2086 1444 2120 habeat
1466 2087 1500 2120 in
1523 2090 1712 2130 potestate3
1747 2098 1771 2121 a

313 2138 381 2172 quo
402 2127 494 2161 vitae
516 2138 642 2171 genere
663 2129 692 2162 si
715 2128 951 2164 discretionem
973 2131 1093 2174 tollas,
1125 2131 1235 2165 omnia
1256 2143 1299 2167 ex
1329 2143 1396 2166 uno
1419 2132 1608 2178 perdidisti.
1655 2132 1772 2167 huius-

313 2171 404 2206 modi
425 2183 506 2216 ergo
530 2178 670 2207 ornatus
692 2174 839 2217 virtute,
871 2187 971 2221 quam
991 2176 1120 2211 civilem
1143 2178 1278 2222 quidam
1302 2183 1446 2219 vocant,
1468 2178 1518 2212 uti
1541 2184 1577 2212 et
1598 2177 1695 2212 vitae
1714 2189 1772 2212 se-

316 2217 459 2251 cundum
489 2229 562 2252 eam
589 2219 714 2254 ductae
741 2220 850 2255 civilis
875 2222 1134 2267 appellationem
1157 2223 1331 2265 tribuunt,
1363 2225 1492 2258 mediae
1515 2223 1660 2269 cuipiam
1680 2223 1772 2258 inter

315 2263 605 2308 contemplativam
637 2270 672 2298 et
701 2265 943 2311 voluptariam,
974 2268 1032 2302 ille
1064 2279 1166 2313 supra
1198 2273 1400 2303 memoratus
1424 2269 1618 2304 Orestiadis
1639 2270 1774 2314 episco-

315 2319 402 2387 pus,
425 2308 598 2354 praelatus
621 2310 696 2345 aliis
720 2312 821 2346 etiam
848 2313 1131 2347 commendatione
1151 2314 1246 2348 vitae
1268 2315 1436 2360 quondam
1457 2316 1627 2350 asceticae
1648 2325 1775 2359 summa

330 2354 416 2388 aude
439 2353 496 2387 diu
520 2356 690 2390 exercitae
712 2356 748 2391 in
771 2358 976 2393 monasterio
1000 2359 1100 2403 Nigri
1125 2359 1253 2394 Montis
1275 2361 1319 2394 ad
1347 2362 1521 2396 Orientem
1544 2361 1622 2403 siti,
1653 2372 1675 2395 a
1693 2359 1775 2395 reli-

317 2399 395 2444 quis
429 2400 592 2434 orabatur
624 2405 662 2435 ut
695 2405 944 2446 praefecturam
977 2405 1242 2439 ecclesiasticam
1266 2406 1658 2452 Constantinopolitanae
1678 2404 1775 2440 urbis

319 2449 531 2489 capesseret3
569 2457 642 2480 cum
664 2447 788 2492 quibus
811 2454 846 2483 et
867 2449 1054 2495 imperator
1076 2451 1276 2486 electionem
1299 2454 1539 2498 comprobans,
1571 2462 1776 2496 magnopere

318 2490 535 2524 incumbebat
566 2492 609 2525 ad
640 2491 729 2527 idem
761 2495 805 2528 ab
837 2506 877 2528 eo
908 2496 1173 2541 impetrandum,
1206 2498 1357 2542 quotidie
1383 2498 1501 2533 adiens
1522 2501 1560 2532 et
1581 2497 1668 2531 omni
1696 2507 1777 2541 per-

319 2535 510 2571 suasionum
536 2540 572 2570 et
601 2538 872 2574 obsecrationum
902 2541 1031 2587 impetu
1062 2542 1253 2587 adurgens,
1286 2555 1330 2578 ne
1351 2548 1532 2588 respueret
1553 2541 1780 2578 vocationem.

321 2581 420 2624 (13)
453 2581 506 2615 his
538 2581 595 2615 ille
625 2584 782 2631 precibus
813 2587 942 2620 moveri
976 2599 1014 2621 se
1046 2588 1180 2622 tandem
1204 2600 1344 2634 passus,
1378 2601 1491 2624 mense
1512 2588 1608 2623 Iunio
1630 2587 1664 2622 in
1688 2589 1776 2622 festo

321 2625 441 2661 Sancti
463 2626 612 2672 Spiritus
635 2629 854 2664 concordibus
876 2632 1050 2677 suffragiis
1081 2633 1220 2668 decreto
1244 2635 1408 2669 communi
1431 2634 1561 2679 perlato
1585 2633 1785 2679 patriarcha,

321 2671 512 2706 declaratus
534 2677 610 2715 est,
647 2677 682 2708 et
705 2686 802 2710 sacro
825 2687 900 2711 cum
921 2677 987 2712 illis
1010 2679 1202 2722 celebrato,
1237 2692 1358 2716 sacrae
1383 2679 1559 2725 impositus
1580 2678 1654 2714 sedi
1677 2690 1780 2724 prae-

320 2716 434 2751 sidere
457 2718 586 2753 cunctis
607 2719 732 2764 coepit.

414 2763 520 2797 Simul
543 2767 655 2799 autem
677 2765 834 2800 thronum
857 2768 993 2813 attigit,
1030 2781 1114 2815 opus
1138 2771 1227 2806 omni
1248 2771 1383 2806 actione
1404 2769 1560 2815 superius
1583 2773 1678 2803 ratus
1698 2769 1780 2803 affi-

322 2818 402 2843 cere
425 2809 555 2844 meritis
575 2809 737 2846 honorum
758 2813 917 2857 praemiis
941 2814 1068 2850 virtute
1091 2822 1151 2852 aut
1174 2817 1329 2852 doctrina
1350 2816 1596 2862 praecellentes
1612 2815 1700 2858 aliis,
1722 2815 1782 2861 qui
