1884 3262
250 207 347 254 274
673 203 909 248 GEORGII
938 202 1288 245 PACHYMERIS

251 322 318 375 ἐφ’
345 318 454 367 ὅσοις
475 317 516 359 δέ
540 315 781 372 ἕτερορρεπῆ
801 315 853 357 τὰ
875 319 948 369 τῆς
968 313 1103 369 δόξης,
1137 312 1192 363 ὥς
1210 314 1396 357 ἐντεῦθεν
1417 314 1616 368 μὲνμετὰ
1636 317 1705 356 τοῖ

252 393 376 431 καλοῦ
410 388 476 428 καὶ
506 385 551 426 τό
585 383 727 439 πάγιον
761 384 1088 440 ἀναφαίνεσθαι,
1130 382 1280 424 ἐκεῖθεν
1310 383 1354 424 δὲ
1383 385 1506 437 δῆλον
1533 381 1632 425 εἶναι
1661 383 1708 424 τὸ

251 453 458 509 βλάπτον,
505 455 655 495 εἰκαῖον
694 452 822 501 ὅντως
862 454 927 494 καὶ
968 451 1195 500 ἀλυσιτελὲς
1236 454 1439 505 λογισμῶν
1468 448 1709 506 συντρόφων

250 523 512 579 ὑπερορῶντα
532 521 761 576 ἀλλοτρίοις
780 524 980 575 χρῆσθαι,
1010 518 1068 569 οἷς
1089 519 1144 560 ἔνι
1163 519 1236 571 μὲν
1256 517 1446 572 ἀβουλία,
1476 518 1534 560 ἔνι
1552 518 1594 560 δ’
1615 517 1708 574 ὄρε-

251 595 310 641 ξις
340 590 442 646 πρὸς
473 587 634 637 τούτοις
665 590 730 631 καὶ
764 589 809 631 τὸ
843 588 952 638 ξένον
980 588 1044 631 ἀεί
1075 587 1169 629 ποτ’
1196 584 1445 642 ἀνάλγητον,
1482 584 1536 635 ὥς
1558 586 1740 634 παντὸς5

202 670 231 702 C
257 663 326 702 τοῦ
369 658 514 700 οῗκείου
554 654 779 712 πεφυκότος
818 657 978 708 πιέζειν,
1045 658 1105 697 δεῖ
1143 657 1278 697 τοίνυν
1310 671 1352 710 γε
1384 655 1450 695 καὶ
1478 651 1586 707 ὑμᾶς
1624 661 1716 703 τοῖς.

251 727 321 783 ἐφ’
358 724 515 768 ἑαυτῶν
546 729 751 780 λογισμοῖς
777 723 1087 781 προηγουμένως
1109 727 1318 778 χρῆσθαι,
1357 724 1424 764 καὶ
1460 720 1566 764 οὕτω
1597 723 1709 764 δοκι-

252 794 390 850 μάζειν
411 793 507 843 τοῦς
530 793 696 843 ἔξωθεν.
766 792 811 842 ὃς
833 794 876 835 δὲ
896 797 977 835 τῶν
1000 794 1154 835 οἰκείων
1174 790 1442 847 ὑπερφρονῶν
1462 788 1607 832 ἑαυτὸν
1624 796 1709 839 τοῖς

252 865 406 913 ἔξωθεν
427 861 693 916 λογιζομένοις
713 861 873 917 παρέχει
897 859 951 910 ὥς
970 861 1010 903 εἶ’
1025 877 1064 902 τι
1087 859 1135 902 ἂν
1153 861 1309 915 φέροιεν
1331 858 1469 901 ἐκεῖνοι
1487 857 1707 914 προσέξων,

254 931 274 974 ὁ
297 934 481 979 τοιοῦτος
503 928 711 984 ὁμολογῶν
730 929 829 972 ἴστω
851 927 906 977 ὥς
928 929 1070 985 ἄφρων
1087 927 1170 970 ἐστὶ
1190 928 1236 970 τὸ
1257 927 1361 969 καθ’
1385 924 1523 969 αὑτόν.
1575 925 1706 982 ἄφρο-
1723 933 1770 967 10·

254 1017 321 1049 νος
341 1000 384 1041 δὲ
405 997 565 1047 πάντως
585 998 631 1039 τὸ
653 996 752 1053 μήτ’
781 997 859 1054 ἀφ’
884 995 1032 1039 ἑαυτοῦ
1067 996 1266 1047 σύνιέναι,
1303 997 1369 1037 καὶ
1393 994 1439 1037 τὸ
1463 993 1537 1037 κᾶν
1559 1012 1614 1044 τις
1642 996 1708 1036 καὶ

249 1072 332 1110 τῶν
366 1067 522 1117 ἔξωθεν
555 1066 685 1121 λέγοι,
721 1066 778 1119 μὴ
812 1066 1026 1121 διακρίνειν
1054 1065 1198 1119 εἶδε-’ναι
1228 1063 1273 1106 τὸ
1300 1061 1480 1119 κρεῖττόν
1507 1080 1549 1104 τε.
1574 1064 1641 1104 καὶ
1662 1062 1706 1104 τὸ

201 1154 230 1188 D
253 1143 406 1192 χεῖρον·
445 1136 510 1176 καὶ
541 1134 681 1176 λοιπὸν
712 1133 806 1175 οὐδὲ
834 1138 907 1187 τῆς
938 1135 1116 1188 θυραίας
1138 1133 1270 1189 ἐκείνῳ
1293 1135 1530 1185 συμβουλῆς
1550 1130 1706 1187 ὄφελος.

250 1204 300 1246 τὰ
329 1199 402 1245 οὖν
423 1201 678 1256 ξυμπεσόντα
703 1201 838 1243 οἴδατε
859 1199 1043 1252 πάντως,
1080 1202 1144 1242 καὶ
1167 1200 1284 1242 οὐδὲν
1299 1202 1340 1250 ἐξ
1361 1198 1475 1254 ἡμῶν
1498 1203 1578 1241 τῶν
1597 1216 1708 1254 γενο-

248 1271 383 1330 μένων
412 1270 651 1324 κέκρυπται·
690 1270 752 1310 ἐπὶ
781 1267 912 1327 τούτῳ
940 1269 1016 1324 γὰρ
1049 1270 1115 1310 καὶ
1148 1268 1390 1325 ᾠκονομεῖτο
1414 1266 1438 1322 ἦ
1459 1267 1526 1324 ἐφ’
1550 1265 1707 1325 ἑκάστῳ
1722 1273 1763 1307 15

250 1338 365 1391 ’ἱμῶν
398 1339 599 1380 ἐνταυθοῖ
617 1336 847 1393 συνδρομή,
887 1336 996 1379 οὕτω
1015 1341 1088 1378 τοῦ
1110 1334 1305 1392 ἡμετέρου
1327 1334 1589 1384 κελεύσαντος
1607 1333 1710 1391 κρά-

251 1423 360 1455 τους.
432 1410 555 1447 τοῢτο
577 1405 655 1461 γὰρ
676 1407 742 1447 καὶ
764 1404 907 1447 ἄλλοτε
930 1405 1089 1459 ξυνέβη.
1160 1404 1264 1458 πλὴν
1290 1404 1336 1446 τὸ
1360 1405 1422 1446 ἐπὶ
1449 1411 1536 1453 ταῖς
1563 1405 1709 1453 αῗτίαις

251 1470 496 1516 διαλλάττον
528 1473 800 1530 ἀμφισβητεῖν
836 1472 994 1529 παρέξει
1024 1473 1117 1515 τισί.
1190 1471 1281 1515 τότε
1308 1473 1381 1526 μὲν
1413 1466 1486 1514 οὖν
1517 1473 1709 1525 ἓθελίμου

199 1553 230 1587 Ε
256 1540 580 1599 παραιτουμένου
609 1545 682 1584 τοῦ
717 1542 779 1582 ἐπὶ
808 1545 878 1594 τῆς
906 1541 1176 1597 πατριαρχιάς
1208 1540 1325 1590 ὄντος
1351 1539 1475 1589 ἄλλος
1495 1539 1710 1582 ἀντικαθί-

252 1623 401 1652 στατο·
440 1613 513 1651 νῦν
544 1610 587 1651 δὲ
618 1610 684 1651 καὶ
716 1610 777 1651 ἐπὶ
811 1610 1044 1663 κεφαλαίοις
1081 1609 1423 1665 καθαιρεθέντος,
1470 1606 1525 1657 ῶς
1554 1608 1766 1661 οἷ’ὃοιτε,20

254 1679 378 1720 ἄλλον
400 1678 694 1732 ἓγκαταστῆναι
714 1677 759 1719 τὸ
784 1677 888 1726 εῗκός
909 1678 1086 1720 δίδωσιν.
1158 1676 1179 1719 ὃ
1202 1682 1299 1730 γοῦν
1321 1676 1362 1719 ἔκ
1384 1680 1456 1719 τοῦ
1476 1674 1710 1732 παρελθόν-

256 1763 326 1796 τος
357 1742 538 1801 ἐσφάλη,
581 1749 702 1787 τοῦτο
732 1745 832 1802 πρὸς
867 1745 914 1787 τὸ
953 1745 1100 1800 μέλλον
1139 1746 1349 1799 βέλτιστον
1393 1752 1707 1802 προοικονομεῖν.
1749 1737 1750 1742 ¹

255 1878 308 1911 fas
334 1877 369 1909 et
395 1886 537 1920 aequum
560 1876 692 1920 vergit,
716 1876 800 1910 adeo
827 1880 865 1910 ut
888 1877 965 1911 hinc
987 1878 1119 1923 quidem
1143 1878 1320 1912 manifeste
1343 1878 1518 1912 honestum
1541 1879 1577 1911 et
1598 1880 1707 1911 tutum

255 1926 423 1967 appareat
446 1921 534 1966 quod
559 1921 755 1966 proponitur
770 1947 780 1964 ‚
818 1922 911 1956 illinc
943 1924 1032 1967 quod
1063 1924 1252 1957 ostenditur
1275 1924 1453 1957 evidenter
1476 1923 1608 1956 noxium
1632 1934 1708 1956 cer-

253 1973 372 2009 natur,
406 1971 477 2000 tum
512 1967 682 2001 enimvero
704 1980 824 2001 vanum
848 1968 1134 2014 inconsultumque
1157 1969 1203 2003 sit
1225 1969 1413 2014 quempiam
1436 1969 1549 2002 innato
1571 1968 1707 2002 intimo-

254 2024 321 2057 que
343 2015 485 2046 naturae
507 2024 547 2045 ac
569 2013 671 2046 menti
694 2013 853 2058 propriae
876 2026 975 2047 sensu
999 2015 1157 2049 abdicato
1183 2015 1300 2048 alienis
1323 2015 1374 2048 uti
1398 2013 1564 2055 consiliis,
1586 2014 1708 2059 quibus

252 2058 343 2091 inest
366 2057 501 2102 quidem
523 2057 768 2103 imprudentia,
792 2059 881 2093 inest
903 2063 938 2093 et
961 2060 1147 2105 cupiditas,
1178 2067 1422 2106 praetereaque
1444 2060 1584 2105 prurigo
1612 2059 1708 2093 novi-

253 2103 336 2137 tatis
369 2107 405 2137 et
436 2103 601 2146 quaedam
634 2104 826 2138 malesuada
858 2105 997 2139 dulcedo
1030 2106 1302 2151 inexpertorum,
1345 2106 1493 2150 inquieto
1529 2105 1708 2139 coniuncta

254 2148 368 2182 taedio
398 2148 568 2182 solitarum
602 2154 637 2183 et
671 2150 936 2194 quotidianarum
965 2162 1088 2185 rerum.
1134 2152 1322 2185 faciendum
1345 2151 1450 2195 igitur
1473 2151 1570 2185 vobis
1593 2155 1647 2184 est
1669 2155 1709 2184 ut

254 2200 334 2228 ante
366 2194 475 2227 omnia
505 2194 627 2229 vestris
656 2195 804 2240 ipsorum
835 2196 1001 2231 mentibus
1033 2209 1072 2230 ac
1100 2197 1233 2231 iudiciis
1258 2197 1452 2231 auctoribus
1475 2196 1633 2239 utamini,
1672 2199 1708 2230 et

255 2241 297 2273 ad
321 2240 437 2273 horum
461 2251 601 2273 examen
623 2241 749 2275 vocetis
773 2253 861 2286 quae
884 2243 983 2276 vobis
1007 2242 1141 2276 aliunde
1171 2246 1409 2287 suggeruntur.
1459 2254 1534 2276 nam
1558 2241 1614 2287 qui
1637 2240 1708 2276 suis

255 2285 363 2329 ipsius
386 2284 699 2320 ratiocinationibus
722 2288 867 2330 reiectis,
892 2287 1026 2322 aliunde
1049 2288 1172 2322 oblatis
1195 2289 1343 2322 advertit
1365 2288 1507 2322 animum
1531 2292 1567 2322 et
1588 2287 1706 2321 inhae-

257 2337 313 2363 ret
337 2331 489 2371 obnoxie,
513 2331 541 2365 is
565 2342 645 2365 sane
670 2333 841 2367 habendus
865 2345 924 2378 pro
947 2334 1079 2368 fatente
1099 2346 1137 2368 se
1161 2335 1298 2368 stultum
1322 2339 1357 2367 et
1378 2334 1494 2368 iudicii
1519 2338 1705 2378 expertem.

260 2375 357 2409 stulti
386 2375 513 2419 quippe
544 2387 586 2410 ac
613 2378 733 2412 iudicio
765 2379 920 2413 destituti
942 2379 1074 2413 omnino
1099 2384 1154 2414 est
1175 2381 1258 2414 nibil
1280 2392 1322 2414 ex
1345 2391 1382 2413 se
1404 2379 1610 2423 intelligere,
1643 2378 1706 2412 sed

259 2420 420 2466 quidquid
451 2421 584 2455 aliunde
617 2423 760 2458 offertur
791 2436 893 2459 caeca
926 2425 1125 2459 credulitate
1155 2426 1327 2471 recipere,
1363 2426 1481 2459 melius
1513 2425 1548 2458 id
1579 2424 1638 2458 sit·
1661 2435 1705 2457 an

257 2467 353 2519 peius
383 2465 473 2519 nihil·
498 2466 728 2506 discernendo.
774 2471 835 2504 tali
858 2473 969 2504 autem
992 2482 1058 2504 non
1080 2471 1178 2505 video
1202 2471 1281 2516 quid
1305 2471 1412 2516 prosit
1443 2474 1638 2515 suggestum
1659 2469 1703 2502 ab

259 2513 325 2545 allo
357 2511 542 2547 consillum.
588 2526 675 2558 quae
696 2526 803 2559 nuper
832 2517 1044 2561 contigerunt
1064 2517 1159 2551 scitis
1190 2528 1321 2551 omnes:
1354 2516 1434 2551 nihil
1453 2527 1565 2550 eorum
1586 2525 1704 2559 quem-

259 2568 358 2601 quam
388 2560 538 2591 vestrum
568 2558 663 2594 latet.
707 2560 833 2595 idcirco
864 2563 929 2595 huc
960 2563 1200 2606 concurristis,
1234 2566 1377 2596 vocante
1408 2573 1448 2595 ac
1479 2561 1617 2595 iubente
1639 2571 1704 2592 me.

258 2602 348 2646 quod
377 2603 503 2636 factum
533 2605 629 2638 modo
661 2609 733 2646 est,
771 2607 960 2651 contigerat
990 2612 1026 2642 et
1054 2608 1149 2643 alias.
1195 2620 1311 2643 verum
1341 2606 1493 2642 similium
1524 2609 1705 2640 eventuum

259 2648 399 2682 duorum
431 2647 586 2701 diversae
617 2662 739 2684 causae
761 2652 1012 2696 ambiguitatem
1035 2654 1183 2688 obiicere
1206 2653 1403 2700 quibusdam
1430 2655 1578 2696 possent.
1622 2655 1705 2684 tunc

258 2693 392 2737 quidem
415 2705 449 2726 ei
471 2694 531 2738 qui
552 2695 736 2730 voluntarie
757 2697 951 2741 dignitatem
973 2700 1232 2744 patriarchalem
1254 2699 1482 2740 abdicaverat,
1503 2697 1706 2740 subrogatus

260 2741 314 2772 est
337 2749 528 2773 successor:
563 2752 651 2775 nunc
673 2753 746 2775 cum
769 2744 812 2776 ob
836 2743 975 2777 crimina
997 2745 1159 2789 depositi,
1193 2751 1234 2780 ut
1254 2744 1368 2785 scitis,
1389 2743 1497 2777 locum
1521 2742 1618 2776 alteri
1641 2741 1706 2775 tri-

259 2785 363 2835 buere
395 2788 571 2828 oporteat,
607 2798 669 2832 par
692 2791 731 2822 et.
753 2799 895 2832 aequum
919 2793 972 2822 est
995 2801 1221 2833 praecavere,
1254 2802 1296 2824 ne
1327 2789 1416 2834 quod
1439 2788 1555 2832 priore
1576 2787 1636 2820 illa.
1657 2786 1705 2820 si-

259 2829 329 2864 nuli
351 2829 526 2864 occasione
549 2843 727 2878 perperam
748 2837 860 2867 actum
882 2838 955 2876 est,
978 2834 1101 2869 iterum
1125 2837 1188 2870 hoc
1211 2840 1363 2880 tempore
1379 2838 1578 2869 attentetur.
1625 2838 1708 2866 tunc
1731 2861 1733 2863 .
