1884 3262
542 182 646 226 LIB.
679 182 758 227 111.
811 183 1302 229 GHRONOLOGICUS.
1555 184 1656 230 691

188 288 358 336 aasz&
378 303 402 330 e
428 291 585 343 regione
607 292 824 344 opponitur
850 293 1121 350 Φεβρουαρίω
1186 293 1232 333 id
1258 298 1440 357 secutum
1460 293 1538 334 hoc
1565 294 1655 336 loco

188 355 374 389 nostrum
393 349 617 388 credibilius
633 355 694 387 est
702 346 757 401 *).

305 408 567 446 ΚΡΟΝΙΟΣ.
613 411 844 445 constanter
877 405 958 445 hoc
993 405 1153 445 nomine
1180 374 1440 457 Pachymeres
1465 405 1655 446 Martium

190 475 365 501 mensem
386 462 580 513 indigitat.
636 475 728 500 nam
748 476 787 515 p.
809 461 893 506 244
923 476 966 502 v.
972 466 1025 530 7,
1069 463 1139 501 ubi
1171 463 1227 501 sic
1256 463 1450 515 scriptum
1471 470 1548 502 est:
1581 467 1658 505 τοῦ·

190 515 237 559 δ’
261 513 391 559 αυτοῦ
422 519 534 567 ἔτους
560 535 687 571 μηνος
717 520 903 572 κρονίου,
933 521 1014 559 τῶν
1043 520 1172 559 θείων
1198 519 1362 573 ἡμερῶν
1381 523 1454 571 τῆς
1471 521 1657 572 νηστείας

188 574 452 628 τελουμένων,
480 581 648 626 uterque
669 575 795 614 codex
810 576 843 614 Β
861 581 901 614 et
913 576 946 614 A
964 589 986 613 e
1003 577 1161 626 regione
1179 577 1290 614 vocis
1307 579 1473 629 κρονίου
1489 577 1531 615 in
1546 590 1658 616 mar-

190 632 282 684 gine
312 638 480 670 annotat
511 633 701 684 Μαρτίου
711 649 724 682 3
763 639 804 671 et
832 632 965 670 ieiunii
992 632 1291 683 quadragenarii
1321 633 1470 671 mentio
1496 634 1540 671 in
1565 647 1657 672 eum

189 701 366 727 mensem
394 689 632 726 incurrentis
661 688 778 740 plane
805 688 935 727 Martii
960 688 1229 727 characterem
1262 688 1397 727 habet.
1451 696 1658 741 praeterea

190 759 230 798 p.
249 745 332 787 355
352 759 391 783 v.
410 748 450 794 6,
481 745 533 782 ad
555 758 599 782 ea
623 746 746 783 verba
772 746 937 798 κρονίου
968 743 1094 797 μηνός
1121 742 1356 794 ἐνστάντος,
1391 751 1560 797 uterque
1582 761 1656 785 co·-

190 802 272 839 dex
287 801 340 839 ad
359 815 470 840 oram
485 801 577 840 libri
596 798 785 873 Μάρτιον
803 802 906 840 clare
921 803 1115 840 nominat.
1143 801 1277 845 Vatic.
1297 815 1453 853 quoque
1478 803 1528 840 de
1545 816 1657 842 more
1704 818 1708 821 *

190 858 385 909 Μαρτίου
421 872 495 910 pro
527 859 695 909 κρονίου
735 859 778 897 in
809 865 1003 897 contextu
1046 859 1231 897 collocat.¹
1292 859 1402 910 quod
1433 859 1527 897 item
1561 861 1658 899 facit

189 926 230 967 Ρ
251 917 336 956 396
367 927 408 953 v.
435 914 475 963 5,
501 915 573 953 ubi
597 914 696 952 haec
726 915 894 954 aliorum
924 915 1106 953 codicum
1135 915 1259 954 v·e1ba
1272 916 1453 982 κρονίου
1486 914 1658 968 ἐρχομέ-

191 986 270 1022 μου
287 967 437 1022 μηνός,
465 971 549 1022 ipse
569 971 704 1010 reddit
720 973 909 1024 Μαρτίου
931 967 1154 1024 ἆρχομένου
1176 968 1318 1023 μηνός.
1382 977 1430 1009 ut
1447 972 1658 1012 dubitandi

189 1028 302 1065 locus
329 1041 411 1066 non
440 1027 610 1079 supersit
641 1027 739 1078 quin
766 1028 934 1066 Martius
962 1028 1106 1065 mensis
1129 1028 1171 1065 in
1197 1027 1272 1066 hac
1301 1027 1468 1066 historia
1500 1029 1659 1069 dicatur

188 1079 365 1135 κρόνιος.
421 1085 490 1122 sed
509 1097 628 1135 quam
650 1084 902 1122 manifestum
920 1084 1096 1132 sactum,
1125 1089 1209 1122 tam
1228 1085 1396 1122 obscura
1424 1085 1519 1124 sacti
1540 1100 1658 1125 causa

189 1145 259 1178 est.
313 1139 415 1190 ‘quid
450 1142 554 1179 enim
580 1140 793 1179 verisimile
826 1141 1168 1179 comminiscamur
1207 1154 1280 1179 cur
1307 1141 1460 1192 primus
1489 1148 1529 1179 et
1555 1156 1660 1181 unus

187 1196 446 1249 Pachymeres
460 1210 599 1236 vocem
616 1193 780 1250 κρόνιος
799 1197 843 1235 in
861 1197 1102 1248 ignotissima
1118 1197 1259 1248 priscis
1276 1197 1393 1235 iuxta
1410 1199 1662 1238 recentibus-

189 1266 266 1304 que
283 1254 446 1292 notione
463 1254 746 1304 usurpaverit?
776 1254 873 1292 dum
889 1253 997 1291 aliud
1021 1254 1284 1305 opportunius
1305 1267 1426 1305 sagax
1447 1255 1570 1293 lector
1586 1268 1660 1294 ex*

187 1310 344 1362 pediet‚
374 1322 443 1361 ego
464 1310 688 1362 suspicabar
710 1316 913 1359 nostrum,
943 1323 1034 1348 cum
1063 1311 1167 1348 forte
1186 1310 1350 1349 vidisset
1368 1310 1409 1348 in
1428 1310 1661 1363 Harpocra-

188 1367 308 1405 tionis
325 1367 613 1418 Diagrammate
630 1367 823 1405 mensium
845 1367 1025 1418 superius
1044 1366 1207 1405 laudato
1231 1366 1564 1406 Hecatombaeoni
1584 1383 1660 1420 pro

188 1437 411 1475 synonymo
434 1423 623 1462 Cronium
643 1424 810 1476 apponi,
840 1430 880 1461 et
901 1422 1059 1462 aliunde
1084 1423 1202 1462 sciret
1218 1423 1407 1462 Martium
1428 1424 1522 1462 olim
1539 1426 1661 1464 fuisso

187 1480 364 1533 primum
389 1480 484 1519 anni
510 1480 680 1518 Romani
711 1493 884 1518 mensem
925 1479 1069 1532 (iuxta
1095 1479 1198 1518 illud
1234 1480 1490 1519 tritissimum
1513 1482 1662 1521 Tibulli

464 1538 615 1576 Manis
643 1538 826 1576 Romam·
845 1537 984 1588 fietne
1010 1550 1146 1574 venere
1171 1535 1390 1578 kalendae:
1679 1542 1709 1578 P
1731 1543 1802 1580 487

581 1596 759 1632 exoriens
787 1595 937 1632 nostrie
963 1592 1033 1630 hic
1047 1595 1145 1642 fuit
1173 1607 1307 1632 annu-s·
1336 1593 1464 1647 avis),

190 1649 260 1688 sed
281 1655 416 1700 postea
434 1650 582 1688 additis
600 1651 824 1689 decimestri
844 1664 946 1688 anno
968 1649 1126 1688 duobus
1142 1650 1342 1688 mensibus
1354 1650 1554 1690 honorem
1580 1653 1661 1692 du-

191 1706 306 1745 cendi
332 1720 481 1745 annum
505 1707 688 1745 Ianuario
714 1707 913 1746 tributum
929 1735 941 1756 ,
970 1705 1271 1758 Pachymerem‚
1300 1707 1483 1757 inquam,
1517 1708 1597 1748 hoc
1620 1723 1661 1748 se

191 1775 306 1801 nosse
333 1763 564 1813 gestientem
601 1770 826 1811 ostentare,
867 1762 1024 1802 duobus
1046 1763 1244 1802 mensibus
1273 1764 1384 1814 quasi
1406 1764 1456 1802 de
1483 1766 1661 1817 primatu

191 1820 436 1858 certantibus
463 1821 508 1859 in
533 1822 714 1859 Romano
737 1834 866 1870 anno,
905 1819 1096 1860 vocabula
1120 1819 1200 1858 duo
1220 1820 1399 1858 divisisse
1419 1834 1521 1872 quae
1535 1823 1659 1861 Attici

190 1876 282 1914 unni
314 1876 445 1927 primo
478 1878 604 1916 mensi
627 1878 900 1918 convenirent.
965 1876 1208 1929 diagramma
1234 1877 1336 1916 illud
1360 1878 1482 1917 semel
1499 1878 1567 1918 hic
1584 1879 1660 1919 de-

189 1933 359 1972 scribere
378 1934 480 1973 tanti
498 1935 629 1974 visum
651 1940 722 1974 est.

540 2020 735 2078 Ὀνόματα
764 2025 906 2077 μηνῶν
932 2018 1035 2064 κατα
1057 2016 1316 2075 Ἀθηναίους.

189 2086 486 2142 Ἐκατομβαιων
516 2091 542 2135 ὅ
569 2092 639 2135 καὶ
661 2088 839 2148 Κρόνιος
950 2084 971 2132 ὃ
998 2087 1270 2159 Σεπτέμβριος

193 2145 517 2212 Μεταγειτνειῶν
950 2144 975 2188 o‘
1000 2142 1244 2199 Ὀκτῶβριος

194 2198 449 2253 Πυανεψιῶν
654 2236 661 2243 .
793 2249 795 2251 ,
950 2201 976 2244 ὅ
1003 2200 1249 2268 Δεκέμβριος

192 2254 534 2331 Μαιμακτηριοίν
950 2275 972 2300 ο
999 2254 1245 2326 Ἰανουαριος

192 2313 389 2382 Ληναιων
417 2315 442 2358 o‘
469 2315 539 2358 καὶ
556 2310 791 2360 Ποσειδεῶν
949 2331 971 2356 ο
1005 2311 1280 2381 Φεβρουάριος

189 2367 410 2442 Γαμηλιων
949 2387 970 2412 ο
1003 2366 1190 2424 Μάρτιος

189 2424 496 2480 Ἀνθεστηριῶν
949 2426 974 2469 ὁ
1001 2423 1230 2495 Ἀπρίλλιος

193 2482 496 2537 Ἐλαφηβολιών
602 2511 630 2535 ς
950 2481 974 2525 ὅ
1001 2480 1147 2533 Μᾶϊος

194 2538 449 2607 Μουνυχιών
533 2538 537 2545 ’
951 2537 975 2581 o‘
1001 2535 1165 2589 Ἰούνιος

196 2593 433 2651 Θαργηλιοὸν
950 2594 976 2638 o‘
1002 2591 1172 2645 Ἰούλιος

194 2650 478 2709 Σκιροφοριων
952 2650 976 2695 ὁ
1003 2651 1237 2709 Αὔγουστος

289 2842 329 2886 *)
351 2845 397 2881 cf.
422 2843 576 2880 Glossar.
600 2843 742 2879 alterum
769 2854 802 2879 v.
826 2843 1012 2890 Ληναιῶν.
