1846 3262
419 220 496 263 DE
529 216 808 261 MICHAELE
841 207 1217 257 PALAEOLOGO
1253 209 1304 251 L.
1343 206 1399 250 H.
1543 204 1641 251 157

165 343 238 396 ξῆς
259 336 375 381 ὅίλλοι
387 369 400 389 ,
438 336 506 378 καὶ
525 331 636 377 οὕτω
655 328 777 375 πάλιν
794 329 841 373 τὸ
862 327 1043 371 κενωθέν
1063 318 1466 381 ἀναπληρωθήσεται
1478 353 1492 374 ,
1522 316 1642 363 πόλιν

165 409 257 452 ἀντὶ
289 405 507 460 πολιχνίων
537 401 791 458 αἱρουμένων
801 432 815 452 ,
843 398 919 454 τὴν
951 396 1095 449 ὄνομα
1113 395 1289 449 ἔχουσαν
1311 396 1394 435 τῶν
1414 387 1641 444 ἀνωνύμων

167 479 234 521 καὶ
267 475 453 520 εὐτελῶν.
525 471 573 516 οὗ
600 471 683 526 μὴν
715 470 760 512 δὲ
788 469 856 511 καὶ
884 464 1220 522 καταφρονητέον
1242 466 1325 505 τῶν
1340 462 1464 518 τῇδε·
1502 456 1642 516 ἀσφά-

166 551 253 589 λεια
285 544 365 601 γὰρ
401 547 484 587 τῶν
524 540 638 591 ἐντὸς
670 539 863 595 μεγίστη,
902 537 938 579 εἶ
969 535 1021 578 τὰ
1057 532 1191 589 κύκλῳ
1220 529 1363 588 φεύγοι
1391 529 1463 572 τὸν
1495 526 1636 571 σάλον.
1662 533 1692 568 Β

131 619 301 659 5ταῧτα
329 613 375 656 δὲ
404 611 477 656 τὸν
510 609 639 654 σάλον
668 610 913 666 φευξοῦνται
951 600 1278 658 πολυωρούντων
1303 604 1386 642 τῶν
1416 595 1643 654 οῗκητόρων

165 683 254 739 ἅμα
285 689 371 732 τοῖς
404 679 677 735 πεμπομένοις
706 676 916 732 ἄρχουσιν.
987 671 1094 716 ἀλλὰ
1115 671 1166 714 τὰ
1186 671 1261 725 μὲν
1284 668 1389 711 κατὰ
1410 667 1552 723 καιρὸν
1574 668 1643 709 καὶ

165 749 442 808 λεχθήσονται
461 751 528 792 καὶ
547 744 864 805 πραχθήσονται
882 747 984 787 θεοῦ
1002 739 1300 796 συναιρομένου
1319 737 1376 780 δι’
1399 737 1510 786 ἵλεος
1522 749 1533 760 ·
1568 740 1642 779 νῦν

166 822 209 865 δ’
241 818 312 878 ὂίγε
342 819 538 869 κάκείνοις
566 816 625 860 δι’
654 810 712 859 ὧν
740 811 999 870 ἔπεμετρήθη
1030 807 1179 866 ἧμῖνῆ
1207 806 1327 866 χάρις
1364 804 1557 866 (καὶγὰρ
1578 806 1643 848 δί-

166 889 309 947 καιον)
344 887 572 946 γράφοντες
598 885 651 929 τὰ
681 881 818 928 εῗκότα
845 884 1038 936 δείξωμεν
1064 877 1184 935 χάριν
1206 880 1346 935 σφίσιν
1366 873 1517 924 εἰδότες
1535 874 1645 926 μετὰ

111 970 155 1004 10
167 957 280 1004 θεόν.
292 959 317 979 ”
386 961 444 1015 τῷ
467 974 530 1000 τοι
550 956 617 999 καὶ
642 955 686 997 ἓκ
703 958 778 997 τοῦ
799 956 1054 1008 παραχρῆμα
1087 945 1236 992 κελεύει
1258 949 1466 1004 γραφῆναι
1486 944 1539 987 τὰ
1557 962 1639 999 χα-

165 1026 381 1086 ριστήρια,
420 1025 620 1082 ἐκλέγεται
653 1023 698 1066 δὲ
726 1024 793 1065 καὶ
824 1019 887 1072 οἷς
912 1020 964 1063 ἂν
993 1022 1217 1075 πεμφθεῖσι
1249 1016 1324 1073 τὴν
1343 1012 1640 1070 κληροδότησιν
1664 1016 1694 1051 C

164 1097 377 1153 ἐπιτρέψοι
398 1098 480 1138 τῶν
496 1090 761 1151 μεγιστάνων.
833 1097 919 1141 τοῖς
945 1089 1023 1146 γὰρ
1054 1092 1222 1136 πολλοῖς
1240 1103 1282 1142 γε
1303 1087 1370 1128 καὶ
1394 1081 1641 1138 ἀνεβάλλετο

163 1167 212 1210 τὸ
240 1163 424 1218 διδόναι,
456 1165 523 1207 καὶ
546 1161 754 1220 πρόφασις
776 1161 911 1219 ἐκείνῳ
933 1159 980 1202 τό
1004 1157 1072 1200 διὰ
1100 1155 1271 1211 σπάθης
1298 1152 1463 1203 ἑλόντος
1483 1152 1642 1208 μηδένα

165 1235 265 1279 εἶναι
285 1235 357 1278 τὸν
377 1235 545 1283 δικαίως
565 1231 615 1275 ἂν
635 1235 718 1274 τῶν
736 1231 874 1282 ι’δίων,
913 1228 955 1271 εἷ’
978 1245 1057 1271 που
1088 1232 1274 1282 παρεῖεν,
1307 1226 1370 1267 ἐπὶ
1390 1227 1465 1278 τῆς
1484 1221 1642 1271 πόλεως

109 1313 152 1349 15
164 1301 452 1359 ἄνθεξόμενον.
522 1306 721 1358 περιῆσαν
750 1299 829 1356 γὰρ
858 1298 918 1342 ἔτι
953 1297 1029 1340 οὐκ
1064 1295 1181 1350 ὀλίγα
1212 1296 1278 1337 καὶ
1307 1297 1391 1336 τῶν
1416 1290 1638 1346 τυχόντων,

163 1375 207 1418 ἔν
236 1372 344 1417 ὄκτῶ
373 1369 516 1427 μόνοις
544 1370 647 1427 πρὸς
667 1376 755 1418 τοῖς
783 1365 1036 1423 πεντήκοντα
1057 1364 1160 1408 ξ’τεσι
1179 1361 1451 1418 κατεχομένης
1469 1365 1544 1415 τῆς
1563 1357 1641 1402 πό-

164 1446 265 1493 λεως
284 1448 370 1491 τοῖς
390 1442 571 1498 ἐχθροῖς.
641 1440 685 1482 ἐν
705 1436 767 1488 οἷς
783 1438 851 1480 καὶ
874 1433 1010 1479 πάντα
1034 1433 1085 1478 ἂν
1109 1437 1333 1491 περιῆσαν,
1371 1430 1446 1488 εἴγε
1477 1427 1640 1488 εῗρήνην

256 1575 290 1610 8.
313 1570 507 1614 κάκείνους
529 1571 569 1606 P.

162 1695 318 1736 quoque,
343 1690 383 1722 ut
406 1698 469 1733 par
490 1688 564 1729 est,
594 1688 840 1731 praeoptatum
862 1684 897 1719 in
921 1684 1007 1719 urbe
1029 1695 1131 1730 quam
1153 1683 1188 1718 in
1211 1681 1399 1728 municipiis
1417 1681 1567 1727 degere,
1603 1684 1640 1716 et

161 1735 280 1780 regiae
311 1733 529 1778 inclytaeque
562 1731 775 1778 splendorem
804 1731 954 1765 civitatis
983 1731 1204 1765 obscurorum
1229 1733 1265 1764 et
1287 1729 1360 1764 sine
1383 1728 1516 1762 nomine
1540 1729 1641 1774 oppi-

159 1782 314 1816 dulorum
338 1779 504 1825 angustiis
528 1782 564 1813 et
586 1778 742 1813 sordibus
765 1778 954 1824 praeferre.
999 1788 1066 1812 non
1089 1781 1204 1811 tamen
1227 1776 1314 1810 haec
1333 1775 1390 1810 ubi
1413 1786 1502 1809 nunc
1524 1785 1639 1809 sumus

160 1827 354 1874 spernenda
386 1833 447 1862 aut
476 1825 614 1872 penitus
649 1825 872 1871 relinquenda
902 1827 990 1858 sunt.
1037 1835 1115 1858 nam
1137 1827 1176 1857 ut
1199 1822 1310 1857 media
1341 1827 1417 1857 tuta
1441 1822 1531 1864 sint,
1569 1822 1640 1855 cir-

160 1873 328 1909 cumiecta
359 1877 440 1907 sunt
467 1874 618 1914 tuenda3
654 1883 717 1906 nec
751 1874 867 1916 potest
897 1869 1065 1905 securitas
1097 1870 1188 1904 intus
1220 1881 1321 1912 esse,
1355 1869 1384 1903 si
1409 1868 1579 1903 exteriora
1602 1868 1638 1902 in

160 1920 306 1955 tumultu
329 1919 407 1954 sint.
452 1917 690 1964 providebitur
712 1923 826 1952 autem
848 1920 888 1951 ut
910 1918 997 1951 haec
1020 1917 1054 1951 in
1078 1928 1163 1962 pace
1187 1916 1445 1958 contineantur,
1482 1919 1554 1949 tum
1579 1926 1637 1948 co—

158 1966 311 2001 lonorum
345 1966 402 2000 hic
432 1965 626 1999 relictorum
663 1968 699 1998 et
734 1976 796 1998 sua
828 1964 1020 1998 curantium
1044 1964 1114 1998 fida
1138 1963 1314 2004 custodia,
1352 1965 1420 1995 tum
1452 1961 1637 1996 adiuvante

159 2016 264 2059 atque
296 2011 497 2057 invigilante
531 2010 749 2057 providentia
782 2010 1043 2055 magistratuum
1078 2022 1122 2044 ex
1156 2010 1243 2044 urbe
1277 2009 1525 2043 mittendorum.
1573 2008 1635 2042 sed

158 2059 246 2094 haec
276 2070 339 2093 suo
371 2065 526 2103 tempore
557 2057 737 2092 edicentur
759 2061 988 2103 agmturque,
1022 2056 1087 2090 deo
1111 2068 1174 2103 pro
1199 2067 1260 2090 sua
1284 2054 1514 2089 misericordia
1537 2054 1634 2088 nobis

158 2105 339 2140 adfuturoe
381 2115 492 2147 nunc,
527 2115 611 2149 age,
649 2103 714 2137 illis
746 2104 870 2150 quibus
899 2104 942 2138 ad
975 2107 1107 2137 tantum
1139 2103 1235 2137 nobis
1264 2101 1476 2146 largiendum
1509 2101 1633 2135 bonum

159 2151 275 2185 divina
305 2149 533 2185 beneficentia
564 2149 726 2184 ministris
756 2161 820 2184 usa
851 2155 923 2192 est,
960 2155 1077 2195 grates
1107 2149 1348 2195 rependamus,
1382 2158 1467 2193 quas
1500 2158 1565 2192 par
1597 2151 1634 2181 et

160 2208 308 2243 aequum
331 2200 385 2231 est
406 2196 449 2231 iis
471 2196 595 2231 referri
617 2196 741 2242 quibus
764 2197 946 2231 secundum
970 2197 1069 2230 deum
1094 2196 1240 2230 debetur
1263 2207 1285 2229 a
1306 2193 1404 2228 nobis
1421 2193 1633 2238 plurimum.'’

157 2243 222 2278 sub
243 2243 309 2277 hoc
331 2242 507 2277 confestim
530 2243 708 2289 praecepit
731 2242 898 2277 conscribi
933 2242 1126 2277 authentico
1151 2242 1333 2288 diplomate
1356 2241 1495 2274 decreta
1518 2239 1632 2274 victo—

157 2289 255 2323 ribus
278 2288 448 2334 praemia:
473 2288 579 2333 elegit
601 2289 704 2323 etiam
728 2301 748 2323 e
771 2289 969 2334 proceribus
993 2300 1078 2335 quos
1102 2289 1145 2323 ad
1171 2289 1290 2322 urbem
1314 2286 1434 2322 missos
1457 2285 1505 2320 ibi
1527 2297 1631 2331 prae-

157 2346 234 2369 esse
255 2335 390 2369 iuberet
413 2334 645 2369 distributioni
668 2336 825 2369 domuum
849 2339 885 2370 et
906 2339 1094 2376 terrarum,
1127 2339 1162 2369 et
1186 2334 1216 2368 si
1240 2345 1308 2380 qua
1331 2332 1468 2368 residua
1492 2344 1512 2366 e
1535 2332 1633 2366 bonis

158 2381 306 2416 caeteris
337 2385 455 2422 erant,
489 2380 689 2426 optimatum
721 2381 846 2428 cuique
874 2382 1055 2416 faciendae
1085 2392 1198 2416 rerum
1232 2381 1274 2414 ad
1305 2380 1397 2425 ipsos
1421 2389 1464 2413 ex
1486 2381 1633 2424 paterna

157 2427 294 2462 avitave
315 2426 530 2461 successione
551 2427 758 2462 hereditario
779 2428 855 2463 iure
880 2428 1130 2474 pertinentium.
1161 2427 1382 2473 optimatibus
1405 2429 1517 2460 autem
1541 2435 1632 2459 nunc

157 2473 292 2520 quidem
324 2473 406 2508 solis
438 2472 473 2506 in
504 2484 545 2507 eo
577 2485 703 2518 genere
736 2474 902 2519 providitt
940 2474 1033 2520 plebi
1056 2474 1188 2520 pariter
1211 2473 1387 2507 consulere
1410 2471 1563 2513 distulit,
1595 2471 1631 2505 in

157 2519 269 2554 animo
292 2519 422 2553 habens
444 2518 482 2553 id
505 2530 646 2565 prorsus
669 2519 853 2563 omittere,
887 2521 976 2555 nullo
1001 2532 1038 2554 se
1063 2521 1106 2554 ad
1129 2520 1163 2554 id
1187 2519 1352 2565 adstringi
1374 2518 1527 2553 iustitiae
1550 2517 1632 2551 offi-

158 2565 212 2599 cio
246 2565 464 2607 existimans,
498 2565 588 2611 quod
621 2566 741 2600 urbem
770 2566 809 2601 vi
838 2570 875 2601 et
907 2566 1011 2600 armis
1034 2571 1207 2613 receptam
1232 2577 1274 2600 ex
1298 2567 1414 2607 hoste,
1450 2564 1526 2598 iure
1549 2563 1632 2598 belli

156 2615 316 2657 spectare
338 2611 374 2645 in
397 2611 538 2646 solidum
562 2612 605 2646 ad
629 2612 816 2659 principem
841 2617 878 2647 et
904 2613 940 2647 in
963 2614 1124 2659 praedam
1149 2624 1191 2647 ac
1215 2613 1362 2646 fructum
1385 2611 1549 2645 victoriae
1573 2621 1633 2644 ce-

156 2657 240 2692 dere
273 2669 417 2703 aequum
451 2669 527 2692 esse
558 2658 719 2701 duceret3
754 2670 821 2704 quo
853 2659 986 2694 nomine
1019 2662 1196 2705 quaestum
1223 2659 1313 2693 haud
1336 2657 1503 2693 modicum
1527 2656 1629 2690 ¹fecit.

157 2707 361 2757 supererant
393 2703 484 2738 enim
519 2704 630 2739 adhuc
653 2716 672 2739 e
694 2705 793 2739 bonis
821 2706 1032 2751 privatorum
1057 2710 1094 2740 et
1116 2706 1282 2741 hominum
1306 2717 1327 2739 e
1349 2704 1452 2748 vulgo
1476 2715 1496 2737 a
1520 2702 1630 2736 domi-

157 2760 210 2783 ms
232 2749 380 2796 antiquis
415 2750 638 2795 agnoscibilia
667 2762 734 2785 non
765 2763 897 2797 pauca,
934 2756 974 2787 ut
996 2753 1032 2787 in
1055 2752 1197 2787 civitate
1221 2755 1298 2786 octo
1321 2755 1357 2784 et
1380 2748 1628 2795 quinquaginta

158 2795 264 2829 solum
287 2795 386 2831 annis
410 2797 454 2831 ab
478 2797 633 2832 hostibus
657 2797 810 2832 detenta.
855 2798 891 2833 in
924 2810 993 2845 qua
1040 2799 1116 2833 lura
1139 2792 1243 2833 etiam
1267 2802 1371 2842 atque
1394 2795 1480 2829 adeo
1504 2798 1628 2829 cuncta

156 2842 327 2896 servanda
350 2846 386 2877 et
407 2843 444 2877 in
466 2843 574 2889 primo
598 2847 690 2878 statu
714 2844 820 2878 fuisse
842 2844 1018 2891 relinquen
1042 2857 1064 2879 a
1086 2844 1269 2879 verisimile
1292 2850 1364 2884 est,
1399 2841 1428 2876 si
1454 2840 1627 2887 principes

156 2898 215 2933 qm
244 2892 326 2934 post
355 2889 476 2924 urbem
506 2899 529 2924 a
557 2889 693 2925 Latinis
726 2895 861 2938 captam
884 2892 1060 2928 Romanae
1082 2891 1135 2925 rei
1157 2891 1404 2937 praefuerunt,
1438 2898 1527 2934 pace
1548 2898 1625 2922 cum
