1846 3262
417 205 494 249 DE
527 204 804 248 MICHAELE
837 193 1214 247 PALAEOLOGO
1250 202 1299 245 L.
1332 200 1388 248 11.
1537 199 1635 245 159

165 323 242 375 δῆς
262 324 456 376 συνεχοῦς
475 317 575 375 εἶχε,
611 318 717 374 μηδ’
740 318 930 362 ἀναπνεῖν
955 314 1131 371 ἕῶμενος
1151 322 1240 366 ταῖς
1257 315 1496 372 φροντίσιν,
1533 312 1636 370 ἦμέ-

164 406 242 447 ρας
259 390 334 444 μὲν
353 393 561 432 καθιστᾶν
580 388 626 431 τὸ
647 392 836 443 πλῆθος,
867 384 1083 440 Ῥωμαίοις
1096 387 1178 439 ,μὲν
1195 383 1422 439 πιστεύων,
1455 384 1638 434 Ἰταλοὺς

166 458 210 508 δ’,
243 455 500 502 ὑποπτεύων.
572 453 622 513 ἦν
663 457 743 513 γὰρ
788 455 1134 512 ἓνσεσωρευμένον
1173 459 1363 509 πλῆθος,
1421 452 1639 510 ξύγκλυδες

164 526 299 576 ἄλλως
321 529 388 569 καὶ
418 524 615 582 ἀπόλεμοι
644 526 789 580 ἄνδρες
799 558 814 578 ,
852 531 943 586 ταῖς
959 524 1096 579 χειρὸς
1116 524 1324 579 ἐργασίαις
1344 523 1635 578 προσέχοντες·

131 595 277 650 ὄὸμως
295 597 339 638 δὲ
363 598 429 638 καὶ
450 597 524 651 τὴν
543 593 700 639 τούτων
725 593 856 651 ὁρμὴν
886 591 942 643 ὥς
968 593 1280 648 ἐπιθησομένων
1312 592 1360 635 τὸ
1399 592 1524 648 [γὰρ]
1563 596 1638 635 τοῦ

162 666 302 722 γένους
330 664 570 723 ἀλλότριον,
616 661 665 707 τό
697 663 741 707 τ’
777 665 820 714 ἐξ
850 660 1036 718 ὑπογύου
1073 666 1346 717 γυμνωθῆναι
1376 666 1459 704 τῶν
1491 660 1635 714 ὄντων,
1660 671 1689 706 Β

163 737 231 778 καὶ
258 734 362 789 πρὸς
391 734 439 777 τὸ
467 734 713 789 νεωτερίσειν
745 730 919 786 ἑτοίμως
939 730 990 774 ἂν
1011 731 1114 786 ἔχειν
1132 728 1187 780 ὥς
1209 730 1258 773 οὖ
1276 735 1439 773 πολλῶν
1457 734 1540 773 τῶν
1563 730 1637 773 ἀν-

161 803 465 858 τιστησομένων
493 803 647 856 ὄντων,
687 800 775 856 ἅμα
804 802 849 844 δὲ
875 802 942 844 καὶ
970 800 1029 855 μὴ
1057 798 1347 856 ἀτρεμούντων
1377 800 1462 852 ἔτι,
1501 798 1637 843 ἔπειθε

162 873 348 916 δεδιέναι.
419 871 543 915 ταῦτ’
570 873 612 914 ἐν
642 875 700 930 νῷ
728 868 984 926 βαλλόμενος
1007 868 1160 926 ἡμέρας
1179 870 1255 923 μὲν
1279 868 1346 912 διὰ
1367 869 1538 924 μελέτης
1558 867 1635 924 εἶχε

107 948 152 983 10
163 942 445 984 καταστέλλειν
475 941 521 984 τὸ
549 945 737 996 πλῆθος,
770 937 905 997 φόβον
934 941 1140 994 ἐμποιῶν,
1175 938 1319 988 νυκτὸς
1340 939 1384 981 δὲ
1404 936 1636 981 διατάττων

161 1011 259 1060 τούς
302 1010 615 1066 διατρέχοντας,
663 1010 730 1052 καὶ
769 1007 1049 1064 νυκτεπᾶρχου
1088 1005 1243 1064 τρόπον
1276 1007 1420 1063 ἀγυιὰν
1459 1005 1635 1062 ἑκάστην

159 1084 465 1136 προσερευνῶν,
500 1079 557 1134 μὴ
580 1078 704 1128 κακὸς
724 1077 800 1129 ἔξω
824 1082 1039 1136 πλανῷτο·
1073 1081 1287 1132 πανταχοῦ
1309 1077 1387 1134 γὰρ
1411 1077 1627 1120 ἓκέκλαστο
1653 1085 1683 1119 C

162 1150 228 1191 καὶ
258 1147 305 1191 τὸ
337 1156 491 1202 τεῖχος,
541 1142 575 1207 ᾧ
606 1147 657 1203 δὴ
686 1152 858 1190 τοιαῦτα
890 1145 1083 1203 πράττειν
1118 1142 1168 1202 ἦν
1200 1148 1455 1205 βουλομένῳ.
1526 1147 1632 1189 ἀλλὰ

159 1217 269 1260 καθ’
293 1214 451 1272 ἡμέραν
470 1214 807 1273 ε’πισωρει·όμενοι
830 1219 993 1266 πλειόυς
1014 1216 1170 1267 ἔξωθεν
1188 1216 1448 1272 ξυνδιέφερον
1465 1216 1539 1270 μὲν
1556 1215 1633 1266 τὰς

105 1294 146 1330 15
159 1288 383 1344 φροντίδας
401 1287 559 1345 ἐκείνῳ,
595 1288 638 1329 ἓν
657 1285 815 1346 ἀφοβιά
837 1286 882 1328 δὲ
901 1285 999 1335 τούς
1017 1283 1242 1341 ἡμετέρους
1262 1286 1490 1329 καθίστων.

296 1356 375 1400 31.
440 1353 489 1398 Ὁ
514 1355 558 1398 δὲ
575 1355 771 1408 βασιλεὺς
793 1353 1096 1408 συνταξάμενος
1119 1353 1217 1397 ὅσον
1236 1349 1286 1409 ἦν
1304 1354 1352 1396 τὸ
1373 1357 1463 1410 περὶ
1486 1352 1627 1407 αὐτόν,
1653 1364 1681 1398 P
1707 1365 1772 1400 103

157 1423 260 1478 ἔχων
291 1423 396 1477 μεθ’
434 1422 586 1467 ἑαυτοῦ
617 1425 684 1466 καὶ
714 1423 790 1478 τὴν
821 1421 1096 1479 Αὖγούσταν,
1135 1422 1193 1465 ἔτι
1220 1424 1265 1465 δὲ
1293 1423 1430 1466 καὶτὸ
1451 1423 1630 1479 νεογιλόν

156 1490 316 1542 θάλλος
336 1491 408 1534 τὸν
430 1493 473 1542 ἒξ
492 1493 643 1535 ἐκείνου
661 1490 942 1549 Ἀνδρόνικον,
981 1486 1029 1535 οὗ
1052 1492 1102 1547 δὴ
1124 1493 1191 1534 καὶ
1214 1496 1265 1548 τῇ
1289 1494 1542 1553 προσηγορίᾳ
1559 1493 1630 1536 τὸν

158 1561 316 1618 πατέρα
346 1560 483 1604 οὐκέτ’
516 1561 616 1605 ὄντα
644 1563 764 1616 ἐτίμα
772 1595 786 1616 ‚
825 1556 873 1605 οὗ
902 1561 977 1617 τὴν
1005 1559 1171 1617 μνήμην
1204 1559 1259 1612 ὥς
1290 1559 1531 1620 φιλοπάτωρ
1560 1564 1629 1605 καὶ

246 1670 280 1708 6.
305 1668 375 1717 γάρ
399 1670 633 1716 expunxerim.
773 1672 806 1708 7.
830 1673 979 1714 πολλοῖς
1002 1672 1044 1706 Ρ.

156 1767 214 1797 tur
235 1765 274 1797 ut
298 1762 491 1808 respirandi
513 1762 573 1798 vix
596 1762 744 1808 spatium
768 1762 930 1804 haberet,
947 1799 949 1803 ,
965 1775 1029 1810 per
1060 1764 1136 1799 dies
1167 1764 1302 1810 quidem
1334 1764 1484 1800 intentus
1518 1765 1629 1800 conti-

154 1810 287 1844 nendae
318 1809 524 1844 multitudini
556 1809 729 1852 urbanae;
771 1821 860 1855 quae
891 1822 966 1844 cum
999 1822 1019 1845 e
1050 1810 1214 1846 Romanis
1242 1811 1407 1857 ltalisque
1443 1818 1628 1856 constaret,

153 1855 219 1890 illis
243 1855 390 1898 fidebat,
416 1856 478 1890 hos
502 1860 540 1890 ut
564 1859 742 1901 suspectos
765 1857 983 1891 observabat.
1030 1862 1106 1892 erat
1129 1865 1242 1893 autem
1265 1870 1388 1903 magna
1411 1859 1466 1892 vis
1490 1861 1627 1893 confer-

153 1906 211 1936 tae
246 1902 356 1955 plebis
390 1902 563 1937 collectitii
587 1902 724 1946 generis
739 1929 751 1944 ,
787 1903 911 1947 vulgus
935 1903 1132 1949 plerumque
1155 1904 1311 1946 imbelle,
1350 1905 1502 1951 parando
1525 1917 1626 1940 manu

153 1948 263 1982 victui
286 1948 389 1982 variis
411 1948 568 1983 artificiis
593 1949 784 1983 attendens.
830 1952 946 1983 tamen
971 1954 1006 1984 et
1029 1951 1073 1984 ab
1097 1951 1148 1985 his
1173 1953 1355 1993 cavebat‚.
1373 1957 1492 1996 utpote
1514 1952 1571 1997 qui
1594 1952 1624 1986 si

153 1994 291 2029 efferati
314 1998 383 2029 vim
406 2000 571 2040 pararent
594 1995 685 2041 (quo
709 2000 747 2029 ut
769 1995 990 2030 traherentur
1013 1998 1123 2031 exteri
1145 1997 1189 2032 de
1212 2004 1306 2032 statu
1326 1998 1458 2040 incerti,
1483 2010 1526 2032 ne
1543 2010 1621 2033 mox

152 2041 382 2087 spoliarentur
419 2046 630 2084 metuentes,
668 2053 810 2088 pronum
843 2043 974 2087 erat),
1022 2043 1076 2078 vel
1107 2044 1182 2088 ipso
1215 2056 1354 2078 numero
1388 2044 1622 2079 formidabiles

152 2091 273 2129 erant,
297 2099 372 2121 cum
395 2088 517 2122 armati
541 2099 607 2122 non
631 2091 685 2122 sat
707 2088 802 2122 multi
828 2089 871 2122 ad
897 2100 1030 2127 manum
1054 2096 1168 2124 essent
1191 2092 1251 2136 qui
1274 2091 1323 2125 eis
1346 2096 1620 2136 opponerentur-3

152 2144 259 2179 quare
281 2138 453 2179 utcunque
476 2134 694 2179 acquiescere
716 2134 891 2179 praesenti
914 2136 999 2170 sorti
1023 2136 1247 2181 videbantur,
1283 2148 1349 2171 non
1372 2144 1487 2171 tamen
1511 2137 1555 2170 de
1577 2136 1622 2171 iis

152 2189 294 2213 securus
325 2179 456 2214 Caesar
487 2186 585 2221 erat,
621 2180 682 2215 sed
715 2185 859 2215 eventus
880 2181 1040 2217 'incertos
1071 2188 1255 2228 reputans,
1288 2195 1351 2228 per
1375 2183 1460 2217 diem
1484 2183 1621 2228 quidem

152 2225 219 2268 (ut
241 2224 356 2259 dicere
379 2226 503 2271 coepi)
537 2226 688 2262 sedulam
719 2227 825 2261 dabat
847 2239 985 2273 operam
1018 2230 1271 2275 compescendis
1291 2229 1401 2263 turbis
1427 2233 1461 2263 et
1483 2229 1622 2264 coitioni

151 2271 395 2305 disturbandae
426 2273 667 2317 plurimorum
700 2273 791 2318 quod
824 2276 1074 2319 assequebatur
1097 2278 1230 2320 plateas
1252 2276 1370 2309 obiens
1394 2287 1470 2310 cum
1496 2276 1619 2310 idoneo

150 2321 356 2351 armatorum
390 2318 571 2360 comitatu,
605 2330 647 2353 ac
678 2319 948 2355 circumferenda.
978 2333 1040 2367 per
1070 2322 1189 2356 urbem
1218 2321 1371 2356 terrifica
1402 2322 1456 2356 sui
1488 2322 1617 2368 specie,

149 2369 275 2397 metum
299 2362 416 2397 utilem
438 2364 627 2399 incutiens:
660 2377 724 2411 per
753 2371 888 2401 noctem
911 2379 1030 2402 rursus
1054 2368 1190 2412 vigtlum
1213 2369 1370 2403 cohortes
1394 2379 1532 2403 cursare
1554 2379 1619 2414 per

151 2409 250 2444 ‘vicos
274 2420 412 2451 omma,
449 2411 526 2444 fora
547 2415 583 2445 et
606 2412 804 2457 angiportus
831 2413 929 2447 obire
959 2420 1100 2449 cunctos
1131 2413 1271 2455 iubens,
1301 2414 1517 2460 scrutarique
1539 2414 1619 2449 dili-

148 2459 270 2500 genter
294 2455 450 2501 numquis
473 2456 602 2502 uspiam
626 2459 723 2493 domo
747 2470 907 2503 egressus
931 2464 991 2493 aut
1012 2461 1048 2495 in
1071 2461 1191 2494 urbem
1213 2472 1276 2506 per
1298 2461 1410 2495 hiatus
1433 2472 1618 2503 murorum,

147 2501 207 2546 qui
229 2501 327 2536 multi
349 2501 500 2548 undique
522 2504 688 2548 patebant
713 2508 748 2538 et
773 2505 907 2539 facilem
931 2506 1059 2541 dabant
1089 2507 1233 2549 aditum,
1267 2506 1439 2552 ingressus
1470 2519 1618 2552 vagare-

147 2550 215 2581 tur.
263 2552 434 2582 caeterum
465 2549 620 2594 quotidie
649 2550 820 2594 fugientes
852 2552 1018 2594 conserti,
1053 2564 1120 2598 quo
1152 2553 1296 2599 quisque
1318 2559 1456 2598 posset,
1490 2565 1533 2587 ex
1555 2553 1616 2587 illa

146 2604 247 2638 quam
270 2593 340 2627 dixi
364 2594 550 2629 collectitia
571 2595 788 2631 multitudine
815 2597 952 2642 plurimi
982 2602 1083 2644 parte
1109 2599 1331 2634 solicitudinis
1356 2600 1539 2634 Caesarem
1563 2600 1615 2633 le-

146 2640 296 2683 vabant,
319 2640 580 2687 securioresque
602 2642 792 2678 reddebant
813 2648 959 2680 nostros.

236 2686 294 2722 31.
338 2687 386 2720 At
414 2686 602 2733 imperator
634 2688 721 2723 satis
753 2689 819 2723 iam
849 2690 1002 2726 omnibus
1033 2691 1253 2737 compositis,
1289 2691 1483 2726 universum
1514 2702 1614 2735 quem

144 2741 259 2765 secum
290 2731 441 2767 habebat
470 2745 648 2779 procerum
682 2747 723 2769 ac
754 2735 972 2771 familiarium
1003 2738 1199 2773 comitatum
1233 2738 1380 2779 ducens,
1423 2739 1613 2781 Augustam

144 2787 281 2822 quoque
312 2789 409 2813 suam
442 2780 618 2827 coniugem
642 2784 678 2815 et
699 2781 817 2826 regiae
838 2783 957 2829 stirpis
987 2788 1142 2819 tenerum
1165 2784 1335 2819 surculum
1359 2795 1402 2817 ex
1427 2795 1468 2817 ea
1493 2794 1613 2817 susce-

143 2826 239 2867 ptum
269 2823 516 2868 Andronicum,
553 2827 609 2862 cui
644 2827 706 2862 tali
738 2827 917 2864 tribuendo
951 2831 1083 2866 nomine
1106 2831 1274 2865 honorare
1296 2829 1476 2865 studuerat
1498 2828 1612 2874 patris

142 2868 197 2904 sui
219 2868 406 2906 Andronici
436 2872 563 2909 dudum
593 2873 718 2909 mortui
747 2875 963 2920 memoriam,
990 2888 1054 2924 per
1076 2888 1177 2923 quam
1199 2876 1303 2912 etiam
1325 2875 1471 2922 quadam
1494 2878 1617 2910 osten--
