1884 3262
249 187 351 234 512
510 189 514 193 ’
548 190 563 227 ,‘
661 185 897 231 GEORGII
917 190 919 192 ’
938 186 1291 232 PACHYMERIS

253 302 300 345 δὲ
320 300 386 343 καὶ
404 297 499 352 μετ’
521 297 757 355 ἀσφαλείας-
774 297 1015 353 ἐπέμποντο.
1076 300 1278 354 Υβασιλεὺς
1297 301 1342 343 δὲ
1362 301 1434 345 τὸν
1454 301 1583 345 αὐτοῦ
1600 308 1713 358 γαμι-

255 369 359 425 βρὸν
381 367 555 420 Μιχαὴλ
582 366 653 409 τὸν
686 365 888 421 δεσπότην
910 369 978 410 καὶ
994 366 1067 410 τὸν
1091 368 1218 423 μέγαν
1244 369 1480 422 δομέστικον
1499 370 1570 414 τὸν
1593 375 1710 427 Ταρ-

254 434 478 491 χανειώτην
502 436 567 477 καὶ
597 434 722 478 αὐτὸν
741 433 940 491 Μιχαήλ,
969 434 1025 478 ἔτι
1045 437 1092 478 δὲ
1110 436 1182 479 τὸν
1203 436 1329 492 μέγαν
1351 435 1710 495 στρατοπεδάρχην

253 503 499 557 «Συναδηνὸν
535 501 751 558 Ἰωάννην,
797 506 865 546 καὶ
901 504 1095 558 τέταρτον
1127 504 1204 547 σὺν
1233 502 1393 555 τούτοις
1420 506 1492 548 τὸν
1519 507 1709 560 ἐκτομίαν

251 569 533 628 Ἀνδρόνικον,
562 576 693 615 τατᾶν
723 571 797 626 μὲν
821 576 896 627 τῆς
920 572 1048 627 αὐλῆς
1074 571 1173 615 ὅντα
1195 577 1254 631 τῷ
1275 571 1386 626 τότε,
1418 573 1742 630 Ἠονοπολίτηνό

256 640 302 683 δ’
326 639 651 694 ἐπικεκλημένον,
690 641 910 696 ἐγχειρίσας
939 639 1130 693 δυνάμεις
1159 641 1299 690 ἱκανὰς
1319 637 1615 698 πρὸς·τοῧργον
1642 643 1711 694 ἐκ-

202 719 236 754 Ῑ)
258 708 404 763 πέμπει
416 741 428 761 ,
455 708 657 764 ὀρρωδίαν
685 709 760 762 μὲν
789 713 925 751 πᾶσαν
945 709 987 760 ἐξ
1009 709 1146 751 αὐτῶν
1167 707 1372 762 ἐκβάλλων
1395 707 1559 766 θάρρος
1582 710 1625 753 δ’
1644 712 1711 762 ἐνὸ

199 807 202 810 ι
255 779 386 827 τιθεὶς
404 781 590 820 πλεῖστον
610 783 701 826 ταῖς
719 776 802 819 ἀπὸ
821 782 904 820 τῶν
917 777 1045 832 εὐχῶν
1062 781 1144 820 τῶν
1164 777 1299 833 ἱερέων
1318 775 1571 834 σννάρσεσιν.
1639 772 1713 821 οἷ)-

253 863 318 889 τοι
351 846 424 899 μὲν
458 840 530 888 οὖν
560 843 812 894 ἀπελθόντες
836 844 1042 889 ἀπωτάτω
1060 844 1158 888 ὅσον
1176 841 1227 901 ἦν
1246 845 1446 902 ἐγχωροῦν
1465 848 1712 903 ἐστρατοπε-η-

256 912 456 957 δεύσαντο
466 946 480 966 ,
519 915 585 956 καὶ
607 918 855 968 προσβαλεῖν
874 915 947 968 μέν
966 915 1207 965 ἐξαπιναίως
1224 914 1357 957 οὐκέτ’
1382 913 1563 970 ἐτόλμων
1593 914 1711 973 (ἀλο-
1722 922 1767 958 10

252 984 380 1040 γίστῳ
402 982 479 1038 γὰρ
503 982 701 1037 ἀντισχεῖν
725 979 875 1039 θράσει
894 980 1084 1035 ἐδόκουν,
1120 984 1187 1025 καὶ
1205 988 1363 1036 μᾶλλον
1384 983 1424 1026 οἳ
1440 985 1529 1039 περὶ
1548 982 1619 1025 τὸν
1637 983 1713 1037 με’·

256 1068 333 1107 γαν
361 1050 620 1104 δομὲστικον,
659 1045 692 1109 ᾧ
714 1050 765 1105 δὴ
787 1052 854 1092 καὶ
876 1051 923 1093 τὸ
942 1055 1024 1093 πᾶν
1044 1051 1334 1107 ἐπετέτραπτο,
1365 1051 1427 1094 ἀεὶ
1455 1052 1713 1108 προμηθείας

258 1117 416 1175 θρόνον
443 1120 668 1174 τιμῶντα),
705 1125 907 1175 σιταρκεΐν
935 1119 981 1161 δὲ
1009 1118 1090 1174 ἤδη
1121 1123 1224 1178 λιμῷ
1251 1117 1488 1168 λελοιπότας
1513 1118 1610 1168 τούς
1635 1122 1711 1162 τοῦ

207 1198 242 1233 E
266 1188 466 1243 φρουρίου
486 1187 584 1236 τοὺς
601 1184 868 1243 πειράσοντας
889 1186 1068 1242 ἔγνωσαν
1082 1186 1351 1230 ἀποστέλλειν.
1421 1185 1532 1244 ἐῴκει
1549 1186 1627 1243 γὰρ
1646 1187 1714 1229 καὶ

261 1254 284 1299 ὅ
317 1255 559 1311 παραρρέων
580 1255 626 1297 τὸ
652 1253 850 1311 φρούριον
869 1254 1055 1308 ποταμὸς
1076 1254 1128 1297 τὰ
1149 1255 1280 1298 πολλὰ
1301 1252 1592 1308 ’ξυλλαμβάνειν
1614 1255 1767 1311 tupi-15

262 1340 353 1376 σιν,
390 1322 475 1377 ἅμα
504 1324 578 1377 μὲν
607 1323 662 1365 δι’
694 1322 822 1366 αὐτοῦ
858 1320 1172 1379 φορτηγούντων
1199 1321 1363 1375 νυκτός,
1400 1322 1486 1377 ἅμα
1506 1324 1634 1366 δὲκαὶ
1652 1326 1712 1382 τῷ

262 1391 370 1435 κατὰ
382 1393 522 1447 χρειάν
539 1389 766 1447 ’ὖδρεύσεως
787 1389 948 1450 ἐμβόλῳ
969 1391 1071 1448 πρὸς
1090 1391 1164 1446 τὴν
1185 1392 1250 1434 ἐπὶ
1268 1391 1315 1434 τὸ
1335 1389 1532 1448 φρούριον
1550 1390 1713 1446 ἄναγωη

260 1459 337 1516 γὴν
363 1464 446 1503 τῶν
470 1461 650 1517 φορτίων
679 1461 725 1502 ἐν·
748 1459 929 1516 ἀσφαλεῖ
942 1460 1207 1515 χρησομένων
1235 1464 1317 1502 τῶν
1341 1460 1406 1502 ἐπὶ
1427 1464 1486 1518 τῷ
1509 1465 1712 1515 σιταρκεῖν

260 1528 529 1585 τεταγμένων.
596 1533 729 1571 ταῦτα
750 1529 1056 1583 διανοηθέντες,
1089 1527 1186 1578 τούς
1203 1528 1432 1584 φορτηγοὺς
1453 1526 1714 1584 εὐτρεπίσαν-

260 1614 326 1647 τες
355 1599 422 1639 καὶ
454 1596 572 1638 ἱκανὰ
599 1594 843 1652 νηησάμενοι
865 1600 923 1655 τῷ
944 1600 1117 1655 ποταμῷ
1137 1594 1390 1646 πιστεύοντες
1408 1595 1584 1650 ἔπεμπον
1595 1627 1609 1648 ,
1644 1595 1768 1637 namo

117 1678 146 1711 P
169 1678 236 1713 349
260 1666 357 1716 τοὺς
377 1665 491 1721 παρὰ
509 1665 556 1708 τὸ
572 1670 707 1720 χεῖλος
722 1670 796 1708 τοῦ
813 1669 1001 1721 ποταμοῦ
1019 1661 1232 1723 αὐτάρκεις
1252 1663 1355 1724 πρὸς
1372 1662 1509 1721 μάχην
1526 1667 1609 1708 τῶν
1626 1663 1714 1706 ἐπι-

352 1775 407 1809 12.
430 1771 648 1816 ἐκτέτραπτο
673 1773 713 1809 Ρ.

259 1864 403 1900 locitate
437 1875 564 1898 summa
595 1863 774 1899 mittuntur
795 1863 829 1898 in
852 1865 977 1898 castra.
1023 1863 1244 1909 praemiserat
1275 1863 1363 1898 enim
1385 1862 1570 1907 imperator
1590 1873 1632 1896 eo
1654 1872 1715 1896 co-

262 1910 339 1956 pias
363 1913 507 1955 quantas
530 1909 573 1944 ad
595 1910 685 1955 quod
708 1910 851 1954 optabat
872 1909 1074 1943 suffecturas
1096 1913 1255 1954 putarat,
1286 1910 1348 1943 sub
1383 1908 1522 1942 ducibus
1545 1907 1715 1942 Michaele

262 1957 406 2000 despota
427 1967 487 1990 suo
511 1967 657 2000 genero,
680 1967 799 2000 magno
822 1955 1002 1989 domestico
1025 1955 1276 1996 Tarchaniota,
1307 1958 1343 1988 et
1363 1953 1437 1998 ipso
1460 1952 1714 1998 praenominato

263 2001 455 2045 Michaele,
493 2013 613 2046 magno
646 2001 925 2047 stratopedarcha
954 2001 1079 2035 Ioanne
1110 2001 1311 2045 Synadenc,
1347 2004 1382 2033 et
1413 2002 1532 2044 quarto
1559 2010 1632 2033 cum
1660 1998 1715 2032 his

264 2047 418 2081 eunucho
450 2047 639 2081 Andronico
679 2054 760 2081 tunc
795 2047 892 2080 aulae
932 2050 1008 2080 tata
1026 2071 1037 2090 ‚
1071 2047 1124 2080 cui
1157 2045 1380 2091 Eonopolitae
1412 2055 1594 2089 cognomen
1627 2046 1713 2080 erat.

263 2092 327 2127 hos
358 2092 496 2127 mittens
525 2104 654 2127 omnem
685 2093 833 2127 abiicere
862 2091 1012 2126 timorem
1041 2092 1156 2134 iussit3
1190 2097 1225 2125 et
1258 2097 1352 2125 certa
1372 2090 1534 2124 victoriae
1556 2101 1618 2136 spe
1639 2088 1716 2132 niti,

265 2150 471 2183 magnopere
493 2139 637 2173 confisos
660 2138 781 2173 auxilio
804 2137 935 2180 divino,
966 2137 1055 2183 quod
1088 2138 1130 2171 ab
1160 2140 1298 2172 exorato
1322 2136 1478 2181 precibus
1500 2135 1714 2170 sacerdotum

266 2186 400 2221 numine
426 2184 516 2217 haud
539 2183 730 2218 dubitantes
752 2188 998 2229 exspectarent.
1044 2183 1092 2218 sic
1113 2183 1161 2216 illi
1184 2182 1329 2228 profecti
1351 2181 1574 2216 admoverunt
1594 2191 1632 2215 se
1655 2191 1716 2214 ca-

269 2228 351 2264 stris
381 2229 558 2264 hostilibus
589 2242 688 2276 quam
720 2230 870 2275 proxime
893 2229 998 2264 licuit.
1044 2234 1080 2263 et
1100 2228 1231 2262 irruere
1256 2227 1390 2274 quidem
1411 2227 1446 2260 in
1468 2227 1583 2260 hostes
1629 2224 1714 2267 rimo

269 2274 384 2309 statim
404 2275 550 2310 adventu
574 2276 762 2311 noluerunt.
806 2275 1011 2310 inconsultae
1044 2274 1170 2320 quippe
1191 2274 1227 2308 id
1250 2275 1324 2308 fore
1346 2272 1546 2307 temeritatis
1567 2282 1606 2306 ar
1629 2270 1716 2306 {tra-

271 2320 414 2355 bantur:
437 2332 525 2366 quae
546 2322 613 2356 suit
634 2321 816 2368 praecipue
837 2321 1006 2355 sententia
1027 2320 1138 2365 magni
1159 2319 1351 2360 domestici,
1375 2317 1430 2352 cui
1452 2329 1535 2352 cura
1556 2316 1715 2351 universa

269 2365 399 2409 negotii
428 2366 535 2400 totius
571 2370 606 2401 et
637 2379 793 2413 suprema
826 2367 860 2400 in
890 2366 1080 2400 universum
1110 2365 1294 2400 exercitum
1325 2363 1510 2398 auctoritas
1540 2361 1714 2397 commissa

270 2411 404 2454 fuerat,
436 2411 486 2446 ita
515 2414 554 2446 ut
585 2424 627 2447 ex
660 2415 734 2447 eius
760 2412 973 2458 providentia
994 2424 1036 2447 ao
1057 2411 1179 2446 iudicio
1201 2414 1322 2445 cuncta
1341 2409 1389 2443 ibi
1410 2408 1609 2454 penderent.'
1652 2406 1715 2442 de-

271 2460 452 2491 creverunt
483 2463 595 2492 autem
626 2458 805 2493 mittendos
835 2470 855 2492 e
882 2458 951 2492 suis
973 2458 1033 2504 qui
1056 2462 1275 2492 commeatum
1297 2456 1445 2490 obsessis
1462 2454 1528 2488 iam
1550 2454 1640 2488 fame
1661 2452 1714 2486 la·-

271 2502 468 2537 borantibus
499 2502 729 2549 importarent.
775 2503 819 2539 ad
850 2504 914 2538 hoe
939 2503 1115 2538 videbatur
1147 2504 1342 2548 profuturus
1370 2499 1453 2546 ipsis
1477 2498 1621 2540 fluvius,
1657 2508 1714 2531 ar-

273 2560 367 2590 cem,
389 2552 428 2582 ut
451 2548 541 2589 dixi,
564 2550 782 2594 praelabens:
818 2562 894 2584 nam
917 2554 952 2584 et
972 2549 1136 2595 impositis
1156 2548 1206 2582 ini
1227 2550 1329 2582 noctu
1350 2545 1494 2580 navibus
1515 2543 1615 2578 facile
1633 2553 1714 2577 ver-

271 2605 331 2629 sus
361 2604 472 2628 arcem
501 2595 685 2638 promoturi
713 2595 914 2631 videbantur
945 2594 1170 2630 necessariam
1203 2603 1389 2634 annonam3
1426 2594 1463 2624 et
1490 2588 1521 2624 si
1542 2589 1658 2623 hostes
1677 2586 1713 2622 id

270 2638 454 2685 prohibere
485 2645 708 2683 conarentur,
741 2642 906 2676 beneficio
928 2641 1008 2676 valli
1030 2641 1074 2676 ab
1099 2651 1178 2674 arce
1200 2639 1244 2674 ad
1266 2638 1403 2673 fluvium
1423 2634 1577 2682 producti
1606 2644 1714 2680 aqua-

268 2684 373 2720 tionis
403 2688 476 2720 tuto
505 2685 682 2719 faciendae
713 2697 836 2728 causa,
872 2698 951 2722 suos
980 2698 1114 2733 quoque
1136 2688 1357 2720 convectores
1375 2681 1426 2716 rei
1451 2679 1599 2714 cibariae
1621 2689 1715 2713 oom-

269 2731 369 2765 mode
397 2730 440 2765 ad
470 2730 669 2765 inoffensum
705 2732 881 2766 transitum
917 2733 1080 2777 tegendos
1113 2730 1339 2766 verisimiiiter
1374 2725 1602 2762 autumabant.
1648 2724 1713 2759 hoe

270 2775 410 2811 consilio
433 2775 552 2811 baiulis
573 2776 760 2822 expeditis,
781 2777 996 2823 oneratisque
1019 2780 1203 2812 commeatu
1225 2775 1375 2818 ratibus,
1399 2782 1456 2807 eas
1479 2769 1624 2806 secundo
1645 2769 1714 2803 im-

270 2821 407 2857 mittunt
436 2833 556 2867 amne,
585 2822 759 2869 dispositis
780 2822 815 2858 in
836 2823 912 2869 ripa
932 2823 1051 2859 idoneo
1072 2834 1208 2859 numero
1238 2819 1398 2857 militibus
1418 2817 1462 2854 ad
1484 2817 1628 2862 impetus
1649 2815 1714 2851 ob·-
