1884 3262
597 217 715 264 LIB.
748 217 784 264 Ι.
841 215 1208 264 GLOSSARIUM.
1540 213 1645 265 61?

177 337 254 371 est:
284 330 471 370 omnibus
500 332 670 383 scripsi,
688 330 952 382 fasciculum
983 324 1200 368 literarum
1229 329 1412 381 Diogeni
1443 337 1643 368 commen-

177 387 297 428 dans.

193 514 197 517 ⁷
292 461 622 520 φατριᾶρχης
650 478 689 517 Ρ
708 467 796 509 287
816 478 855 505 v.
876 468 916 508 9.
973 466 1097 507 verba
1125 470 1221 504 sunt
1252 462 1407 502 Arsenii
1437 463 1549 503 eiecti
1568 477 1645 518 pa-

178 522 405 562 triarchatu
435 527 477 560 et
503 521 546 559 in
572 522 740 561 insulam
761 522 974 574 deportati.
1031 523 1073 560 in
1101 521 1163 560 his
1186 521 1380 560 vocabulo
1398 516 1649 575 φατριᾶρχης

179 579 430 629 scommatice
455 578 634 629 designat
654 579 933 617 Germanum*
920 593 965 617 m
994 592 1111 618 suum
1133 578 1264 616 locum
1287 578 1507 628 intrusum3
1535 578 1650 616 cuius

179 650 324 676 nomen
348 635 509 674 videtur
529 635 727 685 alludere,
757 634 853 674 dum
875 632 1127 689 φατριᾶρχην
1146 633 1258 686 quasi
1278 631 1552 687 φρατριοὶρχην
1570 648 1649 673 vo-

181 700 257 733 cat.
315 698 458 731 notum
491 691 594 730 enim
625 692 966 744 Constantinopoli
999 698 1083 730 erat
1123 691 1220 742 quid
1245 690 1385 728 Latina
1412 704 1495 729 vox
1510 691 1650 742 frater

180 763 365 802 germano
395 762 616 800 synonyma
639 754 818 799 sonaret,
856 763 947 788 cum
976 754 1105 787 essent
1129 748 1176 786 'in
1209 760 1255 785 ea
1282 747 1383 786 urbe
1411 747 1537 785 Latini
1564 753 1649 786 tam

179 806 316 854 multi,
345 806 577 858 praesertim
605 819 697 844 cum
727 805 867 856 simul,
895 811 944 845 ut
970 819 1065 844 mox
1091 804 1277 843 admonet
1294 803 1529 852 historicus,
1560 817 1652 855 ger-

179 876 338 902 menam
371 861 620 914 imperatoris
648 862 850 914 Eulogiam
877 861 1033 913 oblique
1060 861 1352 929 perstringeret.
1409 861 1512 899 forte
1530 860 1649 898 etiam

183 915 431 986 φατριᾶρχης
461 918 610 956 infense
639 918 791 958 dictum
820 933 895 971 pro
927 916 1194 971 πατριάρχης,
1224 923 1272 956 ut
1302 917 1354 955 ad
1381 916 1550 969 Philipp.
1573 920 1600 959 2
1619 919 1647 958 3

180 971 384 1028 κατατομή
407 989 482 1026 pro
505 970 700 1029 περιτομή
713 1003 724 1025 ,
750 991 782 1026 φ
812 981 853 1013 et
880 991 905 1015 κ
933 976 1064 1015 nescio
1084 975 1181 1026 quid
1202 972 1418 1027 δύσφημον
1446 973 1648 1012 trahenti-

182 1033 257 1072 bus
279 1045 330 1070 ex
352 1031 523 1083 quadam
544 1032 655 1083 quasi
673 1030 903 1083 contagione
922 1028 1083 1084 φαύλου
1104 1037 1144 1069 et
1160 1033 1300 1071 κακοῦ.

298 1106 449 1163 φήμη
476 1122 519 1161 p·
543 1108 623 1151 145
646 1123 685 1149 v.
705 1111 746 1151 9.
803 1106 1030 1160 ἀφικνεῖται
1051 1131 1110 1141 --
1134 1104 1254 1161 φήμη
1276 1124 1321 1163 γε
1340 1102 1443 1150 ουσα
1459 1107 1528 1149 καὶ
1548 1106 1650 1157 θεὸς

182 1165 214 1220 ἦ
233 1163 365 1219 φήμη.
421 1166 479 1204 ita
507 1172 644 1205 noster
659 1166 864 1205 recondite
885 1181 957 1206 suo
974 1179 1085 1205 more
1103 1166 1145 1204 in
1164 1165 1280 1205 codd.
1296 1166 1331 1205 B
1347 1171 1386 1203 et
1403 1165 1439 1203 A
1452 1195 1464 1215 ‚
1493 1178 1594 1216 quae
1610 1165 1648 1205 V

183 1238 256 1263 suo
287 1223 384 1261 item
411 1235 524 1261 more
551 1223 694 1262 omisit.
750 1230 850 1275 puto
869 1223 1152 1275 Pachymerem
1163 1221 1230 1261 hic
1249 1222 1292 1261 in
1314 1228 1446 1261 mente
1464 1222 1650 1261 habuisse

183 1279 464 1320 abstrusiorem
491 1279 691 1329 quandam
723 1281 928 1318 notionem
955 1279 1140 1319 vocabuli
1172 1275 1290 1331 φήμη
1314 1277 1391 1331 *),
1427 1291 1529 1329 quae
1555 1292 1650 1319 cum

184 1337 303 1392 vulgo
326 1335 518 1387 significet
543 1335 736 1374 indicium
767 1337 826 1375 rei
858 1342 987 1388 gestae
1020 1336 1196 1375 humano
1218 1335 1444 1374 testimonio
1473 1335 1516 1373 in
1539 1336 1651 1374 noti-

183 1395 281 1432 tiam
310 1392 530 1431 absentium
560 1406 761 1443 sparsum,
802 1393 1013 1444 aliquando
1046 1391 1207 1444 proprie
1246 1391 1423 1443 designat
1461 1393 1651 1432 nuntium

184 1464 267 1490 non
291 1448 521 1487 humanitus
547 1449 710 1487 allatum
735 1448 793 1487 rei
816 1462 977 1501 magnae
1001 1447 1224 1499 longinquis
1249 1448 1294 1486 in
1322 1448 1418 1487 locis
1446 1455 1583 1498 actae,
1609 1454 1652 1488 et

185 1507 320 1545 statim
345 1506 399 1543 ibi
422 1505 599 1556 cognitae
617 1519 696 1557 quo
716 1505 823 1544 nulla
842 1507 1019 1545 celeritas
1037 1517 1243 1543 cursorum
1262 1510 1346 1543 tam
1364 1505 1506 1557 exiguo
1525 1505 1654 1558 spatio

184 1562 390 1616 pervenire
408 1562 596 1614 potuerit.
635 1562 813 1614 exempla
830 1569 981 1602 veteres
995 1561 1175 1600 historici
1191 1561 1314 1599 multa
1330 1562 1523 1603 referunt.
1560 1562 1656 1602 vide

185 1619 342 1658 Livium
369 1618 482 1656 initio
513 1618 538 1659 l.
557 1618 613 1661 45
638 1625 679 1657 et
696 1619 954 1658 Plutarchum
981 1619 1023 1657 in
1049 1617 1213 1656 Aemilio
1233 1618 1376 1667 Paulo,
1405 1619 1474 1656 ubi
1495 1624 1654 1669 praeter

186 1682 377 1715 eventum
393 1675 611 1713 mirabilem
626 1676 778 1726 vulgati
797 1677 946 1716 Romae
964 1675 1111 1727 praelii,
1135 1687 1214 1724 quo
1237 1674 1278 1712 in
1298 1674 1527 1713 Macedonia
1549 1689 1653 1726 qua-

186 1731 324 1772 triduo
342 1737 431 1769 ante
449 1731 686 1770 debellatum
701 1733 831 1771 fuerat
849 1747 938 1772 cum
952 1733 1095 1771 Perseo
1112 1743 1215 1782 rege,
1235 1737 1406 1783 quatuor
1426 1732 1500 1770 alia
1515 1745 1652 1773 exem-P

187 1789 254 1842 pla
273 1793 553 1826 commemorat
570 1788 753 1827 similium
772 1803 945 1838 casuum,
974 1794 1014 1828 et
1031 1788 1074 1827 in
1091 1787 1154 1826 his
1171 1801 1309 1838 unum,
1326 1788 1436 1826 cuius
1453 1788 1534 1841 ipse
1554 1788 1652 1827 Plu-

185 1844 351 1883 tarchus
371 1844 482 1882 testis
498 1844 586 1893 suit,
616 1851 743 1883 aetate
761 1860 850 1896 sua,
879 1851 927 1885 ut
945 1845 1020 1895 ait,
1049 1844 1231 1883 omnibus
1247 1844 1456 1897 perspecti,
1486 1845 1536 1883 de
1555 1858 1651 1897 per-

187 1902 270 1941 lata
295 1902 461 1939 Romam
486 1900 622 1939 eadem
645 1902 707 1940 die
724 1903 860 1954 quain
882 1902 1090 1941 Germania
1115 1901 1300 1952 contigit,
1330 1901 1448 1939 caede
1473 1901 1650 1950 Antonii,

190 1963 232 1997 et
258 1957 341 1996 eius
368 1957 567 1996 exercitus
588 1958 699 1996 clade
722 1960 788 2010 qui
812 1965 951 1998 contra
966 1957 1234 1996 Domitianum
1252 1958 1474 1997 rebellarat.
1531 1957 1650 1997 simili

191 2020 325 2053 autem
349 2014 502 2052 ratione
523 2014 685 2054 videtur
717 2016 889 2055 indicare
912 2021 1046 2054 noster
1072 2014 1295 2067 pervenisse
1322 2014 1374 2053 ad
1390 2014 1549 2052 Latinos
1566 2014 1649 2052 Da-

190 2070 402 2123 planasiam
429 2079 699 2123 oppugnantes
728 2073 874 2111 famam
900 2078 1037 2124 captae
1058 2084 1081 2108 a
1099 2071 1256 2109 Graecis
1277 2070 1650 2138 Constantinopolis,

191 2140 311 2177 quam
338 2133 548 2190 propterea
565 2130 736 2178 famam
766 2129 953 2169 divinam
977 2133 1116 2175 vocat,
1145 2126 1214 2167 καὶ
1241 2124 1340 2174 θεὸς
1359 2143 1386 2179 η
1407 2122 1538 2178 φήμη.
1593 2126 1652 2164 si-

192 2182 352 2235 gnificat
378 2183 497 2221 etiam
528 2196 614 2223 eam
640 2198 722 2224 esse
749 2199 885 2226 veram
913 2191 954 2224 et
973 2184 1176 2236 propriam
1197 2183 1367 2221 nominis
1383 2179 1501 2234 φήμη
1519 2183 1652 2221 notio—

192 2252 307 2288 nem,
346 2238 585 2291 Homerum,
623 2242 786 2294 opinor,
828 2248 1006 2293 secutus,
1036 2240 1145 2291 apud
1171 2252 1310 2290 quem,
1341 2244 1387 2278 ut
1417 2239 1652 2278 Eustathius

194 2296 404 2344 admonet,
434 2293 552 2363 φήμη
572 2303 632 2336 est
651 2296 819 2368 μαντικη
825 2294 1027 2366 κληὸων,
1047 2292 1291 2337 τουτέστιν
1268 2312 1289 2337 ο
1314 2292 1524 2348 μέλλοντός
1542 2311 1652 2344 τινος

195 2348 408 2404 δηλωτικὸς
437 2347 577 2405 λόγος,
612 2353 654 2404 ἐξ
683 2351 907 2408 αὐτομάτου
937 2351 1174 2407 λεγόμενοςτ
1206 2352 1488 2404 propheticum
1519 2367 1647 2402 omen,

194 2409 271 2447 lzoc
301 2415 358 2451 est
383 2410 443 2445 rei
459 2409 639 2458 futurae
667 2413 901 2464 cuiuspiam
929 2409 1048 2449 index
1074 2409 1236 2449 verbum
1262 2416 1401 2461 sponte
1424 2409 1651 2461 prolatum.

196 2465 291 2516 quia
317 2478 414 2502 vero
445 2464 497 2502 ad
519 2466 768 2518 prophetiam
787 2469 903 2506 etiam
923 2466 1099 2519 pertinet
1118 2465 1262 2504 notitia
1281 2479 1416 2505 rerum
1433 2465 1653 2504 absentium

195 2521 416 2572 longinquis
442 2522 614 2565 exducis
642 2537 724 2562 non
752 2523 925 2563 humana
959 2536 1078 2574 opera
1108 2522 1259 2572 delata,
1295 2522 1384 2562 iure
1413 2535 1485 2560 suo
1516 2528 1652 2561 noster

196 2578 315 2617 etiam
332 2577 383 2615 ad
402 2576 479 2615 hoc
497 2577 744 2618 Homericam
765 2580 946 2620 vocabuli
956 2581 1088 2631 fama
1108 2581 1309 2618 notionem
1327 2579 1531 2618 transfert.

311 2671 375 2708 φο
389 2654 519 2708 ρητῆ
550 2658 700 2700 οἰκία
727 2673 765 2711 p.
786 2662 867 2701 330
888 2672 927 2699 v.
950 2658 1013 2701 15.
1069 2672 1150 2697 non
1175 2670 1475 2710 usquequaque,
1504 2656 1546 2695 ni
1570 2655 1649 2694 fal-

197 2714 279 2758 lor,
312 2713 428 2752 obvia
455 2711 522 2752 hic
549 2722 766 2768 usurpatur
787 2715 898 2755 notio
923 2715 1032 2756 vocis
1056 2711 1214 2771 φορητή
1230 2729 1306 2768 pro
1327 2727 1372 2754 eo
1392 2712 1521 2767 quod,
1550 2726 1650 2752 ana-

288 2885 341 2929 *),
380 2881 498 2920 habuit
519 2882 720 2919 Hesiodeum
741 2882 823 2918 illud
845 2880 936 2926 θεός
955 2880 1003 2919 νύ
1026 2883 1082 2925 τίς
1103 2880 1179 2919 ἔστι
1200 2881 1263 2918 καὶ
1286 2878 1394 2927 αὐτῆ.
