1846 3262
203 170 266 216 24
614 169 851 214 GEORGII
894 169 1246 214 PACHYMERIS

204 282 361 338 ζᾶλωνα
373 318 386 337 ,
424 284 658 335 συνοικίσας
676 283 789 343 αὐτῷ
807 285 873 327 καὶ
893 284 969 340 τὴν
990 285 1032 328 ἐκ
1048 287 1403 340 Καντακουζηνῶν
1427 283 1663 342 Θεοδώραν,

204 358 277 397 τοῦ
309 351 599 409 Παλαιολόγου
631 349 758 397 οὖσαν
776 353 1023 411 ἀδελφιδῆν,
1051 354 1122 397 τὸν
1147 355 1191 396 δὲ
1214 354 1308 407 μετ’
1332 355 1480 397 ἐκεῖνον
1496 353 1666 412 Ἀνδρό-

204 439 314 465 νικον
344 422 469 477 με’γαν
499 422 764 476 δομέστικον,
801 425 987 465 Κλοϊστᾶ
1019 422 1093 476 τὴν
1121 427 1195 465 τοῦ
1218 421 1365 465 Ῥαούλ
1388 424 1598 479 θυγατέρα
1627 423 1666 466 οἳ

203 488 481 545 συναρμόσας,
517 490 587 534 τὸν
606 492 651 534 δὲ
673 492 810 546 τρίτον
829 495 911 533 τῶν
930 490 1120 548 ἀδελφῶν
1139 490 1414 547 προβάλλεται
1431 497 1669 549 πρωθιερα-

153 562 183 597 Β
207 557 346 615 κάριν,
383 557 536 615 ἄνδρας
573 559 646 603 οὐκ
677 560 872 616 εὐγενείας
899 560 973 614 μὲν
1004 560 1247 614 μετέχοντας
1283 560 1330 603 τὸ
1357 559 1575 615 παράπαν,
1613 562 1702 610 εῗς5

205 624 510 678 παιδοποτῖλους
534 629 579 671 δὲ
610 627 1074 687 αὖθεντοπουλευομένῳ
1103 629 1371 684 τεταγμένους
1396 629 1522 687 αὐτῷ.
1596 627 1671 671 δύο

205 696 343 748 μέντοι
378 713 420 752 γε
452 701 534 740 τῶν
563 695 814 754 μεγιστάνων
845 702 928 740 τῶν
958 696 1156 752 ὀμμάτων
1184 704 1338 753 στερεῖ,
1387 692 1443 740 ὧν
1475 696 1495 740 ὅ
1526 698 1599 753 μὲν
1618 695 1684 747 εἷς,

206 765 297 813 υἱὸς
327 759 377 819 ἦν
405 770 480 808 τοῦ
512 764 885 822 Στρατηγοπούλου
920 765 1124 820 Ἀλεξίου,
1182 764 1203 809 ὅ
1237 769 1580 819 Κωνσταντΐνος,
1629 764 1676 816 ὃς

206 832 371 888 ἠξιοῦτο
405 835 472 876 καὶ
499 833 650 889 κ’ήδους
679 835 771 893 (τὴν
798 835 875 891 γὰρ
910 834 1132 892 ἀδελφιδῆν
1159 839 1233 877 τοῦ
1267 835 1468 889 βασιλέως
1481 834 1674 878 Ἰωάννου

210 902 359 944 ἐκείνου
389 900 575 953 διδόντος
605 902 698 960 εἶχε)
727 908 976 960 περιφανοῦς
1011 905 1077 946 καὶ
1097 901 1210 959 μάλα
1232 907 1451 961 λαμπροῦ,
1486 903 1631 961 ἅτερος
1652 901 1732 946 «510

214 974 344 1026 Φιλῆς
378 966 428 1026 ἦν
464 970 693 1029 Θεόδωρος.
764 974 829 1014 καὶ
860 970 982 1014 πόλλ’
1018 962 1122 1015 ἄττα
1141 971 1411 1027 ἐκαινοτόμει,
1449 973 1522 1028 τὴν
1542 972 1676 1029 ὀφρὺν

211 1043 293 1081 τῶν
325 1040 430 1095 πρὸς
461 1041 635 1094 αἵματος
669 1044 908 1098 καθαιρῶν,
951 1042 1017 1084 καὶ
1047 1041 1094 1084 τὸ
1115 1041 1297 1098 ἀσφαλὲς
1319 1043 1508 1084 ἐντεῦθεν
1528 1040 1677 1099 ἑαυτῷ,

160 1112 189 1145 C
216 1106 271 1157 ὡς
293 1107 416 1165 ᾤετο,
453 1107 822 1165 προμηθούμενος·
860 1109 907 1152 οὗ
937 1110 1014 1166 γὰρ
1035 1109 1224 1152 ἀναπνεῖν
1244 1110 1305 1152 εἴα
1326 1111 1473 1153 ἐκεῖνον
1495 1108 1520 1165 ἡ
1539 1108 1676 1163 νόσος,

216 1175 375 1230 νύκτωρ
395 1178 461 1219 καὶ
480 1178 587 1231 μεθ’
609 1176 764 1236 ἡμέραν
785 1178 837 1221 τὰ
855 1178 913 1232 μὴ
936 1178 1041 1220 καλὰ
1063 1176 1382 1235 φανταζόμενον.

351 1246 396 1290 9.
470 1243 575 1289 Τότε
594 1247 645 1303 δὴ
669 1249 736 1290 καὶ
752 1251 825 1290 τοῦ
846 1244 1135 1303 Παλαιολόγου
1158 1248 1212 1296 εἷς
1233 1249 1411 1304 κεφαλὴν
1435 1244 1679 1301 τεταγμένου
1694 1254 1736 1291 15

162 1316 194 1350 D
219 1315 493 1365 Maeoossvm'ag
521 1317 587 1357 καὶ
628 1315 766 1358 αὐτῶν
798 1312 1033 1372 ὀπτιμάτων
1066 1317 1215 1358 ἐκείνου
1243 1313 1572 1370 προστάξαντος,
1615 1316 1699 1356 καὶ’

217 1382 268 1424 τὰ
300 1382 433 1424 πολλὰ
464 1383 561 1426 κατ’
587 1384 757 1427 Ἰταλῶν
782 1381 1056 1440 πράττοντος,
1095 1387 1253 1440 προσῆν
1282 1402 1342 1435 τις
1367 1389 1441 1427 τοῦ
1463 1384 1682 1435 παλατΙου,

216 1448 356 1500 Κότυς
373 1449 587 1507 ἔνίώνυμον
607 1457 665 1512 τῷ
685 1452 827 1509 ἀνδρί,
857 1454 924 1494 καὶ
948 1455 1002 1503 εἷς
1025 1453 1077 1495 τὰ
1097 1451 1276 1507 μάλιστά
1301 1454 1338 1496 οἳ
1358 1458 1439 1496 τῶν
1462 1454 1593 1509 φίλων
1613 1450 1684 1495 ὤν.

219 1520 284 1560 καὶ
311 1521 436 1574 δῆλος
451 1515 500 1576 ἦν
521 1523 609 1578 περὶ
629 1519 763 1580 τούτῳ
784 1521 966 1577 ἀγωνιῶν
996 1522 1037 1572 ἐξ
1059 1516 1115 1565 ὧν
1136 1521 1240 1578 πρὸς
1263 1522 1389 1565 αὐτὸν
1415 1519 1582 1578 διεξῄει,
1618 1521 1686 1563 καὶ

219 1590 290 1630 “et‘
315 1587 373 1642 μὴ
412 1591 613 1651 φυγαδείᾳ
640 1588 854 1647 χρήσαιο”
892 1590 1045 1646 ἔλεγεν,
1094 1588 1291 1647 “·ἥμεριῦν
1317 1591 1462 1647 ὀλίγων
1499 1592 1554 1640 εἷς
1582 1589 1743 1645 μέγαῶο

223 1661 442 1713 συμφορᾶς
468 1658 520 1700 τὰ
553 1660 657 1702 κατὰ
680 1659 726 1701 σὲ
751 1656 1018 1716 προβήσεται.
1090 1658 1186 1702 ἀλλ’
1211 1659 1306 1703 οὔδ’
1331 1660 1418 1714 ἐμοὶ
1441 1658 1687 1702 τούντεῦθεν

316 1775 574 1830 ι17.,προσῃέι’.>
598 1790 640 1815 an
663 1791 738 1825 παρ
747 1793 788 1828 ην
797 1781 816 1816 ἰ)

224 1890 414 1934 myttinum,
439 1891 492 1927 eui
515 1896 552 1927 et
575 1893 795 1930 Theodoram
812 1908 832 1930 e
856 1896 1175 1930 Cantacuzenorum
1195 1897 1310 1940 gente,
1335 1893 1532 1938 palaeologi
1553 1896 1692 1938 neptem

226 1946 268 1969 ex
291 1947 427 1979 sorore,
458 1938 555 1973 dedit
579 1939 765 1985 coniugem.
810 1941 910 1976 huius
942 1953 1078 1986 quoque
1102 1943 1244 1976 fratrem
1268 1941 1432 1974 minorem
1462 1940 1691 1974 Andronicum

225 1992 382 2026 magnum
414 1984 634 2019 domesticum
668 1992 790 2029 creat,
822 1988 988 2022 collocata
1019 1986 1087 2032 ipsi
1119 1986 1154 2020 in
1179 1986 1393 2020 matrimonio
1418 1985 1550 2019 Cloista
1572 1985 1692 2019 Raulis

225 2026 305 2061 filia.
353 2030 490 2064 tertium
516 2030 662 2077 denique
686 2033 803 2067 horum
826 2034 966 2068 fratrem
991 2032 1297 2079 prothieracarium
1321 2031 1395 2066 sive
1417 2043 1578 2065 summum
1603 2031 1694 2065 aeci-

226 2072 394 2118 pitrariae
417 2077 608 2111 venationis
642 2083 678 2111 et
707 2078 796 2123 regii
820 2079 954 2125 aucupii
980 2080 1189 2125 praefectum
1214 2077 1387 2122 nominat,
1412 2078 1562 2111 homines
1586 2077 1694 2122 patri-

226 2118 300 2153 ciae
324 2121 511 2157 nobilitatis
544 2134 683 2168 prorsus
713 2130 895 2170 expertes,
931 2125 997 2159 sibi
1022 2136 1104 2159 vero
1130 2123 1254 2170 puerili
1277 2123 1510 2158 familiaritate
1530 2129 1630 2157 notos
1653 2135 1695 2158 ae

227 2168 501 2210 commendatos,
536 2170 627 2214 quod
652 2169 719 2215 ipsi
747 2171 790 2204 ab
822 2171 968 2205 infantia
990 2170 1082 2205 inter
1117 2169 1315 2204 honorat-ios
1339 2169 1488 2215 ephebos
1511 2169 1695 2214 apparuis-

228 2216 313 2245 sent.
364 2214 450 2248 duos
474 2214 554 2260 quin
579 2215 680 2249 etiam
713 2228 755 2250 ex
791 2217 1012 2262 optimatibus
1037 2216 1145 2251 ocuiis
1170 2215 1341 2262 privavit3
1374 2226 1515 2261 quorum
1541 2215 1629 2249 alter
1651 2215 1697 2249 fi·

227 2257 295 2290 lius
319 2258 385 2292 fuit
410 2260 518 2294 Alexii
543 2261 792 2307 Strategopuli,
815 2263 881 2297 viri
906 2263 1109 2308 perillustris
1133 2274 1173 2296 ac
1197 2262 1231 2295 in
1256 2261 1372 2307 primis
1395 2261 1578 2306 splendidi,
1602 2261 1696 2295 Con-

228 2304 398 2338 stantinus
422 2306 573 2349 nomine,
599 2308 758 2352 dignatus
782 2309 825 2342 ab
848 2308 923 2354 ipso
948 2309 1118 2355 affinitate
1142 2307 1253 2352 regia,
1277 2307 1444 2353 siquidem
1469 2307 1695 2353 neptemjm-

230 2351 400 2394 peratoris
433 2352 568 2386 Ioannis
602 2353 659 2387 illo
690 2354 850 2388 tradente
882 2366 1021 2390 uxorem
1052 2354 1180 2388 babuit.
1231 2355 1319 2387 alter
1347 2353 1555 2387 Theodorus
1582 2352 1697 2387 Philes

230 2400 316 2429 erat.
365 2397 450 2432 haec
473 2398 530 2433 ille
553 2404 589 2433 et
612 2399 678 2433 alia
708 2399 810 2434 multa
831 2411 923 2435 nova
946 2400 1101 2444 exempla
1124 2400 1249 2433 edebat
1272 2399 1307 2433 in
1332 2399 1427 2441 dies,
1458 2399 1613 2433 intentus
1637 2399 1698 2433 de-

231 2441 405 2487 primendo
429 2445 615 2489 supercilio
640 2446 828 2491 principum
852 2446 941 2491 regii
965 2446 1152 2491 sanguinis,
1175 2446 1256 2479 inde
1279 2445 1499 2480 securitatem
1523 2445 1589 2479 sibi
1614 2456 1698 2490 pru·

232 2487 346 2528 denti,
371 2494 408 2522 ut
432 2491 569 2534 quidem
592 2492 835 2537 arbitrabatur,
859 2492 999 2526 consilio
1024 2502 1160 2537 parans.
1206 2503 1272 2525 non
1296 2491 1385 2526 enim
1406 2491 1580 2536 respirare
1602 2490 1697 2524 illum

232 2533 370 2568 sinebat
395 2537 530 2571 morbus
553 2536 611 2571 diu
637 2543 807 2583 noctuque
831 2549 938 2584 prava
961 2538 1213 2583 imaginantem.

320 2582 355 2616 9.
404 2582 493 2616 Tum
518 2582 691 2617 enimvero
718 2583 921 2629 Palaeologo
946 2583 1186 2629 Mesothyniae
1209 2583 1408 2629 praefecto,
1432 2580 1698 2627 praepositoque

231 2624 318 2670 ipsis
340 2626 558 2672 optimatibus
588 2629 685 2663 iussu
709 2628 926 2674 imperatoris
958 2641 997 2663 ac
1021 2635 1161 2663 strenue
1185 2634 1305 2663 contra
1328 2628 1434 2662 Italos
1456 2639 1526 2662 rem
1551 2627 1698 2672 gerenti,

233 2671 346 2706 adfuit
377 2685 397 2707 e
427 2674 556 2719 palatio
587 2675 723 2720 quidam
754 2680 982 2721 cognomento
1016 2676 1144 2721 Cotys,
1183 2686 1225 2709 ex
1249 2673 1375 2708 intimis
1399 2673 1494 2716 eius,
1518 2674 1614 2707 vultu
1638 2672 1700 2717 qui

233 2716 447 2760 significaret
484 2731 558 2755 eum
582 2732 649 2755 non
674 2732 791 2767 parum
815 2722 894 2766 angi
918 2721 961 2755 iis
988 2732 1077 2766 quae
1108 2721 1262 2755 dicturus
1285 2720 1467 2761 veniebat3
1491 2719 1615 2764 quibus
1639 2729 1702 2752 ex-

234 2763 356 2808 positis
391 2768 458 2800 “ac
488 2766 555 2800 nisi
587 2771 624 2801 te
655 2766 738 2811 fuga
771 2766 945 2813 proripis‘’
976 2766 1157 2809 adiunxit,
1180 2766 1324 2812 “paucis
1346 2765 1464 2800 diebus
1487 2765 1522 2799 in
1545 2774 1700 2808 magnam

233 2807 459 2846 calamitatem
498 2823 553 2847 res
585 2817 664 2848 tuae
697 2813 929 2858 prolabentur.
987 2812 1049 2847 sed
1079 2824 1193 2858 neque
1227 2812 1309 2847 mihi
1340 2814 1416 2846 tuta
1448 2810 1505 2846 bio
1537 2810 1701 2857 deinceps
