1884 3262
440 155 517 197 DE
553 154 836 199 MICHAELE
870 156 1250 202 PALAEOLOGO
1285 161 1332 202 L.
1368 159 1442 205 lll.
1593 162 1689 207 231

203 286 343 326 γοντα.
416 267 438 313 ὅ
468 269 544 326 μὲν
578 264 651 313 οὖν
681 269 862 314 σουλτοὶν
896 270 1150 329 ἕκχωρηθεὶς
1177 270 1252 328 τῆν
1275 268 1422 323 ἔξοδον
1452 270 1686 332 ἐπετάχυνε,

206 340 274 380 καὶ
293 342 460 395 πλῆθος
478 337 707 396 χρημάτων
728 339 846 398 ἀφείς
853 373 869 393 ,
902 338 960 383 ἔτι
985 342 1031 384 δὲ
1047 343 1114 383 καὶ
1143 348 1339 398 γυναῖκας
1367 344 1437 386 καὶ
1467 344 1588 387 τέκνα
1617 347 1686 388 καὶ

202 407 386 465 ἀδελφὴν
414 409 480 450 καὶ
515 408 676 465 μητέρα
689 442 703 462 ,
750 408 797 453 τὸ
827 409 905 464 μέν
933 408 1111 454 ἐπιλύων
1131 409 1208 465 τὴν
1226 409 1415 466 ὑποψίαν
1422 445 1438 466 ,
1475 412 1524 457 τὸ
1553 413 1684 457 δὲκαὶ

200 476 254 519 τὰ
289 476 483 532 ἐμποδῶν
508 476 726 533 ὕπο-τεμεῖν
757 477 926 534 ἄριστον
953 476 1101 533 γνούς,
1149 477 1268 529 ἔξεισι
1303 479 1380 524 σῦν
1414 487 1502 531 τοῖς
1522 483 1683 534 οῗκεΙοις

166 550 274 601 ὅτῆς
293 544 473 600 πόλεως,
512 548 580 590 καὶ
599 551 848 602 καταλαβεῖν
869 546 941 590 τὸν
959 548 1135 599 βασιλέα
1155 546 1356 605 ἠπείγετο.
1426 547 1449 593 ὅ
1473 550 1523 593 δέ
1537 568 1581 608 γε
1603 551 1680 610 ῥη-

197 617 291 666 θεὶς
312 620 426 667 θεῖος
446 616 599 659 ἐκείνου
626 616 740 674 παρὰ
769 616 842 660 τὸν
865 617 1042 671 βασιλέα
1072 614 1329 674 Βουλγοῖρων
1356 619 1678 665 Κωνσταντΐνον

193 682 391 741 γεγονώς,
441 684 468 741 ἢ
499 689 659 741 μᾶλλον
690 685 767 742 τὴν
799 686 952 729 ἐκείνου
982 683 1177 743 σύζυγον,
1223 686 1300 736 τὰς
1336 686 1444 730 κατὰ
1471 690 1675 743 βασιλέως
1696 702 1728 737 Β

192 752 415 810 ὑποθήκας
433 755 657 811 προτείνων
675 756 741 797 καὶ
762 752 890 798 πάλαι
910 756 1311 811 παρακεκινημένους
1330 754 1479 802 ἔπειθε.
1535 759 1603 801 καὶ
1623 759 1674 816 δὴ

192 822 364 879 πέμψας
380 827 669 879 μετακαλεῖται
694 828 860 879 πλῆθος
881 821 1084 881 Τοχοῖρων
1107 823 1164 875 ὥς
1190 826 1494 881 κερδανοῦντας
1508 825 1672 884 αὐτίκα,

138 900 181 934 10
193 894 228 935 εἴ
248 894 438 944 ε’πεξιόιεν
463 892 544 947 ἅμ’
567 892 682 952 αὐτῷ
702 895 769 935 καὶ
790 891 1064 950 Βουλγάροις.
1136 894 1175 937 οἱ
1193 894 1239 936 δὲ
1259 895 1328 936 καὶ
1352 893 1488 945 ἄλλως
1506 900 1673 952 πλῆθος

148 976 154 982 ’
189 961 303 1013 ὅντες
328 959 560 1016 αὐτόνομον
581 961 639 1005 ἔτι
670 961 806 1021 (οὔπω
834 962 913 1019 γὰρ
937 963 1085 1012 τελέως
1106 967 1167 1022 τῷ
1184 966 1307 1024 Νογᾷ
1328 963 1439 1006 καθ’
1461 961 1669 1026 ὑπηκόους

185 1028 496 1087 ὖποτετάχατο·
534 1029 556 1074 ὃ
588 1030 668 1088 γὰρ
695 1034 839 1088 Νογᾶς
869 1029 964 1075 τότε
999 1029 1176 1089 πρώτως
1204 1031 1455 1076 ἀποστατεῖν
1485 1037 1569 1077 τῶν
1599 1036 1668 1078 δε-

185 1104 350 1144 σποτῶν
371 1099 519 1157 ἤρχετο
538 1101 606 1142 καὶ
631 1101 778 1158 φίλους
797 1096 849 1157 ἦν
865 1099 967 1144 κατ’
990 1100 1144 1152 αὖτοῦς
1164 1102 1207 1145 ἓν
1226 1101 1304 1160 ἴσῳ
1325 1099 1492 1158 διάγων,
1514 1101 1576 1147 ὅτι
1596 1106 1666 1147 καὶ

182 1169 278 1224 μετ’
316 1169 455 1213 αὐτῶν
481 1169 729 1232 ἀποσταλεὶς
758 1169 865 1224 παρ’
898 1171 1058 1214 ἐκείνων
1090 1169 1139 1214 οὖ
1172 1174 1231 1229 τῷ
1266 1168 1416 1229 Κάνῃ,
1456 1169 1513 1222 ὥς
1540 1171 1659 1217 αὐτοὶ
1683 1177 1714 1212 C

130 1243 171 1278 15
185 1245 331 1297 φαῖεν,
367 1238 442 1289 τὰς
456 1236 600 1296 χώρας
621 1239 767 1282 ἐκτᾶτο
779 1272 794 1292 ,
830 1238 934 1282 ἀλλ’
955 1237 1169 1296 ἀρετώσας
1185 1239 1286 1284 ἰδών
1308 1238 1443 1299 ἑαυτῷ
1462 1240 1539 1284 οὖν
1561 1242 1663 1286 ἐκεί-

181 1325 268 1359 νοις
301 1309 595 1366 ἓσφετερίζετο)
630 1306 708 1363 ἅμ’
743 1306 964 1359 ἀκούοντες
994 1306 1087 1352 τότε
1117 1308 1335 1362 ἔσπευδον,
1383 1310 1499 1366 δίκην
1527 1316 1662 1355 κυνῶν

180 1376 350 1434 ἀγαθὰς
375 1376 520 1435 χώρας
552 1380 932 1434 κατατρωξείοντες.
1005 1376 1065 1421 ἔτι
1091 1378 1136 1420 δὲ
1163 1380 1230 1420 καὶ
1263 1378 1311 1422 τὸ
1339 1379 1466 1432 κῆδος
1490 1378 1537 1422 τὸ
1556 1379 1660 1438 πρὸς

179 1449 325 1502 Νογᾶν
349 1446 466 1490 οἷίπω
483 1442 536 1503 ἦν
556 1444 774 1500 συνεστός,
814 1445 912 1503 ὅπερ
939 1446 1045 1500 μετὰ
1078 1450 1215 1490 ταῦτα
1248 1446 1312 1489 ἐπὶ
1337 1443 1456 1506 νόθῳ
1477 1451 1661 1507 θυγατρὶ

178 1520 229 1574 τῇ
249 1513 500 1575 Εὐφροσύνῃ
524 1513 545 1560 ὃ
577 1519 741 1575 κρατῶν
768 1516 872 1574 πρὸς
906 1516 1056 1560 ἐκεῖνον
1073 1513 1212 1571 ἔμελλε
1244 1521 1453 1560 συνιστᾶν.
1527 1518 1656 1563 ταῦτ’

175 1672 274 1696 cessa
296 1661 348 1697 uti
372 1661 538 1697 facultate
552 1687 564 1705 ,
587 1660 648 1697 sed
671 1661 809 1705 statim,
833 1661 1000 1708 pecuniae
1022 1672 1146 1707 magna
1168 1661 1204 1696 vi
1227 1671 1398 1707 opumque
1426 1663 1654 1707 caeterarum,

173 1708 337 1743 uxoribus
373 1715 555 1755 praeterea
590 1708 776 1754 liberisque
807 1720 882 1743 cum
914 1719 1034 1744 sorore
1070 1720 1113 1743 ac
1135 1712 1245 1743 matre
1273 1707 1574 1755 Constantinopoli
1594 1721 1653 1745 re-

172 1754 281 1797 lictis,
304 1754 419 1789 itineri
450 1766 490 1789 se
520 1754 626 1789 dedit.
672 1759 844 1789 tantorum
878 1755 1058 1801 pignorum
1089 1754 1138 1789 ibi
1171 1753 1448 1789 dimittendorum
1472 1766 1577 1790 causa
1599 1755 1651 1791 illi

170 1800 239 1835 fuit
261 1801 384 1846 partim
411 1812 495 1836 cura
518 1800 652 1836 celandi
672 1813 763 1847 quae
794 1802 964 1848 coquebat
986 1801 1116 1844 animo,
1152 1804 1189 1835 et
1222 1812 1353 1836 omnem
1377 1812 1399 1836 a
1420 1811 1459 1835 se
1481 1801 1652 1848 suspicio·

170 1858 247 1881 nem
270 1847 468 1890 amoliendi,
490 1848 616 1893 partim
640 1847 788 1893 prudens
811 1853 923 1883 metus
945 1860 989 1882 ne
1022 1859 1088 1882 non
1112 1847 1198 1882 satis
1221 1847 1400 1892 expeditus
1423 1853 1518 1882 esset
1539 1848 1582 1883 ad
1605 1860 1649 1884 ea

169 1905 260 1939 quae
282 1893 534 1938 meditabatur,
571 1894 602 1929 si
630 1894 736 1928 tantis
768 1906 925 1929 carorum
957 1894 1104 1940 capitum
1135 1893 1320 1929 affectibus
1352 1898 1388 1927 et
1420 1893 1646 1940 pretiosarum

167 1940 376 1974 sarcinarum
411 1939 661 1986 impedimentis
693 1940 937 1986 implicaretur.
984 1941 1034 1975 ita
1071 1940 1130 1974 ille
1176 1951 1252 1974 cum
1284 1939 1443 1974 familiari
1479 1941 1643 1976 comitatu

166 1997 327 2031 egressus
346 1987 432 2021 urbe
451 1987 494 2021 ad
514 1987 754 2032 imperatorem
767 1987 965 2022 festinabat.
999 1986 1134 2022 interim
1158 1990 1270 2021 autem
1295 1985 1370 2020 eius
1391 1988 1537 2030 patruus
1560 1999 1644 2034 pro-

166 2033 280 2067 fectus
304 2033 347 2067 ad
372 2033 631 2068 Constantinum
656 2033 878 2079 Bulgarorum
902 2045 1016 2078 regem
1031 2059 1042 2077 ‚
1070 2044 1145 2067 cum
1171 2032 1216 2075 ei,
1239 2037 1310 2066 tum
1335 2031 1543 2078 potissimum
1567 2033 1642 2068 eius

167 2078 306 2124 coniugi
329 2080 469 2114 consilia
490 2080 555 2114 sibi
578 2086 742 2125 suggesta
772 2080 989 2125 imperatoris
1020 2079 1199 2113 invadendi
1227 2077 1505 2122 communicavit3
1529 2083 1566 2113 et
1587 2080 1642 2114 fa-

166 2124 255 2167 cile,
288 2125 368 2159 olim
398 2125 559 2160 videlicet
589 2138 630 2161 eo
663 2126 934 2172 propendentes,
966 2137 1033 2172 quo
1054 2125 1193 2159 volebat
1215 2123 1379 2170 perpulit.
1426 2123 1499 2169 ipse
1523 2125 1640 2160 statim

165 2171 270 2205 certis
295 2171 486 2207 hominibus
508 2172 685 2207 submissis
708 2184 865 2219 magnum
889 2172 934 2206 ad
957 2184 996 2206 se
1011 2172 1246 2206 Tocharorum
1271 2180 1446 2205 numerum
1469 2171 1639 2206 evocavit.

164 2228 230 2251 nec
251 2217 392 2252 difficile
414 2218 479 2252 fuit
500 2219 662 2264 pellicere
683 2230 746 2266 spe
770 2219 975 2254 ostentanda
997 2217 1147 2263 ingentis
1170 2229 1212 2252 ac
1235 2216 1348 2262 parati
1369 2215 1457 2250 lucri
1470 2242 1481 2259 ‚
1503 2216 1533 2251 si
1557 2229 1638 2252 con-

163 2262 273 2298 iuncti
302 2263 462 2309 Bulgaris
494 2265 763 2310 praedatum'in
790 2266 1017 2300 Romanorum
1050 2269 1162 2299 terras
1197 2263 1344 2298 exirent.
1400 2262 1636 2300 Tocharorum

162 2320 343 2344 numerosa.
374 2321 459 2355 gens
489 2316 571 2345 ωηο
601 2312 712 2346 adhuc
743 2311 795 2347 sui
830 2312 913 2346 iuris
935 2315 1034 2346 erat:
1072 2310 1218 2344 nondum
1241 2309 1328 2343 enim
1352 2319 1427 2343 eam
1447 2309 1511 2344 sibi
1534 2310 1635 2356 plene

161 2355 265 2401 Noga
287 2356 491 2391 subiecerat.
537 2356 594 2391 hic
616 2357 778 2392 videlicet
799 2357 902 2403 Nega
932 2357 1101 2392 rebellare
1135 2361 1217 2390 tunc
1243 2355 1387 2402 primum
1419 2358 1457 2389 et
1479 2355 1634 2391 domino-

160 2413 236 2436 rum
266 2401 383 2447 iugum
415 2405 578 2437 excutere
604 2403 808 2450 incipiebat,
849 2403 951 2438 amici
984 2402 1219 2438 familiaritate
1257 2413 1332 2436 cum
1364 2400 1529 2437 militibus
1559 2403 1633 2437 suis

159 2448 330 2483 Tocharis
353 2453 390 2484 et
411 2448 621 2494 aequalitate
643 2450 739 2485 civili
763 2450 876 2485 vivens
889 2476 899 2491 ,
932 2449 1042 2484 socios
1064 2453 1147 2483 tunc
1169 2447 1246 2482 illos
1279 2446 1481 2483 defectionis
1503 2448 1635 2484 habere

158 2498 361 2530 contentus:
385 2507 462 2530 nam
485 2505 561 2529 cum
582 2495 668 2540 ipsis
690 2496 832 2538 missus,
862 2507 968 2542 opera
996 2495 1130 2530 illorum
1158 2495 1321 2530 subactas
1349 2493 1440 2529 bello
1472 2493 1634 2540 regiones

156 2551 224 2575 nou
249 2541 339 2576 Gaui
362 2541 571 2588 (principem
592 2541 642 2576 illi
665 2542 717 2577 sic
738 2543 878 2587 vocant)
914 2541 1135 2588 acquirebat,
1165 2540 1226 2575 sed
1260 2540 1384 2574 uberes
1414 2545 1519 2587 atque
1557 2540 1630 2586 opi-

156 2598 230 2621 mas
251 2587 332 2623 illas
351 2599 429 2623 esse
451 2592 565 2622 terras
588 2588 863 2623 animadvertens
893 2599 955 2622 suo
988 2586 1127 2634 proprio
1160 2591 1264 2633 atque
1296 2586 1429 2621 illorum
1451 2587 1630 2622 obtinebat

154 2633 298 2669 nomine.
345 2633 382 2668 hi
402 2639 485 2669 tunc
507 2634 642 2676 audita,
665 2646 765 2682 quam
788 2634 951 2676 diximus,
974 2633 1178 2669 invitatione
1201 2633 1244 2668 ad
1271 2632 1434 2679 praedam
1467 2643 1628 2668 accurre-

153 2683 236 2714 runt
257 2680 350 2726 quali
370 2692 474 2716 canes
498 2681 542 2715 ad
565 2681 718 2726 saginam
741 2686 845 2716 ruunt
865 2681 1019 2726 impetu,
1050 2680 1182 2715 fertiles
1213 2683 1249 2714 et
1278 2679 1458 2725 opulentas
1482 2679 1628 2713 devora-

155 2724 419 2771 turi’regiones.
466 2727 612 2762 nondum
644 2727 766 2762 foedus
798 2726 980 2763 affinitatis
1015 2726 1149 2762 vinculo
1173 2725 1373 2761 adstrictum
1400 2725 1536 2770 Nogam
1559 2724 1630 2758 im--

154 2772 306 2815 peratori
329 2773 570 2816 coniunxerat,
601 2773 693 2820 quod
724 2774 782 2808 ille
804 2774 876 2809 filia
898 2774 1004 2808 notha
1035 2773 1263 2818 Euphrosyne
1285 2771 1408 2816 Nogae
1430 2771 1464 2805 in
1489 2781 1630 2805 uxorem

153 2817 266 2853 danda
287 2818 415 2855 deinde
434 2820 616 2855 contraxit.
663 2824 744 2856 tunc
774 2832 877 2867 por-m
909 2820 1028 2856 eodem
1057 2831 1200 2866 prorsus
1234 2818 1382 2854 articulo
1406 2816 1569 2863 temporis
1591 2820 1629 2852 et
