1846 3262
389 191 465 234 DE
500 190 782 234 MICHAELE
814 188 1193 234 PALAEOLOGO
1227 189 1276 232 L.
1310 187 1344 232 Ι.
1529 188 1595 235 27

130 311 316 351 συνωθεῖ
330 308 397 350 καὶ
419 305 553 364 ῥιπτεῖ
558 339 573 360 ,
611 305 749 349 ἔπειτα
767 305 813 349 δὲ
832 301 1061 355 συστάντος
1082 306 1148 347 καὶ
1170 303 1519 354 ἓπικαθεσθέντος
1536 307 1597 362 τῷ

126 377 240 436 ἵππῳ
258 376 361 433 παρ’
387 376 538 418 ἐκείνου
557 376 719 431 καιρίαν
733 373 930 430 βάλλεται
946 374 1005 429 μὴ
1024 373 1164 426 λαβὼν
1182 374 1288 430 ἴσην.
1361 374 1462 432 (11)
1486 372 1592 416 ἀλλὰ
1617 378 1646 412 Β

130 449 206 489 τοῦ
225 446 466 503 Δυρραχίου
497 444 599 501 πρὸς
622 436 925 499 Θεσσαλονίκην
955 441 1291 500 ὗποστραφέντος
1317 443 1384 486 διὰ
1403 443 1478 499 τὴν
1497 440 1598 499 σύγ-

127 530 249 569 χυσιν
260 547 274 567 ,
310 514 494 557 κάκείνου
515 512 569 564 ὥς
591 514 695 564 εἰκὸς
717 512 1039 565 διαπονουμένου
1060 511 1130 569 ἔφ’
1158 505 1191 569 ᾧ
1212 513 1431 568 συσταλειή
1451 511 1500 556 τὸ
1524 511 1601 554 ἀν-

101 581 408 638 5θιστάμενον,
447 581 564 640 φήμη
594 583 805 640 προτρέχει
832 581 905 625 τὸν
932 585 1016 624 τῶν
1044 584 1267 635 βασιλικῶν
1284 583 1421 624 ἵππων
1439 578 1602 636 κόμητα

136 652 332 708 Χαδηνόν
349 651 447 695 ὅσον
466 652 542 695 οὐκ
559 651 640 707 ἤδη
660 648 990 705 καταλαμβάνειν
1012 651 1316 705 Θεσσαλονίκην
1335 650 1602 706 ἀγγέλλουσα,

133 720 211 765 οὐκ
229 721 356 765 ἄλλου
376 720 540 778 χάρινῆ
564 721 636 764 τὸν
658 718 948 777 Παλαιολόγον
971 719 1204 770 καθέξοντα
1244 717 1300 769 ὦς
1327 718 1502 773 βασιλέα
1535 718 1605 761 δέ-

135 806 255 844 σμιον
278 791 458 847 ἐνεγκεῖν.
529 791 596 833 καὶ
617 788 662 840 ὃς
683 790 863 849 (ἔφθασε
885 788 964 846 γὰρ
996 789 1220 844 διατρίβων
1250 789 1293 831 ἐν
1316 789 1654 846 Θεσσαλονίκῃηο

135 863 195 919 τῷ
214 858 420 916 τηνικάδε)
444 856 626 909 ἀκούσας
644 859 690 902 τὸ
712 857 987 916 φημιζόμενον
1007 858 1118 901 δεινὰ
1139 858 1262 900 ἐποίει
1272 890 1287 912 ,
1323 859 1392 900 καὶ
1416 858 1605 914 στρέφων

84 924 186 984 Ιοῆν
215 931 280 972 ἐπὶ
309 932 514 985 λογισμῶν
543 929 586 971 τί
617 946 714 971 ποτε
747 928 830 984 ἄρα
857 932 916 987 τῷ
947 931 1115 981 βασιλεῖ
1130 924 1255 976 δόξαν
1285 924 1340 976 ὥς
1362 924 1511 969 ἑαυτὸν
1531 925 1606 980 οὐχ

136 996 192 1048 ὥς
213 998 393 1053 ἔπεμψεν
411 995 614 1053 ἐπανάγει,
652 997 758 1041 ἀλλὰ
777 1001 874 1055 τιμῇ
898 996 1150 1054 προπέμψας
1167 996 1407 1039 ἐπανελθεῖν
1426 992 1606 1050 ἀναγκά-

137 1069 214 1121 ζειν
233 1067 344 1110 θέλει
360 1066 456 1122 μετ’
479 1066 658 1120 ἀτιμίας,
694 1069 760 1127 καὶ
780 1066 826 1110 ὃν
848 1068 1112 1122 συμπαθείας
1128 1064 1244 1120 ἠξίου
1265 1065 1333 1107 διὰ
1350 1062 1607 1121 γραμμάτων

137 1139 206 1180 καὶ
225 1135 332 1179 οὕτω
360 1141 567 1193 καρτερῶς
595 1136 842 1192 ἀμνημονεῖν
874 1134 986 1194 ἐῴκει
1013 1139 1098 1178 τῶν
1129 1134 1421 1190 πεπραγμένων
1453 1131 1510 1183 ὥς
1538 1134 1607 1175 καὶ

137 1204 353 1263 ἧγεμονιάς
376 1205 516 1256 ἀξιοῦν
546 1206 763 1261 μεγίστης,
799 1209 973 1258 τοῦτον,
1005 1204 1081 1254 τὰς
1114 1201 1329 1258 συνθήκας
1359 1199 1608 1257 ἀναλαμβά-

85 1283 127 1317 15
140 1293 240 1329 νων,
280 1272 335 1325 ὥς
353 1274 424 1331 ἐφ’
446 1272 788 1330 ὅμολογουμέναις
804 1271 1081 1318 καθοσιώσεσι
1098 1274 1341 1329 κατακρίνει.
1396 1270 1510 1327 ὅμως
1530 1271 1604 1314 οὔκ
1626 1277 1659 1311 D

140 1344 241 1400 ἔχων
264 1342 356 1388 ὅποι
375 1348 458 1387 τῶν
482 1347 685 1400 λογισμῶν
706 1346 773 1387 καὶ
794 1348 878 1387 τῶν
898 1341 1008 1387 ὅδῶν
1025 1339 1238 1400 τράποιτο,
1276 1343 1340 1384 ἐπὶ
1362 1341 1462 1384 θεὸν
1480 1358 1611 1383 κατα-

141 1411 300 1472 φεύγειν
331 1413 444 1469 ἴγνω.
523 1413 735 1455 κοινοῦταί
760 1430 804 1456 τε
842 1417 902 1472 τῷ
937 1411 1179 1468 Δυρραχίου
1211 1410 1263 1453 τὰ
1292 1410 1397 1454 κατὰ
1430 1407 1608 1465 γνώμην,

141 1484 212 1525 καί
232 1483 270 1525 οἳ
288 1487 360 1537 τῆς
377 1481 481 1538 πρὸς
500 1481 548 1524 τὸ
570 1486 685 1524 θεῖον
707 1482 874 1531 ἱκετείας
894 1479 1161 1535 συνάρασθαι
1182 1480 1329 1523 δέεται.
1374 1478 1502 1528 εὗθ-ὲς
1521 1479 1610 1521 τοί-

141 1569 215 1594 νυν
250 1550 398 1610 (ἐδόκει
429 1550 507 1607 γὰρ
540 1549 720 1593 αὐτόθεν
754 1552 821 1593 καὶ
850 1550 897 1593 τὸ
928 1554 1098 1605 πρᾶγμα
1121 1547 1330 1605 θεοφιλὲς)
1355 1550 1418 1590 ἐπὶ
1439 1552 1514 1602 τῆς
1533 1551 1608 1590 τοῦ

86 1620 371 1665 ΞΟἈκατονίου
389 1624 520 1674 μονῆς
538 1617 820 1676 ὗμνολογεΐται
843 1616 1098 1676 παράκλησις
1127 1618 1273 1667 νυκτὸς
1302 1617 1380 1674 ἀφ’
1411 1615 1600 1668 ἑσπέρας,
1627 1631 1661 1665 Ε

139 1695 215 1748 τῆς
233 1688 567 1748 ἐπιγενησομένης
586 1686 743 1745 ἡμέρας
760 1689 804 1732 ἓν
821 1692 880 1750 νῷ
903 1687 1053 1738 θέντος
1072 1691 1148 1731 τοῦ
1166 1686 1381 1745 ἀρχιερέως
1402 1685 1476 1742 τὴν
1496 1684 1611 1743 ἱερὰν

234 1825 270 1859 2.
292 1820 447 1871 βαλών.)
471 1833 516 1858 an
538 1818 747 1869 zasso'vvog?

145 1926 245 1975 pellit
269 1930 306 1961 et
328 1925 486 1972 proiicit,
511 1926 638 1961 deinde
660 1938 735 1961 cum
757 1925 789 1960 is
815 1924 1063 1962 assurrexisset
1086 1929 1122 1961 et
1147 1938 1235 1972 equo
1259 1924 1463 1966 insedisset,
1487 1923 1611 1958 vulnus

146 1974 190 2008 ab
215 1985 255 2008 eo
278 1973 383 2007 letale
406 1974 564 2019 accepit,
589 1984 654 2007 nec
676 1984 741 2018 par
764 1973 931 2018 reposuit.
976 1973 1059 2018 (11)
1083 1985 1200 2008 verum
1223 1972 1430 2018 Dyrrhachii
1455 1970 1613 2017 praesule

147 2020 430 2061 Thessalonicam
463 2021 508 2054 ob
540 2031 600 2054 eas
629 2020 748 2053 turbas
784 2030 945 2058 reverso,
979 2021 1191 2064 eodemque,
1221 2025 1325 2064 prout
1353 2029 1409 2052 res
1432 2017 1611 2063 poscebat,

146 2070 328 2110 satagente
351 2070 388 2100 ut
411 2064 628 2100 mitterentur
651 2066 710 2110 qui
732 2064 1016 2100 tumultuantibus
1038 2066 1255 2106 obsisterent,
1280 2076 1396 2099 rumor
1418 2061 1614 2109 praecurrit

146 2111 359 2156 imperatorii
382 2112 556 2156 equitatus
578 2111 734 2146 comitem
752 2111 951 2146 Chadenum
969 2112 1211 2158 quamprimum
1230 2115 1474 2156 perventurum
1495 2109 1611 2143 Thes-

150 2158 358 2200 salonicam,
390 2169 456 2192 uon
491 2158 593 2193 aliam
625 2159 670 2193 ob
702 2169 837 2192 causam
869 2169 969 2202 quam
1004 2163 1041 2193 ut
1070 2158 1310 2201 Palaeologum
1334 2156 1612 2200 comprehensum

148 2204 368 2248 vinctumque
399 2204 442 2238 ad
478 2204 716 2250 imperatorem
751 2204 905 2238 duceret.
954 2208 990 2238 at
1027 2204 1085 2239 ille
1116 2205 1335 2248 (versabatur
1366 2204 1452 2236 enim
1477 2207 1513 2235 et
1535 2200 1613 2245 ipse

147 2256 230 2284 tunc
261 2250 551 2294 Thessalonicae)
586 2250 703 2285 audito
739 2251 830 2296 quod
864 2251 1063 2291 ferebatur,
1098 2262 1181 2284 saue
1210 2261 1309 2294 quam
1333 2260 1439 2294 aegre
1466 2247 1612 2288 ferebat,

149 2307 332 2340 secumque
354 2297 429 2340 ipse
461 2296 570 2331 animo
602 2296 705 2330 multa
738 2297 923 2339 versabat,
957 2297 1150 2342 disquirens
1173 2307 1261 2340 quae
1283 2306 1386 2330 causa
1408 2300 1475 2328 tam
1498 2293 1614 2338 inopi-

123 2347 125 2349 ’
148 2341 222 2375 nati
243 2341 376 2376 consilii
399 2341 522 2376 fuisset
544 2342 767 2388 imperatori,
799 2347 837 2376 ut
859 2348 927 2377 tam
954 2343 1091 2377 diverso
1115 2344 1214 2377 modo
1237 2343 1281 2376 de
1305 2354 1345 2376 se
1367 2344 1553 2380 statueret,
1577 2343 1614 2373 et

0 2402 10 2422 κ
149 2399 251 2433 quem
282 2392 350 2422 tam
384 2381 572 2422 llonorifice
605 2389 703 2423 modo
735 2389 897 2431 miserat,
933 2390 1048 2423 statim
1081 2393 1150 2423 tam
1172 2387 1396 2433 ignominiose
1419 2390 1614 2426 revocaret,

0 2422 11 2482 Ξ
150 2434 274 2479 cuique
306 2433 412 2478 regiis
444 2434 554 2469 literis
585 2435 686 2468 venia
717 2435 818 2480 paulo
843 2442 923 2469 ante
954 2436 1213 2479 securitateque
1235 2433 1390 2469 stabilita
1414 2444 1490 2467 cum
1513 2432 1614 2477 plena

0 2484 17 2549 ἓ
150 2480 324 2514 oblivione
345 2486 498 2515 veterum
522 2480 725 2515 delictorum
748 2479 883 2524 gratiae
905 2492 973 2514 non
996 2481 1151 2526 vulgaris
1172 2481 1283 2515 locum
1306 2479 1397 2524 apud
1421 2491 1459 2513 se
1482 2478 1616 2512 tribue-

0 2544 26 2575 Μ
149 2531 219 2567 rat,
245 2525 404 2570 dignatus
426 2527 536 2572 ipsum
563 2527 692 2561 honore
715 2527 870 2568 maximo,
895 2538 971 2561 eum
994 2539 1085 2561 nunc
1109 2526 1222 2573 pactis
1244 2525 1423 2561 conventis
1446 2528 1614 2558 momento

0 2576 25 2622 a}
149 2571 327 2614 rescissis,
351 2572 445 2606 velut
469 2571 616 2606 criminis
638 2573 854 2607 detestabilis
878 2578 1110 2618 compertum,
1135 2578 1279 2618 repente
1307 2572 1496 2606 damnaret.
1536 2581 1617 2603 cae-

0 2622 23 2646 ·”.
149 2621 262 2652 terum
285 2629 360 2652 cum
384 2617 464 2664 quid
489 2618 621 2653 consilii
643 2623 783 2664 caperet
805 2630 918 2664 quove
941 2631 980 2653 se
1002 2623 1158 2654 verteret
1179 2631 1247 2654 non
1271 2619 1432 2658 haberet,
1457 2616 1501 2650 ad
1525 2614 1617 2650 divi-

3 2665 11 2683 '
151 2674 228 2697 nam
256 2664 437 2708 petendam
461 2676 560 2710 opem
583 2664 650 2699 sibi
673 2664 935 2709 confugiendum
960 2676 1037 2700 esse
1059 2665 1178 2707 duxit3
1201 2663 1517 2707 communicataque
1540 2671 1616 2695 cum

1 2740 17 2755 ἡ
153 2709 426 2753 Dyrrhachiensi
458 2722 563 2755 cura,
597 2722 674 2745 eum
704 2716 742 2744 ut
773 2710 840 2745 sibi
868 2711 992 2746 adesse
1016 2711 1134 2746 divina
1158 2723 1220 2756 pro
1252 2721 1292 2744 se
1314 2722 1381 2755 ope
1403 2707 1617 2753 imploranda.

152 2766 197 2789 ne
227 2760 394 2800 gravetur
423 2763 536 2802 rogat.
583 2768 649 2802 quo
681 2755 782 2791 facile
816 2762 986 2792 aunuente
1019 2757 1095 2802 (res
1127 2757 1214 2792 enim
1245 2767 1308 2802 per
1331 2767 1370 2791 se
1393 2756 1451 2800 pia
1484 2754 1618 2798 deoque

152 2806 255 2844 grata
278 2801 462 2836 videbatur
485 2802 578 2848 peti)
602 2803 637 2836 in
661 2802 820 2838 Acatonii
841 2803 1048 2838 monasterio
1070 2816 1093 2838 a
1114 2814 1263 2849 vespera
1280 2807 1469 2836 nocturnae
1491 2800 1619 2833 decau-

151 2854 247 2882 tatae
269 2853 350 2884 sunt
370 2859 511 2895 preces:
533 2854 674 2895 postera
702 2849 834 2896 quippe
855 2849 915 2885 die
937 2861 1074 2886 sacrum
1096 2850 1214 2885 facere
1238 2847 1376 2895 praesul
1399 2847 1616 2882 decreverat.
