1846 3262
401 239 477 283 DE
510 239 790 283 MICHAELE
827 240 1203 286 PALAEOLOGO
1238 243 1288 286 L.
1322 242 1397 286 111.
1542 244 1637 290 179

162 353 269 398 κατὰ
299 357 411 411 σφᾶς
437 353 620 412 ἀσφαλεῖ
642 358 911 412 θαρροῦντας
946 352 1191 412 ὖπερορίους
1221 357 1402 414 ἐκφέρειν
1432 359 1638 415 πολέμους

164 425 232 467 καὶ
262 423 370 467 κατὰ
395 427 662 480 Χριστιανῶν
693 424 971 480 ἀνδρίζεσθαι.
1043 428 1126 466 τῶν
1154 424 1231 480 γὰρ
1259 425 1428 470 Ἰταλῶν
1458 428 1533 483 τὴν
1564 436 1640 485 τῆς

163 494 321 550 Συρίας
338 490 504 549 ἁπάσης
525 495 733 550 παραλίαν
754 489 1010 547 κατεχόντων
1032 494 1100 534 καὶ
1123 494 1318 549 Φοινίκης
1338 494 1549 550 ἀρχόντων
1569 502 1637 542 καὶ

164 562 294 617 αὐτῆς
315 562 560 618 Ἀντιοχείας
589 561 636 605 τὸ
663 559 815 619 κράτος
841 559 1042 616 ἐχόντων,
1081 558 1499 618 διαμφισβητούντων
1524 567 1568 609 δ’
1591 569 1634 620 ἐξ
1658 572 1689 606 C

132 630 389 688 5ὖπερτέρας
409 630 549 687 ἰσχύος
568 633 636 674 καὶ
654 636 737 674 τῶν
765 635 840 687 τῆς
858 630 1145 685 Παλαιστίνης
1173 628 1311 673 τόπων
1341 629 1398 682 ὥς
1424 630 1641 691 ἁγιότητος

164 698 290 752 δόξαν
314 699 517 756 ἐχόντων,
556 702 622 743 καὶ
656 698 771 755 μάλα
801 697 966 750 εἰκότως
997 698 1066 742 διὰ
1097 698 1174 748 τὰς
1201 700 1325 743 ε’κεΐσε
1352 705 1427 743 τοῦ
1449 709 1639 761 σωτῆρος

163 770 381 825 διατριβὰς
397 773 463 813 καὶ
486 769 538 812 τὰ
555 766 675 823 πάθη
697 771 765 812 καὶ
793 768 845 811 τὰ
876 772 950 823 τῆς
979 769 1216 822 οἷκονομιάς
1246 768 1447 822 τραστικά
1458 804 1471 823 ,
1517 773 1643 817 αὐτοί

161 856 205 896 γε
228 837 519 894 θαρσήσαντες
538 845 629 887 ταῖς
648 839 693 881 ἐκ
712 842 795 881 τῶν
815 841 998 881 Σκυθῶν
1018 834 1246 887 συστάσαις
1267 836 1502 893 δυνάμεσιν,
1528 844 1639 893 ἐξελ-

162 905 310 957 θόντες
333 912 470 950 πᾶσαν
488 906 639 961 ἐκείνην
657 907 730 961 τὴν
750 911 827 963 γῆν
841 910 1007 950 Μυσῶν
1025 905 1072 949 τὸ
1091 903 1306 962 λεγόμενον
1325 909 1436 950 λειάν
1454 909 1634 966 ἐποίουν,

109 988 153 1022 10
163 977 238 1026 ἕως
259 969 309 1019 οὗ
330 976 430 1019 κατ’
451 976 586 1032 ὀλίγον
609 975 726 1030 (οὐδὲ
743 976 822 1032 γὰρ
843 971 894 1031 ἦν
915 982 1003 1024 τοῖς
1017 974 1189 1025 Ἰταλοῖς
1208 975 1312 1031 πρὸς
1334 977 1487 1029 αὐτοὺς
1511 981 1636 1024 σπέν-
1658 992 1691 1028 Ι)

162 1048 312 1088 deo-9021
332 1042 511 1101 ἐχθρούς
531 1061 574 1100 γε
595 1043 719 1095 ὄντας
741 1047 808 1088 καὶ
835 1044 1076 1102 λεγομένους
1097 1049 1171 1087 τοῦ
1191 1047 1327 1100 τιμίου
1347 1049 1552 1107 σταυροῦ)
1571 1053 1640 1093 καὶ

162 1114 301 1157 αὐτῶν
322 1114 374 1170 δὴ
395 1118 478 1157 τῶν
496 1114 698 1170 μεγίστων
725 1112 883 1157 πόλεων
915 1111 1139 1165 ἐξώσαντες
1166 1113 1297 1165 αὐτὰς
1319 1116 1376 1166 εἷς
1396 1116 1488 1167 ἕδος
1509 1117 1642 1175 κατή-

163 1195 327 1240 ρειψαν.
399 1185 466 1226 καὶ
487 1187 559 1226 νῦν
580 1189 706 1226 κεῖται
727 1184 803 1238 μὲν
822 1181 847 1238 ἦ
868 1182 1096 1240 περιφανὴς
1108 1181 1331 1239 Ἀντιόχεια
1345 1218 1358 1237 ,
1395 1192 1521 1229 κεῖται
1543 1189 1588 1232 δὲ
1611 1187 1638 1244 ἦ

157 1250 381 1307 Ἀπάμεια,
426 1252 709 1295 κατίσκαπταί
737 1270 780 1296 τε
818 1250 958 1309 Τύρος
984 1254 1051 1295 καὶ
1076 1250 1291 1309 Βηρυτός,
1329 1255 1397 1296 καὶ
1425 1256 1562 1300 Σιδών
1584 1258 1638 1301 τὰ

108 1327 151 1363 15
165 1321 286 1376 ὅμοια
304 1319 462 1376 πάσχει.
533 1319 738 1378 ἑτέρωθεν
758 1322 803 1364 δὲ
823 1326 975 1377 θρηνεῖ
988 1322 1237 1366 Λαοδίκεια.
1287 1324 1486 1379 Τρίπολίς
1509 1343 1552 1369 τε
1571 1329 1640 1370 καὶ

162 1394 424 1445 Πτολεμαίς,
461 1390 514 1433 τὰ
544 1388 703 1445 μεγάλα
737 1395 821 1434 τῶν
846 1390 1017 1434 Ἰταλῶν
1049 1389 1206 1444 ἄστεα,
1255 1389 1312 1441 ὥς
1343 1392 1438 1435 οὐδ’
1459 1392 1510 1437 ἂν
1530 1391 1638 1450 ἦσαν

161 1461 402 1515 λογίζονται.
472 1461 539 1502 καὶ
571 1459 623 1514 δὴ
653 1459 884 1515 Δαμασκός
914 1457 941 1515 ἧ
970 1459 1190 1515 καλλίστη,
1235 1458 1289 1503 τά
1317 1478 1417 1504 ποτε
1449 1467 1523 1518 τῆς
1536 1462 1638 1508 Ῥω-

162 1530 312 1584 μαΐδος
337 1527 431 1585 ὅρια
459 1527 565 1571 καθ’
597 1526 730 1579 ἕιῦαν,
777 1526 1003 1584 ἠφάνισται
1028 1531 1261 1580 παντελῶς,
1305 1532 1374 1572 καὶ
1404 1528 1510 1582 ὅλως
1532 1533 1638 1589 πλὴν

162 1601 247 1640 τῶν
268 1599 324 1647 εἲς
342 1596 579 1653 Ἀρμενίους
599 1592 823 1638 τελούντων
841 1595 960 1638 οὐδὲν
980 1593 1002 1639 ὅ
1021 1612 1061 1638 τι
1084 1596 1341 1640 συνίσταται.
1411 1595 1434 1641 ὅ
1453 1601 1499 1642 δὲ
1522 1620 1638 1656 παμ-

106 1666 332 1723 ΞΟπληθὴς
349 1666 508 1709 ἐκείνων
527 1663 627 1715 λαὸς
647 1668 859 1720 πανταχοῦ
876 1668 952 1722 γῆς
972 1661 1171 1722 διεσπάρη
1192 1663 1287 1722 ἄνευ
1309 1669 1394 1710 τῶν
1415 1666 1636 1724 πεσόντων,

164 1870 243 1906 olim
266 1869 355 1904 fixos
377 1867 528 1903 tenuisse
550 1869 611 1902 aut
632 1879 754 1903 secura
786 1867 1005 1914 possessione
1027 1869 1243 1915 propriorum
1266 1872 1443 1905 contentos
1466 1870 1555 1906 domi
1578 1883 1638 1907 ac-

163 1916 352 1963 quievisse,
377 1926 493 1950 verum
523 1925 623 1948 ausos
646 1926 826 1960 erumpere
849 1926 892 1950 ac
922 1926 1028 1962 saepe
1058 1916 1150 1950 bella
1171 1915 1323 1950 finitimis
1346 1917 1495 1960 inferre,
1519 1918 1638 1964 sicque

163 1974 285 2008 magno
308 1961 357 1997 rei
385 1961 601 1996 Christianae
623 1961 744 1995 damno
767 1962 889 1995 famam
916 1962 985 1996 sibi
1010 1973 1152 2008 parasse
1173 1962 1318 1998 bellicae
1339 1963 1489 1998 virtutis.
1537 1965 1637 1999 Italis

164 2010 251 2044 enim
275 2020 369 2043 oram
393 2007 517 2052 Syriae
539 2007 737 2041 maritimam
759 2007 951 2042 universam
982 2008 1234 2050 obtinentibus,
1265 2009 1509 2054 imperantibus
1531 2011 1636 2045 etiam

163 2054 372 2090 Phoeniciae
407 2058 444 2088 et
476 2053 542 2098 ipsi
580 2054 713 2088 urbium
750 2053 830 2087 olim
870 2054 1016 2100 principi
1051 2054 1253 2089 Antiochiae
1294 2055 1567 2098 dominantibus,
1599 2061 1636 2092 et

164 2102 297 2136 eductis
319 2101 399 2135 inde
420 2099 544 2135 validis
568 2099 677 2145 copiis
700 2110 863 2145 prospere
885 2101 1029 2135 subinde
1060 2106 1198 2136 certare
1220 2100 1330 2136 solitis
1354 2102 1398 2135 de
1420 2103 1635 2146 possessione

165 2148 313 2182 locorum
336 2147 549 2181 Palaestinae
572 2146 713 2191 antiqua
736 2146 939 2190 sanctitatis·
965 2148 1058 2182 fama
1093 2147 1212 2182 merito
1236 2147 1460 2191 inclytorum,
1485 2149 1575 2193 quod
1598 2149 1634 2182 in

163 2194 206 2228 iis
243 2197 399 2227 versatus
429 2203 551 2237 passus
584 2197 622 2227 et
653 2192 738 2226 mira
768 2197 931 2238 operatus
961 2195 1068 2228 fuerit
1100 2195 1184 2228 deus
1207 2195 1322 2228 factus
1345 2193 1465 2235 homo,
1497 2194 1566 2233 illi,
1589 2195 1634 2229 de

165 2239 288 2285 quibus
310 2239 459 2283 agimus,
483 2237 667 2284 Aethiopes
688 2238 768 2272 freti
792 2239 999 2275 exercitibus
1022 2251 1065 2274 ex
1087 2239 1274 2282 iuventute,
1298 2243 1338 2273 ut
1361 2239 1517 2282 diximus,
1540 2240 1634 2285 Scy·

165 2285 258 2320 thica
282 2284 455 2326 conflatis,
479 2290 696 2329 erumpentes
719 2297 740 2319 e
762 2285 835 2320 suis
858 2285 1002 2320 latebris
1034 2286 1123 2321 istas
1144 2285 1301 2330 regiones
1325 2285 1502 2319 universas
1524 2286 1634 2321 latro—

165 2331 329 2366 ciniorum
365 2336 401 2365 et
431 2331 638 2376 praedarum
675 2342 828 2377 campum
869 2331 1062 2367 babuerunt
1077 2357 1088 2374 ‚
1126 2332 1274 2366 ferentes
1311 2330 1382 2365 illic
1421 2335 1633 2378 agentesque

165 2382 288 2412 cuncta
301 2404 310 2418 ,
339 2380 376 2411 et
398 2380 559 2422 tanquam
582 2378 626 2410 de
649 2376 780 2421 Mysis,
812 2378 903 2423 quod
926 2378 995 2413 dici
1017 2378 1126 2420 solet,
1156 2377 1291 2421 impune
1310 2377 1420 2423 spolia
1442 2381 1633 2423 reptantes,

164 2424 274 2458 donec
301 2422 464 2469 paulatim
488 2422 602 2467 (Italis
635 2423 896 2458 abhorrentibus
925 2435 947 2459 a
978 2425 1118 2458 foedere
1152 2434 1228 2458 cum
1259 2423 1346 2469 ipsis
1367 2423 1487 2458 icendo
1511 2429 1634 2470 utpote

164 2470 379 2505 venerandae
410 2468 519 2503 crucis
550 2468 732 2504 notissimis
762 2474 799 2504 et
828 2470 1099 2515 implacabilibus
1128 2469 1303 2514 hostibus)
1326 2470 1461 2515 quoad,
1483 2469 1634 2516 inquam,

165 2516 327 2561 paulatim
350 2518 430 2561 post
453 2514 580 2549 eiectos
604 2514 816 2550 Christianos
838 2528 858 2549 e
882 2516 1034 2551 maximis
1056 2515 1196 2550 urbibus
1217 2515 1312 2562 ipsas
1334 2515 1407 2550 solo
1430 2522 1634 2562 aequarunt.

167 2566 204 2596 et
226 2573 315 2596 nunc
338 2561 430 2596 iacet
451 2561 586 2606 quidem
611 2561 752 2596 illustris
774 2562 833 2596 illa
854 2562 1052 2604 Antiochia,
1074 2563 1164 2598 iacet
1190 2566 1227 2597 et
1249 2564 1410 2607 Apamea.
1456 2561 1635 2597 destructa

166 2611 221 2642 est
242 2608 358 2652 Tyrus
381 2611 418 2642 et
440 2607 599 2651 Berytus.
644 2607 751 2642 Sidon
774 2619 906 2653 quoque
928 2608 1049 2642 similia
1096 2608 1213 2643 atitur.
1262 2608 1330 2642 alia
1353 2620 1396 2642 ex
1418 2614 1520 2662 parte
1538 2608 1635 2653 luget

166 2653 348 2689 Laodicea.
394 2653 548 2699 Tripolis
571 2657 607 2688 et
629 2653 825 2696 Ptolemais,
847 2665 991 2698 magnae
1014 2654 1070 2689 Ita
1083 2665 1179 2689 orum
1201 2654 1317 2698 urbes,
1342 2665 1383 2688 ac
1406 2666 1436 2688 si
1462 2665 1634 2700 nunquam

165 2699 330 2741 fuissent,
354 2704 570 2745 reputantur.
616 2700 841 2745 pulcherrima
864 2700 966 2735 etiam
990 2700 1197 2742 Damascus,
1222 2700 1383 2735 terminus
1407 2700 1484 2734 olim
1508 2701 1635 2734 Roma-

167 2757 234 2780 nae
257 2746 300 2780 ad
324 2746 501 2780 Orientem
524 2745 682 2787 ditionis,
713 2757 834 2780 eversa
857 2746 1012 2781 funditus
1033 2751 1100 2782 est.
1145 2751 1183 2781 et
1205 2746 1337 2781 omnino
1361 2753 1502 2792 praeter
1525 2745 1636 2779 vecti-

166 2792 263 2836 gales
286 2791 452 2827 Armeniis
474 2793 630 2837 regiones
652 2792 735 2826 nihil
755 2791 804 2825 ibi
827 2793 994 2828 subsistit.
1040 2793 1313 2828 numerosissima
1335 2804 1419 2826 vero
1443 2790 1636 2837 provincias

166 2837 244 2872 illas
266 2837 395 2883 opimas
417 2838 633 2873 incolentium
656 2838 835 2872 multitudo
857 2850 920 2884 per
943 2850 1059 2874 omnes
1077 2839 1230 2885 dispersa
1253 2842 1364 2872 terras
1387 2837 1423 2871 in
1447 2837 1634 2872 miserrimo

166 2883 270 2930 gemit
291 2883 414 2929 exilio,
437 2888 576 2931 praeter
598 2896 658 2919 eos
681 2884 740 2931 qui
769 2890 832 2920 aut
862 2885 948 2920 bello
971 2885 1168 2920 ceciderunt
1189 2890 1251 2919 aut
1271 2883 1461 2930 tyrannicis
1484 2889 1636 2918 tormen-
