1884 3262
186 613 581 705 'PETRI
679 633 1204 707 Posslwl
1299 638 1355 707 E
1444 637 1519 712 s.
1608 642 1657 714 1.

473 748 1385 809 OBSERVATIONUM

315 850 1535 912 PACHYMERIANARUM

703 956 1169 1004 UBERHL

689 1212 1050 1261 CAPUT
1120 1212 1160 1260 1.

367 1327 434 1365 De
463 1326 697 1366 nominibus
724 1327 924 1365 mensium
952 1341 981 1365 α
1004 1326 1256 1380 >Pac-hymen
1281 1330 1505 1381 uswpatis.

195 1415 337 1506 Quae
359 1457 494 1491 noster
511 1451 745 1501 historicus,
774 1456 931 1503 praeter
948 1463 1099 1490 morem
1124 1465 1319 1504 usumque
1336 1458 1596 1504 caeterorum,
1623 1454 1668 1495 in
1687 1457 1716 1493 P
1738 1457 1818 1502 485,

195 1509 397 1549 mensibus
419 1509 663 1561 appellandis
681 1514 828 1557 novat,
859 1521 903 1546 ea
920 1508 993 1546 etsi
1011 1509 1139 1547 videri
1155 1515 1343 1562 poterant
1361 1510 1412 1548 ad
1434 1512 1666 1562 grammati-

196 1580 283 1605 cam
312 1566 512 1618 pertinere
541 1566 761 1616 rationem,
799 1563 866 1620 hic
894 1571 1030 1603 tamen
1062 1566 1297 1618 exponenda
1322 1567 1453 1619 potius
1479 1581 1598 1619 quam
1621 1568 1665 1608 in

196 1623 395 1662 Glossario
424 1624 584 1674 putavi,
626 1623 718 1674 quia
747 1634 924 1661 errorem
949 1623 991 1660 in
1020 1621 1274 1675 chronologia
1294 1624 1509 1663 obtrudere
1526 1625 1668 1664 lectori

194 1686 383 1733 poterant
401 1680 477 1718 nisi
496 1680 544 1717 de
560 1680 608 1718 iis
624 1685 966 1732 praemoneretur.v
1016 1693 1107 1717 cum
1122 1679 1227 1718 enim
1247 1681 1333 1731 quis
1352 1681 1523 1732 exempli
1539 1683 1667 1733 gratia

195 1738 342 1789 legeret
361 1737 644 1788 inauguratum
663 1737 942 1788 imperatorem
961 1735 1193 1775 Michafflem
1217 1737 1431 1776 Neomenia
1451 1738 1667 1777 Hecatom-

195 1793 380 1849 baeonis‚
411 1793 483 1832 vix
506 1799 660 1846 posset,
693 1793 799 1833 veris
826 1807 871 1831 ac
903 1793 1071 1845 vulgatis
1098 1800 1409 1847 praeoccupatus
1422 1795 1666 1846 notionibus,

199 1851 311 1890 aliud
331 1851 462 1889 animo
483 1851 673 1889 subiicere
692 1863 809 1902 quam
829 1849 933 1888 Iunii
959 1856 1029 1888 aut
1053 1850 1141 1888 Iulii
1160 1850 1303 1889 mensis
1329 1851 1375 1889 id
1394 1850 1574 1890 kalendis
1601 1854 1667 1891 sa-

199 1911 322 1948 ctum.
381 1907 489 1958 atqui
508 1913 660 1946 erraret
679 1907 735 1946 ita
763 1907 927 1945 credens
949 1913 1034 1945 toto
1053 1906 1182 1957 coelo,
1213 1913 1252 1946 et
1272 1908 1457 1946 brumam
1472 1908 1516 1946 in
1534 1909 1670 1947 solsti-

197 1965 302 2004 tium
318 1964 510 2003 aestivum
520 1994 531 2014 ‚
561 1965 789 2003 Ianuarium
804 1964 847 2003 in
862 1964 1082 2012 Quintilem
1100 1969 1249 2003 temere
1264 1965 1511 2004 transferret.
1560 1966 1669 2003 edis-

199 2028 356 2060 seratur
378 2020 445 2059 hic
463 2021 584 2073 igitur
608 2021 651 2060 in
676 2021 811 2059 limine
833 2020 1143 2072 Pachymeriana
1170 2021 1434 2060 nomenclatio
1457 2022 1665 2070 mensium,

199 2091 250 2117 ne
270 2091 349 2130 qua
368 2078 539 2130 cuipiam
553 2079 596 2117 in
614 2076 694 2117 hoc
713 2090 854 2130 genere
870 2077 1127 2116 hallucinatio
1144 2076 1322 2129 obrepat.

312 2160 766 2204 ἙΚΑΤΟΜΒΑΖΩΝ.
822 2177 861 2214 Ρ.
880 2164 935 2204 96
953 2174 995 2204 V.
1018 2161 1070 2204 15
1112 2159 1436 2214 ἑκατομβαιῶνος
1449 2162 1664 2216 νουμηνία.

201 2219 245 2258 in
269 2218 448 2269 margine
475 2219 686 2270 utriusque
713 2220 860 2258 codicis
884 2219 916 2257 B
945 2224 987 2257 et
1005 2217 1040 2256 A
1059 2223 1226 2256 notatur
1241 2214 1497 2273 Ἰανουαρίων.
1555 2219 1666 2270 quod.

169 2307 173 2310 .
202 2276 332 2320 solum
357 2276 402 2314 in
424 2281 618 2314 contextu
646 2276 860 2315 Vaticanus
882 2274 1078 2328 exprimit.
1133 2274 1318 2326 idemque
1342 2281 1569 2314 constanter
1589 2277 1665 2315 ob-

202 2338 388 2372 servatur
403 2332 643 2383 ubicumque
659 2333 753 2371 alias
772 2333 1094 2386 ἓκατομβαιῶνος
1111 2344 1256 2370 nomen
1278 2332 1456 2383 ponitur.
1496 2333 1664 2386 ἑκατομ-

206 2386 336 2441 βαιών
357 2390 598 2428 vocabulum
627 2391 835 2441 antiquum
860 2395 919 2428 est
941 2388 1058 2441 primi
1084 2388 1227 2427 mensis
1242 2389 1286 2427 in
1307 2402 1410 2427 anno
1430 2388 1584 2440 Attico,
1614 2389 1665 2428 ab

203 2445 448 2484 hecatombis
479 2446 561 2485 sive
587 2446 786 2485 sacrificiis
816 2452 975 2485 centum
999 2445 1144 2495 boum,
1181 2458 1282 2496 quae
1298 2446 1546 2499 auspicandis
1571 2447 1665 2484 anni

206 2503 302 2542 novi
328 2503 509 2541 kalendis
526 2503 690 2541 solemni
707 2503 790 2542 ritu
806 2503 976 2552 fiebant,
1002 2501 1230 2540 deductum.
1286 2515 1405 2542 verus
1425 2503 1468 2542 in
1489 2504 1665 2541 coelira-

205 2561 314 2598 tione
329 2559 427 2597 situs
450 2559 570 2598 huius
590 2560 753 2610 mensis,
790 2566 838 2598 ut
850 2561 934 2599 fuse
957 2559 1199 2598 demonstrat
1218 2559 1465 2599 doctissimus
1480 2559 1664 2598 Petavius

205 2622 294 2655 tota
322 2616 583 2668 descriptione
608 2617 703 2655 anni
729 2617 872 2666 Attici,
915 2616 1145 2669 praesertim
1171 2630 1204 2654 c.
1228 2619 1277 2658 11
1305 2617 1332 2655 l.
1354 2622 1373 2659 1
1413 2617 1461 2654 de
1481 2616 1662 2654 doctrina

206 2674 462 2725 Temporum,
490 2674 564 2711 suit
581 2674 686 2712 circa
701 2671 849 2727 τροπὰς
866 2670 1057 2728 θερινάς,
1074 2674 1294 2712 solstitium
1313 2675 1524 2711 aestivum.
1556 2672 1663 2710 unde

206 2731 350 2769 Graeci
379 2736 560 2769 auctores
586 2731 758 2780 classici,
794 2730 862 2782 qui
877 2743 939 2769 res
962 2731 1159 2769 Romanas
1181 2736 1429 2779 tractarunt,
1459 2729 1666 2767 hecatom-

206 2786 395 2826 baeonem
426 2801 516 2826 cum
545 2800 676 2826 mense
693 2787 832 2826 Iuliani
851 2788 943 2826 anni
962 2788 1074 2827 lunio
1097 2787 1179 2825 fere
1199 2793 1452 2838 comparant,
1480 2785 1662 2824 Ianuario

209 2850 338 2883 autem
365 2844 517 2883 Iuliano
542 2845 677 2896 potius
705 2845 971 2885 Gamelionem
999 2849 1218 2898 opponunt.
1274 2843 1512 2883 recentiores
1530 2848 1664 2882 autem

264 2905 440 2951 Georgius
469 2906 695 2952 Pachymercs
723 2907 754 2943 Ι.
1334 2898 1389 2942 44
