1884 3262
684 215 860 261 LIB.11.
912 216 1112 263 NOTAE.
1210 232 1216 261 ,·
1531 217 1630 263 635

173 324 314 364 merito
336 330 550 377 suspectus
575 324 743 365 Michael
763 325 1013 384 Palaeologus
1030 331 1276 379 procuratae
1295 326 1402 367 clam
1416 324 1631 367 eversionis

173 395 221 420 ac
239 380 367 421 caedis
392 382 666 432 Muzalonum,
695 382 808 421 cuius
812 378 920 422 ideo
947 382 1216 435 catastrophes
1242 388 1454 447 apparatus
1470 395 1517 420 ac
1536 395 1634 421 cau-

171 451 235 476 sas
254 438 474 488 disquirere
496 439 687 478 curiosius
702 439 878 478 omiserit
903 440 945 478 in
966 452 1084 491 opere
1103 440 1155 477 ad
1175 440 1362 490 gratiam,
1391 445 1439 478 ut
1455 443 1632 491 apparet,

172 494 423 545 Palaeologae
442 495 613 533 familiae
634 501 731 534 tunc
746 496 945 547 regnantis
964 496 1085 534 edito.
1140 496 1373 547 suspicionis
1392 495 1477 534 eius
1494 497 1636 548 (prae-

172 556 237 589 ter
255 551 476 589 Cassianam
497 552 761 590 coniecturam
779 565 830 590 ex
845 564 1025 591 successu
1046 551 1226 603 petitam,
1255 565 1356 603 quae
1374 553 1408 590 si
1425 564 1515 591 eum
1537 563 1642 590 one-e

172 607 289 653 rabat
305 607 416 646 cuius
433 609 568 647 fructu
586 622 632 646 ac
649 609 755 647 bono
770 607 944 647 maximo
967 608 1089 646 amoti
1106 621 1128 646 e
1157 608 1288 646 medio
1306 608 1532 647 Muzalones
1551 608 1641 646 fue-

173 664 276 712 rint,
315 664 510 702 neminem
536 665 653 716 magis
679 665 895 704 infamabat
922 677 1039 715 quam
1062 663 1314 714 Michaelem,
1352 665 1417 703 cui
1434 664 1566 702 aditus
1581 662 1635 701 ad

172 719 382 772 imperium
410 719 489 758 hoc
514 721 622 760 sacto
649 719 839 774 patuerit)
865 720 984 759 etiam
1013 721 1317 760 fundamentum
1343 720 1454 759 aliud
1474 719 1635 772 Pachy-

174 789 300 815 meres
329 777 533 848 suggerit,
557 791 597 829 p.
618 777 671 820 55
692 791 732 818 v.
759 781 785 820 3
825 777 867 815 in
901 776 1012 816 hunc
1050 778 1214 816 modum
1258 777 1452 816 scribens:
1502 776 1639 817 αἰτίαν

174 830 220 873 δὲ
249 831 360 884 ἔσχεν
383 833 441 881 εἰς
458 835 598 884 τοῦτο,
636 849 691 882 ως
710 830 734 876 ὅ
752 848 834 874 των
862 837 1021 875 πολλῶν
1049 831 1166 904 λόγος
1192 834 1290 886 ἔχει,
1322 832 1346 875 ὁ
1375 848 1530 875 τουτων
1563 834 1638 898 τῇς

175 884 383 960 φάλαγγος
417 885 682 943 ἐξηγουμενος
700 919 711 937 ,
761 887 806 938 ὃς
832 889 901 931 καὶ
931 887 1056 931 πάλαι,
1082 888 1162 958 μὲν
1180 889 1439 943 ωρμημένους
1473 884 1635 937 αὐτούς,

172 941 263 985 τότε
283 942 326 985 δ’
350 945 599 997 ἐξαφθέντας
617 944 740 987 πλέον
759 942 980 995 ἅνεθέντας
1007 949 1083 988 τοῦ
1088 942 1262 1011 φόβου,
1292 962 1360 987 και
1378 946 1642 1012 δρασείονταςι

173 1016 224 1041 τα
245 996 465 1053 ἀνήκεστα,
493 1001 535 1051 ἐξ
561 1001 722 1069 ἑτοίμου
749 998 912 1054 ἠρέθισε
940 1000 1013 1044 τᾶν
1043 998 1173 1054 φόνον
1185 1002 1467 1071 ἐπιτολμῆσοα
1487 998 1636 1070 καιρὸν

174 1056 348 1124 ἔχοντας.
404 1057 474 1099 καὶ
502 1057 524 1099 ὃ
540 1054 657 1111 λόγος
675 1058 719 1100 ἐκ
739 1060 822 1098 τῶν
837 1056 1006 1125 ὕστερον
1024 1057 1154 1126 φέρει
1153 1055 1198 1099 τὸ
1218 1056 1418 1099 πιθανόν·
1438 1053 1542 1098 οὐδὲ
1555 1054 1637 1126 γοῖρ

171 1109 350 1165 ἐτόλμων
364 1141 376 1161 ,
406 1113 442 1154 εἰ
461 1109 518 1167 μή
539 1128 652 1163 τινας
675 1110 938 1167 προβιβάσας
966 1111 1097 1166 εἶχον,
1127 1110 1403 1163 οἷλλοεθνεῐς”
1379 1129 1490 1162 οντες
1505 1112 1574 1153 καὶ
1590 1109 1635 1155 τὰ

172 1167 294 1210 πλέον
320 1165 514 1221 ἐπήλυδες
544 1176 620 1209 etc.
677 1184 777 1222 quae
801 1170 1021 1222 significant
1045 1171 1237 1209 iactatum
1267 1170 1346 1209 iam
1373 1177 1461 1209 tum
1480 1171 1635 1208 arcanis

171 1225 344 1264 susurris
361 1226 663 1278 plerorumque,
695 1227 854 1265 caedem
873 1227 913 1265 M
917 1227 1125 1266 naalonum
1142 1227 1190 1265 ab
1207 1227 1344 1265 Italica
1361 1227 1532 1264 maxime
1556 1225 1636 1263 mi-

171 1281 258 1320 litia
273 1288 472 1333 patratam
494 1282 606 1321 haud
620 1283 703 1321 sine
721 1283 959 1321 conscientia
987 1289 1029 1321 et
1046 1283 1168 1322 tacito
1192 1283 1365 1335 impulsu
1382 1282 1492 1321 (lucis
1513 1281 1634 1320 huius

171 1339 322 1389 generis
342 1339 515 1377 militum
537 1339 668 1379 videri
687 1345 936 1380 attentatam.
966 1353 1048 1378 non
1066 1340 1121 1378 ait
1138 1339 1206 1378 11ἱο
1225 1339 1384 1390 quidem
1400 1338 1635 1377 nominatim

174 1394 261 1444 quis
277 1394 353 1433 iste
374 1395 460 1434 dux
475 1395 608 1435 suerit.
663 1396 733 1435 sed
759 1395 939 1447 superius
959 1410 997 1448 p.
1020 1399 1071 1438 21
1093 1408 1133 1435 v.
1153 1399 1179 1437 3
1208 1395 1287 1434 iam
1303 1395 1460 1434 dixerat
1480 1394 1636 1435 italicas

173 1463 308 1488 omnes
337 1452 467 1504 copias
495 1451 676 1492 Michaeli
694 1449 957 1503 Palaeologo,
993 1458 1042 1490 ut
1066 1465 1206 1503 magno
1227 1452 1457 1490 conostaulo
1473 1480 1485 1502 ,
1513 1451 1634 1491 fuisse

173 1506 376 1548 subiectas.
434 1508 542 1547 unde
570 1515 727 1548 constat
753 1508 937 1547 hocloco
966 1507 1212 1560 designatum
1232 1507 1482 1557 Michaelem,
1511 1506 1636 1549 tacito

172 1568 306 1602 tamen
325 1564 407 1604 eius
422 1565 581 1604 nomine
595 1593 608 1616 ,
637 1565 690 1606 ad
714 1564 919 1606 vitandam
952 1565 1101 1603 scilicet
1121 1565 1374 1604 offensionem
1405 1563 1638 1617 imperantis

173 1618 327 1660 domus.

286 1712 326 1751 p.
343 1698 398 1742 49
416 1712 455 1739 v.
477 1702 542 1742 10.
599 1702 718 1739 caius
739 1701 879 1739 uxori-5
898 1698 1150 1738 avunculum
1169 1713 1212 1737 se
1231 1700 1477 1737 meminerat.
1535 1710 1637 1736 con-

172 1754 302 1806 iugem
327 1756 617 1808 protovestiarii
641 1757 859 1796 Muzalonis
883 1757 1077 1808 Gregoras
1104 1756 1130 1794 l.
1154 1758 1179 1797 3
1206 1769 1243 1808 p.
1266 1758 1321 1798 29
1348 1755 1473 1794 solum
1501 1754 1555 1792 ait
1582 1766 1637 1792 ex

173 1811 433 1862 imperatorio
459 1826 599 1864 genere
619 1813 755 1852 fuisse:
782 1819 936 1864 gentem
957 1826 1038 1851 non
1058 1812 1256 1863 exprimit.
1315 1811 1538 1862 diligentius
1558 1823 1637 1849 no·-

174 1872 257 1906 ster
275 1867 355 1906 iam
375 1870 554 1921 superius
582 1883 620 1921 p.
640 1869 695 1912 24
713 1883 753 1909 v.
775 1874 796 1911 1
826 1870 1035 1921 scripserat
1056 1869 1173 1906 fuisse
1194 1868 1300 1906 illam
1322 1869 1636 1906 Cantacuzenam

175 1936 227 1962 ex
260 1930 395 1977 patre,
422 1925 621 1964 Michaelis
643 1925 860 1977 Palaeologi
882 1938 1017 1964 sorore
1042 1925 1233 1976 genitam,
1264 1924 1422 1962 nomine
1448 1923 1637 1961 Theodo-

173 1993 271 2020 ram.
326 1994 421 2021 vere
442 1995 533 2033 ergo
553 1981 689 2021 scribit
705 1988 837 2022 noster
856 1987 897 2020 et
916 1981 982 2020 hic
1001 1987 1042 2019 et
1059 1981 1131 2019 sub
1148 1982 1267 2019 finem
1286 1995 1324 2032 p.
1345 1984 1401 2024 62
1419 1993 1461 2019 v.
1479 1982 1534 2022 20
1555 1979 1635 2017 Mi-

174 2035 350 2075 chaelem
364 2038 634 2090 Palaeologum
650 2043 787 2088 θεῖον,
814 2037 893 2076 1100
911 2044 970 2077 est
988 2038 1228 2076 avunculum
1247 2038 1365 2075 fuisse
1381 2035 1519 2075 uxoris
1537 2035 1633 2073 Mu-
1699 2062 1704 2069 -

175 2093 334 2132 zalonis.
390 2108 626 2146 quamquam
654 2095 750 2133 mihi
778 2095 1033 2146 posteriorem
1051 2094 1182 2131 locum
1203 2092 1480 2143 interpretanti
1497 2090 1632 2142 patrui

177 2148 415 2188 vocabulum
435 2165 508 2201 pro
525 2151 722 2192 avunculo
740 2150 891 2190 excidit
900 2164 913 2201 3
941 2149 1049 2201 quod
1066 2162 1208 2201 precor
1224 2149 1411 2188 lectorem
1434 2160 1485 2187 ne
1505 2146 1633 2186 corri-

173 2216 264 2257 gere
285 2211 486 2257 gravetur.

290 2297 330 2335 Ρ.
349 2284 404 2326 50
423 2297 465 2323 v.
485 2287 549 2326 10.
606 2285 665 2323 ibi
679 2283 839 2336 fatali-5·
854 2286 1068 2324 necessitas
1087 2296 1254 2322 causam
1273 2281 1460 2322 absolvit.
1516 2293 1632 2320 men-

177 2339 236 2377 tio
254 2338 322 2378 hic
338 2340 466 2379 fatalis
484 2342 722 2379 necessitatis
739 2342 792 2380 ad
809 2342 948 2381 mortis
964 2340 1228 2379 inevitabilem
1244 2338 1518 2378 certitudinem
1536 2351 1632 2388 per-

178 2395 303 2445 tinet,
332 2409 414 2434 non
443 2402 597 2446 autem,
626 2398 789 2449 opinor,
818 2398 870 2436 ad
899 2397 1154 2436 astruendum
1172 2395 1334 2447 impium
1353 2395 1492 2446 dogma
1509 2394 1633 2432 liber-

178 2458 302 2490 tatem
331 2452 500 2502 arbitrii,
529 2466 645 2503 quam
665 2454 844 2492 doctrina
862 2453 1061 2492 catholica
1080 2452 1183 2491 tueri
1203 2452 1334 2501 iubet,
1365 2451 1633 2490 exterminans

177 2521 382 2560 perperam
410 2515 555 2561 asserta
578 2523 785 2548 causarum
803 2516 1051 2550 aeternarum
1070 2509 1186 2548 obvia
1206 2521 1382 2560 quaeque
1397 2507 1633 2546 ineluctabi-

177 2564 271 2602 liter
286 2564 522 2615 rapientium
542 2565 688 2604 invicta
709 2566 879 2616 quadam
897 2566 949 2604 vi.
1007 2566 1040 2604 si
1067 2571 1197 2604 tamen
1216 2564 1282 2603 hic
1303 2570 1374 2603 aut
1390 2563 1480 2602 alibi
1498 2570 1633 2602 noster

179 2619 392 2659 historicus
423 2627 492 2659 aut
520 2621 601 2672 ipse
629 2622 800 2660 affirmat
823 2621 1024 2674 quidpiam
1045 2627 1114 2660 aut
1134 2621 1230 2660 alios
1250 2621 1397 2661 aientes
1415 2621 1536 2659 refert
1551 2647 1562 2666 ,
1591 2618 1634 2655 in

181 2689 260 2726 quo
280 2677 361 2715 eius
379 2677 588 2729 proscripti
605 2678 653 2715 ab
673 2678 831 2716 ecclesia
850 2679 994 2716 erroris
1011 2677 1214 2728 vestigium
1235 2676 1396 2728 aliquod
1412 2674 1634 2727 deprehen.-

181 2732 323 2779 datur,
352 2733 570 2772 meminerit
593 2733 718 2772 lector
735 2734 959 2773 catholicus
978 2734 1076 2773 nihil
1096 2734 1365 2785 praeiudicare
1396 2737 1534 2771 contra
1563 2743 1634 2768 or-

180 2787 398 2828 thodoxam
416 2790 619 2830 veritatem
641 2791 832 2841 quaslibet
849 2790 1185 2829 schismaticorum
1204 2790 1417 2841 opiniones.
1472 2799 1566 2825 nam
1584 2791 1631 2825 ut

179 2844 222 2882 in
244 2845 485 2897 praefatione
505 2847 845 2902 praemonuimus,
869 2847 934 2886 hic
955 2847 1125 2900 scriptor
1146 2846 1415 2886 schismaticus
1436 2849 1507 2882 est.
