1846 3262
396 184 472 227 DE
506 183 785 227 MICHAELE
819 183 1194 229 PALAEOLOGO
1228 185 1276 227 L.
1310 183 1347 228 Ι.
1537 183 1601 228 25

137 297 352 341 ἀκίνδυνον
372 299 503 354 με’νειν
515 333 528 353 ,
557 299 656 343 ἀλλ’
687 298 991 354 αὐτομολητὲον
1016 299 1119 354 πρὸς
1148 298 1317 356 Πέρσας
1333 300 1400 341 καὶ
1421 296 1606 355 ἀμφοτέ-

138 384 238 424 ροις,
275 367 316 410 εἶ’
329 384 394 411 σοι
414 369 522 423 με’λει
541 374 623 412 τῶν
643 369 916 426 ὄφθαλμῶν.”
959 373 1092 411 ταῦτα
1114 369 1229 424 λέγει,
1258 370 1324 411 καὶ
1346 369 1477 411 πείθει
1502 370 1608 422 πλη-

137 441 330 494 ροφορῶν
358 440 478 495 φίλος
511 437 567 482 ὢν
598 438 668 482 τὸν
696 438 757 481 ἀεὶ
785 439 873 493 περὶ
905 435 1037 496 ἑαυτῷ
1057 436 1219 480 δεδιότα
1244 437 1311 479 διὰ
1331 437 1406 492 τὴν
1423 435 1598 492 ὖποτρὲ-
1622 439 1656 474 E

132 523 292 560 χουσαν
313 512 386 561 τῆς
409 507 538 563 ἀρχῆς
557 505 758 561 ὑποψίαν.
812 507 907 550 οὐδὲ
927 506 1006 562 γὰρ
1027 506 1124 549 οὐδὲ
1146 506 1216 549 τὸν
1238 511 1353 548 θεῖον
1379 503 1528 549 τούτου
1551 506 1608 554 εἷς

104 575 263 632 ὄμὲγαν
276 575 578 633 χαρτουλάριον
596 575 850 632 τεταγμένον,
889 573 1372 631 ΠαλαιολόγονΜιχαὴλ
1393 577 1458 618 καὶ
1483 574 1610 618 αὐτὸν

138 642 367 698 ἀκούοντα,
407 646 620 689 ἀκίνδυνον
650 645 710 688 εἷὀι
744 643 771 699 ἡ
789 643 974 700 ὖποψιά,
1014 644 1119 687 ἀλλὰ
1150 646 1240 699 περὶ
1264 649 1337 700 τῆς
1359 644 1486 701 ἀρχῆς
1507 645 1612 699 ε’ρω-

137 714 319 769 τηθὲντα
350 713 556 765 ἁπλοϊκῶς
582 711 710 772 φάναι
751 715 906 771 λέγεται
941 712 996 764 ὥς
1025 716 1060 757 εἲ
1087 711 1391 768 κεχρεώστηταί
1418 731 1475 771 τῳ
1507 712 1612 770 πρὸς

138 787 243 826 θεοῦ
264 784 310 827 τὸ
333 783 477 840 ἄρξαι,
516 782 793 834 ἇνυπαίτιοςὸ
817 782 1089 838 καλούμενος·
1123 777 1170 826 οὗ
1193 783 1244 838 δὴ
1261 781 1383 839 χάριν
1403 785 1469 825 καὶ
1495 799 1611 837 νεμε-
1635 787 1676 824 Ρ.
1704 786 1748 822 13

139 850 284 908 orm-239
305 852 392 896 οἷον
419 853 531 908 παρὰ
560 857 635 897 τοῦ
659 857 929 909 κρατοῦντος,
973 855 1008 896 εἷ
1027 857 1211 902 τοιοῦτος
1240 850 1295 895 ὢν
1317 850 1520 902 τοιούτοις
1539 851 1615 907 μεέ

86 927 129 960 10
142 924 316 978 τεωρίζει
339 922 410 966 τὸν
429 926 546 975 νοῦν,
578 927 627 979 τῇ
646 926 809 980 φυλακῇ
831 925 990 965 δίδοται
1011 923 1187 976 δέσμιος.
1258 918 1350 966 τότε
1373 923 1509 964 τοίνυν
1528 939 1614 975 μα-

141 991 234 1034 θών
258 993 325 1034 καὶ
345 990 401 1041 ὥς
418 991 523 1042 εἰκὸς
541 993 704 1044 δείσας,
742 993 776 1034 εἰ
795 992 926 1046 μένων
950 993 1024 1046 μὲν
1049 989 1296 1044 κινδυνεύοι,
1328 991 1459 1034 δεινὸν
1478 988 1611 1046 ἡγεῖτο

140 1062 207 1103 καὶ
229 1062 321 1104 λίαν
353 1058 543 1114 ἐλεεινόν,
580 1061 628 1104 τὸ
649 1057 700 1103 μδ’
727 1061 968 1115 αὐτομολεῖν
999 1056 1124 1111 αὖθις
1142 1060 1243 1115 πρὸς
1267 1059 1508 1117 ἀλλοτρίους
1527 1077 1614 1102 σω-

140 1128 282 1188 τήριον
309 1131 383 1186 μέν
416 1130 515 1173 ἀλλ’
546 1131 755 1185 ἔπίμωμον
782 1130 922 1186 ἔκρινε.
994 1130 1095 1180 τέως
1126 1131 1170 1172 δὲ
1193 1132 1308 1172 δυοῖν
1337 1129 1614 1185 νομιζομένων

141 1207 303 1253 κακοῖν,
340 1204 415 1243 τοῦ
437 1196 573 1256 φόβου
602 1200 922 1257 προστεθέντος,
957 1200 1128 1257 αἱρεῖται
1155 1198 1394 1246 τοῦλαττον.
1464 1200 1532 1242 καὶ
1557 1197 1606 1253 δὴ
1631 1202 1662 1237 Β

88 1269 130 1304 15
145 1270 187 1313 ἐκ
203 1273 391 1321 πολλῶν,
430 1267 485 1318 ὥς
506 1267 607 1324 εἶχε,
646 1268 1044 1325 προμηθευσάμενος
1065 1268 1110 1312 τὸ
1132 1266 1378 1326 ἄφώρατον,
1420 1272 1615 1324 παραλα-

141 1338 228 1394 βὼν
263 1339 335 1381 καί
360 1355 474 1388 τινας
508 1343 592 1381 τῶν
616 1340 772 1382 οἰκείων
802 1341 867 1382 καὶ
887 1338 958 1382 τὸν
976 1338 1164 1393 ποταμὸν
1184 1339 1428 1395 περαιωθεὶς
1449 1335 1617 1394 Σάγγα-

143 1425 230 1465 ριν,
261 1407 335 1463 τὴν
357 1406 461 1450 εὐθὺ
486 1408 694 1463 Περσίδος
714 1407 794 1450 ἀνὰ
817 1406 966 1464 κράτος
990 1408 1090 1450 ἵεται
1120 1408 1185 1450 καὶ
1208 1412 1265 1466 τῷ
1285 1405 1463 1450 σουλτᾶν
1483 1423 1616 1463 προσ-

140 1484 276 1534 χωρεῖ’.
327 1474 348 1520 ὃ
381 1476 425 1519 δ’
457 1475 643 1531 ἀσμένως
672 1476 828 1531 δέχεται
853 1481 1000 1520 τοῦτον
1030 1477 1096 1519 καὶ
1128 1481 1226 1536 τιμᾷ
1245 1483 1328 1527 τοῖς
1348 1473 1615 1532 προσήκουσι.

143 1546 244 1596 τέως
267 1546 315 1588 δέ
330 1562 372 1602 γε
392 1545 467 1588 κάν
491 1549 541 1602 τῇ
563 1545 778 1602 ἀλλοδαπῇ
802 1547 996 1600 σημαίαις
1014 1549 1246 1599 βασιλικαῖς
1275 1542 1618 1600 παραταξάμενος

88 1615 220 1658 ΞΟσῧν
240 1616 405 1664 ἐκείνοις
433 1615 539 1657 κατὰ
569 1619 651 1656 τῶν
678 1615 842 1669 ἐχθρῶν
872 1619 946 1657 τοῦ
973 1613 1152 1658 σουλτιὶν
1179 1613 1403 1671 ἀριστεύει,
1441 1613 1514 1656 τὸν
1533 1617 1616 1666 βα-

145 1684 258 1727 σιλέα
270 1717 283 1736 ,
319 1683 360 1726 εἶ’
381 1701 460 1726 που
491 1681 661 1726 ἀκούσοι
676 1715 688 1734 ,
732 1684 922 1726 ἐντεῦθεν
942 1680 1304 1738 ε’κμειλισσόμενος.
1375 1680 1461 1725 εἶτα
1482 1699 1609 1735 μετα·
1636 1688 1666 1722 C

143 1754 362 1809 μεληθείς,
399 1749 485 1795 οἷον
523 1754 591 1795 καὶ
622 1754 910 1810 παλινδρομεῖν
946 1749 1293 1811 προαιρούμενος,
1339 1755 1399 1812 τῷ
1425 1748 1634 1807 τηνικάδε

144 1928 241 1953 mora
265 1921 340 1960 est,
374 1929 490 1952 verum
514 1917 809 1964 transfugiendum
840 1918 884 1954 ad
919 1919 1044 1955 Persas
1075 1918 1206 1964 pariter
1229 1918 1370 1964 utrique
1390 1921 1562 1959 nostrum,
1586 1917 1616 1953 si

145 1965 318 1999 oculorum
341 1976 424 1998 cura
447 1964 512 1999 tibi
536 1964 626 2000 est.'’
672 1965 757 1999 haec
781 1965 858 2007 ille3
894 1978 984 2012 quae
1014 1966 1119 2002 facile
1143 1966 1319 2011 persuasit
1343 1965 1470 1999 amicus
1495 1966 1617 2006 amico,

145 2010 213 2046 sibi
237 2021 372 2056 semper
393 2010 526 2045 timenti
558 2014 700 2056 propter
722 2013 806 2046 clam
838 2020 1052 2057 grassantem
1075 2013 1118 2046 de
1150 2024 1189 2047 se
1211 2011 1439 2057 suspicionem
1461 2010 1617 2046 affectati

144 2057 290 2103 imperii.
338 2068 413 2091 nam
439 2069 482 2092 ne
507 2062 664 2101 patruum
698 2059 834 2103 quidem
858 2059 932 2094 eius
962 2059 996 2094 in
1020 2070 1174 2102 magnum
1207 2057 1447 2094 chartularium
1471 2063 1616 2103 coopta-

146 2111 237 2144 tum,
261 2102 322 2148 qui
346 2109 382 2138 et
404 2103 481 2148 ipse
505 2104 653 2138 Michaei
678 2104 905 2150 Palaeoiogus
938 2106 1143 2146 vocabatur,
1175 2104 1249 2139 sine
1273 2104 1424 2150 periculo
1448 2115 1527 2138 esse
1551 2115 1615 2149 pa·

146 2149 298 2184 tiebatur
321 2149 483 2195 suspicio.
530 2162 606 2184 cum
639 2150 726 2185 enim
751 2150 782 2185 is
813 2151 1044 2197 interrogatus
1068 2152 1111 2185 de
1133 2151 1276 2196 imperio
1300 2150 1445 2185 candide
1468 2161 1615 2195 respon-

147 2195 240 2230 disse
274 2195 466 2238 diceretur,
501 2196 530 2230 si
568 2195 622 2231 cui
646 2197 808 2231 divinitus
832 2198 1038 2242 deberetur,
1071 2197 1164 2232 illum
1189 2198 1324 2243 impune
1347 2208 1529 2242 capessere
1555 2196 1615 2241 qui

146 2246 351 2283 vocaretur,
384 2253 424 2276 eo
457 2242 550 2277 dicto
582 2243 692 2279 relato
726 2243 856 2278 invisus
881 2256 1070 2290 exosusque
1093 2244 1315 2290 imperatori,
1348 2255 1419 2277 rem
1442 2243 1616 2287 indignam

147 2299 211 2322 nec
233 2288 412 2322 ferendam
436 2288 603 2323 arbitrato
628 2290 730 2324 talem
762 2291 872 2325 virum
896 2291 930 2325 in
955 2291 1118 2325 eiusmodi
1143 2290 1370 2335 cogitationes
1393 2294 1536 2324 mentem
1562 2295 1618 2323 at·-

146 2333 293 2376 tollere,
325 2334 503 2369 custodiae
537 2335 670 2369 vinctus
703 2337 862 2371 traditur.
910 2338 1034 2383 quibus
1057 2337 1116 2371 ine
1140 2336 1285 2377 auditis,
1309 2336 1442 2382 sibique
1466 2347 1533 2370 non
1557 2335 1617 2369 im-

145 2378 267 2414 merito
289 2386 454 2422 metuens,
483 2380 560 2415 hinc
585 2381 718 2426 quidem
743 2395 853 2427 grave
876 2387 913 2418 et
936 2395 1099 2429 perquam
1123 2383 1350 2418 miserandum
1376 2383 1520 2427 putabat
1543 2392 1617 2415 cum

146 2429 243 2461 tanto
267 2426 422 2472 periculo
446 2438 642 2469 remanere,
665 2428 743 2463 inde
768 2440 851 2464 vero
875 2430 919 2465 ad
943 2435 1103 2465 externos
1127 2430 1343 2474 transfugere
1365 2429 1516 2463 salutare
1539 2428 1618 2473 qui-

147 2472 244 2515 dem,
276 2473 320 2507 ad
353 2474 552 2518 probrosum
590 2474 778 2509 iudicabat.
826 2488 934 2522 quare
969 2487 1042 2510 cum
1077 2482 1258 2521 utrumque
1280 2475 1399 2510 malum
1425 2474 1613 2516 videretur,

145 2523 289 2563 urgente
320 2519 364 2554 ad
395 2520 588 2564 eligendum
612 2521 753 2555 alteru·
792 2522 944 2567 periculo
975 2523 1171 2567 praesenti,
1195 2521 1286 2567 quod
1310 2522 1418 2556 minus
1441 2533 1461 2555 e
1484 2521 1618 2555 duobus

146 2569 201 2600 est
224 2564 334 2599 visum
357 2566 506 2612 optavit.
550 2567 667 2611 itaque
690 2567 795 2602 multa
818 2567 973 2602 adhibita
996 2569 1041 2603 ad
1065 2568 1236 2603 latendum
1261 2567 1451 2602 attentione
1474 2579 1516 2601 ac
1539 2566 1618 2600 dili-

146 2610 265 2655 gentia
281 2637 291 2652 ‚
316 2612 528 2658 adscitisque
551 2612 752 2658 quibusdam
778 2626 797 2648 e
821 2614 1057 2657 familiaribus,
1082 2614 1281 2649 transmisso
1305 2614 1443 2648 flumine
1466 2611 1618 2657 Sangari

146 2662 245 2691 recta
266 2657 301 2691 in
326 2658 502 2693 Persidem
522 2659 652 2704 magnis
675 2660 854 2695 contendit
874 2660 1070 2703 itineribus,
1093 2661 1338 2705 Sultanemque
1359 2659 1531 2700 convenit,
1555 2657 1617 2703 qui

145 2701 314 2738 hominem
337 2715 410 2738 cum
434 2705 562 2750 gaudio
587 2710 622 2739 et
645 2707 767 2750 quibus
791 2718 855 2752 par
887 2712 962 2741 erat
991 2707 1176 2742 honoribus
1201 2706 1344 2751 excipit.
1391 2706 1455 2740 hoc
1478 2704 1616 2740 interim

145 2748 260 2792 spatio
285 2749 376 2795 apud
402 2757 540 2786 exteros
564 2752 629 2785 sub
665 2751 771 2796 regiis
795 2752 928 2787 vexillis
953 2764 1027 2788 cum
1052 2753 1208 2787 hostibus
1232 2752 1388 2787 Sultanis
1412 2760 1619 2795 congressus

145 2793 332 2830 fortissime
362 2806 399 2831 se
430 2797 540 2841 gerit,
573 2797 812 2842 imperatorem
836 2798 938 2840 inde,
977 2799 1008 2833 si
1031 2800 1124 2834 forte
1147 2798 1304 2842 audiret,
1338 2797 1403 2832 sibi
1431 2797 1619 2831 concilian-

146 2839 223 2875 dum
244 2846 305 2876 aut
330 2843 450 2878 saltem
473 2843 700 2879 deliniendum
723 2855 880 2891 sperans.
925 2844 1006 2880 inde
1024 2846 1135 2892 palam
1152 2845 1333 2892 poenitens
1355 2842 1553 2889 transfugii,
1576 2853 1618 2878 ac
