1884 3262
278 177 378 225 464
696 176 931 221 GEORGII
964 176 1309 221 PACHYMERIS

226 300 258 334 D
284 288 513 346 ἀνηκόντων
543 284 694 335 εῗδότες
727 289 793 329 καὶ
826 287 891 330 διὰ
922 292 1053 331 ταῦτα
1082 289 1253 338 ἐκείνόυς
1275 286 1451 339 ἐκτόπως
1473 285 1731 344 ἀποστρεφό-

276 376 409 414 μενοι,
449 358 514 398 καὶ
547 355 598 398 τὰ
627 355 740 410 παρὰ
773 363 859 405 τοῖς
887 354 1094 412 ἡμετέροις
1121 354 1410 410 ἐβδελύσσοντο
1434 356 1526 413 ἅγια
1545 358 1610 399 καὶ
1629 373 1730 412 κρη-

274 433 389 480 μνοῖς
412 426 478 466 καὶ
501 430 698 478 ποταμοῖς
717 425 783 466 καὶ
801 423 933 480 ι’)’ρεσιν
954 427 1112 467 ἐδίδουν
1134 423 1188 474 ὥς
1205 425 1331 479 μηδὲν
1350 424 1448 468 ὄντα
1467 426 1594 478 τίμια,
1630 423 1730 466 κάν-

275 498 421 536 τεῦθεν
445 490 620 535 ἐκώλυον
642 492 694 534 τοὶ
715 496 788 547 τῆς
808 494 1000 544 πίστεως,
1040 491 1317 546 ἀναλαμβάνει
1339 494 1456 547 ζῆλον
1478 491 1499 535 ὁ
1521 489 1726 546 βασιλεύς,

276 564 343 604 καὶ
375 559 531 610 πάντας
565 558 807 611 ἐπισκόπους
835 565 1121 616 προσκαλεῖται
1143 563 1208 602 καὶ
1229 558 1457 615 μοναχούς,
1493 559 1577 603 ἔστι
1610 560 1655 602 δ’
1677 553 1761 606 οὗὸ

278 631 351 672 καί
375 646 487 678 τινας
516 633 597 671 τῶν
629 630 896 683 σχιζομένων,
935 629 1038 684 πλὴν
1067 629 1133 671 ἐπ’
1158 629 1361 688 ἀσφαλείᾳ
1380 629 1635 684 περιφανεῖς,
1673 622 1730 670 ὧν

227 706 259 739 Ε
284 697 340 747 εἷς
358 693 407 753 ἦν
429 699 495 739 καὶ
516 695 536 739 ὅ
558 697 598 738 ἐν
621 704 842 752 φρυγανοῖς
862 696 1045 747 Ἀκάκιος
1070 699 1136 755 καὶ
1156 695 1176 739 ὅ
1196 696 1392 752 μαθητὴς
1421 696 1548 742 αὐτοῦ
1567 699 1731 752 Γερμα-

281 767 352 816 νός
372 767 436 808 καὶ
457 769 587 807 λοιποὶ
607 769 809 818 πλεῖστοι,
845 767 910 808 καὶ
932 767 1057 820 μέσον
1086 765 1222 808 αὐτῶν
1245 767 1432 818 ἵσταται,
1470 765 1537 807 καὶ
1563 767 1729 806 καθικε-

278 834 383 878 τεύει
416 836 458 876 ἐκ
489 838 570 876 τῶν
604 832 821 888 ἰχνηλάτου
857 838 1169 889 παραβολικῶν,
1203 837 1278 876 τοῦ
1304 833 1360 888 μὴ
1390 836 1609 888 προλαβεῖν
1633 831 1732 879 τούς

280 902 584 955 ἐπιτιθεμένους
603 900 859 957 ἀργούντων,
891 901 946 952 ὥς
965 904 1030 945 καὶ
1051 901 1226 951 πολλοὺς
1243 898 1526 955 μνημονεύειν,
1558 899 1662 942 κατὰ
1682 898 1728 942 τὸ
1742 909 1786 947 10

281 969 519 1027 πρόσφορον
560 968 948 1026 προοιμιασάμενος,
995 970 1053 1024 μὴ
1092 972 1274 1024 παριδεῖν
1310 967 1621 1011 κινδυνεύουσαν
1656 967 1731 1022 τὴν

282 1040 508 1093 θρησκείαν
526 1070 538 1089 ,
591 1039 696 1092 μηδὲ
735 1037 909 1092 σχήματι
957 1038 1159 1090 εὐσεβείας
1202 1035 1475 1093 προδιδόμενα
1520 1035 1573 1079 τὰ
1618 1036 1732 1089 τίμια

281 1108 382 1163 παρ’
414 1107 531 1149 οὐδὲν
559 1108 778 1158 τίθεσθαι,
814 1106 908 1148 ἀλλ’
943 1104 1105 1160 ἀμύνειν
1135 1107 1256 1148 παντὶ
1285 1103 1423 1162 τρόπῳ
1452 1111 1536 1153 τοῖς
1567 1108 1640 1158 τῆς
1665 1104 1731 1145 ἐκ·

139 1181 169 1216 Ρ
191 1182 259 1217 318
283 1176 451 1230 κλησίας
483 1179 667 1227 θεσμοῖς.
737 1173 837 1216 εἶναι
859 1174 936 1231 γὰρ
965 1172 1141 1230 μεγάλην
1170 1173 1311 1225 ἀνίαν,
1347 1171 1396 1226 ἢν
1418 1170 1485 1214 διά
1505 1189 1544 1214 τι
1565 1188 1732 1228 παρεισ-

280 1248 446 1301 φρῆσοιν
471 1242 565 1284 κατ’
591 1243 822 1295 οῗκονομίαν
843 1247 924 1284 τῶν
941 1242 996 1297 μὴ
1023 1240 1216 1295 συνήθων
1227 1273 1240 1293 ,
1276 1238 1451 1295 ἀνάγκης
1469 1236 1728 1296 παραπεσού-
1741 1247 1784 1283 15

281 1329 380 1366 σης,
420 1310 536 1353 αὐτοὶ
556 1314 627 1364 τῆς
648 1311 858 1364 ἐκκλησίας
879 1310 1203 1359 ἀποστατοῦντες
1225 1308 1299 1363 οὐχ
1316 1308 1424 1357 ὅπως
1442 1307 1488 1350 τὸ
1507 1307 1565 1362 μὴ
1585 1309 1732 1350 δοκοῦν

280 1377 552 1437 φυλάττοιντο
575 1380 690 1434 σφίσι
711 1378 814 1420 καθ’
838 1376 986 1427 αὑτούς
997 1410 1009 1430 ,
1049 1377 1152 1420 ἀλλὰ
1173 1378 1239 1419 καὶ
1258 1374 1406 1431 νόμους
1425 1376 1635 1431 ἐκκλησίας
1650 1393 1733 1417 πα-

281 1445 443 1506 ραλύειν
462 1450 643 1506 τολμῷεν
654 1479 669 1500 ,
707 1440 763 1490 ὧν
784 1453 869 1496 τοῖς
890 1443 1145 1502 τολμήμασιν
1161 1443 1205 1488 (ἐν
1223 1442 1348 1501 μόνον
1368 1443 1491 1487 κακὸν
1514 1444 1650 1497 λείπει,
1684 1442 1732 1486 τὸ

283 1578 459 1625 republica
480 1578 704 1612 versabantur
726 1580 840 1612 notum
863 1577 1047 1619 haberent,
1078 1588 1177 1623 quam
1200 1575 1228 1610 si
1250 1574 1388 1621 quercei
1410 1573 1543 1619 stipites
1566 1576 1626 1607 aut
1645 1572 1733 1618 lapi-

281 1627 367 1660 deae
391 1624 492 1658 moles
516 1627 649 1665 essent,
690 1635 731 1658 ea
761 1625 836 1668 ipsa
858 1624 1053 1665 ignorantia
1073 1623 1108 1657 in
1133 1622 1385 1667 superciliosum
1407 1620 1488 1654 elati
1509 1623 1732 1664 contemptum

283 1683 358 1706 cum
382 1669 521 1704 Latinos
546 1669 640 1715 ipsos
663 1669 939 1715 impotentissime
961 1670 1218 1710 aversabantur,
1238 1673 1309 1701 tum
1333 1670 1450 1701 nostra
1472 1665 1618 1711 ipsorum
1634 1675 1734 1698 sacra

283 1720 362 1762 post
393 1716 554 1750 sancitam
587 1727 722 1760 pacem,
755 1716 853 1760 quasi
887 1715 1088 1749 admissione
1121 1713 1356 1758 consortioque
1389 1712 1585 1746 Latinorum
1618 1711 1732 1756 profa-

284 1768 367 1796 nata
390 1761 602 1805 pollutaque,
626 1773 692 1795 non
713 1762 918 1795 verebantur
940 1761 1110 1801 execrari,
1134 1761 1301 1794 devovere
1325 1758 1427 1799 diris,
1449 1762 1484 1791 et
1507 1757 1618 1801 (quae
1638 1759 1736 1789 erant

286 1808 499 1850 blasphemae
516 1807 662 1850 ipsorum
678 1808 807 1851 voces)
831 1806 1038 1852 praecipitiis
1059 1818 1100 1840 ac
1123 1805 1236 1839 fluviis
1260 1807 1582 1850 praeruptorumque
1603 1801 1733 1845 tesquis

285 1853 390 1887 inviis
413 1851 570 1886 montium
596 1852 781 1886 abiicienda
805 1853 1056 1896 abolendaque,
1085 1856 1244 1896 tanquam
1268 1850 1390 1883 nullum
1413 1847 1634 1893 iampriscae
1655 1846 1734 1881 reli·

285 1898 399 1944 gionis
422 1899 523 1931 decus
546 1898 738 1939 servantia,
762 1897 885 1931 dicere.
932 1898 1016 1930 haec
1038 1908 1111 1930 cum
1133 1897 1168 1931 in
1190 1907 1325 1940 gravem
1341 1906 1382 1928 ac
1396 1893 1615 1940 perniciosam
1633 1892 1735 1926 chri-

286 1944 416 1979 stianae
439 1943 519 1976 fidei
537 1943 684 1986 grassari
708 1943 993 1988 perturbationem
1016 1943 1199 1987 imperator
1221 1944 1394 1983 cerneret,
1418 1939 1489 1972 zelo
1513 1949 1575 1983 pro
1589 1937 1735 1981 indigni-

286 1994 360 2024 tate
394 1989 445 2022 rei
480 1994 648 2032 assumpto
662 2013 672 2031 ,
708 1999 820 2022 omnes
843 1988 886 2022 ad
909 2000 946 2022 se
970 1999 1042 2021 cum
1066 1988 1336 2032 episcopostum
1358 1985 1537 2019 monachos
1560 1986 1735 2024 convocat,

288 2041 326 2069 et
353 2035 388 2067 in
418 2034 471 2067 his
500 2035 661 2079 quosdam
690 2034 724 2067 in
755 2037 853 2078 parte
884 2033 1172 2067 schismaticorum
1194 2033 1361 2072 illustres,
1397 2030 1478 2064 data
1498 2028 1582 2074 ipsis
1605 2028 1647 2062 ad
1671 2029 1737 2062 hoc

287 2079 483 2115 securitate.
530 2081 646 2113 horum
669 2089 754 2113 unus
777 2082 850 2112 erat
873 2078 1014 2113 Aeacius
1038 2079 1311 2122 Phryganorum‚
1345 2076 1432 2110 alter
1455 2074 1528 2108 eius
1552 2073 1736 2118 discipulus

288 2128 500 2166 Germanus,
533 2136 673 2170 cumque
697 2125 749 2158 his
773 2124 829 2158 alii
852 2136 985 2170 quoque
1008 2124 1151 2169 plurimi.
1198 2123 1339 2156 istorum
1360 2122 1395 2155 in
1417 2130 1574 2154 consessu
1597 2125 1736 2153 cuncto-

285 2171 513 2206 rumamedius
535 2170 719 2216 imperator
741 2170 851 2204 oravit
873 2181 914 2204 ex
936 2170 1128 2203 Ichnelatae
1146 2167 1371 2209 Parabolicis‚
1396 2166 1489 2200 cuius
1511 2165 1589 2199 libri
1611 2169 1648 2198 et
1669 2164 1736 2200 loci

287 2218 332 2252 ad
358 2218 419 2250 hoc
442 2222 573 2261 tempus
597 2216 775 2261 opportuni
797 2216 975 2261 plerosque
996 2215 1145 2260 ipsorum
1167 2213 1340 2248 recordari
1363 2211 1574 2253 confidebat,
1607 2221 1651 2244 ne
1673 2221 1736 2254 po—

286 2262 355 2296 tius
394 2262 529 2296 mallent
564 2272 665 2295 ruere
701 2261 886 2295 imitatione
922 2260 1232 2306 praefestinantium
1270 2258 1484 2304 impatienter
1512 2256 1547 2289 in
1577 2255 1735 2299 negotiis,

285 2319 386 2353 quam
419 2308 578 2341 adbibere
612 2307 852 2341 cunctatricem
883 2306 1103 2341 cessationem
1133 2306 1282 2340 dantium
1313 2303 1458 2349 spatium
1478 2300 1737 2347 percoquendae

285 2352 475 2387 maturitati
504 2358 696 2398 coeptorum
727 2354 817 2386 lente
850 2352 1091 2397 proficientium
1122 2351 1156 2385 in
1187 2360 1363 2385 successus
1384 2358 1489 2382 seros.
1536 2347 1588 2381 sio
1610 2357 1737 2381 sermo-

287 2410 363 2433 nem
387 2399 578 2442 ingressus,
602 2398 792 2432 obsecravit
815 2402 952 2432 cunctos
976 2397 1035 2443 qui
1060 2397 1221 2440 aderant,
1244 2408 1287 2430 ne
1309 2394 1502 2438 religionem
1524 2392 1738 2437 despicerent

288 2444 555 2490 periclitantem,
579 2455 666 2477 neve
689 2444 790 2478 otiosi
813 2444 940 2489 absque
963 2443 1142 2478 auxiliandi
1164 2454 1246 2476 cura
1266 2440 1382 2475 videre
1405 2438 1629 2480 sustinerent,
1658 2436 1737 2471 dum

289 2489 403 2535 specie
426 2489 790 2534 pietatissanctissima
816 2500 969 2535 quaeque
992 2489 1226 2534 proderentur.
1272 2486 1327 2520 cui
1351 2484 1438 2520 enim
1459 2489 1554 2518 recte
1575 2492 1658 2526 erga
1679 2492 1738 2516 ec-

288 2535 422 2570 clesiam
456 2534 578 2568 affecto
609 2547 675 2568 non
697 2546 834 2579 gravem
858 2546 1041 2569 moerorem
1070 2534 1194 2568 afferat
1217 2537 1383 2566 certorum
1405 2529 1571 2564 hominum
1593 2531 1738 2561 temera·-

288 2581 342 2615 ria
364 2579 557 2626 protervia,
593 2580 650 2624 qui
673 2592 738 2614 non
763 2582 911 2615 ferentes
933 2579 1043 2614 induci
1069 2579 1240 2625 quidpiam
1261 2578 1295 2611 in
1317 2587 1412 2611 usum
1435 2578 1570 2620 praeter
1591 2572 1736 2614 solitum,

288 2636 490 2672 quamquam
513 2636 555 2658 ea
578 2630 612 2658 et
635 2636 782 2660 summae
805 2626 854 2659 rei
877 2626 957 2660 nihil
979 2635 1121 2667 nocens,
1159 2622 1360 2658 necessariis
1382 2618 1602 2655 incidentibus
1625 2617 1737 2651 causis

289 2683 353 2719 per
374 2671 569 2717 prudentem
593 2671 926 2705 accommodationem
946 2672 1039 2706 facta
1060 2669 1234 2704 innovatio
1247 2668 1368 2709 fuerit,
1391 2667 1566 2709 erumpunt
1587 2662 1623 2696 in
1645 2664 1738 2697 feros

291 2721 423 2759 motus,
444 2716 646 2751 rebellantes
668 2716 703 2749 in
726 2717 917 2757 ecclesiam3
943 2722 980 2751 et
1001 2727 1111 2762 neque
1133 2716 1235 2750 istum
1258 2715 1405 2748 furorem
1427 2711 1520 2744 ferro
1539 2710 1658 2742 saltem
1681 2711 1736 2742 ta-

293 2764 396 2797 citum
423 2773 464 2797 ac
499 2765 694 2807 conceptum
730 2761 838 2795 animo
868 2762 956 2797 citra
987 2762 1154 2797 hominum
1178 2758 1414 2795 conscientiam
1433 2759 1552 2800 tegere
1573 2753 1736 2794 volentes,

293 2810 402 2855 palam
434 2806 601 2843 ecclesiae
626 2807 720 2852 leges
751 2806 934 2853 effringere
963 2818 1030 2842 non
1059 2807 1238 2848 dubitant,
1275 2813 1416 2851 quorum
1449 2799 1612 2836 audaciae
1636 2809 1735 2834 unum
