1846 3262
463 228 540 271 DE
574 228 851 273 MICHAELE
881 231 1263 278 PALAEOLOGO
1300 235 1348 279 L.
1382 234 1420 280 Ι.
1613 236 1680 283 67

194 335 303 397 ἦσαν
312 374 326 395 ‚
364 343 431 385 καὶ
453 341 475 387 ὅ
493 341 595 401 ὑπὲρ
617 344 770 388 ἐκείνου
789 344 916 401 λέγων
937 349 1072 388 ταῦτα
1096 340 1382 402 προυβάλλετο
1397 356 1410 369 ·
1445 347 1611 404 παρέχει
1631 350 1678 391 δὲ

194 412 264 453 καὶ
290 410 338 455 τὸ
369 412 476 463 εῗκός
507 413 658 458 ἐννοεῖν
688 413 746 465 ὥς
763 413 948 464 κάκεῖνος
969 413 1015 457 τὸ
1050 418 1220 472 πρᾶγμα
1240 415 1435 464 ποικίλως
1454 419 1674 475 μετεχειρί-

195 481 298 534 ζετο,
338 480 413 525 οὐκ
434 481 595 538 ὀλίγους
614 483 798 527 κλέπτων
815 489 907 533 ταῖς
925 482 1108 538 ἀγαθαῖς
1127 481 1389 537 ὑποσχέσεσι,
1426 486 1495 526 καὶ
1511 490 1673 540 μᾶλλον

194 546 256 599 οἷς
275 550 452 593 ἐκπεσεῖν
473 556 555 595 τῶν
577 550 821 606 ἀξιωμάτων
843 553 995 608 συνέβη
1013 553 1058 595 ἐκ
1075 555 1151 608 τῆς
1178 556 1255 595 τοῦ
1280 555 1427 609 καιροῦ
1451 555 1673 606 δυσκολίας

159 617 240 660 5τό
268 617 482 678 πρότερον.
553 619 575 664 ὅ
598 622 644 664 δὲ
659 619 855 665 ὖπελθεΐν
878 623 955 677 μὲν
984 621 1062 677 τὴν
1081 622 1286 678 φροντίδα
1311 622 1441 677 μηδὲν
1460 622 1670 680 μελλήσας
1695 639 1723 674 P
1746 641 1791 676 39

190 688 377 731 κατένευε
385 722 400 742 ,
434 689 557 746 πένης
574 689 631 733 ὢν
650 693 719 733 καὶ
739 692 870 747 μηδὲν
887 690 989 747 ἔχων
1008 690 1115 734 κατὰ
1131 689 1181 733 τὸ
1202 691 1355 746 μέτρον
1378 694 1454 733 τοῦ
1483 691 1671 749 ἀξιώμα-

190 759 263 806 τος
287 757 599 816 φιλοτιμότερον
627 761 794 820 διαζῆν·
841 758 898 810 ὥς
922 760 974 804 ἂν
1003 761 1050 803 δὲ
1073 757 1132 816 μὴ
1162 760 1304 814 δοκοίη
1334 763 1394 818 τῷ
1424 760 1469 810 ἐξ
1502 760 1668 817 ἑτοίμου

188 825 416 881 λαμβάνειν
429 826 552 885 χάριν
572 835 658 879 τοῖς
681 828 928 885 παρέχουσιν
954 829 1079 885 ἔχειν,
1117 827 1224 884 μηδ’
1250 825 1306 878 ὥς
1323 830 1495 885 φορτίον
1514 828 1668 887 ἔπωμι-

191 892 356 948 ζόμενος
375 903 693 954 παραιτεῖσθαι,
731 897 859 955 ἐζήτει
876 900 952 954 μὲν
976 900 1045 943 καὶ
1078 896 1155 954 τὴν
1182 901 1259 941 τοῦ
1289 895 1546 955 πατριάρχου
1567 899 1666 945 ὅσον

133 969 178 1004 10
190 963 306 1008 οὕπω
335 966 656 1022 ἐπιστησομὲνου
690 970 943 1022 συναίνεσιν,
980 967 1028 1011 οὐ
1062 966 1168 1010 κατὰ
1179 967 1324 1025 χρείαν
1348 970 1528 1022 μᾶλλον,
1566 969 1662 1012 ἀλλ’

183 1033 244 1076 ‘lv'
268 1034 576 1093 ἀσφαλέστερον
602 1037 651 1080 τὸ
684 1036 894 1094 γινόμενον
923 1041 1180 1096 καθιστῷτο.
1252 1035 1359 1092 πλὴν
1380 1035 1479 1078 ἀλλ’
1501 1037 1667 1082 ἀντιδο-

184 1105 320 1157 θῆναί
348 1105 388 1147 οἶ
416 1107 484 1149 καὶ
512 1111 588 1161 τῆς
618 1107 682 1149 ἐπὶ
710 1112 769 1167 τῷ
789 1112 958 1163 βασιλεῖ
970 1108 1215 1163 κηδεμονίας
1233 1104 1285 1147 τὰ
1307 1102 1551 1164 ὑψηλότερα
1580 1112 1665 1151 τῶν
1691 1118 1721 1152 Β

185 1170 433 1227 ἀξιωμάτων
461 1183 746 1232 προσαπαιτεῖ.
820 1175 927 1236 (23)
965 1178 1005 1220 οἱ
1034 1176 1081 1218 δὲ
1106 1178 1189 1218 τῶν
1206 1175 1283 1229 μὲν
1302 1176 1463 1217 ἐκείνων
1481 1180 1658 1230 βουλευ-
1683 1189 1713 1223 C

182 1238 327 1295 μᾶτων
352 1243 398 1286 τὸ
431 1248 556 1301 κῦρος
580 1245 658 1301 οὐχ
682 1239 808 1301 ἦττον
837 1248 906 1289 καὶ
935 1245 1018 1289 ἀπὸ
1040 1248 1115 1299 τῆς
1133 1244 1350 1299 ἐκκλησίας
1375 1242 1529 1298 ἤθελον
1546 1244 1662 1299 εἶναι,

126 1314 171 1350 15
185 1309 232 1353 οὗ
262 1311 347 1367 μὴν
376 1313 422 1355 δὲ
448 1312 554 1357 ὥστε
583 1316 651 1357 καὶ
681 1320 794 1372 σφᾶς
822 1314 1126 1372 ἀναγκάζεσθαι
1152 1312 1228 1370 ἐφ’
1248 1310 1311 1363 οἷς
1336 1313 1525 1357 ἐδέδοκτο
1545 1316 1662 1372 σφίσι

179 1380 586 1435 μεταβουλεύεσθαι·
622 1384 671 1427 τὸ
702 1385 748 1427 δὲ
779 1388 1121 1442 προβιβασθῆναι
1148 1381 1222 1425 τὸν
1256 1386 1332 1425 τοῦ
1348 1383 1552 1436 βασιλέως
1572 1386 1660 1426 ἐπί-

179 1465 335 1504 τροπον
357 1453 415 1500 εἷς
434 1452 610 1507 βαθμὸν
639 1452 972 1508 τοῦ-ἀξιώματος
999 1454 1164 1508 μείζονα
1187 1448 1292 1501 εἰκός
1311 1467 1354 1507 γε
1379 1449 1480 1494 εἶναι
1503 1455 1659 1508 διωμο-
1730 1513 1733 1516 Δ

178 1516 341 1575 λόγουν,
374 1521 448 1563 καί
461 1538 549 1571 πως
568 1523 636 1564 καὶ
656 1521 843 1578 ἀμηγέπη
865 1522 933 1566 διὰ
953 1527 1087 1566 ταῦτα
1107 1518 1206 1563 κάπὶ
1224 1518 1360 1580 τούτῳ
1382 1519 1644 1578 συνεφώνουν
1667 1540 1699 1575 1)

179 1587 219 1630 οἳ
240 1592 437 1634 πλεῖστοι.
507 1592 575 1633 καὶ
596 1593 654 1642 εἷς
671 1591 801 1649 μέγαν
826 1594 980 1636 δοῦκαν
1010 1589 1032 1636 ὅ
1054 1593 1137 1634 τῶν
1157 1593 1383 1644 βασιλικῶν
1403 1588 1655 1648 πραγμάτων

174 1735 238 1767 tur
255 1733 547 1782 dicebanturque,
581 1736 771 1773 admovisse
801 1737 990 1772 clanculum
1012 1745 1157 1771 arcanas
1190 1737 1284 1771 artes
1307 1735 1528 1781 cor-rogandis
1553 1738 1651 1773 varia

172 1779 343 1815 industria
367 1783 540 1828 suffragiis
570 1784 760 1829 studiisque
782 1784 949 1819 velificari
973 1784 1045 1818 eius
1068 1781 1243 1817 ambitioni
1264 1781 1469 1826 valentium,
1501 1783 1651 1829 qualium

172 1826 297 1861 multos
330 1834 473 1873 putatur
506 1830 625 1875 amplis
661 1831 725 1865 sibi
757 1831 1036 1876 promissionibus
1066 1828 1281 1872 adiunxisse,
1314 1829 1517 1875 praesertim
1541 1841 1584 1864 ex
1608 1831 1651 1864 iis

171 1872 231 1918 qui
253 1874 393 1919 nuperis
417 1876 516 1909 aulae
535 1877 798 1923 tempestatibus
814 1879 980 1912 iacturam
1004 1875 1210 1921 dignitatum
1232 1877 1397 1910 fecerant·
1445 1882 1482 1910 et
1505 1877 1650 1911 suberat

171 1930 278 1954 causa
302 1931 364 1955 cur
387 1922 599 1957 occasionem
623 1935 690 1958 non
712 1924 902 1969 negligeret
917 1950 928 1967 ‚
951 1924 1011 1957 sed
1036 1933 1152 1956 curam
1174 1921 1367 1956 intenderet
1390 1922 1479 1956 omni
1504 1926 1647 1957 cuncta-

172 1964 266 2000 tione
288 1967 412 2002 omissa
444 1968 481 2002 in
512 1980 583 2003 rem
607 1970 672 2004 sibi
707 1970 809 2004 unice
830 1970 1057 2005 necessariam
1079 1968 1116 2001 in
1138 1972 1232 2002 statu
1254 1969 1448 2013 praesentis
1471 1970 1646 2013 fortunae,

171 2012 359 2047 exhaustae
383 2019 490 2059 atque
515 2015 637 2061 inopis,
661 2022 815 2061 egestate
837 2017 1002 2063 siquidem
1025 2014 1191 2061 pecuniae
1213 2026 1342 2049 summa
1362 2014 1555 2060 laborabat,
1579 2027 1646 2050 non
1705 2021 1708 2025 '

169 2057 300 2093 habens
325 2060 458 2095 omnino
483 2062 572 2096 unde
597 2063 797 2107 dignitatem
820 2067 999 2105 tueretur,
1023 2061 1127 2095 multo
1152 2066 1264 2096 autem
1287 2061 1395 2096 minus
1417 2062 1530 2104 unde,
1554 2063 1646 2107 quod

169 2106 374 2140 naturaliter
398 2108 554 2149 amabat,
578 2109 802 2145 munifice'ac
824 2109 1001 2155 splendide
1024 2107 1167 2142 viveret.
1213 2118 1316 2152 porro
1340 2119 1384 2142 ne
1408 2108 1486 2142 hinc
1509 2109 1646 2154 quidem

168 2150 264 2185 visus
287 2154 447 2198 accipere
477 2154 578 2189 nimis
609 2155 733 2201 cupide
763 2157 914 2191 oblatum
948 2157 1129 2196 honorem,
1162 2154 1342 2188 obnoxium
1376 2165 1415 2189 se
1443 2165 1485 2189 ac
1511 2154 1646 2199 gratiae

168 2196 357 2232 debitorem
381 2200 612 2241 deferentibus
637 2202 875 2247 constitueret,
899 2203 979 2237 inde
1001 2213 1084 2236 vero
1107 2201 1289 2235 formidare
1309 2211 1393 2234 onus
1415 2199 1565 2246 impositi
1589 2203 1643 2235 υί-

166 2242 239 2276 ficii
269 2245 370 2289 quasi
401 2247 610 2282 conscientia
642 2249 854 2284 infirmitatis
886 2250 1080 2290 videretur,
1112 2247 1257 2281 mediam
1291 2246 1384 2281 inter
1406 2247 1464 2281 illa
1487 2253 1644 2282 extrema

165 2289 257 2323 viam
278 2296 423 2336 tenens,
453 2293 596 2338 primum
620 2295 722 2341 petiit
753 2297 983 2342 patriarcham
1008 2299 1181 2329 auctorem
1207 2293 1285 2328 fieri
1317 2293 1480 2328 decretae
1501 2294 1567 2328 sibi
1590 2294 1644 2327 di-

165 2335 329 2380 gnitatis,
360 2337 507 2384 ideoque
537 2342 782 2376 conclusionem
813 2341 1069 2377 deliberationis
1102 2339 1255 2374 ultimam
1283 2339 1319 2373 in
1350 2339 1423 2374 eius
1445 2340 1642 2385 proximum,

164 2386 206 2416 ut
235 2383 438 2427 putabatur,
473 2386 657 2421 adventum
688 2389 844 2431 differri,
883 2401 952 2424 non
987 2387 1078 2434 quod
1102 2386 1200 2420 huius
1224 2397 1400 2420 assensum
1423 2387 1556 2421 omnino
1579 2398 1642 2421 ne-

163 2429 370 2472 cessarium,
400 2431 462 2465 sed
485 2433 576 2478 quod
600 2445 641 2467 eo
667 2436 853 2470 accedente
882 2434 1038 2480 securius
1059 2432 1314 2477 transigendam
1336 2433 1535 2479 firmiusque
1558 2445 1640 2468 con-

163 2474 370 2510 stituendam
395 2489 466 2511 rem
491 2483 640 2523 putaret.
688 2481 811 2516 deinde
832 2481 971 2527 rogavit
994 2483 1032 2514 ut
1054 2479 1121 2514 sibi
1154 2479 1236 2514 boni
1257 2479 1383 2525 publici
1405 2480 1520 2514 studio
1544 2479 1637 2514 diffi-

163 2521 238 2555 cilis
262 2526 298 2556 et
320 2524 438 2567 gravis
462 2527 712 2569 procurationis
735 2529 894 2563 subeunti
907 2527 1054 2574 pondus,
1078 2527 1114 2559 in
1135 2525 1283 2571 pretium
1306 2537 1432 2571 operae
1458 2537 1499 2560 ac
1521 2527 1639 2561 solici-

161 2567 291 2602 tudinis
320 2570 472 2614 regenda
501 2571 717 2617 imperatoris
742 2575 893 2619 pueritia
916 2572 1168 2614 exantlandae,
1201 2583 1352 2606 annuere
1374 2572 1500 2607 vellent
1523 2572 1637 2606 excel-

159 2612 270 2648 siores
285 2615 384 2650 aulae
405 2617 604 2661 dignitates
651 2620 731 2664 (23)
749 2621 871 2666 quibus
890 2620 1017 2655 auditis
1035 2619 1236 2664 congregati
1255 2630 1418 2665 proceres
1436 2630 1563 2653 morem
1579 2619 1631 2652 illi

159 2661 346 2703 gerendum
367 2662 403 2697 in
426 2669 575 2710 utroque
597 2667 755 2710 quaesito
778 2671 1007 2702 censuerunt:
1028 2676 1105 2700 nam
1129 2672 1166 2699 et
1188 2665 1233 2700 ad
1251 2665 1491 2700 auctoritatem
1515 2665 1636 2700 immu-

158 2706 431 2754 tabilitatemque
462 2721 576 2745 rerum
606 2723 628 2746 a
657 2723 695 2746 se
728 2712 940 2748 decretarum
967 2713 1156 2747 conducere
1188 2713 1357 2757 putabant
1388 2716 1484 2746 ratas
1507 2723 1567 2745 eas
1592 2712 1634 2746 ab

158 2752 306 2788 ccclesia
326 2754 446 2790 haberi
462 2781 474 2799 ,
501 2758 631 2803 absque
654 2769 696 2792 eo
718 2763 834 2795 tamen
857 2767 898 2794 ut
919 2760 1046 2794 iterum
1068 2758 1106 2792 iu
1130 2758 1266 2793 dubium
1290 2770 1332 2792 ac
1355 2758 1635 2793 deliberationem

156 2804 385 2844 vocarentur-3
408 2805 445 2836 et
467 2814 611 2849 aequum
633 2804 808 2851 plerisque
831 2811 1164 2851 consentaneumque
1186 2806 1295 2839 visum
1321 2810 1375 2839 est
1398 2808 1556 2839 tutorem*
1571 2816 1637 2849 gu-

156 2843 349 2881 bernandae
382 2851 519 2884 tenerae
552 2850 718 2896 principis
751 2853 860 2887 aetati
881 2853 1113 2899 praepositum
1147 2851 1184 2886 in
1204 2851 1453 2895 sublimiorem,
1475 2863 1577 2897 quam
1601 2851 1636 2885 in

154 2901 224 2935 quo
243 2892 409 2929 hactenus
435 2895 616 2941 stetisset,
650 2897 828 2943 dignitatis
850 2899 994 2945 gradum
1017 2897 1139 2934 attolli.
1185 2909 1293 2944 quare
1324 2897 1360 2932 id
1382 2898 1539 2944 pluribus
1562 2899 1636 2932 suf-
