1884 3262
427 192 503 234 DE
537 191 812 235 MICHAELE
851 191 1226 236 PALAEOLOGO
1261 191 1308 236 L.
1346 191 1401 235 V.
1547 188 1647 236 425

181 301 364 357 κάκείνης
389 297 593 355 πεσούσης
617 297 804 357 πρόσθεν
835 300 880 343 αἶ
898 304 972 356 τῆς
999 292 1190 358 δευτίρας
1219 301 1341 345 πνοαὶ
1360 300 1577 357 ἓμπαίουσι
1596 305 1649 358 τῇ

181 370 383 431 προτέρᾳ,
421 370 488 413 καὶ
509 370 557 411 τὸ
580 369 683 411 πολὺ
712 368 885 426 φύσημα
915 374 1000 412 τῶν
1017 367 1256 427 φωσσώνων
1277 374 1352 426 τῆς
1378 372 1575 426 πολεμίας
1593 372 1650 420 εἷς

183 439 316 496 ὀλίγον
334 437 528 494 περιστὰν
548 437 695 480 αὐτίκα
720 438 909 493 ἀκίνητον
949 439 1025 492 τὴν
1061 443 1164 482 ναῦν
1199 437 1456 495 ἐνειργάζετο.
1527 440 1650 494 ε’μπι-

181 512 373 550 πτουσῶν
391 511 610 563 τοιγαροῦν
630 506 784 562 ἀμφοῖν
811 508 855 548 ἐκ
884 494 1068 563 θατέράς
1099 507 1367 563 ἔκθοροῦντες
1396 509 1451 558 εἷς
1479 508 1648 563 ἐκείνην,

146 582 170 618 5
183 578 250 619 καὶ
269 580 351 619 τῶν
368 574 557 619 κάτωθεν
575 578 948 631 προσβοηθουσῶν,
983 576 1192 630 μεγίσταις
1208 577 1462 631 προθυμίαις
1480 576 1644 630 ἔβαλον.
1667 587 1702 623 Ι)

180 647 255 688 καὶΙ
269 643 400 694 οῦτως
419 643 485 686 ἐπ’
510 643 651 692 αὐτοῖς
671 643 786 685 ἄλλοι
803 645 870 685 καὶ
889 641 963 684 ἐπ’
986 644 1148 693 ἐκείνοις
1172 644 1300 699 ἕτεροι
1321 645 1647 698 ἐπεμβαίνοντες,

180 718 255 756 τοῦ
274 713 476 767 βασιλέως
494 710 891 768 παραθαρρύνοντος
913 710 1090 764 ἔξωθεν,
1127 717 1305 773 κρατερᾷ
1323 710 1436 769 μάχῃ
1461 714 1526 754 ἐπὶ
1545 711 1651 755 πολὺ

180 786 255 837 τῆς
279 780 502 836 θαλάσσης
518 784 809 837 προελθοῦσαν
837 781 999 837 αἱροῦσι
1023 780 1098 835 τὴν
1131 785 1246 828 ναῦν.
1317 783 1384 823 καὶ
1404 779 1559 835 ταύτην
1574 781 1651 835 μὲν

180 849 284 907 πρὸς
313 854 370 909 τῷ
401 853 600 908 βασιλικῷ
631 851 784 907 νεωρίῳ
813 849 949 891 ἱστᾶσι
983 847 1257 902 κατάξαντες,
1301 849 1452 898 αὐτοῦς
1481 850 1527 891 δὲ
1556 855 1652 899 ταῖς

128 926 171 959 10
182 918 314 969 ἀξίαις
341 920 472 968 δίκαις
499 915 776 971 ὑποβαλόντες
806 915 1046 971 ε’τιμώρουν.
1114 921 1280 967 πολλοῖς
1314 917 1357 959 ‹5’
1394 920 1553 960 ἐκείνων
1582 919 1652 959 καὶ

179 987 277 1037 τοὺς
293 986 544 1044 ὀφθαλμοὺς
571 984 800 1041 ἐξώρυττον
828 993 914 1035 τοῖς
935 990 1211 1041 προστυχοῦσι
1242 984 1498 1038 πασσάλοις,
1537 985 1651 1028 ἀντί-

179 1073 300 1098 ποινα
327 1059 402 1109 τῆς
430 1053 533 1110 πρὸς
553 1053 623 1096 τὸν
648 1054 821 1106 βασιλέα
847 1053 1207 1110 καταφρονήσεως.
1275 1054 1491 1110 παρεοικὸς
1508 1051 1643 1113 τούτῳ
1667 1063 1700 1097 E:

179 1125 394 1178 ξυμπίπτει
415 1125 481 1165 καὶ
502 1122 602 1164 ἄλλο
627 1139 689 1175 τι,
727 1124 794 1165 καὶ
823 1129 907 1172 τοῖς
927 1125 969 1164 Γ
966 1126 1165 1173 ενουΐταις
1191 1126 1482 1180 προστρίβεται
1503 1123 1648 1178 ε’γκλη-
1672 1117 1679 1122 ”

178 1209 253 1246 μα.
310 1192 420 1241 τινὸς
438 1191 517 1247 γὰρ
543 1192 700 1233 ἐκείνων
719 1189 1162 1247 ῦπερηφανευσαμένου
1181 1196 1431 1248 προσελιῦντι
1443 1224 1457 1244 ,
1500 1194 1568 1234 καὶ
1590 1193 1647 1234 εἷ-

125 1264 168 1300 15
182 1258 330 1310 πόντος
354 1258 408 1310 ὥς
430 1258 454 1314 ἡ
476 1259 593 1309 πόλις
606 1254 679 1302 ’καὶ
700 1258 821 1302 πάλιν
840 1260 953 1302 ἔσται
972 1267 1059 1309 τοῖς
1078 1259 1302 1317 ἡμετέροις,
1341 1258 1527 1315 ζηλώσας
1546 1261 1647 1302 ἐκεῖ·

179 1346 248 1378 νος
267 1328 408 1384 βάλλει
431 1329 536 1371 κατὰ
567 1326 717 1384 κόρρης
745 1330 811 1370 καὶ
837 1328 909 1371 τὸν
941 1327 1166 1385 ὀφθαλμὸν
1194 1330 1349 1386 ἀχρεῖοι
1372 1333 1430 1388 τῷ
1449 1330 1644 1387 Λατίνῳ,

179 1400 245 1440 καὶ
274 1397 403 1447 εὐθὺς
434 1401 492 1455 τῷ
530 1397 727 1452 πλήξαντι
759 1394 780 1439 ὃ
820 1397 889 1439 διὰ
910 1399 1121 1454 μαχαίρας
1159 1396 1407 1453 ἔσχεδιάζετο
1445 1395 1646 1446 θάνατος.

179 1470 303 1508 τοῦτο
332 1466 486 1520 μαθὼν
514 1466 708 1520 βασιλεὺς
737 1465 848 1508 δεινὰ
874 1468 1017 1518 ε’ποιέι,
1056 1469 1124 1509 καὶ
1158 1467 1229 1509 τὸν
1264 1467 1369 1509 ἴδιον
1397 1466 1647 1522 προσερέτην

179 1534 254 1576 οὐκ
273 1535 372 1576 ἀνίει
390 1537 533 1588 ζητῶν.
607 1533 661 1584 ὥς
679 1534 721 1577 δ’
749 1534 823 1577 οὐκ
842 1537 1003 1577 ἐδίδουν
1025 1535 1142 1589 (οὐδὲ
1162 1535 1239 1592 γὰρ
1260 1532 1328 1591 ἦν)
1357 1534 1486 1584 εὐθὺς
1506 1534 1646 1589 θυμὸς
1668 1543 1698 1578 Ρ
1722 1545 1791 1580 288

124 1603 337 1660 ΞΟαῖρεται
375 1603 474 1645 κατ’
514 1605 698 1656 ἐκείνων,
747 1606 815 1645 καὶ
858 1608 916 1663 τῷ
955 1603 1211 1656 Μουζάλωνι
1256 1603 1466 1659 Μανουὴλ
1497 1603 1646 1646 αὐτίκα

267 1712 302 1747 3.
318 1709 499 1793 πΙαριστὰν
517 1713 557 1746 Ρ.
693 1713 776 1748 ibid.
798 1711 993 1759 εἰργάζετο.
1016 1712 1334 1759 συμπιπτουσῶνί)
1473 1713 1527 1749 13.
1558 1710 1646 1749 ἄλλο

267 1771 307 1794 τε
370 1785 379 1793 .

175 1854 275 1896 tergo
308 1850 506 1885 inumbrans
538 1854 574 1884 et
596 1855 733 1884 ventum
755 1851 974 1898 intercipiens
998 1851 1177 1894 oneraria,
1200 1850 1379 1886 latitudine
1400 1854 1498 1886 vaste
1523 1854 1646 1896 paten-

178 1898 261 1931 tium
285 1897 414 1931 alarum
438 1897 568 1932 obicem
593 1909 766 1943 opponens
790 1905 891 1933 vento
914 1898 1118 1944 propellenti
1150 1899 1366 1932 Genuensem
1389 1910 1531 1940 navem3
1556 1908 1646 1943 quae

177 1943 229 1978 sic
254 1943 420 1978 destituta
443 1943 615 1986 constitit,
639 1943 812 1990 otiumque
834 1945 980 1979 admotis
1003 1945 1157 1979 hostibus
1187 1944 1283 1979 dedit.
1305 1945 1340 1978 in
1371 1956 1444 1978 eam
1465 1944 1646 1979 insiliendi.

177 1989 362 2024 adiuvabat
382 1990 419 2024 id
443 1996 586 2034 agentes
610 2001 630 2023 e
654 1990 819 2025 Catelano
855 1991 948 2037 paris
972 1991 1159 2026 altitudinis
1183 1991 1320 2036 navigio
1342 1992 1456 2025 varius
1481 1997 1517 2024 et
1539 1990 1644 2025 vehe-

176 2046 270 2069 mens
302 2036 451 2081 undique
484 2041 623 2070 conatus
657 2037 867 2071 humiliorum
901 2037 1049 2083 undique
1082 2038 1216 2072 navium
1251 2037 1340 2071 omni
1373 2048 1416 2071 ex
1438 2042 1538 2082 parte
1560 2036 1645 2070 ado-

175 2081 343 2118 rientium.
389 2094 451 2116 nec
475 2082 595 2116 obsisti
616 2082 742 2117 diutius
768 2084 888 2129 potuit.
938 2084 996 2118 alii
1030 2095 1132 2130 super
1165 2084 1248 2118 alios
1271 2083 1498 2128 irrumpentes
1521 2093 1644 2128 perru-

177 2132 302 2171 perunt
324 2129 459 2163 tandem
483 2130 631 2171 aditum3
657 2133 692 2162 et
714 2134 792 2173 post
824 2130 956 2174 longam
984 2136 1203 2175 atrocemque
1235 2140 1406 2174 pugnam,
1439 2130 1644 2162 adhortante

177 2183 256 2206 suos
279 2185 300 2206 e
329 2174 401 2209 loco
434 2175 613 2220 conspicuo
650 2180 830 2219 praesente
858 2176 1090 2221 imperatore,
1123 2183 1226 2221 capta
1256 2174 1394 2208 taudem
1422 2175 1577 2209 oneraria
1607 2174 1644 2207 in

176 2218 272 2252 urbis
302 2220 424 2254 navale
453 2220 602 2254 deducta
630 2227 708 2264 est,
737 2227 894 2256 vectores
927 2228 1039 2256 autem
1074 2222 1146 2256 eius
1177 2221 1304 2255 meritis
1336 2221 1481 2255 subiecti
1513 2220 1642 2266 poenis.

177 2265 290 2297 multis
314 2265 400 2299 enim
424 2277 538 2300 eorum
563 2267 680 2301 effossi
702 2272 781 2301 sunt
803 2269 891 2303 oculi
914 2269 1054 2302 sudibus
1075 2269 1165 2302 forte
1188 2267 1335 2312 repertis
1357 2268 1420 2301 sub
1443 2266 1642 2301 miserorum

176 2309 358 2355 palpebras
380 2311 516 2355 infixis,
553 2314 668 2346 debito
683 2338 694 2354 ‚
727 2318 767 2347 ut
797 2315 1050 2359 exprobrabant
1064 2339 1075 2356 ‚
1108 2313 1295 2358 supplicio,
1319 2313 1492 2358 despectui
1513 2313 1642 2347 babere

177 2367 246 2389 non
269 2356 388 2390 veritis
411 2358 598 2401 Augustam
620 2359 840 2394 maiestatem.
886 2360 1028 2404 contigit
1050 2365 1085 2394 et
1107 2360 1267 2404 quiddam
1286 2358 1369 2393 alias
1392 2359 1472 2394 huic
1494 2371 1562 2393 non
1577 2359 1641 2393 ab·-

175 2401 303 2443 simile‚
327 2402 417 2436 uude
439 2404 555 2447 gravis
578 2404 612 2438 in
636 2406 769 2439 eosdem
796 2407 997 2440 Genuenses
1021 2410 1056 2440 et
1086 2405 1214 2440 invidia
1237 2405 1373 2450 publica
1395 2411 1432 2439 et
1454 2405 1641 2450 indignatio

177 2448 341 2493 principis
368 2449 509 2483 exarsit.
558 2461 631 2484 cum
656 2451 743 2484 enim
766 2453 900 2497 quidam
923 2452 1073 2496 ipsorum
1094 2451 1298 2486 iactabunde
1320 2451 1513 2486 Proselonti
1537 2451 1642 2485 dixis·-

176 2498 231 2527 set
259 2496 407 2528 “iterum
430 2506 451 2529 a
474 2495 599 2529 nostris
631 2497 712 2530 urbs
735 2498 965 2538 obtinebitur,
979 2500 998 2512 '’
1022 2496 1198 2542 indignans
1221 2497 1279 2532 ille
1300 2497 1438 2543 infregit
1463 2498 1641 2543 colaphum

175 2544 245 2573 tam
268 2540 379 2574 valide
400 2540 527 2575 Latino
551 2549 591 2575 ut
613 2543 703 2576 oculi
736 2543 769 2576 ei
800 2555 895 2577 usum
918 2543 1098 2588 ademerit,
1129 2555 1195 2578 non
1231 2544 1386 2588 impune:
1416 2556 1491 2578 nam
1525 2543 1640 2578 statim

175 2596 356 2630 percussor
378 2587 491 2631 gladio
507 2589 691 2628 ,confossus
716 2588 859 2622 interiit.
906 2590 1050 2634 quadam
1074 2590 1147 2624 eius
1169 2589 1219 2624 rei
1241 2590 1331 2624 fama
1354 2601 1470 2635 sparsa
1494 2601 1641 2623 commo-

176 2636 232 2665 tus
254 2633 438 2677 imperator
469 2634 556 2667 hanc
590 2639 686 2668 certo
718 2634 847 2668 factum
880 2635 1077 2679 explorandi
1108 2636 1270 2670 rationem
1305 2635 1378 2670 init.
1425 2647 1519 2670 suum
1543 2634 1640 2669 reddi

176 2676 242 2710 sibi
265 2679 422 2722 remigem
447 2691 468 2712 a
491 2679 730 2714 Genuensibus
756 2680 891 2725 poscit,
914 2681 1067 2725 graviter
1089 2682 1122 2715 id
1146 2692 1294 2728 urgens,
1317 2684 1352 2716 et
1375 2681 1409 2715 ni
1432 2682 1559 2715 faciant
1576 2681 1639 2714 mi-

176 2733 272 2775 nans.
316 2729 356 2757 ut
378 2729 491 2759 autem
512 2725 558 2759 illi
580 2737 646 2759 non
669 2726 859 2760 reddebant
882 2727 963 2771 (nec
985 2738 1068 2761 sane
1093 2731 1251 2774 poterant
1273 2739 1347 2762 eum
1379 2731 1639 2772 repraesentare

178 2779 236 2811 qm
259 2780 424 2815 nusquam
446 2772 512 2805 iam
536 2773 668 2818 esset),
702 2783 765 2817 pro
800 2773 966 2807 convictis
996 2774 1059 2808 hoc
1081 2773 1155 2819 ipso
1179 2778 1336 2819 patratae
1358 2774 1471 2807 caedis
1494 2784 1553 2808 eos
1575 2774 1638 2807 ha-

178 2813 278 2855 beus,
302 2827 366 2850 nec
388 2817 562 2852 ferendum
585 2817 621 2852 id
656 2818 788 2853 facinus
811 2826 907 2853 ratus
922 2844 934 2863 ,
970 2820 1119 2854 ManuEli
1142 2820 1312 2854 Muzaloni
1343 2820 1455 2854 subito
1478 2820 1636 2866 imperat,
