1884 3262
221 207 319 254 234
638 202 873 249 GEORGII
908 203 1264 248 PAGHYMERJS

219 337 317 371 στος
339 319 508 362 ἔποιεΐτο
530 320 606 360 τοῦ
623 314 751 372 μόνον
771 320 984 373 σωθῆναι,
1019 316 1087 359 καὶ
1111 314 1273 371 ἆμελεῒν
1291 312 1592 375 παρεσκεύαζον
1612 320 1689 359 τοῦ

218 389 390 444 πλησίον
411 385 483 435 οὓς
498 386 573 440 μὲν
599 386 639 428 οῖ
671 391 902 443 προμηθεῖς
928 384 1054 443 φόβοι
1079 383 1153 435 οὓς
1183 385 1312 428 δὲκαὶ
1344 386 1487 428 δειλίαι
1508 384 1686 442 ἄκαιροι,

219 457 315 506 τούς
333 456 407 510 μὲν
425 452 481 504 ὥς
498 454 540 505 ἐξ
559 451 762 510 ἀνάγκης,
799 457 833 497 εἲ
858 454 919 511 μὴ
952 450 1231 506 σπουδάσαιεν
1243 485 1258 507 ,
1294 451 1535 497 ἁλώσεσθαι
1555 470 1688 509 προσ-

165 532 198 567 D
223 527 450 575 δοκῶντας,
486 521 584 573 τοὺς
603 524 648 566 δὲ
664 523 772 579 μηδ’
797 521 957 573 εἰδότας
985 521 1030 566 οἷ
1052 526 1181 565 κακοῦ
1201 519 1409 578 γεγόνασι,
1445 526 1504 581 τῷ
1524 523 1686 576 βλέπειν

218 592 369 642 ἄλλους
398 593 453 642 εἷς
480 590 638 634 ἔννοιαν
662 592 904 649 ἐρχομένους
925 593 992 634 καὶ
1027 591 1095 634 διὰ
1111 590 1233 633 ταῦτ’
1264 589 1585 647 ἀποχωροῦντας
1605 589 1719 650 ὅπῃό

216 678 278 711 τις
295 661 432 717 ἤλπιζε
453 658 740 715 σωθήσεσθαι.
812 660 860 704 οὗ
893 660 970 717 γὰρ
1002 655 1053 716 ἦν
1085 656 1389 716 συνησπικότας
1407 659 1513 702 κατὰ
1534 657 1688 702 συντά-

219 732 298 781 ξεις
327 727 515 778 ἐπιόντας
550 728 744 784 δέχεσθαι
772 729 869 779 τοὺς
900 727 1080 784 ἐχθρούς
1100 743 1109 753 ·
1142 727 1164 771 ὅ
1185 727 1263 785 γὰρ
1285 727 1394 782 ἄγων
1421 728 1596 778 ἐκείνους
1619 729 1688 770 καὶ

220 798 341 848 αὐτὸς
366 794 667 854 συντετάρακτό
695 815 738 841 τε
770 802 829 857 τῷ
860 799 1075 856 αι’φνιδίῳ,
1122 799 1190 839 καὶ
1220 795 1300 854 ὅπῃ
1318 794 1441 854 φύγοι
1459 796 1686 843 ἐσκέπτετο.

221 866 380 923 ὀλίγους
408 870 505 923 γοῦν
537 868 628 924 περὶ
656 866 783 910 αὐτὸν
815 866 939 921 ἔχων,
978 868 1045 909 καὶ
1077 864 1261 919 μάλιστα
1291 865 1390 915 τούς
1414 862 1687 916 οἰκειοτάτους

162 950 195 985 Ε
221 938 287 979 καὶ
314 933 375 986 οἷς
400 936 586 978 ἐπίστευε
612 935 732 978 πλέον
744 969 758 988 ,
800 935 876 978 σὺν
910 936 1072 985 ἐκείνοις
1100 933 1187 989 ἅμα
1205 936 1281 989 μὲν
1299 934 1376 984 τοὶς
1403 931 1685 990 ὑποχωρήσεις
1699 943 1742 978 10

217 1009 299 1048 τῶν
322 1007 512 1062 φοβερῶν
535 1003 704 1046 ἐποιεῖτο
725 1005 792 1046 καὶ
818 1002 898 1058 ἅμ’
926 1003 1078 1061 ἑτέροις
1098 1009 1293 1061 φοβεροῖς
1310 1003 1598 1060 προσέκρουεν,
1630 1001 1685 1053 ὥς

215 1073 313 1123 τοὺς
337 1073 411 1128 μὲν
442 1070 755 1128 ἀποδιδράσκειν
781 1079 868 1123 τοῖς
898 1072 944 1115 ‹5’
976 1074 1210 1127 ἐμπίπτειν,
1257 1074 1324 1114 καὶ
1359 1076 1443 1114 τῶν
1476 1071 1686 1129 προτέρων

214 1141 273 1197 μὴ
300 1138 477 1199 φθάνειν
508 1140 699 1184 ἀνεῖσθαι
733 1138 876 1204 φόβων
904 1143 972 1183 καὶ
1004 1141 1221 1198 δευτέρους
1250 1140 1489 1195 ἐκδέχεσθαι
1507 1141 1681 1195 μείζους.

216 1212 283 1253 καὶ
305 1210 382 1267 γὰρ
400 1211 466 1253 καὶ
489 1209 596 1252 αὐτοὶ
628 1210 679 1252 τὰ
701 1213 784 1252 τῶν
818 1209 925 1266 ὀρῶν
945 1208 1218 1265 ἀναστήματα
1237 1210 1468 1267 φαντασίαν
1490 1216 1684 1265 παρεῖχον

213 1280 437 1333 πολεμίοιν,
476 1276 791 1333 ἔπεισπεσούσης
823 1279 974 1328 δειλίας
1005 1276 1182 1335 ἀφάτου.
1256 1277 1367 1333 ὅμως
1387 1279 1518 1321 δὲκαὶ
1549 1277 1683 1328 ἄλλως
1695 1286 1739 1321 15

211 1347 420 1404 ἠγγέλλετο
442 1346 487 1390 τὸ
522 1344 676 1390 δεινόν·
723 1346 770 1389 οὗ
794 1346 872 1403 γὰρ
899 1342 949 1402 ἦν
971 1344 1083 1396 ὅστις
1112 1348 1179 1389 καὶ
1199 1346 1380 1404 προσιὼν
1400 1345 1426 1402 ἢ
1446 1348 1514 1389 καὶ
1539 1349 1684 1404 φανεὶς

213 1416 256 1467 ἐξ
281 1417 445 1470 ἓτοίμου
469 1413 518 1457 οὗ
545 1413 678 1472 φόβον
695 1414 872 1471 ἤγγελλε.
945 1414 1021 1458 κᾶν
1047 1433 1127 1458 που
1149 1417 1215 1458 καὶ
1239 1413 1559 1472 παρεσκευάζετο
1582 1431 1684 1471 συγ-

70 1488 100 1522 Ρ
126 1486 193 1523 156
214 1484 394 1528 κατιέναι
413 1483 515 1540 πρὸς
531 1483 627 1534 τοὺς
646 1483 823 1540 ἐχθροὺς
853 1484 917 1526 ἐπὶ
939 1487 996 1542 τῷ
1014 1489 1167 1537 μαθεῖν
1189 1481 1332 1527 ὁπόσοι
1350 1485 1417 1526 καὶ
1435 1481 1546 1534 ὅπως
1568 1483 1681 1537 ἴοιεν,

212 1554 251 1596 οἳ
280 1555 370 1610 περὶ
401 1554 550 1596 ἐκεῖνον
583 1552 652 1595 διὰ
684 1552 732 1595 τὸ
765 1552 943 1609 μέγεθος
972 1556 1047 1595 τοῦ
1078 1550 1268 1596 κινδύνου
1289 1559 1501 1607 κατεῖχον,
1539 1550 1595 1603 ὥς
1615 1553 1682 1595 ἐπὶ

208 1620 335 1678 μόνον
358 1620 460 1680 ὁρᾶν
480 1621 526 1664 τὸ
550 1619 771 1674 σώζεσθαι.
839 1619 959 1676 μόλις
991 1625 1089 1678 γοῦν
1121 1623 1208 1673 νυξὶ
1238 1623 1307 1665 καὶ
1335 1623 1553 1680 παροδίαις
1572 1628 1738 1678 ,eon-20

300 1743 335 1778 4.
360 1742 436 1790 τῷ]
460 1739 502 1777 τὰ
527 1742 570 1776 Ρ.

209 1835 358 1870 habente
380 1833 464 1879 quid
487 1833 586 1868 sociis
600 1861 608 1876 ‚
631 1833 713 1879 quid
736 1833 803 1880 ipsi
827 1834 1040 1880 contingeret
1062 1834 1218 1880 principi.
1263 1834 1297 1868 in
1327 1845 1394 1881 quo
1426 1836 1503 1868 erat
1534 1833 1622 1867 mira
1642 1836 1681 1867 et

209 1881 334 1916 misera
355 1880 505 1914 varietas
527 1880 699 1914 incondite
721 1892 990 1925 quoquoversum
1013 1882 1204 1923 mentium,
1237 1891 1314 1915 cum
1347 1880 1430 1914 alios
1459 1879 1607 1925 prudens
1629 1879 1678 1913 ti-

210 1938 306 1969 mor,
338 1926 422 1960 alios
460 1926 584 1972 panica
619 1927 866 1970 consternatio,
899 1927 985 1961 alios
1016 1939 1131 1962 rumor
1165 1927 1291 1970 falsus,
1324 1926 1507 1972 quosdam,
1538 1926 1678 1970 ignaros

211 1972 340 2018 alioqui
363 1972 444 2017 quid
467 1976 627 2017 ageretur
641 1998 651 2016 ‚
674 1972 747 2017 ipse
770 1973 933 2006 tumultus
953 1973 1054 2007 anxie
1089 1972 1442 2017 circumspectantium
1476 1975 1513 2005 et
1535 1982 1677 2006 cursan-

210 2019 293 2053 tium
317 2017 519 2062 contagione
548 2017 788 2064 inquietudinis
817 2019 965 2063 quadam
996 2019 1171 2064 abriperet
1199 2030 1267 2064 quo
1301 2018 1431 2053 salvum
1462 2029 1502 2051 se
1532 2018 1677 2063 quisque

209 2064 376 2110 sperabat
396 2065 472 2098 fore
487 2091 498 2108 ,
531 2065 596 2099 hoc
629 2064 694 2098 iam
717 2063 856 2098 effusius
879 2068 915 2098 et
941 2065 1147 2099 verecundia
1169 2064 1305 2107 minori,
1336 2064 1428 2110 quod
1450 2075 1514 2098 nec
1542 2063 1570 2097 si
1593 2062 1676 2108 quid

211 2110 366 2155 cuiquam
389 2111 581 2155 praesentis
604 2111 648 2145 ad
670 2111 894 2145 resistendum
915 2115 1010 2145 esset
1034 2111 1153 2153 animi,
1186 2111 1333 2145 facultas
1358 2110 1432 2144 eius
1463 2109 1515 2144 rei
1538 2108 1677 2143 adesset

210 2157 302 2198 ulla,
325 2156 442 2202 utique
463 2157 541 2202 ipso
565 2157 707 2191 ductore
729 2156 880 2191 novitate
909 2156 990 2190 mali
1025 2157 1132 2191 subiti
1154 2157 1334 2202 perculso,
1366 2167 1461 2201 spem
1484 2155 1595 2202 palam
1618 2165 1678 2188 re-

210 2202 382 2247 pugnandi
405 2202 585 2237 damnante
608 2214 755 2244 omnem,
789 2206 825 2236 et
856 2202 940 2236 nihil
962 2203 1050 2237 aliud
1074 2215 1175 2248 quam
1198 2204 1312 2248 fugam
1337 2207 1372 2236 et
1394 2203 1547 2236 latebras
1569 2212 1678 2246 quae-

210 2254 319 2282 rente.
365 2248 421 2282 hic
444 2261 525 2293 ergo
550 2261 625 2284 cum
647 2249 776 2294 paucis,
799 2259 884 2294 quos
907 2249 1057 2284 habebat
1079 2260 1193 2283 secum
1215 2249 1365 2295 reliquos
1388 2259 1431 2282 ex
1453 2247 1597 2282 maxime
1622 2247 1678 2281 in-

207 2293 300 2328 timis
332 2305 374 2328 ac
395 2294 587 2337 fidissimis,
622 2306 779 2341 prorsum
807 2300 1015 2337 retrorsum,
1045 2296 1146 2329 laeva.
1168 2296 1309 2338 dextra,
1332 2295 1368 2329 in
1392 2300 1524 2340 partem
1546 2303 1676 2327 omnem

207 2350 246 2374 se
269 2339 522 2385 circumagebat
543 2341 750 2376 vitabundus
773 2343 809 2375 et
830 2340 1028 2384 incurrens,
1060 2341 1139 2376 hinc
1165 2343 1323 2388 repulsus
1345 2345 1479 2375 terrore
1501 2338 1676 2384 conspecti

207 2385 306 2428 mali,
330 2385 427 2431 peius
450 2386 520 2421 illic
551 2399 618 2432 quo
651 2388 828 2432 refugerat
855 2387 1052 2433 reperiens,
1088 2393 1159 2422 tum
1184 2400 1205 2422 a
1235 2387 1391 2434 quaesito
1414 2385 1494 2421 alibi
1515 2385 1675 2431 perfugio

207 2431 324 2476 specie
346 2432 499 2466 teti-ioris
522 2433 602 2467 inde
625 2444 663 2468 se
685 2433 888 2468 ostentantis
912 2434 1012 2469 exitii
1037 2435 1213 2477 exclusus,
1248 2434 1369 2470 anxius
1400 2443 1532 2478 semper
1554 2435 1591 2465 et
1612 2442 1674 2464 ae-

207 2481 347 2519 stuans,
381 2479 625 2523 perturbatae,
656 2483 695 2514 ut
725 2480 787 2521 fit,
820 2480 924 2514 menti
946 2492 1063 2515 errore
1087 2480 1257 2515 oculorum
1281 2479 1491 2514 formidinem
1514 2477 1673 2519 addente,

207 2535 250 2557 ac
272 2523 352 2568 iuga
374 2524 534 2558 montium
559 2525 693 2570 aliaque
716 2526 825 2560 obiter
848 2527 1048 2571 apparentia
1070 2526 1105 2560 in
1128 2527 1242 2561 hostes
1266 2530 1414 2561 armatos
1434 2524 1674 2568 irruentesque

208 2570 430 2604 deformante.
477 2570 727 2615 ingeminabant
749 2571 891 2606 subinde
913 2572 1082 2607 miseriam
1103 2572 1317 2619 desperantis
1337 2571 1403 2606 iam
1426 2569 1589 2616 principis
1610 2568 1674 2603 ob-

206 2615 337 2650 viorum
372 2615 595 2661 undecunque
627 2620 761 2651 atroces
790 2618 916 2660 nuntii,
946 2631 1029 2654 vera
1061 2619 1166 2654 dubia
1198 2619 1300 2660 ficta,
1332 2615 1528 2652 tristissima
1560 2614 1672 2649 omnia

206 2661 441 2708 horrendaque
472 2663 705 2697 referentium.
751 2662 786 2696 id
817 2674 922 2709 saepe
953 2665 1091 2700 comites
1126 2665 1262 2712 experti
1281 2662 1527 2698 submovebant
1549 2660 1671 2695 deinde

208 2707 408 2750 venientes,
431 2720 495 2743 nec
518 2708 621 2743 affari
652 2708 839 2754 principem
861 2710 1042 2754 sinebant,
1074 2711 1163 2746 unde
1186 2711 1286 2746 etiam
1308 2709 1438 2743 utilium
1459 2707 1589 2741 indices
1610 2706 1670 2752 qui

206 2753 250 2787 de
272 2755 426 2789 hostibus
449 2766 516 2800 quo
540 2754 612 2789 loco
636 2759 751 2789 essent
773 2757 808 2788 et
840 2756 921 2800 quid
951 2760 1115 2801 agerent,
1147 2754 1342 2792 necessaria
1363 2753 1452 2789 scitu
1475 2752 1689 2798 suggesturi‘

207 2799 406 2835 advolarant
421 2826 432 2843 ,
464 2800 637 2835 inauditos
671 2800 790 2847 repelli
813 2802 1055 2847 contingebat,
1086 2802 1312 2848 imprudentia
1333 2801 1405 2836 sine
1427 2799 1531 2834 dubio
1555 2798 1672 2833 exclu-

207 2845 357 2883 dentium
390 2858 530 2892 magna:
562 2847 623 2882 sed
652 2859 715 2882 sua
749 2858 807 2881 eos
841 2854 1088 2884 excaecaverat
1120 2847 1373 2892 consternatio,
1407 2845 1525 2890 nimio,
1558 2851 1596 2880 ut
1618 2844 1675 2888 fit,
