1884 3262
423 210 500 253 DE
527 208 806 254 MICHAELE
835 207 1209 252 PALAEOLOGO
1243 207 1290 251 L.
1325 205 1427 251 VI
1546 204 1645 251 511

189 323 264 368 διὰ
302 325 430 379 ξηρᾶς
463 322 617 366 εὗοδεῒν
631 356 645 376 ,
699 321 821 366 πλέον
860 318 1034 377 ἐχούσας
1069 319 1220 380 ἐκείνου
1255 319 1302 363 τὸ
1341 315 1552 362 δύνασθαι
1589 321 1650 377 τῷ

183 391 271 434 ’ἀπ’
308 391 436 446 αὐτῆς
463 394 663 445 βαλβῖδος
689 395 762 445 τῆς
786 388 922 445 μάχης
948 391 1233 446 κερδαίνοντας
1259 388 1426 442 ἀποζῆν.
1495 392 1554 446 τῷ
1587 404 1650 429 τοι
1677 390 1703 424 P
1725 390 1792 425 343

182 461 260 502 οιαὶ
289 458 554 517 καταφεῦγειν
578 460 654 514 μέν
683 461 747 501 ε’πὶ
776 459 878 501 θεὸν
900 458 1001 511 ἔγνω
1016 490 1029 509 ,
1068 456 1288 510 ἑτοιμάζειν
1307 458 1351 499 δὲ
1372 457 1438 499 καὶ
1463 453 1652 508 δυνάμεις

189 528 266 577 τὰς
286 526 560 584 ἀποχρώντως
584 524 839 578 ἄνθεξούσας
859 530 1024 581 πλῆθος
1033 557 1047 577 ,
1081 523 1137 574 ῶς
1157 523 1244 578 ἅμα
1266 529 1324 582 τῷ
1345 529 1523 580 φανῆναι
1547 528 1648 579 στῆ-

156 604 258 639 5ναι
278 597 509 653 σφαλέντας
528 595 606 638 κάκ
626 600 700 651 τῆς
717 593 884 651 πρώτης
899 595 1039 649 πείρας
1061 593 1108 635 τὸ
1128 590 1272 647 πρόσω
1292 591 1511 645 μαθόντας
1539 592 1649 645 ἄβα-

186 681 274 708 τον.
343 664 395 707 τὰ
424 665 498 718 μὲν
530 659 604 707 οὖν
635 663 738 720 πρὸς
766 662 868 705 θεὸν
897 660 1027 711 οὕτως
1054 658 1361 716 ἓξητοιμάζετο·
1396 659 1646 716 παρήγγελτο

186 733 267 789 γὰρ
287 730 520 789 πατριάρχῃ
540 749 583 774 τε
601 734 668 774 καὶ
690 731 919 788 ἀρχιερεῦσι
952 727 1117 784 συνάμα
1150 730 1271 771 παντὶ
1292 733 1350 787 τῷ
1372 726 1508 787 κλήρῳ
1531 733 1647 784 πρῶ-

185 817 258 843 τον
284 801 359 853 μὲν
391 799 595 855 πάννυχον
627 801 795 842 ἱκετείαν
815 798 918 855 πρὸς
937 798 1038 841 θεὸν
1064 797 1160 840 κατ’
1183 798 1342 840 ἐκείνων
1371 796 1642 852 ποιήσασθαι,

185 867 274 910 εἶτα
293 869 338 911 δὲ
361 866 439 922 ἅμ’
464 868 517 927 ἕῳ
537 865 792 925 πατριάρχην
808 885 852 910 τε
869 868 936 909 καὶ
954 866 1030 909 σὺν
1052 866 1165 923 αὐτῷ
1182 863 1227 916 ’ἐξ
1244 865 1393 915 ἄλλους
1411 870 1494 908 τῶν
1513 883 1644 922 πρου-

131 947 176 981 10
182 933 341 991 χόντων
371 936 608 992 ἀρχιερέων,
645 936 719 986 τὰς
751 935 861 991 ἱερὰς
893 934 1044 984 στολὰς
1070 933 1340 986 ἓνδυθέντας,
1378 939 1460 977 τῶν
1488 939 1641 978 λοιπῶν
1663 931 1694 965 Β

182 1005 306 1047 ἐκεῖσε
323 1002 680 1056 θεοκλυτούντων,
716 1005 906 1046 ἐπιτελεῖν
926 1002 1132 1057 εὐχέλαιον
1143 1035 1157 1055 ,
1195 1002 1422 1058 φακέλλους
1440 1003 1485 1045 δὲ
1502 1001 1642 1045 nami-

181 1089 267 1127 ρων
293 1071 543 1126 ποιήσαντας
566 1076 624 1130 τῷ
648 1069 967 1126 καθαγνισθέντι
988 1070 1111 1129 ἐλαίῳ
1127 1067 1319 1123 βάπτειν,
1355 1072 1423 1112 καὶ
1444 1069 1554 1114 οὕτω
1575 1074 1641 1113 δι-

180 1138 299 1182 δόναι
339 1147 424 1189 τοῖς
461 1139 585 1182 ταῦτ’
617 1138 820 1190 ἀπάξουσι
858 1138 960 1194 πρὸς
995 1138 1042 1181 τὸ
1081 1136 1317 1194 στράτευμα
1333 1170 1348 1191 ,
1395 1137 1496 1182 ὥστ’
1531 1139 1639 1183 ἄπο-

177 1208 332 1262 χρῶντ’
357 1207 533 1266 εἶναιτῷ
555 1213 638 1252 τῶν
660 1212 924 1263 στρατιωτῶν
941 1203 1114 1262 πλήθει,
1153 1206 1222 1264 ἐφ’
1246 1201 1280 1265 ᾧ
1303 1204 1348 1250 ἓν
1371 1209 1438 1250 καὶ
1467 1208 1639 1252 ἕκαστον

126 1289 169 1325 15
181 1281 264 1319 τῶν
284 1275 482 1333 παπύρων
503 1277 572 1319 ἕνα
590 1281 820 1333 κρατοῦντα
840 1273 964 1329 ὁμόσε
979 1281 1126 1332 χωρεῖν
1146 1282 1233 1325 τοῖς
1250 1276 1428 1332 ἐχθροῖς.
1463 1277 1577 1320 ταῦτ’
1596 1278 1639 1320 ἔ-

177 1345 397 1387 πετέτακτο
422 1347 490 1387 καὶ
507 1345 580 1400 τὴν
599 1346 792 1399 ταχίστην
811 1343 1053 1400 ἐπέπρακτο,
1077 1345 1144 1386 καὶ
1165 1344 1204 1386 οἶ
1222 1347 1330 1386 θεῖοι
1346 1342 1538 1400 φάκελλοι
1554 1350 1638 1389 τῶν

177 1411 381 1471 παπύρων
400 1411 580 1458 σκεύεσιν
599 1411 767 1463 ὖελίνοις
783 1411 1076 1469 ἓμβεβλημένοι
1095 1410 1182 1468 ἅμα
1198 1412 1273 1468 μὲν
1290 1412 1384 1467 μετ’
1407 1412 1528 1468 εὐχῆς
1546 1413 1635 1469 ἅμα
1656 1408 1688 1443 0

266 1546 302 1581 4.
323 1541 520 1591 πλήθουςῖ

174 1660 337 1705 expertus
359 1663 486 1704 quanta
508 1657 712 1694 difficultate
733 1661 786 1694 tot
807 1657 961 1694 artificiis
984 1659 1212 1701 tractatuum,
1245 1658 1299 1692 tot
1321 1656 1463 1692 obiectis
1485 1668 1635 1705 appara·

173 1705 264 1740 ribus
289 1705 463 1748 classium,
497 1717 600 1750 aegre
631 1706 794 1740 hactenus
837 1706 963 1750 vixque
987 1705 1198 1746 obstitisset,
1232 1716 1276 1738 ne
1298 1705 1380 1738 mari
1404 1703 1548 1738 Latinae
1571 1717 1630 1740 co-

172 1750 252 1796 piae
275 1750 307 1783 in
330 1757 479 1785 nostram
501 1752 725 1786 continentem
753 1752 1037 1796 importarentur3
1061 1751 1182 1784 videns
1204 1751 1268 1784 iam
1291 1761 1350 1783 eas
1373 1750 1475 1795 potiri
1498 1762 1629 1796 campo,

173 1801 213 1830 et
234 1797 424 1841 expeditum
447 1797 605 1843 deinceps
628 1798 828 1842 planumque
857 1796 1016 1831 terrestri
1047 1807 1228 1841 progressu
1250 1795 1286 1829 in
1309 1796 1386 1841 ipsa
1407 1795 1540 1830 viscera
1562 1797 1629 1832 im-

173 1842 264 1887 perii
286 1843 351 1876 iter
374 1842 548 1885 insistere,
571 1843 684 1877 ultimo
710 1843 775 1877 sibi
799 1851 920 1887 conatu
944 1842 1207 1876 contendendum
1231 1841 1414 1881 statuebat,
1437 1852 1504 1886 quo
1526 1842 1629 1878 istum

175 1886 319 1932 primum
342 1888 539 1922 retunderet
559 1889 751 1934 impetum,
765 1900 838 1923 nam
863 1900 903 1923 eo
926 1888 958 1923 si
980 1899 1047 1922 non
1067 1888 1173 1922 solum
1191 1888 1325 1932 impune
1339 1887 1628 1932 defungerentur,

173 1932 233 1966 sed
267 1944 310 1966 ex
338 1933 403 1967 hoc
434 1934 535 1968 etiam
564 1946 638 1968 cum
664 1935 778 1969 fructu
808 1945 1001 1980 operaeque
1022 1933 1131 1979 pretio
1152 1933 1320 1974 redirent,
1352 1932 1387 1966 in
1410 1938 1540 1968 tantum
1563 1945 1629 1968 au-

172 1978 301 2022 gendos
324 1980 512 2024 apparebat
532 1981 665 2014 feroces
685 1981 830 2025 ipsorum
854 1980 1003 2022 animos,
1033 1982 1071 2013 ut
1091 1978 1134 2013 iis
1155 1978 1274 2013 obsisti
1295 1978 1435 2023 amplius
1456 1979 1626 2024 nequiret.

169 2022 276 2067 igitur
309 2029 348 2058 ut
378 2026 412 2059 in
442 2031 511 2060 tam
552 2026 688 2071 ancipiti
721 2025 913 2060 discrimine
942 2036 1092 2060 summae
1126 2035 1239 2059 rerum
1271 2023 1460 2058 faciendum
1490 2025 1623 2060 omnino

170 2069 240 2103 sibi
262 2070 419 2115 putavit,
442 2075 481 2105 ut
503 2071 546 2105 ad
569 2071 667 2106 deum
690 2076 770 2106 ante
791 2072 902 2106 omnia
923 2074 1132 2106 recurreret:
1154 2069 1252 2104 simul
1272 2075 1385 2104 tamen
1407 2069 1529 2103 deinde
1550 2074 1622 2106 tam

170 2125 367 2150 numerosas
408 2122 544 2162 tamque
576 2117 704 2152 validas
737 2129 776 2151 eo
799 2117 986 2153 destinaret
1019 2115 1155 2161 copias,
1191 2120 1229 2150 ut
1251 2126 1366 2149 eorum
1388 2115 1524 2149 obiectu
1547 2116 1620 2151 solo

170 2160 321 2204 repressi
362 2166 523 2207 retroque
551 2163 637 2197 trusi
668 2174 708 2197 re
737 2163 867 2198 insecta
895 2163 1009 2197 hostes
1038 2161 1144 2215 primo
1178 2161 1404 2207 experimento
1435 2160 1619 2204 discerent,

171 2215 273 2250 quam
295 2217 361 2239 non
383 2208 483 2241 facile
504 2208 639 2253 perviae
660 2208 807 2254 ipsorum
830 2208 932 2243 armis
954 2210 1132 2242 ulteriores
1153 2205 1287 2251 imperii
1306 2204 1462 2250 regiones
1483 2207 1620 2250 forent,

169 2261 313 2296 quarum
335 2251 453 2297 utique
478 2253 575 2287 limen
597 2254 706 2298 ipsum
738 2266 780 2289 ac
799 2254 937 2288 limitem
968 2253 1122 2287 viderent
1142 2251 1353 2286 ineluctabili·
1371 2252 1522 2296 potentia
1543 2253 1620 2287 val-

168 2294 285 2330 latum.
331 2308 433 2342 porro
468 2309 556 2343 quae
585 2299 628 2332 ad
658 2299 715 2333 dei
744 2299 1018 2346 propitiationem
1050 2298 1259 2340 attinebant,
1302 2296 1336 2330 in
1366 2297 1454 2331 bunc
1485 2298 1618 2334 modum

168 2347 377 2388 praeparata
398 2347 488 2378 sunt.
534 2344 763 2379 denuntiatum
785 2345 1021 2390 patriarchae,
1044 2343 1232 2389 episcopis,
1255 2342 1415 2377 universo
1439 2343 1530 2378 clero
1553 2349 1621 2387 est,

168 2386 313 2433 primum
336 2388 471 2433 quidem
503 2393 542 2423 ut
572 2393 703 2424 noctem
725 2391 824 2425 simul
846 2395 950 2425 totam
969 2389 1176 2435 implorando
1199 2393 1319 2423 contra
1340 2388 1533 2424 hostes‘dei
1555 2401 1621 2425 au-

167 2432 249 2467 xilio
297 2433 471 2479 ervigilem
492 2434 677 2476 ducerent,
708 2437 770 2470 sub
802 2447 956 2470 auroram
978 2446 1059 2470 vero
1082 2434 1151 2469 diei
1172 2433 1379 2480 insequentis
1407 2435 1619 2481 patriarcha,

167 2488 230 2512 sex
253 2478 329 2513 aiis
353 2492 372 2514 e
394 2479 586 2525 praecipuis
608 2479 839 2526 episcoporum
862 2492 974 2515 secum
997 2479 1177 2525 assumptis
1207 2484 1244 2515 et
1265 2480 1373 2515 sacris
1405 2492 1521 2516 omnes
1543 2486 1620 2516 sto-

166 2522 212 2558 lis
245 2524 375 2568 induti,
409 2526 540 2559 cunctis
571 2525 705 2560 interim
729 2526 803 2561 aliis
823 2527 921 2560 deum
942 2527 1197 2571 invocantibus,
1229 2525 1496 2561 benedictionem
1527 2527 1618 2562 sacri

168 2569 235 2603 olei
257 2570 435 2605 solemnem
457 2571 532 2605 rite‘
546 2576 774 2616 peragerent3
809 2575 877 2606 tum
907 2576 1047 2618 paratos
1076 2571 1122 2606 ad
1150 2571 1187 2606 id
1216 2571 1396 2607 fasciculos
1424 2578 1619 2617 segmento-

166 2624 244 2649 rum
268 2616 391 2661 papyri
431 2622 628 2651 consecrato
660 2617 833 2662 tingerent
853 2618 948 2660 oleo,
979 2629 1056 2652 mox
1078 2617 1199 2652 darent
1220 2618 1386 2663 expeditis
1408 2619 1616 2660 cursoribus,

167 2659 229 2706 qui
249 2661 311 2695 hos
334 2662 377 2696 ad
400 2663 586 2697 exercitum
607 2663 773 2708 portaturi
795 2663 831 2698 in
852 2664 1027 2709 procinctu
1057 2663 1206 2698 stabant.
1251 2669 1326 2698 erat
1355 2667 1466 2698 autem
1496 2675 1615 2698 nume-

166 2714 228 2739 rus
258 2706 483 2742 chartularum
515 2710 590 2743 oleo
619 2708 799 2744 tinctarum
832 2715 978 2755 quantus
1010 2709 1204 2753 sufficeret,
1236 2712 1275 2744 ut
1306 2709 1484 2754 unicuique
1514 2709 1613 2744 militi

167 2754 288 2787 contra
317 2753 448 2788 hostem
479 2754 568 2789 ituro
599 2765 662 2789 sua
690 2755 918 2796 tribueretur,
951 2767 1048 2802 quam
1079 2766 1192 2790 secum
1221 2755 1259 2789 in
1289 2755 1418 2800 praelio
1445 2758 1611 2798 gestaret.

166 2794 254 2830 haec
277 2801 316 2832 ut
336 2797 515 2845 imperata,
536 2800 588 2835 sic
609 2800 798 2836 executioni
821 2801 978 2836 mandata
999 2801 1173 2836 confestim
1196 2805 1285 2835 sunt.
1335 2802 1371 2834 et
1395 2800 1484 2834 sacri
1505 2799 1610 2834 fasci-

166 2841 236 2877 culi
257 2842 447 2881 chartarum
466 2846 502 2881 in
523 2857 606 2883 vasa
624 2845 735 2884 vitrea
753 2847 893 2892 iniecti,
924 2846 1022 2884 simul
1043 2847 1207 2894 religione
1227 2857 1398 2893 congrua,
1427 2845 1528 2881 simul
1545 2858 1608 2882 ve-

709 2976 727 2984 ,-
