1846 3262
224 241 318 286 116
640 223 891 282 GEORGII*
909 234 1259 282 PACHYMERIS

218 351 402 410 κηφόρου
421 351 478 406 μὴ
501 351 605 394 κατὰ
624 349 800 402 κανόνας
822 356 1026 408 προβῆναι
1047 352 1122 408 τὴν
1141 353 1393 408 χειροτονίαν
1414 354 1565 397 ἐκείνου
1589 357 1682 398 δια-

215 426 484 476 βεβαιοῦντος
528 419 717 478 (σπουδὴ
747 421 824 477 γὰρ
857 417 904 475 ἦν
935 426 1010 465 τοῦ
1043 420 1135 464 τότε
1178 427 1427 477 κρατοῦντος
1460 422 1680 480 Θεοδώρου

219 491 290 548 ἐφ’
324 484 356 549 ᾧ
384 487 676 533 ταινιιόσεσθαι
705 492 771 532 καὶ
803 490 1115 547 τεταραγμένοις
1133 497 1218 540 τοῖς
1239 491 1343 533 κατὰ
1361 489 1477 534 δύσιν
1496 494 1679 535 ἐπεισπε-

213 566 298 602 σεῖν
329 556 562 615 πράγμασι·
598 557 703 612 παρ’
736 557 787 614 ἣν
819 561 954 602 αι’τίαν
986 559 1088 615 παρ’
1124 559 1318 611 οὐδεμίαν
1346 560 1500 613 μεταξὺ
1533 562 1679 616 σχεδὸν

214 627 369 684 ἡμέραν
391 627 494 669 ἀλλὰ
521 631 699 682 συνεχῶς
720 625 899 678 ἁπάσαις
919 627 1015 678 τοὺς
1034 632 1108 682 τῆς
1131 625 1352 683 ἱερωσύνης
1375 629 1574 682 βαθμοὺς
1592 632 1676 672 ε’τε-
1690 640 1711 675 5

216 701 320 739 λεΐτο
351 694 528 748 πάντας,
564 698 630 739 καὶ
660 694 769 739 οὕτω
800 697 903 752 πρὸς
935 697 1007 752 τὴν
1041 694 1209 752 πρώτην
1233 701 1306 750 τῆς
1328 697 1534 752 ἱεραρχίας
1563 696 1678 749 τάξιν

165 771 195 806 Ε
220 763 534 824 ἀνεβιβάζετο),
571 765 640 807 διὰ
677 769 809 808 ταῦτα
849 763 870 808 ὃ
909 765 1102 820 βασιλεὺς
1138 772 1224 814 τοῖς
1264 765 1513 822 ἀρχιερεῦσιν
1553 754 1677 824 ἐφῆκε

216 825 408 890 πράττειν
440 831 461 876 ὅ
493 851 530 876 τι
565 835 632 876 καὶ
660 832 889 887 βούλοιντο.
961 836 1027 876 καὶ
1057 834 1106 888 δὴ
1135 834 1416 887 σκεπτομένων
1437 836 1595 877 ἐκείνων
1613 836 1676 877 ἐπὶ

214 907 384 953 πολλαῖς
410 909 500 953 ταῖς
527 900 699 959 ἡμέραις
727 902 846 946 οὐδὲν
875 902 995 945 πλέον
1024 901 1175 957 ὑπῆρξε
1196 907 1254 960 τῷ
1274 900 1506 960 πατριάρχῃ
1527 908 1677 946 παθεῖν

213 972 546 1027 ἀνυπομονησίας
566 973 630 1013 καὶ
650 968 961 1027 καταγνώσεως,
1000 970 1055 1021 ὡς
1074 971 1163 1021 ἐξὸν
1183 971 1306 1027 λέγειν
1326 973 1392 1013 καὶ
1414 973 1542 1027 ζητεῖν
1561 969 1674 1028 διόρ-
1687 982 1730 1015 10

213 1045 346 1084 θωσιν
365 1044 686 1097 μικροψυχοῦντι
708 1042 774 1082 καὶ
795 1045 868 1083 τοῦ
889 1037 1047 1096 θρόνου
1070 1038 1220 1097 ἑτέροις
1236 1045 1561 1096 παραχωροῦντι.
1600 1041 1677 1084 κᾶ-

213 1116 332 1152 κεῖνοι
362 1110 436 1163 μὲν
466 1107 619 1159 οὕτως·
656 1104 706 1163 ἦν
728 1110 773 1152 δέ
793 1108 898 1165 ἄρα,
936 1107 990 1158 ὡς
1011 1109 1153 1159 ἔδειξεν
1172 1108 1342 1165 ὕστερον
1353 1142 1365 1161 ,
1400 1109 1446 1151 τὸ
1479 1107 1676 1164 ζητοῦμε-

211 1195 283 1221 νον
303 1177 361 1232 μὴ
388 1177 449 1221 ὅτι
477 1194 518 1232 γε
547 1180 722 1234 δυσχερῆ
752 1180 976 1233 θεραπείαν
1005 1177 1290 1233 προσιέμενον,
1330 1177 1437 1219 ἀλλὰ
1471 1180 1537 1220 καὶ
1569 1176 1676 1228 ὅλως

210 1246 405 1299 ἀνίατον,
440 1246 503 1288 διὸ
538 1248 604 1288 καὶ
635 1247 749 1301 δίκην
778 1250 852 1297 τῆς
874 1246 1040 1301 ἀγνοίας
1061 1240 1254 1301 ἄντικρυς
1279 1244 1469 1288 ἑκουσίαν
1493 1246 1548 1295 εἷς
1568 1246 1675 1290 ἀπο-

210 1315 350 1370 λογίαν
372 1314 448 1369 τὴν
466 1314 567 1370 πρὸς
592 1314 692 1357 θεὸν
711 1315 934 1357 ἐπιτιθέναι
955 1313 1145 1368 ἐβούλετο
1169 1312 1325 1372 ἑαυτῷ,
1363 1314 1421 1369 μὴ
1442 1315 1535 1357 κατ’
1561 1316 1673 1358 ἐλπί-
1685 1320 1726 1355 15

92 1390 121 1426 Ρ
143 1391 186 1428 75
211 1385 287 1433 δας
305 1380 661 1440 προχωρησάντων
684 1382 797 1441 αὐτῷ
815 1387 898 1426 τῶν
915 1380 1179 1439 πραγμάτων.
1250 1384 1389 1425 ἐκεῖνοι
1408 1383 1452 1425 δὲ
1471 1380 1562 1426 τότε
1583 1385 1674 1440 περὶ

209 1456 284 1496 τοῦ
319 1453 381 1501 τίς
414 1449 465 1493 ἂν
495 1450 570 1506 τὴν
602 1452 815 1507 ἐκκλησίαν
847 1451 953 1495 κατὰ
983 1451 1031 1495 τὸ
1063 1450 1246 1508 ἐχέγγυον
1288 1449 1583 1509 παραλήψαιτο
1619 1452 1673 1495 τὰ

298 1608 331 1642 7.
355 1602 477 1653 ὑφῆκε
498 1605 539 1640 Ρ.

208 1757 261 1780 me
283 1743 475 1779 canonicam
498 1743 715 1789 patriarchae
736 1742 873 1778 Arsenii
896 1741 1142 1779 ordinationem
1164 1743 1270 1778 fuisse
1303 1743 1516 1788 (festinante
1546 1741 1670 1788 quippe

210 1791 251 1826 ad
286 1802 368 1824 suae
400 1790 623 1825 coronationis
653 1790 872 1824 ceremoniam
898 1790 1080 1824 Theodoro
1113 1795 1194 1824 tunc
1227 1790 1455 1835 imperatore,
1491 1792 1528 1828 et
1560 1790 1669 1834 ipsum

207 1836 467 1882 perurgentibus
491 1835 632 1870 Occidui
658 1836 787 1877 limitis,
803 1836 906 1870 rebus
939 1836 994 1869 illo
1022 1840 1174 1882 tempore
1205 1836 1372 1877 turbatis,
1408 1847 1475 1881 quo
1508 1835 1552 1869 ad
1574 1846 1669 1880 spem

206 1883 320 1926 magni
351 1893 549 1924 successus,
581 1882 610 1915 si
643 1886 782 1916 strenue
813 1886 1027 1923 occurreret,
1062 1883 1270 1923 vocabatur,
1303 1881 1562 1927 praecipitatam
1595 1881 1670 1914 eius

207 1928 302 1963 iussu
325 1929 409 1963 adeo
432 1928 538 1962 fuisse
558 1928 849 1972 inaugurationem
880 1928 1114 1973 patriarchae,
1144 1933 1184 1962 ut
1215 1927 1371 1972 legitimis
1394 1926 1586 1961 interstitiis
1610 1938 1669 1960 or-

209 1974 323 2008 dinum
347 1986 411 2009 non
434 1974 577 2009 servatis
599 1975 726 2018 gradus
756 1985 870 2008 omnes
902 1974 1084 2008 sacerdotii
1105 1973 1202 2019 quasi
1231 1985 1298 2007 uuo
1321 1974 1411 2007 saltu
1433 1972 1491 2007 vix
1513 1972 1669 2017 interpo-

209 2020 277 2055 sito
301 2020 452 2055 dieculae
475 2021 573 2054 unius
595 2020 704 2055 medio
725 2019 835 2065 spatio
857 2019 1103 2065 pervolaverit,
1126 2023 1162 2054 et
1184 2019 1234 2054 sic
1257 2019 1299 2053 ad
1323 2019 1438 2053 throni
1453 2018 1668 2063 patriarcha—

209 2067 252 2102 lis
275 2066 447 2110 fastigium
469 2066 718 2101 transcenderit
741 2071 859 2100 contra
890 2067 1088 2100 manifestas
1109 2066 1302 2110 regularum
1326 2065 1492 2100 ecclesiae
1513 2068 1667 2098 veterum

207 2112 442 2156 sanctiones),
471 2113 542 2155 his,
564 2113 718 2158 inquam,
743 2112 840 2146 simul
863 2111 995 2146 cunctis
1019 2112 1241 2156 Palaeologus
1263 2116 1373 2146 motus
1395 2110 1504 2145 edixit
1525 2121 1669 2155 praesu-

206 2158 296 2192 libus
320 2159 534 2203 congregatis
563 2169 600 2192 se
624 2158 703 2193 nihil
725 2159 860 2193 obstare
891 2158 1068 2203 quominus
1090 2158 1179 2203 quod
1202 2157 1286 2202 ipsis
1309 2157 1470 2202 optimum
1492 2156 1669 2190 videretur

207 2204 242 2238 in
265 2215 303 2238 re
325 2205 498 2249 praesenti
520 2205 741 2239 decernerent
763 2209 981 2249 agerentque.
1017 2208 1099 2238 tunc
1122 2207 1239 2249 patres
1263 2203 1394 2248 aliquot
1414 2203 1533 2236 diebus
1554 2201 1590 2236 in
1612 2201 1668 2236 in·-

208 2249 373 2295 quirendo
397 2262 438 2284 ac
460 2250 676 2285 deliberando
707 2250 929 2296 consumptis,
965 2249 1047 2284 nihil
1069 2250 1163 2284 aliud
1186 2249 1277 2295 quod
1303 2249 1386 2284 vitio
1407 2251 1584 2283 verterent
1604 2259 1669 2294 pa-

207 2295 381 2330 triarchae
402 2302 604 2341 repererunt
626 2296 688 2331 nisi
711 2297 886 2342 quamdam
908 2295 1155 2341 impatientiam
1176 2302 1211 2329 et
1233 2298 1482 2340 praematuram
1504 2294 1669 2340 despera·

207 2341 333 2375 tionem
356 2342 597 2377 emendationis
621 2354 732 2378 rerum
752 2354 839 2389 quas
861 2342 1088 2388 improbaret3
1113 2353 1250 2387 quarum
1265 2341 1299 2375 in
1315 2340 1559 2375 correctionem
1575 2340 1669 2385 prius

207 2387 383 2421 debuisset
411 2387 624 2428 incumbere,
660 2393 730 2423 tum
754 2400 816 2434 per
837 2399 875 2422 se
898 2388 1049 2432 agendo,
1081 2391 1152 2421 tum
1181 2387 1387 2432 exquirendo
1410 2387 1453 2421 ab
1476 2385 1551 2420 aliis
1575 2391 1610 2420 et
1629 2386 1667 2420 in

208 2444 380 2467 commune
402 2435 625 2476 consulendo,
649 2446 715 2469 non
739 2438 872 2474 autem,
896 2439 935 2468 ut
955 2434 1039 2468 fecit
1061 2433 1339 2479 pusillanimitate
1359 2432 1470 2467 victus
1478 2457 1496 2479 ⁹,
1513 2430 1665 2466 abiicere

206 2478 337 2513 clavum
360 2479 585 2524 periclitantis
608 2481 772 2515 ecclesiae
795 2486 830 2514 et
852 2480 926 2514 eius
947 2480 1226 2525 gubernationem
1249 2479 1326 2514 aliis
1348 2478 1484 2513 cedere.
1529 2477 1582 2511 ita
1595 2476 1666 2511 illis

207 2524 402 2561 videbatur.
439 2531 610 2560 caeterum
632 2526 802 2572 posterius
823 2527 983 2572 apparuit
1004 2526 1168 2560 insedisse
1190 2524 1300 2560 animo
1322 2523 1538 2569 patriarchae
1562 2522 1664 2557 altius

207 2570 349 2613 vulnus,
383 2574 419 2605 et
444 2582 508 2606 non
530 2572 637 2606 solum
660 2572 803 2607 difficile
826 2577 948 2606 curatu
968 2572 1029 2606 sed
1053 2572 1151 2617 plane
1180 2570 1390 2612 insanabile4
1421 2569 1664 2616 poenitentiam

207 2617 365 2651 videlicet
391 2628 502 2652 seram
522 2619 690 2652 toleratae
722 2617 934 2653 infractionis
956 2618 1103 2653 foederis
1125 2616 1424 2663 praetermittenda
1446 2614 1666 2650 coronatione

207 2661 341 2697 heredis
363 2662 519 2708 imperii,
545 2664 639 2698 cuius
662 2664 781 2709 culpae
803 2669 873 2699 tam
895 2665 1039 2698 acerbus
1061 2664 1152 2698 illum
1174 2666 1296 2698 urebat
1317 2672 1457 2703 sensus,
1479 2671 1568 2694 nnnc
1590 2671 1665 2694 ma-

207 2708 298 2742 xime
327 2708 497 2744 videntem
527 2721 625 2755 quam
659 2715 778 2744 contra
806 2721 899 2755 spem
931 2710 1026 2755 prius
1055 2714 1252 2755 conceptam
1275 2707 1410 2752 negotia
1429 2706 1664 2747 succederent,

209 2759 248 2788 ut
278 2766 345 2799 quo
377 2755 476 2789 istius
510 2755 675 2790 admissae
705 2756 785 2789 licet
813 2767 874 2801 per
901 2755 1127 2800 ignorantiam
1156 2753 1391 2790 conniventiae
1422 2752 1548 2787 crimen
1571 2751 1663 2796 apud

207 2799 307 2834 deum
338 2801 512 2846 expiaret,
546 2801 769 2836 voluntarium
791 2801 857 2836 hoc
878 2801 1166 2836 exauctorationis
1186 2800 1344 2847 propriae
1373 2797 1573 2844 supplicium
1596 2796 1664 2850 sibi

207 2846 298 2880 ultro
321 2847 595 2882 consciscendum
616 2848 800 2893 putaverit.
835 2850 916 2882 tunc
938 2859 1042 2893 porro
1065 2852 1181 2893 patres
1202 2845 1344 2891 synodi,
1369 2846 1424 2880 vel
1446 2843 1559 2890 potius
1580 2853 1663 2877 mr·

208 2896 327 2927 nentes
358 2892 448 2928 inter
481 2893 599 2940 ipsos,
633 2905 676 2928 ex
706 2904 847 2939 quorum
879 2893 1086 2929 auctoritate
1115 2905 1157 2929 ac
1186 2898 1270 2928 nutu
1305 2890 1436 2926 caeteri
1457 2889 1662 2936 pendebant,
