1846 3262
199 232 294 278 130
570 254 575 262 -
618 231 856 275 GEORGII
889 232 1242 277 PACHYMERIS

200 347 331 388 λίθων
359 345 426 386 καὶ
448 341 674 401 μαργοῖρων
698 343 898 402 αὔταρκες
915 340 966 401 ἦν
985 346 1082 396 τοὺς
1104 343 1264 396 εἶδότας
1282 344 1518 400 θαυμάσαι.
1582 364 1665 390 πα-

146 417 175 451 C
201 418 319 463 λαιᾶς
338 417 435 468 γοῦν
459 414 596 468 φιλίας
615 417 689 467 τῆς
712 414 815 470 πρὸς
845 414 917 457 τὸν
936 415 1109 467 βασιλέα
1137 412 1489 470 ὖπομνησθέντες,
1526 416 1666 458 ἱκανοῦ

197 485 418 530 δοκοῦντος
444 482 560 538 σφίσι
592 483 658 523 καὶ
689 487 763 525 τοῦ
785 488 1033 538 κρατοῦντος
1065 478 1108 525 εὖ
1140 482 1245 539 παρ’
1274 485 1432 527 ἐκείνων
1452 483 1666 534 παθόντος

197 549 324 594 πάλαι
344 549 448 592 κατὰ
478 549 646 593 τούπιὸν
677 549 1025 606 ἀπομνημονεύειν
1052 551 1126 607 τὴν
1141 549 1285 608 χάριν,
1318 553 1520 606 βασιλέως
1535 570 1664 609 κατα-

199 619 374 667 στάντος
404 619 471 661 καὶ
500 618 728 673 δυναμένου
737 652 751 674 ,
798 620 852 662 τὰ
883 620 1007 663 πιστὰ
1036 618 1232 673 λαβόντες
1266 620 1333 663 διὰ
1351 619 1604 676 γραμμάτων
1623 622 1696 667 ἐν5

199 685 449 744 ἀπορρήτοις
470 691 719 741 βασιλικῶν,
751 690 818 731 καὶ
845 688 897 731 τὰ
927 688 1023 731 κατ’
1047 688 1198 738 αὐτοὺς
1220 683 1262 731 εὖ
1284 689 1518 743 διαθέμενοι
1529 721 1543 741 ,
1582 687 1665 746 ὅλῳ

199 756 345 814 ῥυτῆρι
364 756 466 812 πρὸς
486 756 556 799 τὸν
578 756 751 811 βασιλέα
771 762 975 814 χωροῦσιν
998 759 1039 800 ἐν
1065 755 1306 811 αὐτομόλων
1324 755 1516 812 σχήματι.
1576 754 1597 799 ὅ
1621 758 1666 799 δὲ

201 825 364 880 δέχεταί
378 842 421 867 τε
445 824 630 879 ἀσμένως
651 827 718 868 καὶ
736 830 835 885 τιμᾷ
856 832 941 875 τοῖς
966 824 1243 883 προσήκουσι,
1280 825 1352 868 τὸν
1373 827 1447 879 μὲν
1464 842 1666 880 παρακοι-

198 892 387 948 μώμενον
413 897 487 936 τοῦ
507 898 702 944 κοιτῶνος
729 892 1094 950 καταστησάμενος
1113 895 1185 938 τὸν
1208 895 1447 947 Βασίλειον,
1484 891 1664 950 θάτερον

147 970 179 1004 D
205 964 249 1006 δὲ
274 963 346 1005 τὸν
384 963 606 1005 Βασιλικόν
638 962 765 1019 μέγαν
800 961 1079 1019 ἕταιρειάρχην
1110 963 1342 1013 ἀποδείξας.
1422 963 1489 1005 καὶ
1517 963 1662 1019 ἐχρᾶτο
1677 976 1720 1009 10

197 1029 358 1081 τούτοις
377 1034 521 1082 δεξιοῖς
541 1031 579 1082 ἐς
602 1030 664 1074 ὅτι
684 1030 865 1085 μάλιστα
889 1034 944 1081 εἷς
962 1032 1013 1074 τὰ
1035 1030 1257 1088 πράγματα
1276 1031 1559 1089 φαινομένοις,
1598 1031 1665 1072 καὶ

198 1098 225 1155 ἦ
257 1099 360 1155 πρὸς
391 1100 540 1149 αὐτοὺς
571 1101 687 1157 φιλία
715 1105 790 1143 τοῦ
819 1101 1020 1154 βασιλέως
1046 1104 1220 1157 προσῆν.
1290 1101 1329 1143 οἳ
1358 1101 1402 1142 δὲ
1431 1100 1561 1142 πολλὰ
1589 1099 1664 1152 μὲν

198 1169 364 1212 οἴκοθεν
391 1168 570 1223 ἔχοντες,
608 1167 682 1211 οὐκ
710 1168 825 1224 ὀλίγα
853 1169 896 1211 δὲ
926 1171 992 1211 καὶ
1015 1169 1128 1224 παρὰ
1154 1172 1226 1211 τοῦ
1255 1168 1456 1220 βασιλέως
1478 1169 1533 1217 εἷς
1553 1167 1665 1210 οἷκο-

197 1238 345 1291 νομίαν
377 1234 599 1290 λαβόντες,
645 1242 800 1286 πιστῶς
827 1235 941 1291 μάλα
983 1240 1050 1280 καὶ
1080 1237 1269 1285 εὐνοϊκῶς
1306 1236 1410 1279 κατὰ
1438 1234 1665 1290 Ῥωμαίους

197 1305 653 1360 μετασχηματισθὲντες
681 1303 956 1360 ὖπηρετοῦντο
987 1310 1046 1364 τῷ
1075 1310 1257 1359 βασιλεῖ·
1302 1305 1419 1348 οὐδὲν
1448 1305 1524 1361 γὰρ
1556 1303 1664 1347 οὕτω
1677 1314 1719 1349 15

198 1377 412 1428 συνίστησι
442 1373 516 1422 τὰς
554 1375 608 1423 εἷς
641 1373 715 1428 τὴν
741 1375 954 1427 βασιλείαν
981 1373 1139 1423 εὐνοίας
1162 1372 1218 1423 ῶς
1243 1373 1269 1429 ἡ
1291 1373 1387 1416 κατ’
1412 1372 1531 1423 ἀξίαν
1545 1370 1666 1429 χάρις

150 1449 182 1483 Ε
207 1449 293 1492 τοῖς
312 1442 434 1491 ἀξίως
455 1441 681 1495 οἷσομὲνοις
700 1444 741 1492 ἐξ
759 1441 924 1496 ἑτοίμου
945 1442 1244 1498 προτεινομένη.
1299 1439 1392 1484 τότε
1412 1443 1480 1483 καὶ
1499 1439 1520 1483 ὅ
1542 1445 1667 1484 σουλ-

198 1511 275 1554 τάν
293 1511 351 1553 ἔτι
380 1514 540 1565 μᾶλλον
570 1515 652 1552 τῶν
683 1510 795 1567 ἀμφ’
827 1510 953 1553 αὐτὸν
984 1511 1312 1567 κραδαινομένων
1332 1509 1419 1564 ἅμα
1440 1510 1513 1564 μὲν
1532 1509 1598 1552 διὰ
1618 1509 1666 1552 τὸ

201 1580 327 1638 φανὲν
355 1583 438 1622 τῶν
469 1577 671 1636 Τοχάρων
694 1579 818 1630 ἔθνος
847 1576 933 1635 ἅμα
963 1580 1095 1622 δὲκαὶ
1125 1580 1239 1623 ἰδίων
1261 1575 1512 1636 πραγμάτων
1533 1578 1662 1632 ἕνεκα,

202 1724 239 1758 in
265 1723 411 1769 scyphos
434 1734 586 1770 vasaque
609 1723 729 1759 similia
751 1725 907 1765 formato,
929 1724 985 1761 vel
1008 1736 1089 1760 cuso
1111 1723 1146 1758 in
1169 1725 1336 1759 monetam
1356 1725 1443 1768 'typo
1467 1722 1667 1769 Chalyphae

202 1770 382 1814 signatam.
427 1771 578 1804 velorum
601 1782 682 1805 vero
706 1783 912 1816 gemmarum
943 1776 979 1806 et
1001 1771 1259 1816 margaritarum
1280 1774 1412 1804 tantum
1435 1769 1469 1803 in
1492 1768 1667 1803 recondito

205 1816 399 1858 habebant,
422 1821 584 1861 quantum
607 1816 637 1850 si
661 1817 716 1852 cui
747 1818 966 1851 ostenderent
989 1817 1064 1851 iure
1086 1818 1279 1851 miraretur.
1328 1816 1359 1850 hi
1392 1827 1473 1860 ergo
1508 1815 1669 1860 antiquae

205 1861 377 1896 recordati
400 1861 572 1896 amicitiae
603 1874 703 1907 quam
733 1874 807 1897 cum
840 1863 1064 1908 imperatore,
1094 1863 1229 1908 quando
1258 1862 1289 1896 is
1313 1862 1423 1896 adhuc
1446 1861 1601 1907 privatus
1623 1859 1668 1895 ad

206 1907 333 1942 Persas
370 1907 480 1952 sugit,
513 1911 771 1949 contraxerant,
805 1920 968 1943 memores
1001 1908 1103 1942 etiam
1139 1920 1178 1942 se
1211 1908 1246 1942 in
1281 1921 1321 1942 eo
1344 1908 1441 1952 signa
1464 1907 1668 1941 observasse

206 1959 344 1988 mutuae
370 1953 405 1987 in
435 1953 527 1999 ipsos
559 1954 838 1996 benevolentiae,
874 1966 940 1989 non
972 1954 1171 1988 dubitarunt
1201 1965 1276 1988 esse
1308 1954 1399 1987 illum
1434 1953 1598 1987 hominem
1623 1952 1666 1986 iis

205 2000 354 2033 moribus
387 2011 485 2044 quem
518 2011 584 2033 non
618 2001 747 2034 frustra
779 2000 990 2035 confiderent
1011 2003 1185 2045 acceptam
1207 2000 1241 2033 in
1266 1999 1400 2045 privata
1425 2000 1562 2033 fortuna
1585 2010 1669 2043 gra-

205 2045 289 2079 tiam
311 2045 348 2079 in
370 2044 510 2090 imperio
534 2047 652 2087 etiam,
674 2049 851 2092 postquam
875 2046 918 2080 ad
941 2046 1022 2080 illud
1046 2045 1276 2087 ascendisset,
1299 2045 1490 2089 agniturum
1504 2070 1516 2088 ,
1541 2049 1578 2078 et
1600 2056 1668 2090 quo

207 2092 284 2135 plus
319 2091 383 2125 iam
414 2095 556 2136 posset,
592 2104 631 2126 eo
662 2092 835 2127 liberalius
869 2103 1100 2137 repensurum.
1147 2103 1252 2136 quare
1283 2103 1358 2124 cum
1386 2092 1431 2125 ab
1455 2090 1510 2125 illo
1535 2089 1669 2125 arcanis

208 2138 303 2182 prius
326 2141 491 2171 convento
514 2137 641 2172 nuntiis
664 2138 779 2182 regias
801 2140 887 2172 clam
911 2138 1059 2183 perlatas
1082 2137 1214 2178 literas,
1237 2136 1362 2182 quibus
1383 2136 1466 2182 ipsis
1489 2137 1587 2182 plene
1610 2147 1670 2170 ca-

207 2183 376 2225 vebatur,
400 2183 630 2228 accepissent,
661 2184 732 2218 suis
752 2183 820 2218 illic
842 2183 952 2218 otiose
975 2183 1167 2218 convasatis
1191 2187 1226 2217 et
1248 2187 1323 2217 tuto
1348 2183 1533 2227 asportatis
1555 2182 1670 2225 rebus,

209 2238 337 2262 summa
361 2228 534 2264 celeritate
564 2241 602 2264 se
634 2230 676 2263 ad
699 2230 936 2275 imperatorem
959 2230 1139 2264 conferunt
1160 2229 1276 2276 specie
1300 2230 1562 2273 transfugarum.
1607 2238 1670 2262 eos

207 2273 266 2307 ille
290 2285 364 2308 cum
386 2274 529 2309 libenter
553 2287 594 2309 ac
630 2275 854 2321 pei-benevole
886 2275 1038 2320 excepit,
1068 2281 1140 2309 tum
1173 2279 1212 2309 ut
1244 2275 1335 2319 digni
1353 2279 1449 2309 erant
1479 2274 1669 2316 honoravit,

206 2318 352 2353 alterum
375 2320 508 2365 quidem
532 2333 646 2355 eorum
669 2321 831 2356 Basiliam
854 2321 985 2355 nomine
1006 2320 1238 2355 excubitorem
1254 2320 1399 2355 cubiculi
1420 2319 1561 2362 faciens,
1583 2319 1671 2355 alte-

210 2375 285 2399 rum
308 2377 389 2399 vero
412 2366 588 2401 basilicum
618 2379 772 2412 magnum
803 2370 838 2401 et
861 2366 1127 2401 hetaeriarcham
1160 2378 1292 2401 creans.
1339 2371 1568 2412 expertusque
1593 2376 1670 2400 mox

211 2421 272 2444 eos
308 2411 351 2444 ad
384 2411 495 2445 omnia
526 2413 570 2447 ad
604 2425 693 2458 quae
732 2413 980 2448 adhibebantur
1013 2412 1152 2446 dextros
1183 2418 1287 2457 atque
1317 2412 1522 2453 industrios,
1553 2422 1670 2446 eorum

211 2467 318 2501 opera
351 2456 548 2501 frequenter
584 2459 767 2502 utebatur,
801 2470 1008 2504 pronamque
1030 2458 1067 2492 in
1090 2459 1183 2503 ipsos
1206 2470 1300 2493 suam
1326 2459 1471 2503 gratiam
1494 2457 1584 2492 haud
1606 2457 1670 2491 du-

210 2501 276 2536 biis
300 2501 498 2537 declarabat
518 2503 664 2538 indiciis.
711 2516 812 2550 porro
835 2504 883 2538 illi
906 2505 1010 2538 multa
1033 2515 1076 2538 ex
1099 2516 1137 2539 se
1160 2505 1343 2546 habentes,
1367 2515 1432 2538 non
1455 2514 1564 2549 panca
1583 2503 1670 2548 ipsis

212 2547 257 2582 ab
278 2548 487 2592 imperatore
510 2550 772 2585 administranda
793 2550 969 2585 commissa
983 2561 1110 2584 summa
1133 2550 1202 2585 fide
1223 2550 1522 2593 benevolentiaque
1540 2553 1671 2584 tracta-

212 2597 312 2636 runt,
343 2594 535 2637 gratissime
561 2606 695 2640 semper
723 2596 968 2641 utilissimeque
1005 2596 1204 2631 servientes.
1252 2597 1351 2642 plane
1381 2594 1613 2630 transformati
1634 2594 1670 2629 in

215 2650 329 2673 mores
351 2640 566 2684 habitumque
587 2642 812 2676 Romanorum
834 2642 1061 2676 fidelissimum
1084 2641 1280 2688 obsequium
1302 2641 1499 2687 imperatori
1521 2640 1672 2686 praesti-

214 2688 351 2719 terunt=
375 2685 458 2720 nihil
479 2686 567 2720 enim
590 2687 641 2721 ita
662 2687 805 2722 subditis
834 2687 870 2722 in
890 2688 1079 2733 principem
1113 2700 1229 2722 verum
1257 2699 1403 2722 amorem
1437 2686 1672 2732 sinceramque

214 2730 317 2764 fidem
339 2731 484 2776 inspirat
505 2737 544 2766 ut
567 2732 680 2777 gratia
701 2733 832 2767 meritis
856 2737 1010 2778 prompte
1036 2733 1171 2768 reddita
1191 2738 1229 2767 et
1261 2733 1460 2767 beneficium
1490 2732 1600 2777 dignis
1630 2743 1672 2766 ac

216 2777 347 2811 referre
378 2776 564 2812 scientibus
593 2780 683 2812 ultro
722 2784 1023 2824 repraesentatum.
1077 2783 1159 2815 tunc
1186 2784 1222 2813 et
1246 2779 1369 2814 Sultan
1383 2805 1395 2821 ,
1429 2782 1536 2823 magis
1560 2778 1672 2812 adhuc

213 2822 388 2867 magisque
409 2823 644 2858 vacillantibus
678 2824 735 2869 qui
759 2825 848 2859 circa
869 2824 978 2873 ipsum
1002 2830 1101 2860 erant
1115 2851 1126 2868 ,
1157 2824 1254 2859 simul
1277 2826 1321 2859 ob
1343 2836 1421 2860 sese
1444 2827 1672 2860 ostentantem

214 2867 363 2904 terribili
384 2869 499 2915 specie
520 2869 753 2906 Tocharorum
787 2873 922 2917 gentem
935 2895 947 2916 ‚
985 2870 1084 2906 simul
1107 2872 1150 2907 ob
1174 2870 1380 2918 peculiarem
1401 2882 1514 2906 rerum
1535 2879 1672 2906 suarum
