1884 3262
225 202 323 252 696
603 200 939 259 ,osssssavAr
973 193 1301 250 PAGHYMERJ
1331 214 1334 216 ’

221 311 345 364 polita
359 309 549 351 habemus
560 337 571 358 ,
600 308 860 350 acclamatum
879 322 967 350 eum
986 310 1146 362 quidem
1162 325 1185 349 a
1200 312 1427 363 proceribus
1445 319 1486 353 et
1503 313 1684 354 exercitu

222 370 498 418 imperatorem
529 366 659 404 statim
686 373 778 418 post
802 367 927 420 patris
953 368 1128 418 obitum,
1173 368 1452 420 inauguratum
1475 377 1611 409 tamen
1638 370 1690 412 iunv

225 423 384 462 ecclesia
405 422 567 460 solemni
584 422 665 462 ritu
691 423 813 462 serius
837 424 975 474 fuisse,
1003 431 1214 477 propterea
1245 425 1354 475 quod
1370 426 1596 477 patriarcha
1614 423 1686 477 qui

225 478 485 518 ceremoniam
507 484 710 530 perageret
732 479 865 518 nullus
890 486 976 520 tum
1001 489 1098 522 erat.
1163 482 1307 520 etenim
1321 511 1333 533 ,
1372 488 1422 521 ut
1445 482 1676 536 Acropolita

225 536 362 574 scribit
382 549 423 587 p.
446 535 513 585 57,
542 535 728 587 πὲφθακε
745 535 770 577 o‘
792 533 1035 592 πατριάρχης
1064 536 1268 592 Μανουήλ
1294 535 1438 591 μικρόν
1460 555 1499 580 τι
1513 543 1584 580 τοῦ
1605 542 1685 593 βα-

226 592 363 641 σιλέως
391 588 582 632 Ἰωάννου
606 596 925 647 προτελευτῆσαι.
983 596 1154 634 Μαηιιὲἰ
1173 595 1419 647 patriarcha
1440 596 1568 647 paulo
1593 603 1689 637 ante,

226 650 394 689 loannis
424 648 613 700 Augusti
638 657 803 688 mortem
834 649 1063 691 decesserat.
1121 658 1368 690 accesserunt
1395 650 1687 692 deliberationis

225 707 268 745 in
287 706 511 756 quaerendo
532 705 647 756 digno
667 720 812 756 morae,
840 713 880 745 et
896 714 984 759 post
1003 704 1309 759 designationem
1326 708 1537 761 Nicephori
1553 709 1688 748 Blem-

225 762 356 802 midae
372 761 490 800 huius
508 763 725 812 recusatio,
758 763 833 802 sub
859 763 964 803 hanc
985 766 1219 807 consultatio
1246 779 1373 816 nova;
1412 771 1454 804 et
1474 771 1565 817 post
1579 765 1690 805 mul-

226 826 291 859 tos
312 819 537 870 singillatim
555 831 758 871 expensOS,
788 820 859 872 qui
879 822 999 860 variis
1019 822 1068 860 de
1089 822 1214 861 causis
1232 835 1315 860 non
1330 823 1566 875 placuerunt
1582 835 1692 864 novo.

225 876 416 929 principi,
456 875 591 913 electio
618 876 802 915 monachi
831 877 985 916 Arsenii
1015 879 1270 930 evocatioque
1289 891 1339 917 ex
1355 879 1594 918 monasterio
1614 879 1692 918 sito

228 932 281 970 ad
308 931 577 983 Apolloniadis
605 932 758 982 lacum,
798 933 891 972 inde
920 934 1039 974 huius
1072 949 1277 974 sacrorum
1305 936 1490 975 ordinum
1517 935 1693 988 expertis

228 988 398 1028 initiatio
418 1001 489 1040 per
503 988 648 1040 gradus
670 1003 691 1026 a
709 990 923 1030 diaconatu
941 992 992 1030 ad
1007 991 1320 1044 patriarchatum
1342 1006 1424 1032 una
1443 991 1694 1031 hebdomade

229 1046 501 1097 deproperata.
557 1044 655 1083 haec
668 1046 778 1084 facile
799 1053 927 1086 totum
946 1049 1206 1088 Novembrem
1222 1055 1455 1101 partemque
1469 1048 1693 1088 Decembris

229 1107 466 1149 tenuerunt,
493 1101 548 1139 ita
565 1107 611 1139 ut
633 1103 834 1142 coronatio
864 1104 1047 1144 solemnis
1067 1108 1161 1144 novi
1177 1105 1342 1157 Augusti
1364 1119 1436 1158 per
1451 1118 1602 1145 novum
1617 1118 1693 1156 pa·-

229 1157 441 1197 triarcham
460 1158 535 1196 rite
555 1159 775 1210 perpetrari
794 1160 864 1198 vix
884 1162 1060 1212 potuerit
1080 1169 1172 1201 ante
1189 1163 1286 1200 festa
1303 1163 1511 1212 Natalitia‚
1541 1167 1581 1200 et
1603 1174 1693 1201 cre-e

231 1215 350 1253 dibile
371 1221 427 1252 est
447 1214 532 1266 ipso
553 1213 699 1252 Christi
716 1215 851 1264 natali,
882 1230 960 1266 quo
979 1218 1042 1256 <lie
1064 1219 1306 1269 auspicatior
1321 1219 1488 1271 reperiri
1506 1218 1606 1256 alius
1625 1231 1694 1258 ne-

231 1272 386 1322 quiret,
413 1284 564 1308 sacram
588 1271 706 1308 istam
726 1274 986 1312 ceremoniam
1002 1281 1215 1326 peractam.
1396 1318 1400 1321 ,

346 1327 407 1365 lV.
466 1326 538 1365 His
556 1327 612 1364 ita
633 1327 788 1379 positis,
817 1342 918 1379 quae
936 1331 1081 1382 partim
1102 1330 1318 1370 certissima
1336 1330 1482 1371 diserta
1502 1329 1694 1369 testifica-q

232 1384 339 1422 tione
356 1383 604 1435 Acropolitae
622 1391 721 1422 tunc
740 1386 909 1424 viventis
929 1393 966 1425 ct
982 1388 1198 1439 praesentis
1219 1401 1265 1425 ac
1285 1388 1480 1439 Gregorae
1510 1399 1696 1438 comper-

233 1442 382 1479 tissima
411 1453 461 1477 ex
488 1441 638 1479 recenti
663 1442 846 1480 memoria
877 1444 1103 1495 scribentis,
1142 1444 1309 1497 partim,
1347 1444 1456 1496 quod
1479 1444 1625 1482 attinet
1643 1443 1697 1483 ad

236 1497 574 1535 circumstantiam
601 1497 678 1535 diei
711 1497 856 1536 Christi
881 1501 1023 1540 natalis
1069 1502 1122 1541 ad
1165 1501 1366 1541 Theodori
1402 1501 1698 1540 coronationem

238 1553 376 1603 electi,
410 1554 452 1591 in
472 1553 628 1592 silentio
649 1555 888 1607 scriptorum
909 1570 959 1596 ex
981 1559 1080 1596 serie
1102 1559 1276 1598 naturali
1295 1571 1432 1597 rerum
1453 1557 1698 1597 verisimilli-

237 1624 303 1649 ma
333 1615 450 1659 sunt,
489 1610 604 1649 offert
632 1611 745 1649 nobis
776 1612 939 1662 quidam
965 1615 1113 1666 alioqui
1129 1615 1410 1668 perintricatus
1444 1620 1485 1653 et
1508 1614 1700 1655 obscurus

238 1666 490 1718 Pachymeris
529 1667 658 1705 nostri
693 1668 805 1707 locus
856 1671 1098 1710 occasionem
1131 1673 1295 1712 minime
1331 1671 1594 1724 spernendam
1631 1670 1702 1709 in-

239 1723 429 1774 signiendi
447 1724 649 1762 luculento
669 1726 825 1764 coelesti
842 1726 1069 1767 charactere
1086 1730 1260 1768 frontem
1275 1728 1378 1767 hanc
1395 1732 1521 1781 ipsam
1536 1733 1577 1767 et
1589 1727 1703 1778 quasi

241 1779 448 1832 capitalem
478 1780 667 1832 epocham
690 1780 809 1821 huius
839 1797 958 1835 quam
983 1785 1134 1824 edimus
1161 1785 1363 1829 historiae.
1418 1785 1535 1837 ponit
1560 1790 1702 1825 auctor

244 1841 379 1876 noster
396 1836 423 1875 l.
444 1840 463 1878 1
497 1850 529 1875 c.
553 1840 604 1880 13
631 1836 729 1876 haec
757 1839 840 1890 ipsa
869 1841 985 1893 plane
1014 1843 1136 1881 verba
1165 1843 1214 1881 de
1246 1842 1418 1894 quadam
1450 1841 1582 1893 eclipsi
1609 1840 1702 1879 solis

245 1905 346 1943 quae
364 1891 565 1931 Theodori
588 1902 883 1944 praematurum
913 1898 1067 1936 obitum
1084 1900 1354 1950 praesagierit:
1393 1897 1414 1940 ὃ
1431 1895 1483 1950 δή
1499 1895 1568 1938 καὶ
1587 1912 1703 1951 προε-

246 1945 402 2000 σήμρινέ
429 1963 466 1988 τι
496 1953 680 2002 σημεῖον·
720 1946 834 2002 ’ἥλιος
863 1950 938 2007 γοῖρ
972 1953 1188 1996 ἐκλελοίπει
1215 1952 1289 2006 ἐφ’
1318 1952 1430 2008 ἇίραν
1467 1954 1604 2007 τρίτην
1630 1956 1704 2006 τῆς

247 2004 361 2056 ἕκτης
377 2003 540 2057 ἡμέρας,
569 2005 637 2046 καὶ
653 2004 766 2058 βαθύ
785 2004 925 2057 σκότος
941 2007 986 2050 τό
1000 2013 1083 2051 πᾶν
1098 2007 1338 2064 κατειλήφει,
1369 2009 1470 2052 ὥστε
1487 2009 1556 2050 καὶ
1579 2007 1704 2061 ἄστρα

249 2064 430 2112 φανῆναι
450 2057 542 2101 κατ’
564 2057 748 2115 ου’ρανὸν.
804 2064 874 2105 καὶ
893 2063 943 2118 δή
966 2063 1181 2119 ἁρπάζεται
1194 2068 1263 2108 καὶ
1282 2064 1360 2121 πρὸ
1385 2064 1492 2120 ὥρας
1511 2062 1615 2119 ἆνῆρ
1635 2068 1705 2119 βα·

248 2120 408 2163 σιλικῶς
432 2115 504 2168 μὲν
521 2118 588 2158 καὶ
603 2118 813 2171 γεννηθεὶς
831 2121 900 2162 καὶ
916 2125 1081 2175 τραφείς
1101 2130 1174 2163 etc.
1217 2123 1314 2163 haec
1330 2123 1382 2162 ad
1402 2123 1571 2162 verbum
1589 2136 1706 2162 seru·-

107 2175 136 2210 P
158 2176 224 2214 491
247 2173 491 2225 pulosissima
506 2174 585 2213 fide
603 2175 657 2213 sic
676 2176 815 2214 Latine
833 2185 985 2219 sonant.
1014 2179 1124 2231 quod
1137 2181 1527 2233 etpraesignfficavit
1539 2182 1707 2231 signum

253 2228 473 2282 quoddam.
529 2232 594 2269 sol
617 2234 720 2270 enim
744 2231 940 2286 dejecerat
962 2235 1022 2274 ad
1041 2236 1185 2275 horam
1208 2240 1368 2276 tertiam
1387 2245 1520 2275 sextae
1538 2236 1639 2286 diei,
1669 2243 1707 2274 et

255 2285 401 2324 densae
415 2286 591 2325 tenebrae
601 2294 747 2333 cuncta
759 2291 1145 2345 comprehenderant,
1158 2293 1257 2332 adeo
1269 2302 1316 2332 ut
1324 2300 1561 2346 apparerent
1569 2293 1709 2331 stellae

251 2357 326 2394 per
347 2344 509 2382 coelum.
567 2346 704 2398 itaque
711 2350 966 2399 praeripitur
976 2350 1119 2388 acerba
1137 2359 1263 2389 morte
1277 2353 1341 2390 vir
1367 2353 1472 2402 regie
1491 2349 1654 2402 quidem
1670 2356 1708 2388 et

259 2405 383 2436 natas
398 2407 434 2436 et
452 2399 647 2439 educatus
667 2408 740 2441 etc.
796 2402 894 2442 haec
913 2405 954 2443 in
975 2412 1159 2459 excerpta
1187 2421 1258 2446 sua
1281 2406 1589 2459 Pachymeriana
1608 2419 1708 2445 con-

260 2467 394 2505 gerens
415 2455 578 2495 Wollius
603 2459 657 2496 sic
685 2459 815 2499 effert:
856 2462 932 2500 sub
962 2462 1118 2501 obitam
1150 2463 1344 2502 Theodori
1369 2462 1570 2501 Las-caris
1599 2469 1711 2500 sexto-

261 2510 327 2548 dc'e
343 2511 406 2548 sol
418 2526 492 2562 per
510 2513 652 2552 horam
672 2515 910 2555 obscuratus
925 2525 1003 2568 est,
1030 2520 1285 2572 tenebraeque
1301 2527 1541 2572 operuerunt
1558 2520 1706 2568 omnia,

263 2565 363 2604 adeo
390 2575 435 2604 ut
451 2569 589 2607 stellae
605 2573 646 2608 in
664 2573 767 2610 coelo
787 2582 1032 2625 apparerent.
1077 2576 1273 2616 Henricus
1294 2576 1529 2628 Spondanus
1549 2576 1590 2614 in
1610 2587 1709 2613 con-

264 2623 484 2662 tinuatione
514 2624 725 2666 Annalium
752 2629 910 2669 Baronii
939 2631 990 2669 ad
1017 2645 1107 2671 ann.
1136 2634 1244 2676 1259
1273 2646 1382 2672 num.
1405 2636 1455 2675 13
1478 2632 1615 2670 scribit
1634 2631 1708 2669 sub

265 2679 417 2718 obitum
435 2679 633 2720 Theodori
652 2684 823 2724 Lascaris
849 2687 1016 2726 Iunioris
1043 2690 1166 2726 solem
1187 2704 1262 2742 per
1285 2689 1427 2729 horam
1449 2689 1710 2728 obscuratum

266 2749 366 2786 8888,
398 2739 459 2774 ila
480 2744 525 2775 ub
553 2739 688 2776 stellae
719 2751 964 2792 apparerent.
1022 2745 1188 2798 sumpsit
1210 2745 1252 2784 id
1269 2746 1454 2784 nimirum
1482 2757 1531 2782 ex
1552 2744 1709 2783 Wolfio.

266 2791 459 2831 Odoricus
469 2793 680 2833 Rainaldus
696 2809 803 2835 num.
823 2799 877 2842 54
896 2813 959 2839 an.
984 2802 1107 2851 1259,
1120 2808 1290 2840 mortem
1306 2800 1504 2840 Theodori
1523 2801 1710 2849 referens,

267 2847 438 2887 eiusdem
464 2851 641 2890 meminit
660 2852 832 2904 eclipsis,
862 2868 979 2905 quam
1000 2864 1113 2896 sexto
1129 2857 1178 2896 ab
1195 2858 1278 2897 eius
1296 2857 1406 2896 obitu
1423 2856 1486 2895 die
1507 2857 1711 2908 contigisse
