1846 3262
218 186 242 230 1
251 184 314 229 82
639 181 876 225 GEORGII
910 181 1260 227 PACHYMERIS

215 298 282 341 καὶ
310 292 518 349 βασιλεύοι
550 298 646 348 νῦν,
689 292 1021 339 παλλακεῦεσθαι
1047 295 1240 352 μεγίστην
1268 291 1399 340 οὖσαν
1420 297 1486 340 καὶ
1508 297 1552 341 ἐκ
1573 299 1687 356 μεγί-

165 382 194 416 c
219 368 345 422 στιον)
358 398 369 416 ,
399 363 526 406 ἄλλον
549 363 639 407 τινὰ
653 362 805 421 τρόπον
830 363 930 420 ἴγνω
951 362 1192 420 θεραπεύειν
1212 364 1284 408 τὸν
1302 370 1583 423 τυραννοῦντα
1602 385 1684 422 μα-

214 433 323 479 νικὸν
348 432 494 488 ἔρωτα.
566 434 633 475 καὶ
664 432 715 488 δὴ
746 432 851 491 αὐτῇ
880 434 954 488 μὲν
987 431 1183 487 ὑπίσχετο
1206 429 1339 493 ἑαυτῷ
1371 437 1606 488 συνοικίζειν
1631 438 1687 487 εἰς

213 499 344 559 γάμον
362 500 518 557 ἀφέντα
537 499 611 557 τήν
634 499 783 545 ἑαυτοῦ
794 535 808 555 ,
844 502 951 558 πλὴν
980 502 1043 544 ἐπὶ
1077 499 1295 552 δοκούσαις
1315 501 1494 559 εὐλόγοις
1519 502 1686 561 προφά-

214 587 326 614 σεσιν
337 602 349 622 ,
387 568 436 619 ἃς
454 571 520 612 καὶ
540 569 773 626 προῦτεινεν
795 571 857 613 ἐπὶ
882 574 1069 622 πολλῶν,
1109 570 1237 626 καλὴν
1256 571 1330 624 μὲν
1361 569 1460 614 εἶναι
1481 573 1554 627 τὴν
1579 575 1683 617 Θεο-
1697 583 1719 619 5

215 636 354 695 ὄώραν
377 635 504 696 (οὕτω
524 639 602 696 γὰρ
624 637 854 694 ὠνομάζετο
874 637 899 696 ἦ
925 637 1174 696 Αὖγούστα)
1204 641 1270 682 καὶ
1289 640 1430 695 γε’νους
1453 640 1568 692 ἀξίου
1589 640 1687 685 τού-

214 724 288 750 του
321 711 558 761 βασιλικοῦ,
598 710 665 751 καὶ
690 709 820 764 μηδὲν
848 708 949 764 ἔχειν
974 709 1242 751 ἔπαιτιᾶσθαι
1263 707 1288 763 ἢ
1313 708 1453 764 γένους
1473 708 1499 764 ἢ
1519 726 1688 767 σωφρο-

166 789 196 823 D
221 773 347 832 σύνης
364 772 530 832 τρόπων
551 777 933 834 παραβεβασμένων
960 775 986 833 ’ἢ
1016 781 1090 820 τοῦ
1110 776 1169 832 μὴ
1192 778 1418 833 φίλανδρον
1439 776 1540 821 εἶναι
1558 780 1630 822 καί
1648 780 1689 822 οἳ

214 845 332 896 ἀξίαν
353 843 680 899 συμβασιλεύειν.
749 845 849 889 ἀλλ’
874 846 1096 902 ἀναγκαῖον
1119 844 1220 888 εἶναι
1247 843 1412 896 πάντως
1433 846 1688 904 εὐφυλακτό-

213 931 333 970 τερον
357 915 423 956 καὶ
444 914 547 971 πρὸς
569 915 665 965 τοὺς
683 914 861 972 ἐχθροὺς
880 914 981 970 ἔχειν
1001 915 1064 957 ἐπὶ
1088 918 1163 970 τῆς
1181 913 1336 964 πόλεως
1357 913 1479 965 ὄντας
1489 948 1502 967 ,
1540 910 1590 971 ἦς
1609 933 1686 959 πο-
1701 927 1745 960 10

214 982 290 1033 λῦς
311 983 385 1038 μὲν
407 981 427 1026 ὅ
451 985 569 1039 ζῆλος
593 983 812 1039 ἀναγκαῖος
833 983 878 1026 δ’
904 982 926 1027 ὃ
950 984 1161 1036 κίνδυνος,
1200 982 1273 1026 οὐκ
1292 983 1436 1037 ὀλίγων
1458 986 1689 1042 ἒπεισφρεῖν

215 1049 413 1107 ἐχόντων,
451 1053 518 1095 καὶ
549 1052 674 1095 ταῦτ’
705 1051 874 1095 Ἰταλῶν
901 1056 984 1095 τῶν
1026 1050 1201 1107 ἐχόντων
1233 1050 1460 1108 πρότερον,
1506 1070 1690 1111 παρακε-

214 1120 437 1175 κνισμένων
461 1122 528 1163 καὶ
551 1120 686 1171 ἄλλως
716 1122 771 1171 εἷς
797 1125 919 1176 μῆνιν
929 1153 943 1173 ,
990 1119 1052 1163 ὅτι
1083 1120 1240 1175 ἔχοντες
1264 1121 1552 1177 ἀφῃρέθησαν.
1620 1123 1689 1165 καὶ

214 1193 289 1233 νῦν
323 1190 681 1245 παρακινηθέντας
725 1187 875 1232 στόλον
911 1186 1139 1232 ἀκούεσθαι
1177 1189 1358 1245 φοβερὸν
1398 1187 1685 1246 ἐξαρτύεσθαι,

166 1264 199 1299 Ε
224 1257 377 1308 αὐτοὺς
406 1257 453 1300 δ’
491 1258 690 1302 ἄντωπεῖν
721 1256 871 1315 ὁρμαῖς
896 1255 1106 1307 τοιαύταις
1123 1257 1182 1312 μὴ
1201 1256 1325 1312 ἔχειν·
1356 1257 1450 1301 οὕτε
1470 1257 1547 1315 γὰρ
1569 1261 1688 1302 ναυσὶ
1702 1266 1743 1301 15

215 1323 440 1377 τοσαύταις
461 1324 561 1369 εἶναι
583 1326 686 1383 πρὸς
716 1328 891 1378 ἐκείνους
911 1326 1110 1382 ἀντέχειν,
1148 1324 1241 1369 οὕτε
1258 1325 1341 1382 μὴν
1369 1328 1480 1377 οἵους
1512 1327 1557 1370 τ’
1589 1326 1690 1371 εἶναι

216 1393 496 1450 στρατεύμασι
526 1399 715 1449 πολεμεῖν
744 1395 851 1439 κατὰ
880 1399 970 1452 γῆν.
1041 1394 1138 1444 τοὶς
1159 1396 1205 1437 δὲ
1234 1394 1502 1453 Βουλγάρους
1520 1397 1587 1439 καὶ
1610 1397 1689 1438 αὖ-

217 1463 317 1514 τοὺς
339 1461 540 1522 ἑτέρωθεν
561 1463 736 1509 ἀπειλεῖν
764 1463 991 1520 εἰσβάλλειν
1023 1464 1091 1508 διὰ
1119 1461 1310 1526 Θρᾴκης,
1349 1465 1415 1508 καὶ
1435 1468 1595 1520 μᾶλλον
1614 1469 1689 1522 τῆς

217 1619 457 1665 imperatoris,
500 1619 731 1655 contaminare
759 1619 883 1655 lectum
926 1618 999 1655 eius
1030 1623 1067 1655 et
1098 1619 1287 1664 Augustale
1319 1619 1424 1655 decus
1455 1630 1530 1654 cum
1564 1618 1690 1654 illustri

214 1665 378 1700 memoria
407 1666 492 1700 tanti
525 1666 680 1711 coniugis
712 1665 906 1701 foedissimo
943 1665 1103 1711 pellicatu
1138 1666 1346 1711 profligare,
1378 1665 1588 1700 subiicienda
1611 1677 1689 1701 sese
1720 1691 1723 1694 -

215 1711 308 1756 turpi
330 1711 461 1746 libidini
482 1711 576 1746 servi
602 1713 680 1747 olim
703 1712 779 1747 eius
810 1723 853 1746 ac
876 1712 1033 1757 subditi,
1066 1712 1148 1746 licet
1171 1713 1270 1747 hodie
1293 1713 1337 1746 ad
1359 1712 1538 1758 imperium
1561 1711 1687 1746 evecti.

215 1756 309 1791 cuius
338 1757 564 1792 honestissimi
595 1761 691 1793 certa
724 1757 891 1804 propositi
924 1769 999 1792 cum
1034 1761 1147 1792 tamen
1171 1758 1357 1804 prudenter
1381 1763 1561 1793 vereretur
1584 1769 1688 1803 quor-

215 1814 289 1837 sum
315 1814 410 1837 amor
431 1803 598 1850 impotens
621 1804 796 1849 desperati
819 1815 996 1838 successus
1019 1803 1120 1838 furiis
1143 1803 1300 1839 incensus
1323 1806 1357 1838 in
1380 1804 1559 1848 tyrannica
1581 1804 1688 1838 licen-

215 1848 265 1883 tia
298 1854 417 1894 posset
447 1861 650 1895 erumpere,
681 1850 844 1895 optimum
877 1853 969 1884 factu
1003 1850 1141 1896 putavit
1163 1851 1250 1884 banc
1270 1849 1482 1884 deliniendae
1503 1849 1688 1894 flagrantis

215 1893 414 1940 cupiditatis
445 1895 533 1929 inire
565 1895 742 1930 rationem.
790 1895 877 1930 dixit
907 1895 1106 1941 imperatori
1128 1896 1390 1950 haudquaquam
1424 1907 1463 1930 se
1499 1896 1687 1930 abhorrere

214 1940 357 1983 abdeius
381 1941 536 1986 coniugio
551 1966 562 1984 ‚
586 1941 616 1976 si
641 1941 718 1987 quis
741 1942 859 1976 modus
880 1941 1094 1987 reperiretur
1117 1942 1191 1976 eius
1213 1941 1362 1987 legitime
1383 1944 1570 1987 sancteque
1594 1953 1687 1976 com-

215 1986 381 2021 mittendi.
427 1998 534 2032 quare
570 1987 704 2022 videret
726 1987 848 2034 ecquid
871 1999 912 2022 eo
936 1998 1003 2033 quo
1027 1999 1116 2021 nunc
1146 1993 1239 2022 esset
1260 1987 1453 2032 implicatus
1476 1987 1688 2022 matrimonio

216 2044 292 2067 sese
315 2032 384 2067 rite
406 2038 524 2078 posset
546 2033 717 2068 exolvere.
765 2034 826 2068 tali
863 2045 952 2068 nexu
982 2033 1091 2067 libero
1115 2045 1176 2075 se,
1209 2036 1248 2067 ut
1269 2034 1434 2075 honeste,
1456 2034 1505 2068 ita
1527 2045 1596 2068 non
1618 2033 1688 2068 illi·

216 2079 338 2113 benter
365 2082 485 2124 postea
507 2084 701 2125 nupturam.
747 2079 878 2114 arrexit
901 2090 1002 2114 aures
1024 2080 1068 2113 ad
1093 2091 1135 2114 ea
1159 2079 1306 2114 Michaffl
1323 2104 1333 2122 ,
1357 2086 1393 2114 et
1416 2080 1600 2114 excitatum
1623 2080 1687 2114 ob-

216 2124 289 2159 lata
324 2136 387 2170 spe
411 2126 555 2159 animum
578 2125 699 2170 cupide
734 2125 886 2160 advertit
908 2126 951 2159 ad
977 2125 1274 2160 comminiscendas
1295 2131 1331 2160 et
1354 2125 1478 2171 quibus
1501 2137 1588 2170 opus
1610 2130 1688 2160 erat

215 2170 404 2206 artificiose
438 2171 656 2206 insinuandas
686 2172 859 2217 speciosas
889 2182 1010 2206 causas
1046 2172 1296 2217 repudiandae,
1335 2183 1438 2218 quam
1470 2171 1622 2206 habebat
1650 2171 1687 2206 iu

217 2216 458 2259 contubernio,
482 2217 648 2262 coniugis,
694 2218 809 2252 aiebat
831 2218 920 2253 haud
944 2229 982 2252 se
1011 2219 1063 2253 ire
1086 2218 1215 2252 infitias
1244 2219 1346 2252 talem
1370 2229 1447 2252 esse
1468 2218 1688 2253 Theodoram

217 2262 271 2307 (id
295 2267 372 2297 erat
408 2265 582 2308 Augustae
618 2264 756 2308 nomen)
788 2263 824 2298 in
854 2275 924 2310 qua
950 2263 1032 2298 nihil
1064 2264 1108 2299 ad
1140 2263 1227 2309 regii
1247 2263 1383 2308 generis
1410 2263 1620 2306 claritatem,
1642 2263 1687 2298 ad

217 2307 401 2353 pudicitiae
432 2309 558 2350 decus,
592 2310 636 2343 ad
670 2321 798 2345 morum
828 2310 1047 2344 sanctitatem
1077 2313 1139 2344 aut
1169 2310 1348 2345 caritatem
1382 2309 1417 2344 in
1439 2309 1545 2343 virum
1567 2314 1687 2355 posset

215 2354 413 2399 requirere,
437 2366 504 2401 quo
529 2355 637 2389 minus
659 2355 886 2400 dignissimam
910 2357 1080 2390 fateretur
1102 2368 1192 2402 quae
1223 2367 1336 2391 secum
1358 2355 1557 2401 imperaret.
1605 2366 1687 2389 con-

218 2399 436 2434 siderandum
459 2406 573 2435 tamen
604 2412 680 2436 esse
703 2402 941 2436 necessitatem
963 2413 1124 2447 gravem,
1156 2402 1341 2437 imminenti
1375 2413 1465 2436 nunc
1487 2402 1590 2435 rebus
1612 2401 1687 2435 Ro-

217 2445 326 2480 manis
363 2446 470 2480 atroci
506 2446 656 2492 periculo
690 2446 882 2493 impositam
898 2473 910 2490 ,
953 2447 1085 2483 solicite
1114 2449 1341 2492 praecavendi
1374 2447 1572 2482 Latinorum
1603 2447 1685 2492 iras,

217 2498 339 2537 erepta
370 2503 479 2537 nuper
511 2492 804 2539 Constantinopoli
825 2493 1019 2529 furentium.
1066 2493 1189 2540 opibus
1212 2495 1305 2540 ipsos
1337 2498 1372 2529 et
1394 2503 1531 2527 numero
1556 2493 1686 2536 valere,

216 2549 322 2573 causa
344 2549 478 2583 quoque
500 2537 632 2572 irritari
653 2539 874 2574 communiter
896 2539 1087 2585 plausibili,
1111 2541 1226 2586 pulsos
1249 2552 1292 2575 ex
1314 2539 1527 2586 possessione
1549 2538 1686 2574 diutur-

217 2595 263 2618 na
286 2587 321 2618 et
345 2583 457 2618 multis
478 2582 662 2629 spoliatos,
687 2596 776 2630 quae
798 2585 938 2631 propria
962 2586 1086 2620 dudum
1109 2588 1348 2633 carissimaque
1370 2586 1572 2620 habuerant.
1603 2596 1686 2620 con-

218 2630 357 2664 citatum
381 2628 494 2664 audiri
530 2633 639 2663 totum
676 2630 839 2665 Italorum
874 2643 1016 2675 nomen,
1047 2638 1084 2667 et
1115 2634 1239 2668 armari
1274 2632 1491 2677 conspirante
1515 2631 1686 2666 sententia

218 2676 438 2722 potentiaque
470 2674 754 2710 ferocissimarum
788 2676 938 2720 gentium
970 2678 1237 2723 potentissimam
1260 2680 1401 2715 classem
1415 2703 1426 2722 ,
1461 2677 1515 2712 cui
1539 2677 1599 2712 vix
1621 2678 1686 2712 ha-

220 2721 302 2755 beat
324 2722 512 2756 Romanum
529 2745 541 2764 ‚
564 2732 632 2766 quo
656 2733 745 2756 nunc
768 2726 860 2756 statu
886 2726 958 2764 est,
991 2724 1170 2769 imperium
1192 2726 1276 2772 quid
1298 2725 1382 2760 satis
1405 2724 1552 2758 validum
1575 2735 1687 2770 oppo-

216 2772 286 2802 nat.
335 2779 445 2813 neque
479 2766 643 2801 maritimo
675 2770 844 2813 apparatu
868 2768 960 2802 haud
992 2770 1095 2805 dubie
1117 2771 1284 2817 impares,
1315 2770 1540 2806 terrestribus
1563 2774 1684 2806 saltem

213 2812 322 2859 copiis
344 2813 452 2848 fidere
477 2823 674 2858 possumus,
703 2813 827 2860 quibus
861 2813 945 2849 satis
966 2816 1096 2862 negotii
1128 2818 1301 2854 facessent
1322 2822 1526 2862 exurgentes
1549 2829 1570 2854 e
1600 2817 1685 2853 Bul-
