<?xml version="1.0" encoding="UTF-8"?>
<!DOCTYPE html PUBLIC "-//W3C//DTD XHTML 1.0 Transitional//EN"
    "http://www.w3.org/TR/xhtml1/DTD/xhtml1-transitional.dtd">
<html xmlns="http://www.w3.org/1999/xhtml" xml:lang="en" lang="en">
 <head>
  <title>
</title>
<meta http-equiv="Content-Type" content="text/html;charset=utf-8" />
  <meta name='ocr-system' content='tesseract 3.04.00' />
  <meta name='ocr-capabilities' content='ocr_page ocr_carea ocr_par ocr_line ocrx_word'/>
</head>
<body>
  <div class='ocr_page' id='page_1' title='image "./corpusscriptorum17niebuoft_0486.png"; bbox 0 0 1884 3262; ppageno 0'>
   <div class='ocr_carea' id='block_1_1' title="bbox 253 207 1290 257">
    <p class='ocr_par' dir='ltr' id='par_1_1' title="bbox 253 207 1290 257">
     <span class='ocr_line' id='line_1_1' title="bbox 253 207 1290 257; baseline -0.005 0"><span class='ocrx_word' id='word_1_1' title='bbox 253 208 351 257; x_wconf 76' lang='lat'><strong>&#39;468</strong></span> <span class='ocrx_word' id='word_1_2' title='bbox 671 207 908 252; x_wconf 89' lang='lat' dir='ltr'>GEORGII</span> <span class='ocrx_word' id='word_1_3' title='bbox 941 208 1290 252; x_wconf 85' lang='lat' dir='ltr'><strong>PACHYMERIS</strong></span> 
     </span>
    </p>
   </div>
   <div class='ocr_carea' id='block_1_2' title="bbox 204 318 1768 1470">
    <p class='ocr_par' dir='ltr' id='par_1_2' title="bbox 253 318 1713 514">
     <span class='ocr_line' id='line_1_2' title="bbox 253 318 1712 377; baseline -0.002 -10"><span class='ocrx_word' id='word_1_4' title='bbox 253 322 387 371; x_wconf 76' lang='grc' dir='ltr'><strong><em>οὕτως</em></strong></span> <span class='ocrx_word' id='word_1_5' title='bbox 396 354 409 373; x_wconf 85' lang='grc'>,</span> <span class='ocrx_word' id='word_1_6' title='bbox 447 318 582 376; x_wconf 80' lang='grc' dir='ltr'><strong><em>ὥσπερ</em></strong></span> <span class='ocrx_word' id='word_1_7' title='bbox 607 320 736 375; x_wconf 76' lang='grc' dir='ltr'><strong><em>μηδὲν</em></strong></span> <span class='ocrx_word' id='word_1_8' title='bbox 754 318 943 377; x_wconf 89' lang='grc' dir='ltr'><strong><em>πράττειν</em></strong></span> <span class='ocrx_word' id='word_1_9' title='bbox 961 320 1120 375; x_wconf 81' lang='grc' dir='ltr'><strong><em>με’λλων</em></strong></span> <span class='ocrx_word' id='word_1_10' title='bbox 1131 353 1145 373; x_wconf 84' lang='grc'>,</span> <span class='ocrx_word' id='word_1_11' title='bbox 1182 329 1396 376; x_wconf 79' lang='grc' dir='ltr'><strong><em>κατασχεῖν</em></strong></span> <span class='ocrx_word' id='word_1_12' title='bbox 1415 323 1487 366; x_wconf 86' lang='grc' dir='ltr'><strong>τὸν</strong></span> <span class='ocrx_word' id='word_1_13' title='bbox 1504 326 1712 376; x_wconf 83' lang='grc' dir='ltr'><strong><em>Λαχανᾶν</em></strong></span> 
     </span>
     <span class='ocr_line' id='line_1_3' title="bbox 255 386 1713 445; baseline -0.001 -11"><span class='ocrx_word' id='word_1_14' title='bbox 255 390 310 441; x_wconf 82' lang='grc' dir='ltr'><strong><em>ὥς</em></strong></span> <span class='ocrx_word' id='word_1_15' title='bbox 329 388 428 444; x_wconf 74' lang='grc' dir='ltr'><strong><em>εἶχεν</em></strong></span> <span class='ocrx_word' id='word_1_16' title='bbox 451 390 596 438; x_wconf 85' lang='grc' dir='ltr'><strong><em>ἐκεῖνος</em></strong></span> <span class='ocrx_word' id='word_1_17' title='bbox 615 386 864 444; x_wconf 75' lang='grc' dir='ltr'><strong><em>καθήμενος.</em></strong></span> <span class='ocrx_word' id='word_1_18' title='bbox 935 391 1001 432; x_wconf 80' lang='grc' dir='ltr'><strong>καὶ</strong></span> <span class='ocrx_word' id='word_1_19' title='bbox 1026 388 1096 431; x_wconf 85' lang='grc' dir='ltr'><strong>τὸν</strong></span> <span class='ocrx_word' id='word_1_20' title='bbox 1117 390 1190 443; x_wconf 78' lang='grc' dir='ltr'><strong>μὲν</strong></span> <span class='ocrx_word' id='word_1_21' title='bbox 1211 391 1331 432; x_wconf 75' lang='grc' dir='ltr'><strong><em>εἰπεῖν</em></strong></span> <span class='ocrx_word' id='word_1_22' title='bbox 1366 395 1397 415; x_wconf 84' lang='grc'><strong>“</strong></span> <span class='ocrx_word' id='word_1_23' title='bbox 1409 386 1528 440; x_wconf 71' lang='grc' dir='ltr'><strong><em>οὗτος</em></strong></span> <span class='ocrx_word' id='word_1_24' title='bbox 1561 389 1713 445; x_wconf 72' lang='grc' dir='ltr'><strong><em>ἐχθρός</em></strong></span> 
     </span>
     <span class='ocr_line' id='line_1_4' title="bbox 255 453 1712 514; baseline 0 -13"><span class='ocrx_word' id='word_1_25' title='bbox 255 461 340 502; x_wconf 81' lang='grc' dir='ltr'><strong><em>ἐστι</em></strong></span> <span class='ocrx_word' id='word_1_26' title='bbox 370 460 443 500; x_wconf 78' lang='grc' dir='ltr'><strong>τοῦ</strong></span> <span class='ocrx_word' id='word_1_27' title='bbox 478 453 633 514; x_wconf 90' lang='grc' dir='ltr'><strong><em>πατρός</em></strong></span> <span class='ocrx_word' id='word_1_28' title='bbox 663 474 744 511; x_wconf 89' lang='grc' dir='ltr'><strong>μου</strong></span> <span class='ocrx_word' id='word_1_29' title='bbox 773 457 995 511; x_wconf 76' lang='grc' dir='ltr'><strong><em>βασιλέως,</em></strong></span> <span class='ocrx_word' id='word_1_30' title='bbox 1033 459 1100 500; x_wconf 84' lang='grc' dir='ltr'><strong>καὶ</strong></span> <span class='ocrx_word' id='word_1_31' title='bbox 1127 459 1197 511; x_wconf 80' lang='grc' dir='ltr'><strong><em>ζῆν</em></strong></span> <span class='ocrx_word' id='word_1_32' title='bbox 1228 456 1334 507; x_wconf 83' lang='grc' dir='ltr'>ὅλως</span> <span class='ocrx_word' id='word_1_33' title='bbox 1360 457 1433 500; x_wconf 72' lang='grc' dir='ltr'><strong>οὐκ</strong></span> <span class='ocrx_word' id='word_1_34' title='bbox 1462 458 1574 509; x_wconf 74' lang='grc' dir='ltr'><strong><em>ἄξιος</em></strong></span> <span class='ocrx_word' id='word_1_35' title='bbox 1606 458 1712 501; x_wconf 77' lang='grc' dir='ltr'><strong><em>ἀλλὰ</em></strong></span> 
     </span>
    </p>

    <p class='ocr_par' dir='ltr' id='par_1_3' title="bbox 208 524 1744 924">
     <span class='ocr_line' id='line_1_5' title="bbox 208 524 1712 583; baseline -0.001 -14"><span class='ocrx_word' id='word_1_36' title='bbox 208 531 238 564; x_wconf 86' lang='lat' dir='ltr'>C</span> <span class='ocrx_word' id='word_1_37' title='bbox 261 525 539 581; x_wconf 75' lang='grc' dir='ltr'><strong><em>τέμνεσθαι,”</em></strong></span> <span class='ocrx_word' id='word_1_38' title='bbox 585 526 759 576; x_wconf 72' lang='grc' dir='ltr'><strong><em>ἐκείνους</em></strong></span> <span class='ocrx_word' id='word_1_39' title='bbox 794 525 836 569; x_wconf 75' lang='grc' dir='ltr'><strong>δ’</strong></span> <span class='ocrx_word' id='word_1_40' title='bbox 879 526 1119 576; x_wconf 69' lang='grc' dir='ltr'><strong><em>ἐξαπιναίως</em></strong></span> <span class='ocrx_word' id='word_1_41' title='bbox 1157 524 1437 580; x_wconf 83' lang='grc' dir='ltr'><strong><em>κατασχόντας</em></strong></span> <span class='ocrx_word' id='word_1_42' title='bbox 1471 526 1544 576; x_wconf 80' lang='grc' dir='ltr'><strong>τὰς</strong></span> <span class='ocrx_word' id='word_1_43' title='bbox 1573 534 1712 583; x_wconf 79' lang='grc' dir='ltr'><strong><em>χεῖρας</em></strong></span> 
     </span>
     <span class='ocr_line' id='line_1_6' title="bbox 253 590 1744 651; baseline -0.001 -13"><span class='ocrx_word' id='word_1_44' title='bbox 253 594 508 651; x_wconf 71' lang='grc' dir='ltr'><strong><em>ἑκατέρωθεν</em></strong></span> <span class='ocrx_word' id='word_1_45' title='bbox 534 590 742 649; x_wconf 84' lang='grc' dir='ltr'><strong><em>μάχαιραν</em></strong></span> <span class='ocrx_word' id='word_1_46' title='bbox 769 595 958 648; x_wconf 73' lang='grc' dir='ltr'><strong><em>ἐμβαλεῖν</em></strong></span> <span class='ocrx_word' id='word_1_47' title='bbox 988 597 1046 651; x_wconf 78' lang='grc' dir='ltr'><strong>τῷ</strong></span> <span class='ocrx_word' id='word_1_48' title='bbox 1076 592 1251 649; x_wconf 78' lang='grc' dir='ltr'><em>φάρυγγι</em></span> <span class='ocrx_word' id='word_1_49' title='bbox 1280 596 1346 636; x_wconf 79' lang='grc' dir='ltr'><strong>καὶ</strong></span> <span class='ocrx_word' id='word_1_50' title='bbox 1377 592 1559 650; x_wconf 76' lang='grc' dir='ltr'><strong><em>φονεύειν</em></strong></span> <span class='ocrx_word' id='word_1_51' title='bbox 1590 596 1744 637; x_wconf 75' lang='grc' dir='ltr'><strong><em>ἐκεῖσεὸ</em></strong></span> 
     </span>
     <span class='ocr_line' id='line_1_7' title="bbox 254 658 1710 718; baseline -0.001 -12"><span class='ocrx_word' id='word_1_52' title='bbox 254 661 445 706; x_wconf 82' lang='grc' dir='ltr'><strong><em>πεσόντα.</em></strong></span> <span class='ocrx_word' id='word_1_53' title='bbox 514 659 589 704; x_wconf 75' lang='grc' dir='ltr'><strong><em>εἶτ’</em></strong></span> <span class='ocrx_word' id='word_1_54' title='bbox 618 658 743 711; x_wconf 77' lang='grc' dir='ltr'><strong><em>αὖθις</em></strong></span> <span class='ocrx_word' id='word_1_55' title='bbox 769 664 835 705; x_wconf 83' lang='grc' dir='ltr'><strong>καὶ</strong></span> <span class='ocrx_word' id='word_1_56' title='bbox 853 662 924 705; x_wconf 85' lang='grc' dir='ltr'><strong>τὸν</strong></span> <span class='ocrx_word' id='word_1_57' title='bbox 945 662 1225 715; x_wconf 81' lang='grc' dir='ltr'><strong><em>Τζασίμπαξιν</em></strong></span> <span class='ocrx_word' id='word_1_58' title='bbox 1246 660 1504 716; x_wconf 76' lang='grc' dir='ltr'><strong><em>θεασάμενον</em></strong></span> <span class='ocrx_word' id='word_1_59' title='bbox 1528 661 1710 718; x_wconf 85' lang='grc' dir='ltr'><strong><em>προστά-</em></strong></span> 
     </span>
     <span class='ocr_line' id='line_1_8' title="bbox 254 729 1712 786; baseline -0.001 -12"><span class='ocrx_word' id='word_1_60' title='bbox 254 735 322 783; x_wconf 81' lang='grc' dir='ltr'><strong>ξαι</strong></span> <span class='ocrx_word' id='word_1_61' title='bbox 342 731 416 786; x_wconf 75' lang='grc' dir='ltr'><strong>μὲν</strong></span> <span class='ocrx_word' id='word_1_62' title='bbox 435 729 530 773; x_wconf 77' lang='grc' dir='ltr'><strong><em>κατ’</em></strong></span> <span class='ocrx_word' id='word_1_63' title='bbox 555 730 705 773; x_wconf 80' lang='grc' dir='ltr'><strong><em>ἐκείνου</em></strong></span> <span class='ocrx_word' id='word_1_64' title='bbox 728 730 779 772; x_wconf 79' lang='grc' dir='ltr'><strong>τὰ</strong></span> <span class='ocrx_word' id='word_1_65' title='bbox 801 732 1008 786; x_wconf 86' lang='grc' dir='ltr'><strong><em>χείριστα,</em></strong></span> <span class='ocrx_word' id='word_1_66' title='bbox 1047 731 1112 771; x_wconf 77' lang='grc' dir='ltr'><strong>καὶ</strong></span> <span class='ocrx_word' id='word_1_67' title='bbox 1133 730 1184 784; x_wconf 83' lang='grc' dir='ltr'><strong>δὴ</strong></span> <span class='ocrx_word' id='word_1_68' title='bbox 1203 729 1383 773; x_wconf 80' lang='grc' dir='ltr'><strong><em>κάκεῖνον</em></strong></span> <span class='ocrx_word' id='word_1_69' title='bbox 1405 729 1530 780; x_wconf 75' lang='grc' dir='ltr'><strong><em>εὖθύς</em></strong></span> <span class='ocrx_word' id='word_1_70' title='bbox 1551 732 1712 773; x_wconf 83' lang='grc' dir='ltr'><strong><em>κτείνειν</em></strong></span> 
     </span>
     <span class='ocr_line' id='line_1_9' title="bbox 253 796 1712 856; baseline -0.003 -13"><span class='ocrx_word' id='word_1_71' title='bbox 253 800 326 843; x_wconf 83' lang='grc' dir='ltr'><strong>τὸν</strong></span> <span class='ocrx_word' id='word_1_72' title='bbox 346 797 574 854; x_wconf 68' lang='grc' dir='ltr'><strong><em>ὑπηρέτην,</em></strong></span> <span class='ocrx_word' id='word_1_73' title='bbox 613 796 847 853; x_wconf 70' lang='grc' dir='ltr'><strong><em>ἐμβαλόντα</em></strong></span> <span class='ocrx_word' id='word_1_74' title='bbox 869 803 927 856; x_wconf 81' lang='grc' dir='ltr'><strong>τῷ</strong></span> <span class='ocrx_word' id='word_1_75' title='bbox 950 798 1086 852; x_wconf 75' lang='grc' dir='ltr'><strong><em>αὐχένι</em></strong></span> <span class='ocrx_word' id='word_1_76' title='bbox 1107 800 1268 841; x_wconf 87' lang='grc' dir='ltr'><strong><em>κοπίδα.</em></strong></span> <span class='ocrx_word' id='word_1_77' title='bbox 1338 796 1430 841; x_wconf 88' lang='grc' dir='ltr'><strong><em>τότε</em></strong></span> <span class='ocrx_word' id='word_1_78' title='bbox 1456 800 1523 840; x_wconf 81' lang='grc' dir='ltr'><strong>καὶ</strong></span> <span class='ocrx_word' id='word_1_79' title='bbox 1549 796 1570 841; x_wconf 84' lang='grc' dir='ltr'><em>ὃ</em></span> <span class='ocrx_word' id='word_1_80' title='bbox 1591 798 1712 840; x_wconf 80' lang='grc' dir='ltr'><strong><em>Ἀσάν</em></strong></span> 
     </span>
     <span class='ocr_line' id='line_1_10' title="bbox 254 864 1712 924; baseline -0.001 -14"><span class='ocrx_word' id='word_1_81' title='bbox 254 867 416 923; x_wconf 73' lang='grc' dir='ltr'><strong><em>βλέπων</em></strong></span> <span class='ocrx_word' id='word_1_82' title='bbox 439 866 541 922; x_wconf 84' lang='grc' dir='ltr'><strong><em>πρὸς</em></strong></span> <span class='ocrx_word' id='word_1_83' title='bbox 561 865 635 921; x_wconf 87' lang='grc' dir='ltr'><strong>τὴν</strong></span> <span class='ocrx_word' id='word_1_84' title='bbox 658 867 762 910; x_wconf 76' lang='grc' dir='ltr'><strong><em>θέαν</em></strong></span> <span class='ocrx_word' id='word_1_85' title='bbox 784 865 889 917; x_wconf 82' lang='grc' dir='ltr'><strong><em>ὅλως</em></strong></span> <span class='ocrx_word' id='word_1_86' title='bbox 908 866 1168 920; x_wconf 74' lang='grc' dir='ltr'><strong><em>ἅποπὲπηκτο</em></strong></span> <span class='ocrx_word' id='word_1_87' title='bbox 1184 898 1198 918; x_wconf 83' lang='lat'><strong>,</strong></span> <span class='ocrx_word' id='word_1_88' title='bbox 1236 868 1302 909; x_wconf 82' lang='grc' dir='ltr'><strong>καὶ</strong></span> <span class='ocrx_word' id='word_1_89' title='bbox 1322 870 1409 922; x_wconf 81' lang='grc' dir='ltr'><strong><em>περὶ</em></strong></span> <span class='ocrx_word' id='word_1_90' title='bbox 1429 864 1560 924; x_wconf 73' lang='grc' dir='ltr'><strong><em>ἑαυτῷ</em></strong></span> <span class='ocrx_word' id='word_1_91' title='bbox 1579 864 1712 921; x_wconf 83' lang='grc' dir='ltr'><strong><em>φόβον</em></strong></span> 
     </span>
    </p>

    <p class='ocr_par' dir='ltr' id='par_1_4' title="bbox 204 932 1768 1125">
     <span class='ocr_line' id='line_1_11' title="bbox 204 932 1768 991; baseline -0.003 -12"><span class='ocrx_word' id='word_1_92' title='bbox 204 944 236 979; x_wconf 91' lang='lat' dir='ltr'>D</span> <span class='ocrx_word' id='word_1_93' title='bbox 261 935 336 991; x_wconf 75' lang='grc' dir='ltr'><strong><em>εἶχε</em></strong></span> <span class='ocrx_word' id='word_1_94' title='bbox 359 935 432 978; x_wconf 84' lang='grc' dir='ltr'><strong>τὸν</strong></span> <span class='ocrx_word' id='word_1_95' title='bbox 453 935 664 990; x_wconf 78' lang='grc' dir='ltr'><strong><em>μέγιστον,</em></strong></span> <span class='ocrx_word' id='word_1_96' title='bbox 705 933 780 976; x_wconf 77' lang='grc' dir='ltr'><strong><em>κᾶν</em></strong></span> <span class='ocrx_word' id='word_1_97' title='bbox 804 935 856 977; x_wconf 84' lang='grc' dir='ltr'><strong>τοὶ</strong></span> <span class='ocrx_word' id='word_1_98' title='bbox 880 934 1001 989; x_wconf 83' lang='grc' dir='ltr'><strong><em>ὅμοια</em></strong></span> <span class='ocrx_word' id='word_1_99' title='bbox 1026 934 1206 984; x_wconf 80' lang='grc' dir='ltr'><strong><em>κάκεῖνος</em></strong></span> <span class='ocrx_word' id='word_1_100' title='bbox 1223 933 1314 977; x_wconf 88' lang='grc' dir='ltr'><strong><em>τότε</em></strong></span> <span class='ocrx_word' id='word_1_101' title='bbox 1333 932 1552 987; x_wconf 77' lang='grc' dir='ltr'><strong><em>πεπόνθει,</em></strong></span> <span class='ocrx_word' id='word_1_102' title='bbox 1589 936 1625 977; x_wconf 78' lang='grc' dir='ltr'><strong>εἴ</strong></span> <span class='ocrx_word' id='word_1_103' title='bbox 1653 932 1711 987; x_wconf 81' lang='grc' dir='ltr'><strong><em>μή</em></strong></span> <span class='ocrx_word' id='word_1_104' title='bbox 1725 942 1768 975; x_wconf 83' lang='grc'><strong>10</strong></span> 
     </span>
     <span class='ocr_line' id='line_1_12' title="bbox 253 1000 1710 1061; baseline -0.003 -13"><span class='ocrx_word' id='word_1_105' title='bbox 253 1022 295 1061; x_wconf 72' lang='grc' dir='ltr'><strong>γε</strong></span> <span class='ocrx_word' id='word_1_106' title='bbox 327 1002 352 1058; x_wconf 81' lang='grc' dir='ltr'><em>ἥ</em></span> <span class='ocrx_word' id='word_1_107' title='bbox 386 1000 635 1059; x_wconf 80' lang='grc' dir='ltr'><strong><em>Εὗφροσύνη</em></strong></span> <span class='ocrx_word' id='word_1_108' title='bbox 670 1003 1011 1058; x_wconf 81' lang='grc' dir='ltr'><strong><em>περιποιησαμένη</em></strong></span> <span class='ocrx_word' id='word_1_109' title='bbox 1041 1002 1250 1057; x_wconf 73' lang='grc' dir='ltr'><strong><em>ἀπέπεμπε</em></strong></span> <span class='ocrx_word' id='word_1_110' title='bbox 1268 1003 1363 1057; x_wconf 76' lang='grc' dir='ltr'><strong><em>μετ’</em></strong></span> <span class='ocrx_word' id='word_1_111' title='bbox 1388 1002 1537 1058; x_wconf 78' lang='grc' dir='ltr'><strong><em>ὀλίγον.</em></strong></span> <span class='ocrx_word' id='word_1_112' title='bbox 1607 1001 1710 1044; x_wconf 76' lang='grc' dir='ltr'><strong><em>ἀλλὰ</em></strong></span> 
     </span>
     <span class='ocr_line' id='line_1_13' title="bbox 251 1072 766 1125; baseline -0.002 -10"><span class='ocrx_word' id='word_1_113' title='bbox 251 1077 384 1116; x_wconf 81' lang='grc' dir='ltr'><strong><em>ταῦτα</em></strong></span> <span class='ocrx_word' id='word_1_114' title='bbox 403 1072 476 1125; x_wconf 74' lang='grc' dir='ltr'><strong>μὲν</strong></span> <span class='ocrx_word' id='word_1_115' title='bbox 496 1072 536 1120; x_wconf 85' lang='grc' dir='ltr'><strong><em>ἐς</em></strong></span> <span class='ocrx_word' id='word_1_116' title='bbox 556 1074 766 1114; x_wconf 80' lang='grc' dir='ltr'><strong><em>τοσοῦτον.</em></strong></span> 
     </span>
    </p>

    <p class='ocr_par' dir='ltr' id='par_1_5' title="bbox 205 1135 1765 1470">
     <span class='ocr_line' id='line_1_14' title="bbox 205 1135 1711 1192; baseline -0.001 -11"><span class='ocrx_word' id='word_1_117' title='bbox 205 1147 237 1181; x_wconf 77' lang='grc' dir='ltr'>Ε</span> <span class='ocrx_word' id='word_1_118' title='bbox 396 1140 475 1184; x_wconf 80' lang='lat'><strong>20.</strong></span> <span class='ocrx_word' id='word_1_119' title='bbox 541 1136 590 1182; x_wconf 82' lang='lat' dir='ltr'><strong>‘O</strong></span> <span class='ocrx_word' id='word_1_120' title='bbox 614 1139 657 1181; x_wconf 72' lang='grc' dir='ltr'><strong>δὲ</strong></span> <span class='ocrx_word' id='word_1_121' title='bbox 675 1137 867 1192; x_wconf 66' lang='grc' dir='ltr'><strong><em>βασιλεῦς</em></strong></span> <span class='ocrx_word' id='word_1_122' title='bbox 886 1138 952 1179; x_wconf 83' lang='grc' dir='ltr'><strong>καὶ</strong></span> <span class='ocrx_word' id='word_1_123' title='bbox 971 1135 1092 1180; x_wconf 84' lang='grc' dir='ltr'><strong><em>πάλιν</em></strong></span> <span class='ocrx_word' id='word_1_124' title='bbox 1122 1138 1173 1180; x_wconf 83' lang='grc' dir='ltr'><strong>τὰ</strong></span> <span class='ocrx_word' id='word_1_125' title='bbox 1201 1137 1306 1180; x_wconf 79' lang='grc' dir='ltr'><strong><em>κατὰ</em></strong></span> <span class='ocrx_word' id='word_1_126' title='bbox 1323 1137 1398 1192; x_wconf 85' lang='grc' dir='ltr'><strong>τὴν</strong></span> <span class='ocrx_word' id='word_1_127' title='bbox 1419 1137 1623 1192; x_wconf 81' lang='grc' dir='ltr'><strong><em>ἀνατολὴν</em></strong></span> <span class='ocrx_word' id='word_1_128' title='bbox 1640 1154 1711 1179; x_wconf 82' lang='grc' dir='ltr'><strong>νο-</strong></span> 
     </span>
     <span class='ocr_line' id='line_1_15' title="bbox 256 1203 1710 1262; baseline -0.003 -11"><span class='ocrx_word' id='word_1_129' title='bbox 256 1213 409 1252; x_wconf 78' lang='grc' dir='ltr'><strong><em>σοῦντα</em></strong></span> <span class='ocrx_word' id='word_1_130' title='bbox 430 1204 584 1262; x_wconf 72' lang='grc' dir='ltr'><strong><em>μαθών</em></strong></span> <span class='ocrx_word' id='word_1_131' title='bbox 596 1239 608 1259; x_wconf 88' lang='lat'><strong>,</strong></span> <span class='ocrx_word' id='word_1_132' title='bbox 646 1207 687 1257; x_wconf 81' lang='grc' dir='ltr'><strong>ἐξ</strong></span> <span class='ocrx_word' id='word_1_133' title='bbox 719 1205 814 1249; x_wconf 78' lang='grc' dir='ltr'><strong><em>ὅτου</em></strong></span> <span class='ocrx_word' id='word_1_134' title='bbox 837 1223 911 1260; x_wconf 85' lang='grc' dir='ltr'><strong>περ</strong></span> <span class='ocrx_word' id='word_1_135' title='bbox 939 1203 960 1247; x_wconf 83' lang='grc' dir='ltr'><strong><em>ὅ</em></strong></span> <span class='ocrx_word' id='word_1_136' title='bbox 985 1203 1182 1260; x_wconf 80' lang='grc' dir='ltr'><strong><em>δεσπότης</em></strong></span> <span class='ocrx_word' id='word_1_137' title='bbox 1200 1204 1390 1260; x_wconf 80' lang='grc' dir='ltr'><strong><em>Ἰωάννης</em></strong></span> <span class='ocrx_word' id='word_1_138' title='bbox 1414 1207 1456 1256; x_wconf 81' lang='grc' dir='ltr'><strong>ἐξ</strong></span> <span class='ocrx_word' id='word_1_139' title='bbox 1477 1203 1710 1260; x_wconf 75' lang='grc' dir='ltr'><strong><em>ἀνθρώπων</em></strong></span> 
     </span>
     <span class='ocr_line' id='line_1_16' title="bbox 255 1271 1765 1333; baseline -0.003 -14"><span class='ocrx_word' id='word_1_140' title='bbox 255 1275 426 1333; x_wconf 77' lang='grc' dir='ltr'><strong><em>γεγονὼς</em></strong></span> <span class='ocrx_word' id='word_1_141' title='bbox 446 1276 661 1330; x_wconf 76' lang='grc' dir='ltr'><strong><em>ἐκεχειρίαν</em></strong></span> <span class='ocrx_word' id='word_1_142' title='bbox 678 1281 862 1330; x_wconf 82' lang='grc' dir='ltr'><strong><em>παρεῖχεν</em></strong></span> <span class='ocrx_word' id='word_1_143' title='bbox 882 1274 923 1322; x_wconf 74' lang='grc' dir='ltr'><strong><em>ἐς</em></strong></span> <span class='ocrx_word' id='word_1_144' title='bbox 941 1277 1137 1316; x_wconf 85' lang='grc' dir='ltr'><strong><em>τοσοῦτον</em></strong></span> <span class='ocrx_word' id='word_1_145' title='bbox 1154 1274 1336 1330; x_wconf 74' lang='grc' dir='ltr'><strong><em>Πέρσαις</em></strong></span> <span class='ocrx_word' id='word_1_146' title='bbox 1354 1272 1456 1316; x_wconf 81' lang='grc' dir='ltr'><strong><em>ὥστε</em></strong></span> <span class='ocrx_word' id='word_1_147' title='bbox 1476 1275 1542 1316; x_wconf 82' lang='grc' dir='ltr'><strong>καὶ</strong></span> <span class='ocrx_word' id='word_1_148' title='bbox 1558 1271 1709 1328; x_wconf 73' lang='grc' dir='ltr'><strong><em>ἰσχύειν</em></strong></span> <span class='ocrx_word' id='word_1_149' title='bbox 1724 1279 1765 1315; x_wconf 84' lang='grc'><strong>15</strong></span> 
     </span>
     <span class='ocr_line' id='line_1_17' title="bbox 251 1341 1713 1399; baseline -0.004 -11"><span class='ocrx_word' id='word_1_150' title='bbox 251 1344 466 1399; x_wconf 87' lang='grc' dir='ltr'><strong><em>Ῥωμαίοις</em></strong></span> <span class='ocrx_word' id='word_1_151' title='bbox 489 1344 751 1385; x_wconf 71' lang='grc' dir='ltr'><strong><em>ἐπιτίθεσθαι</em></strong></span> <span class='ocrx_word' id='word_1_152' title='bbox 781 1343 848 1384; x_wconf 86' lang='grc' dir='ltr'><strong>καὶ</strong></span> <span class='ocrx_word' id='word_1_153' title='bbox 869 1345 1018 1384; x_wconf 72' lang='grc' dir='ltr'><strong><em>κακοῦν</em></strong></span> <span class='ocrx_word' id='word_1_154' title='bbox 1055 1341 1133 1399; x_wconf 80' lang='grc' dir='ltr'><strong><em>(τὰ</em></strong></span> <span class='ocrx_word' id='word_1_155' title='bbox 1153 1342 1231 1398; x_wconf 78' lang='grc' dir='ltr'><strong><em>γὰρ</em></strong></span> <span class='ocrx_word' id='word_1_156' title='bbox 1251 1342 1355 1384; x_wconf 82' lang='grc' dir='ltr'><strong><em>κατὰ</em></strong></span> <span class='ocrx_word' id='word_1_157' title='bbox 1378 1342 1625 1396; x_wconf 87' lang='grc' dir='ltr'><strong><em>Μαίανδρον</em></strong></span> <span class='ocrx_word' id='word_1_158' title='bbox 1644 1343 1713 1383; x_wconf 82' lang='grc' dir='ltr'><strong>καὶ</strong></span> 
     </span>
     <span class='ocr_line' id='line_1_18' title="bbox 257 1407 1711 1470; baseline -0.004 -14"><span class='ocrx_word' id='word_1_159' title='bbox 257 1413 421 1470; x_wconf 86' lang='grc' dir='ltr'><strong><em>Καρίαν</em></strong></span> <span class='ocrx_word' id='word_1_160' title='bbox 442 1412 508 1453; x_wconf 86' lang='grc' dir='ltr'><strong>καὶ</strong></span> <span class='ocrx_word' id='word_1_161' title='bbox 525 1409 767 1465; x_wconf 83' lang='grc' dir='ltr'><strong><em>Ἀντιόχειαν</em></strong></span> <span class='ocrx_word' id='word_1_162' title='bbox 783 1409 863 1465; x_wconf 75' lang='grc' dir='ltr'><strong>ἤδη</strong></span> <span class='ocrx_word' id='word_1_163' title='bbox 888 1412 953 1452; x_wconf 82' lang='grc' dir='ltr'><strong>καὶ</strong></span> <span class='ocrx_word' id='word_1_164' title='bbox 976 1407 1262 1464; x_wconf 83' lang='grc' dir='ltr'><strong><em>τετελευτήκει,</em></strong></span> <span class='ocrx_word' id='word_1_165' title='bbox 1299 1410 1351 1453; x_wconf 78' lang='grc' dir='ltr'><strong>τὰ</strong></span> <span class='ocrx_word' id='word_1_166' title='bbox 1382 1410 1427 1452; x_wconf 78' lang='grc' dir='ltr'><strong>δὲ</strong></span> <span class='ocrx_word' id='word_1_167' title='bbox 1455 1407 1614 1452; x_wconf 82' lang='grc' dir='ltr'><strong><em>τούτων</em></strong></span> <span class='ocrx_word' id='word_1_168' title='bbox 1644 1411 1711 1451; x_wconf 78' lang='grc' dir='ltr'><strong>καὶ</strong></span> 
     </span>
    </p>
   </div>
   <div class='ocr_carea' id='block_1_3' title="bbox 114 1477 1711 1535">
    <p class='ocr_par' dir='ltr' id='par_1_6' title="bbox 114 1477 1711 1535">
     <span class='ocr_line' id='line_1_19' title="bbox 114 1477 1711 1535; baseline -0.002 -13"><span class='ocrx_word' id='word_1_169' title='bbox 114 1488 143 1522; x_wconf 87' lang='grc' dir='ltr'>Ρ</span> <span class='ocrx_word' id='word_1_170' title='bbox 165 1488 231 1524; x_wconf 81' lang='grc'><strong>321</strong></span> <span class='ocrx_word' id='word_1_171' title='bbox 258 1481 315 1524; x_wconf 63' lang='grc' dir='ltr'><strong>ἔτι</strong></span> <span class='ocrx_word' id='word_1_172' title='bbox 335 1479 531 1535; x_wconf 75' lang='grc' dir='ltr'><strong><em>ἐνδοτέρω</em></strong></span> <span class='ocrx_word' id='word_1_173' title='bbox 550 1481 689 1529; x_wconf 85' lang='grc' dir='ltr'><strong><em>δεινῶς</em></strong></span> <span class='ocrx_word' id='word_1_174' title='bbox 710 1479 915 1533; x_wconf 77' lang='grc' dir='ltr'><strong><em>ἐξησθένει</em></strong></span> <span class='ocrx_word' id='word_1_175' title='bbox 939 1479 1004 1520; x_wconf 84' lang='grc' dir='ltr'><strong>καὶ</strong></span> <span class='ocrx_word' id='word_1_176' title='bbox 1025 1482 1098 1520; x_wconf 80' lang='grc' dir='ltr'><strong>τοῦ</strong></span> <span class='ocrx_word' id='word_1_177' title='bbox 1118 1477 1402 1534; x_wconf 78' lang='grc' dir='ltr'><strong><em>ἴατρεύσοντος</em></strong></span> <span class='ocrx_word' id='word_1_178' title='bbox 1420 1477 1585 1534; x_wconf 64' lang='grc' dir='ltr'><strong><em>ἔχρῃζον</em></strong></span> <span class='ocrx_word' id='word_1_179' title='bbox 1594 1510 1607 1529; x_wconf 86' lang='grc'>,</span> <span class='ocrx_word' id='word_1_180' title='bbox 1644 1479 1711 1519; x_wconf 84' lang='grc' dir='ltr'><strong>καὶ</strong></span> 
     </span>
    </p>
   </div>
   <div class='ocr_carea' id='block_1_4' title="bbox 254 1544 1766 1809">
    <p class='ocr_par' dir='ltr' id='par_1_7' title="bbox 254 1544 1766 1809">
     <span class='ocr_line' id='line_1_20' title="bbox 254 1544 1709 1605; baseline -0.003 -14"><span class='ocrx_word' id='word_1_181' title='bbox 254 1548 468 1605; x_wconf 74' lang='grc' dir='ltr'><strong><em>ἡλίσκοντο</em></strong></span> <span class='ocrx_word' id='word_1_182' title='bbox 490 1547 563 1600; x_wconf 73' lang='grc' dir='ltr'><strong>μέν</strong></span> <span class='ocrx_word' id='word_1_183' title='bbox 582 1547 636 1590; x_wconf 79' lang='grc' dir='ltr'><strong>τὰ</strong></span> <span class='ocrx_word' id='word_1_184' title='bbox 655 1546 760 1590; x_wconf 80' lang='grc' dir='ltr'><strong><em>κατὰ</em></strong></span> <span class='ocrx_word' id='word_1_185' title='bbox 779 1545 1001 1602; x_wconf 81' lang='grc' dir='ltr'><strong><em>Κάϋστρον</em></strong></span> <span class='ocrx_word' id='word_1_186' title='bbox 1019 1548 1085 1588; x_wconf 83' lang='grc' dir='ltr'><strong>καὶ</strong></span> <span class='ocrx_word' id='word_1_187' title='bbox 1102 1545 1304 1602; x_wconf 81' lang='grc' dir='ltr'><strong><em>Πριήνην,</em></strong></span> <span class='ocrx_word' id='word_1_188' title='bbox 1333 1545 1545 1600; x_wconf 80' lang='grc' dir='ltr'><strong><em>ἡλίσκοντο</em></strong></span> <span class='ocrx_word' id='word_1_189' title='bbox 1569 1545 1612 1588; x_wconf 76' lang='grc' dir='ltr'><strong>δ’</strong></span> <span class='ocrx_word' id='word_1_190' title='bbox 1629 1544 1709 1600; x_wconf 74' lang='grc' dir='ltr'><strong>ἤδη</strong></span> 
     </span>
     <span class='ocr_line' id='line_1_21' title="bbox 256 1612 1766 1670; baseline -0.003 -10"><span class='ocrx_word' id='word_1_191' title='bbox 256 1620 322 1661; x_wconf 80' lang='grc' dir='ltr'><strong>καὶ</strong></span> <span class='ocrx_word' id='word_1_192' title='bbox 343 1616 395 1659; x_wconf 78' lang='grc' dir='ltr'><strong>τὰ</strong></span> <span class='ocrx_word' id='word_1_193' title='bbox 414 1614 519 1658; x_wconf 78' lang='grc' dir='ltr'><strong><em>κατὰ</em></strong></span> <span class='ocrx_word' id='word_1_194' title='bbox 541 1617 748 1670; x_wconf 85' lang='grc' dir='ltr'><strong><em>Μίλητον,</em></strong></span> <span class='ocrx_word' id='word_1_195' title='bbox 771 1616 837 1656; x_wconf 83' lang='grc' dir='ltr'><strong>καὶ</strong></span> <span class='ocrx_word' id='word_1_196' title='bbox 858 1614 1066 1670; x_wconf 78' lang='grc' dir='ltr'><strong><em>Μαγεδών</em></strong></span> <span class='ocrx_word' id='word_1_197' title='bbox 1087 1615 1153 1656; x_wconf 80' lang='grc' dir='ltr'><strong>καὶ</strong></span> <span class='ocrx_word' id='word_1_198' title='bbox 1172 1615 1224 1657; x_wconf 83' lang='grc' dir='ltr'><strong>τὰ</strong></span> <span class='ocrx_word' id='word_1_199' title='bbox 1248 1612 1467 1670; x_wconf 88' lang='grc' dir='ltr'><strong><em>πρόσχωρα</em></strong></span> <span class='ocrx_word' id='word_1_200' title='bbox 1485 1613 1590 1656; x_wconf 81' lang='grc' dir='ltr'><strong><em>κατὰ</em></strong></span> <span class='ocrx_word' id='word_1_201' title='bbox 1609 1617 1709 1656; x_wconf 90' lang='grc' dir='ltr'><strong><em>πολ-</em></strong></span> <span class='ocrx_word' id='word_1_202' title='bbox 1722 1617 1766 1651; x_wconf 71' lang='lat'><strong>20</strong></span> 
     </span>
     <span class='ocr_line' id='line_1_22' title="bbox 257 1681 1711 1740; baseline -0.003 -13"><span class='ocrx_word' id='word_1_203' title='bbox 257 1686 331 1740; x_wconf 77' lang='grc' dir='ltr'><strong><em>λὴν</em></strong></span> <span class='ocrx_word' id='word_1_204' title='bbox 350 1689 423 1727; x_wconf 83' lang='grc' dir='ltr'><strong>τοῦ</strong></span> <span class='ocrx_word' id='word_1_205' title='bbox 446 1681 701 1733; x_wconf 74' lang='grc' dir='ltr'><strong><em>κωλύσοντος</em></strong></span> <span class='ocrx_word' id='word_1_206' title='bbox 720 1684 888 1738; x_wconf 80' lang='grc' dir='ltr'><strong><em>ἐρημίαν</em></strong></span> <span class='ocrx_word' id='word_1_207' title='bbox 908 1683 1245 1739; x_wconf 80' lang='grc' dir='ltr'><strong><em>ἐξηφανίζοντο),</em></strong></span> <span class='ocrx_word' id='word_1_208' title='bbox 1284 1686 1366 1725; x_wconf 85' lang='grc' dir='ltr'><strong><em>δεῖν</em></strong></span> <span class='ocrx_word' id='word_1_209' title='bbox 1397 1683 1496 1738; x_wconf 64' lang='grc' dir='ltr'><strong><em>ἔγνω</em></strong></span> <span class='ocrx_word' id='word_1_210' title='bbox 1526 1681 1597 1724; x_wconf 79' lang='grc' dir='ltr'><strong>τὸν</strong></span> <span class='ocrx_word' id='word_1_211' title='bbox 1621 1681 1711 1723; x_wconf 77' lang='grc' dir='ltr'><strong><em>υἱὸν</em></strong></span> 
     </span>
     <span class='ocr_line' id='line_1_23' title="bbox 258 1748 1710 1809; baseline -0.003 -13"><span class='ocrx_word' id='word_1_212' title='bbox 258 1754 386 1796; x_wconf 86' lang='grc' dir='ltr'><strong><em>αὐτοῦ</em></strong></span> <span class='ocrx_word' id='word_1_213' title='bbox 411 1753 482 1809; x_wconf 45' lang='grc' dir='ltr'><strong><em>,καὶ</em></strong></span> <span class='ocrx_word' id='word_1_214' title='bbox 506 1751 679 1804; x_wconf 76' lang='grc' dir='ltr'><strong><em>βασιλέα</em></strong></span> <span class='ocrx_word' id='word_1_215' title='bbox 702 1749 959 1808; x_wconf 84' lang='grc' dir='ltr'><strong><em>Ἀνδρόνικον</em></strong></span> <span class='ocrx_word' id='word_1_216' title='bbox 988 1749 1150 1806; x_wconf 80' lang='grc' dir='ltr'><strong><em>συνάμα</em></strong></span> <span class='ocrx_word' id='word_1_217' title='bbox 1179 1753 1245 1795; x_wconf 79' lang='grc' dir='ltr'><strong>καὶ</strong></span> <span class='ocrx_word' id='word_1_218' title='bbox 1272 1759 1361 1802; x_wconf 89' lang='grc' dir='ltr'><strong><em>ταῖς</em></strong></span> <span class='ocrx_word' id='word_1_219' title='bbox 1392 1749 1487 1793; x_wconf 79' lang='grc' dir='ltr'><strong><em>κατ’</em></strong></span> <span class='ocrx_word' id='word_1_220' title='bbox 1507 1748 1710 1804; x_wconf 75' lang='grc' dir='ltr'><strong><em>ἀνατολὴν</em></strong></span> 
     </span>
    </p>
   </div>
   <div class='ocr_carea' id='block_1_5' title="bbox 256 1925 1713 2884">
    <p class='ocr_par' dir='ltr' id='par_1_8' title="bbox 256 1925 1713 2384">
     <span class='ocr_line' id='line_1_24' title="bbox 256 1925 1710 1981; baseline -0.005 -16"><span class='ocrx_word' id='word_1_221' title='bbox 256 1930 326 1965; x_wconf 84' lang='lat' dir='ltr'><strong>suis</strong></span> <span class='ocrx_word' id='word_1_222' title='bbox 348 1926 528 1973; x_wconf 77' lang='lat' dir='ltr'><strong>tranquille</strong></span> <span class='ocrx_word' id='word_1_223' title='bbox 551 1938 593 1961; x_wconf 89' lang='lat' dir='ltr'><strong>ac</strong></span> <span class='ocrx_word' id='word_1_224' title='bbox 615 1925 713 1981; x_wconf 80' lang='lat' dir='ltr'>quasi</span> <span class='ocrx_word' id='word_1_225' title='bbox 735 1926 817 1960; x_wconf 86' lang='lat' dir='ltr'><strong>nibil</strong></span> <span class='ocrx_word' id='word_1_226' title='bbox 839 1929 997 1969; x_wconf 87' lang='lat' dir='ltr'><strong>acturus,</strong></span> <span class='ocrx_word' id='word_1_227' title='bbox 1029 1925 1215 1970; x_wconf 88' lang='lat' dir='ltr'><strong>corripiant</strong></span> <span class='ocrx_word' id='word_1_228' title='bbox 1236 1937 1356 1960; x_wconf 84' lang='lat' dir='ltr'><strong>secure</strong></span> <span class='ocrx_word' id='word_1_229' title='bbox 1377 1926 1648 1967; x_wconf 80' lang='lat' dir='ltr'><strong>recumbentem,</strong></span> <span class='ocrx_word' id='word_1_230' title='bbox 1670 1929 1710 1959; x_wconf 85' lang='lat' dir='ltr'><strong>ut</strong></span> 
     </span>
     <span class='ocr_line' id='line_1_25' title="bbox 261 1971 1710 2017; baseline -0.003 -8"><span class='ocrx_word' id='word_1_231' title='bbox 261 1980 356 2016; x_wconf 83' lang='lat' dir='ltr'><strong>erat,</strong></span> <span class='ocrx_word' id='word_1_232' title='bbox 387 1973 597 2014; x_wconf 81' lang='lat' dir='ltr'><strong>Lachanam3</strong></span> <span class='ocrx_word' id='word_1_233' title='bbox 631 1973 733 2017; x_wconf 80' lang='lat' dir='ltr'><strong>idque</strong></span> <span class='ocrx_word' id='word_1_234' title='bbox 756 1973 833 2005; x_wconf 88' lang='lat' dir='ltr'><strong>dum</strong></span> <span class='ocrx_word' id='word_1_235' title='bbox 855 1972 904 2005; x_wconf 87' lang='lat' dir='ltr'><strong>illi</strong></span> <span class='ocrx_word' id='word_1_236' title='bbox 927 1977 1052 2015; x_wconf 85' lang='lat' dir='ltr'><strong>agunt,</strong></span> <span class='ocrx_word' id='word_1_237' title='bbox 1083 1971 1164 2005; x_wconf 88' lang='lat' dir='ltr'><strong>dicit</strong></span> <span class='ocrx_word' id='word_1_238' title='bbox 1186 1972 1272 2005; x_wconf 84' lang='lat' dir='ltr'><strong>“hic</strong></span> <span class='ocrx_word' id='word_1_239' title='bbox 1297 1971 1401 2005; x_wconf 87' lang='lat' dir='ltr'><strong>hostis</strong></span> <span class='ocrx_word' id='word_1_240' title='bbox 1423 1976 1477 2005; x_wconf 88' lang='lat' dir='ltr'><strong>est</strong></span> <span class='ocrx_word' id='word_1_241' title='bbox 1498 1971 1710 2016; x_wconf 86' lang='lat' dir='ltr'><strong>imperatoris</strong></span> 
     </span>
     <span class='ocr_line' id='line_1_26' title="bbox 258 2016 1710 2068; baseline -0.004 -13"><span class='ocrx_word' id='word_1_242' title='bbox 258 2021 366 2068; x_wconf 85' lang='lat' dir='ltr'><strong>patris</strong></span> <span class='ocrx_word' id='word_1_243' title='bbox 382 2019 464 2057; x_wconf 80' lang='lat' dir='ltr'><strong>mei,</strong></span> <span class='ocrx_word' id='word_1_244' title='bbox 486 2022 523 2052; x_wconf 84' lang='lat' dir='ltr'><strong>et</strong></span> <span class='ocrx_word' id='word_1_245' title='bbox 544 2019 644 2064; x_wconf 85' lang='lat' dir='ltr'><strong>plane</strong></span> <span class='ocrx_word' id='word_1_246' title='bbox 665 2017 819 2061; x_wconf 87' lang='lat' dir='ltr'><strong>indignus</strong></span> <span class='ocrx_word' id='word_1_247' title='bbox 842 2017 899 2062; x_wconf 91' lang='lat' dir='ltr'><strong>qui</strong></span> <span class='ocrx_word' id='word_1_248' title='bbox 920 2018 1037 2051; x_wconf 87' lang='lat' dir='ltr'><strong>vivere</strong></span> <span class='ocrx_word' id='word_1_249' title='bbox 1059 2016 1240 2059; x_wconf 84' lang='lat' dir='ltr'><strong>sinatur;’&#39;</strong></span> <span class='ocrx_word' id='word_1_250' title='bbox 1264 2028 1351 2062; x_wconf 89' lang='lat' dir='ltr'><strong>quae</strong></span> <span class='ocrx_word' id='word_1_251' title='bbox 1372 2016 1419 2050; x_wconf 79' lang='lat' dir='ltr'><strong>illi</strong></span> <span class='ocrx_word' id='word_1_252' title='bbox 1441 2017 1614 2051; x_wconf 73' lang='lat' dir='ltr'><strong>audientes</strong></span> <span class='ocrx_word' id='word_1_253' title='bbox 1633 2027 1710 2050; x_wconf 89' lang='lat' dir='ltr'><strong>cor-</strong></span> 
     </span>
     <span class='ocr_line' id='line_1_27' title="bbox 258 2062 1708 2111; baseline -0.003 -10"><span class='ocrx_word' id='word_1_254' title='bbox 258 2066 366 2111; x_wconf 86' lang='lat' dir='ltr'><strong>reptis</strong></span> <span class='ocrx_word' id='word_1_255' title='bbox 397 2064 541 2099; x_wconf 82' lang='lat' dir='ltr'><strong>infelicis</strong></span> <span class='ocrx_word' id='word_1_256' title='bbox 570 2063 731 2108; x_wconf 89' lang='lat' dir='ltr'><strong>utrinque</strong></span> <span class='ocrx_word' id='word_1_257' title='bbox 754 2063 903 2098; x_wconf 87' lang='lat' dir='ltr'><strong>manibus</strong></span> <span class='ocrx_word' id='word_1_258' title='bbox 926 2062 1068 2096; x_wconf 90' lang='lat' dir='ltr'><strong>cultrum</strong></span> <span class='ocrx_word' id='word_1_259' title='bbox 1091 2062 1124 2096; x_wconf 84' lang='lat' dir='ltr'><strong>iu</strong></span> <span class='ocrx_word' id='word_1_260' title='bbox 1146 2062 1295 2106; x_wconf 81' lang='lat' dir='ltr'><strong>iugulum</strong></span> <span class='ocrx_word' id='word_1_261' title='bbox 1326 2063 1529 2104; x_wconf 84' lang='lat' dir='ltr'><strong>demittunt,</strong></span> <span class='ocrx_word' id='word_1_262' title='bbox 1567 2066 1603 2096; x_wconf 91' lang='lat' dir='ltr'><strong>et</strong></span> <span class='ocrx_word' id='word_1_263' title='bbox 1632 2073 1708 2096; x_wconf 85' lang='lat' dir='ltr'><strong>mox</strong></span> 
     </span>
     <span class='ocr_line' id='line_1_28' title="bbox 256 2107 1708 2153; baseline -0.004 -7"><span class='ocrx_word' id='word_1_264' title='bbox 256 2112 378 2146; x_wconf 80' lang='lat' dir='ltr'><strong>ibidem</strong></span> <span class='ocrx_word' id='word_1_265' title='bbox 402 2110 575 2144; x_wconf 80' lang='lat' dir='ltr'><strong>cadentem</strong></span> <span class='ocrx_word' id='word_1_266' title='bbox 598 2112 752 2144; x_wconf 84' lang='lat' dir='ltr'><strong>enecant.</strong></span> <span class='ocrx_word' id='word_1_267' title='bbox 794 2108 940 2142; x_wconf 75' lang='lat' dir='ltr'><strong>iteratur</strong></span> <span class='ocrx_word' id='word_1_268' title='bbox 963 2119 1038 2141; x_wconf 85' lang='lat' dir='ltr'><strong>mox</strong></span> <span class='ocrx_word' id='word_1_269' title='bbox 1060 2109 1167 2142; x_wconf 83' lang='lat' dir='ltr'><strong>ferum</strong></span> <span class='ocrx_word' id='word_1_270' title='bbox 1190 2108 1365 2153; x_wconf 88' lang='lat' dir='ltr'><strong>imperium</strong></span> <span class='ocrx_word' id='word_1_271' title='bbox 1396 2108 1430 2141; x_wconf 88' lang='lat' dir='ltr'><strong>in</strong></span> <span class='ocrx_word' id='word_1_272' title='bbox 1453 2107 1708 2152; x_wconf 84' lang='lat' dir='ltr'><strong>Tzasimpaxim</strong></span> 
     </span>
     <span class='ocr_line' id='line_1_29' title="bbox 257 2153 1709 2200; baseline -0.003 -9"><span class='ocrx_word' id='word_1_273' title='bbox 257 2170 299 2191; x_wconf 84' lang='lat' dir='ltr'><strong>ex</strong></span> <span class='ocrx_word' id='word_1_274' title='bbox 324 2160 466 2191; x_wconf 88' lang='lat' dir='ltr'><strong>adverso</strong></span> <span class='ocrx_word' id='word_1_275' title='bbox 489 2158 718 2200; x_wconf 75' lang='lat' dir='ltr'><strong>spectantem,</strong></span> <span class='ocrx_word' id='word_1_276' title='bbox 756 2154 815 2199; x_wconf 90' lang='lat' dir='ltr'><strong>qui</strong></span> <span class='ocrx_word' id='word_1_277' title='bbox 844 2154 991 2199; x_wconf 84' lang='lat' dir='ltr'><strong>impacta</strong></span> <span class='ocrx_word' id='word_1_278' title='bbox 1011 2153 1045 2187; x_wconf 91' lang='lat' dir='ltr'><strong>in</strong></span> <span class='ocrx_word' id='word_1_279' title='bbox 1069 2154 1141 2187; x_wconf 88' lang='lat' dir='ltr'><strong>eius</strong></span> <span class='ocrx_word' id='word_1_280' title='bbox 1164 2154 1331 2188; x_wconf 81' lang='lat' dir='ltr'><strong>cervicem</strong></span> <span class='ocrx_word' id='word_1_281' title='bbox 1354 2165 1450 2187; x_wconf 88' lang='lat' dir='ltr'><strong>manu</strong></span> <span class='ocrx_word' id='word_1_282' title='bbox 1474 2153 1629 2188; x_wconf 76' lang='lat' dir='ltr'><strong>satellitis</strong></span> <span class='ocrx_word' id='word_1_283' title='bbox 1653 2164 1709 2187; x_wconf 85' lang='lat' dir='ltr'><strong>se-</strong></span> 
     </span>
     <span class='ocr_line' id='line_1_30' title="bbox 259 2198 1713 2245; baseline -0.003 -9"><span class='ocrx_word' id='word_1_284' title='bbox 259 2203 329 2237; x_wconf 90' lang='lat' dir='ltr'><strong>curi</strong></span> <span class='ocrx_word' id='word_1_285' title='bbox 361 2201 561 2236; x_wconf 85' lang='lat' dir='ltr'><strong>trucidatur.</strong></span> <span class='ocrx_word' id='word_1_286' title='bbox 614 2200 745 2245; x_wconf 86' lang='lat' dir='ltr'><strong>tragico</strong></span> <span class='ocrx_word' id='word_1_287' title='bbox 776 2200 968 2245; x_wconf 85' lang='lat' dir='ltr'><strong>spectaculo</strong></span> <span class='ocrx_word' id='word_1_288' title='bbox 995 2199 1170 2244; x_wconf 82' lang='lat' dir='ltr'><strong>perculsus</strong></span> <span class='ocrx_word' id='word_1_289' title='bbox 1202 2201 1292 2234; x_wconf 86' lang='lat' dir='ltr'><strong>Asan</strong></span> <span class='ocrx_word' id='word_1_290' title='bbox 1324 2199 1389 2233; x_wconf 85' lang='lat' dir='ltr'><strong>sibi</strong></span> <span class='ocrx_word' id='word_1_291' title='bbox 1419 2198 1713 2233; x_wconf 78' lang='lat' dir='ltr'><strong>vehementissime</strong></span> 
     </span>
     <span class='ocr_line' id='line_1_31' title="bbox 258 2244 1713 2291; baseline -0.003 -10"><span class='ocrx_word' id='word_1_292' title='bbox 258 2248 385 2289; x_wconf 80' lang='lat' dir='ltr'><strong>timuit,</strong></span> <span class='ocrx_word' id='word_1_293' title='bbox 408 2258 474 2280; x_wconf 91' lang='lat' dir='ltr'><strong>non</strong></span> <span class='ocrx_word' id='word_1_294' title='bbox 497 2246 569 2280; x_wconf 88' lang='lat' dir='ltr'><strong>sine</strong></span> <span class='ocrx_word' id='word_1_295' title='bbox 592 2257 714 2280; x_wconf 83' lang='lat' dir='ltr'><strong>causa:</strong></span> <span class='ocrx_word' id='word_1_296' title='bbox 738 2257 814 2279; x_wconf 83' lang='lat' dir='ltr'><strong>nam</strong></span> <span class='ocrx_word' id='word_1_297' title='bbox 836 2245 934 2291; x_wconf 85' lang='lat' dir='ltr'><strong>paria</strong></span> <span class='ocrx_word' id='word_1_298' title='bbox 956 2247 991 2279; x_wconf 85' lang='lat' dir='ltr'><strong>et</strong></span> <span class='ocrx_word' id='word_1_299' title='bbox 1012 2245 1085 2290; x_wconf 84' lang='lat' dir='ltr'><strong>ipse</strong></span> <span class='ocrx_word' id='word_1_300' title='bbox 1107 2256 1227 2290; x_wconf 85' lang='lat' dir='ltr'><strong>passus</strong></span> <span class='ocrx_word' id='word_1_301' title='bbox 1254 2250 1363 2286; x_wconf 83' lang='lat' dir='ltr'><strong>esset,</strong></span> <span class='ocrx_word' id='word_1_302' title='bbox 1388 2245 1423 2278; x_wconf 91' lang='lat' dir='ltr'><strong>ni</strong></span> <span class='ocrx_word' id='word_1_303' title='bbox 1446 2249 1526 2278; x_wconf 89' lang='lat' dir='ltr'><strong>tunc</strong></span> <span class='ocrx_word' id='word_1_304' title='bbox 1548 2244 1713 2288; x_wconf 72' lang='lat' dir='ltr'><strong>Euphra--</strong></span> 
     </span>
     <span class='ocr_line' id='line_1_32' title="bbox 260 2290 1707 2338; baseline -0.004 -10"><span class='ocrx_word' id='word_1_305' title='bbox 260 2304 361 2338; x_wconf 85' lang='lat' dir='ltr'><strong>synes</strong></span> <span class='ocrx_word' id='word_1_306' title='bbox 383 2293 579 2327; x_wconf 86' lang='lat' dir='ltr'><strong>interventu</strong></span> <span class='ocrx_word' id='word_1_307' title='bbox 602 2303 642 2326; x_wconf 88' lang='lat' dir='ltr'><strong>ac</strong></span> <span class='ocrx_word' id='word_1_308' title='bbox 665 2292 776 2326; x_wconf 87' lang='lat' dir='ltr'><strong>studio</strong></span> <span class='ocrx_word' id='word_1_309' title='bbox 800 2294 976 2333; x_wconf 83' lang='lat' dir='ltr'><strong>servatus,</strong></span> <span class='ocrx_word' id='word_1_310' title='bbox 1011 2291 1111 2336; x_wconf 89' lang='lat' dir='ltr'><strong>paulo</strong></span> <span class='ocrx_word' id='word_1_311' title='bbox 1134 2295 1212 2336; x_wconf 87' lang='lat' dir='ltr'><strong>post</strong></span> <span class='ocrx_word' id='word_1_312' title='bbox 1233 2290 1409 2325; x_wconf 85' lang='lat' dir='ltr'><strong>incolumis</strong></span> <span class='ocrx_word' id='word_1_313' title='bbox 1430 2290 1585 2324; x_wconf 81' lang='lat' dir='ltr'><strong>dimissus</strong></span> <span class='ocrx_word' id='word_1_314' title='bbox 1607 2292 1707 2323; x_wconf 86' lang='lat' dir='ltr'><strong>esset.</strong></span> 
     </span>
     <span class='ocr_line' id='line_1_33' title="bbox 259 2336 1184 2384; baseline -0.002 -11"><span class='ocrx_word' id='word_1_315' title='bbox 259 2343 362 2384; x_wconf 84' lang='lat' dir='ltr'><strong>atque</strong></span> <span class='ocrx_word' id='word_1_316' title='bbox 382 2338 467 2372; x_wconf 81' lang='lat' dir='ltr'><strong>haec</strong></span> <span class='ocrx_word' id='word_1_317' title='bbox 489 2338 622 2383; x_wconf 88' lang='lat' dir='ltr'><strong>quidem</strong></span> <span class='ocrx_word' id='word_1_318' title='bbox 644 2348 682 2371; x_wconf 85' lang='lat' dir='ltr'><strong>se</strong></span> <span class='ocrx_word' id='word_1_319' title='bbox 703 2337 740 2371; x_wconf 88' lang='lat' dir='ltr'><strong>in</strong></span> <span class='ocrx_word' id='word_1_320' title='bbox 761 2337 850 2370; x_wconf 85' lang='lat' dir='ltr'><strong>hunc</strong></span> <span class='ocrx_word' id='word_1_321' title='bbox 871 2336 1002 2370; x_wconf 90' lang='lat' dir='ltr'><strong>modum</strong></span> <span class='ocrx_word' id='word_1_322' title='bbox 1025 2337 1184 2371; x_wconf 83' lang='lat' dir='ltr'><strong>habuere.</strong></span> 
     </span>
    </p>

    <p class='ocr_par' dir='ltr' id='par_1_9' title="bbox 261 2381 1711 2884">
     <span class='ocr_line' id='line_1_34' title="bbox 351 2381 1708 2428; baseline -0.003 -10"><span class='ocrx_word' id='word_1_323' title='bbox 351 2385 407 2418; x_wconf 80' lang='lat'><strong>20.</strong></span> <span class='ocrx_word' id='word_1_324' title='bbox 454 2385 499 2416; x_wconf 85' lang='lat' dir='ltr'><strong>At</strong></span> <span class='ocrx_word' id='word_1_325' title='bbox 520 2383 724 2428; x_wconf 82' lang='lat' dir='ltr'><strong>imperator,</strong></span> <span class='ocrx_word' id='word_1_326' title='bbox 747 2386 915 2428; x_wconf 82' lang='lat' dir='ltr'><strong>comperto</strong></span> <span class='ocrx_word' id='word_1_327' title='bbox 940 2382 1097 2416; x_wconf 87' lang='lat' dir='ltr'><strong>laborare</strong></span> <span class='ocrx_word' id='word_1_328' title='bbox 1118 2394 1174 2417; x_wconf 80' lang='lat' dir='ltr'><strong>res</strong></span> <span class='ocrx_word' id='word_1_329' title='bbox 1196 2381 1408 2424; x_wconf 75' lang='lat' dir='ltr'><strong>orientales,</strong></span> <span class='ocrx_word' id='word_1_330' title='bbox 1431 2393 1474 2415; x_wconf 83' lang='lat' dir='ltr'><strong>ex</strong></span> <span class='ocrx_word' id='word_1_331' title='bbox 1491 2391 1557 2427; x_wconf 90' lang='lat' dir='ltr'><strong>quo</strong></span> <span class='ocrx_word' id='word_1_332' title='bbox 1574 2381 1708 2415; x_wconf 76' lang='lat' dir='ltr'><strong>sublato</strong></span> 
     </span>
     <span class='ocr_line' id='line_1_35' title="bbox 262 2427 1711 2473; baseline -0.003 -9"><span class='ocrx_word' id='word_1_333' title='bbox 262 2441 305 2465; x_wconf 84' lang='lat' dir='ltr'><strong>ex</strong></span> <span class='ocrx_word' id='word_1_334' title='bbox 338 2429 488 2462; x_wconf 88' lang='lat' dir='ltr'><strong>humanis</strong></span> <span class='ocrx_word' id='word_1_335' title='bbox 518 2429 642 2462; x_wconf 86' lang='lat' dir='ltr'><strong>Ioanne</strong></span> <span class='ocrx_word' id='word_1_336' title='bbox 675 2429 815 2473; x_wconf 81' lang='lat' dir='ltr'><strong>despota</strong></span> <span class='ocrx_word' id='word_1_337' title='bbox 836 2427 992 2462; x_wconf 84' lang='lat' dir='ltr'><strong>fiduciam</strong></span> <span class='ocrx_word' id='word_1_338' title='bbox 1014 2432 1143 2462; x_wconf 83' lang='lat' dir='ltr'><strong>tantam</strong></span> <span class='ocrx_word' id='word_1_339' title='bbox 1166 2428 1292 2462; x_wconf 79' lang='lat' dir='ltr'><strong>Persae</strong></span> <span class='ocrx_word' id='word_1_340' title='bbox 1313 2432 1545 2472; x_wconf 79' lang='lat' dir='ltr'><strong>sumpserant,</strong></span> <span class='ocrx_word' id='word_1_341' title='bbox 1579 2429 1618 2460; x_wconf 85' lang='lat' dir='ltr'><strong>ut</strong></span> <span class='ocrx_word' id='word_1_342' title='bbox 1640 2437 1711 2459; x_wconf 84' lang='lat' dir='ltr'><strong>non·</strong></span> 
     </span>
     <span class='ocr_line' id='line_1_36' title="bbox 261 2473 1706 2518; baseline -0.003 -9"><span class='ocrx_word' id='word_1_343' title='bbox 261 2474 360 2509; x_wconf 88' lang='lat' dir='ltr'><strong>modo</strong></span> <span class='ocrx_word' id='word_1_344' title='bbox 392 2485 459 2507; x_wconf 88' lang='lat' dir='ltr'><strong>non</strong></span> <span class='ocrx_word' id='word_1_345' title='bbox 489 2473 684 2507; x_wconf 85' lang='lat' dir='ltr'><strong>dubitarent</strong></span> <span class='ocrx_word' id='word_1_346' title='bbox 713 2475 803 2507; x_wconf 87' lang='lat' dir='ltr'><strong>ultro</strong></span> <span class='ocrx_word' id='word_1_347' title='bbox 836 2473 1003 2507; x_wconf 85' lang='lat' dir='ltr'><strong>Romanos</strong></span> <span class='ocrx_word' id='word_1_348' title='bbox 1030 2474 1208 2515; x_wconf 88' lang='lat' dir='ltr'><strong>invadere,</strong></span> <span class='ocrx_word' id='word_1_349' title='bbox 1248 2473 1308 2507; x_wconf 83' lang='lat' dir='ltr'><strong>sed</strong></span> <span class='ocrx_word' id='word_1_350' title='bbox 1337 2473 1461 2518; x_wconf 87' lang='lat' dir='ltr'><strong>passim</strong></span> <span class='ocrx_word' id='word_1_351' title='bbox 1483 2473 1570 2507; x_wconf 89' lang='lat' dir='ltr'><strong>fines</strong></span> <span class='ocrx_word' id='word_1_352' title='bbox 1591 2481 1706 2505; x_wconf 81' lang='lat' dir='ltr'><strong>eorum</strong></span> 
     </span>
     <span class='ocr_line' id='line_1_37' title="bbox 262 2516 1706 2564; baseline -0.003 -10"><span class='ocrx_word' id='word_1_353' title='bbox 262 2519 462 2554; x_wconf 85' lang='lat' dir='ltr'><strong>incursando</strong></span> <span class='ocrx_word' id='word_1_354' title='bbox 493 2523 678 2555; x_wconf 84' lang='lat' dir='ltr'><strong>vastarent.</strong></span> <span class='ocrx_word' id='word_1_355' title='bbox 730 2519 885 2564; x_wconf 79' lang='lat' dir='ltr'><strong>regiones</strong></span> <span class='ocrx_word' id='word_1_356' title='bbox 917 2518 1008 2553; x_wconf 82' lang='lat' dir='ltr'><strong>circa</strong></span> <span class='ocrx_word' id='word_1_357' title='bbox 1035 2519 1254 2554; x_wconf 88' lang='lat' dir='ltr'><strong>Maeandrum</strong></span> <span class='ocrx_word' id='word_1_358' title='bbox 1289 2522 1325 2552; x_wconf 90' lang='lat' dir='ltr'><strong>et</strong></span> <span class='ocrx_word' id='word_1_359' title='bbox 1356 2518 1489 2552; x_wconf 83' lang='lat' dir='ltr'><strong>Cariam</strong></span> <span class='ocrx_word' id='word_1_360' title='bbox 1522 2520 1558 2551; x_wconf 86' lang='lat' dir='ltr'><strong>et</strong></span> <span class='ocrx_word' id='word_1_361' title='bbox 1586 2516 1706 2550; x_wconf 85' lang='lat' dir='ltr'><strong>Antio-</strong></span> 
     </span>
     <span class='ocr_line' id='line_1_38' title="bbox 262 2561 1706 2609; baseline -0.003 -9"><span class='ocrx_word' id='word_1_362' title='bbox 262 2565 373 2600; x_wconf 85' lang='lat' dir='ltr'><strong>chiam</strong></span> <span class='ocrx_word' id='word_1_363' title='bbox 393 2564 461 2599; x_wconf 85' lang='lat' dir='ltr'><strong>iam</strong></span> <span class='ocrx_word' id='word_1_364' title='bbox 483 2563 582 2609; x_wconf 83' lang='lat' dir='ltr'><strong>plane</strong></span> <span class='ocrx_word' id='word_1_365' title='bbox 603 2564 795 2609; x_wconf 86' lang='lat' dir='ltr'><strong>perierant:</strong></span> <span class='ocrx_word' id='word_1_366' title='bbox 830 2564 890 2599; x_wconf 89' lang='lat' dir='ltr'><strong>sed</strong></span> <span class='ocrx_word' id='word_1_367' title='bbox 913 2568 948 2599; x_wconf 87' lang='lat' dir='ltr'><strong>et</strong></span> <span class='ocrx_word' id='word_1_368' title='bbox 969 2564 1021 2598; x_wconf 83' lang='lat' dir='ltr'><strong>his</strong></span> <span class='ocrx_word' id='word_1_369' title='bbox 1043 2566 1153 2599; x_wconf 87' lang='lat' dir='ltr'><strong>adhuc</strong></span> <span class='ocrx_word' id='word_1_370' title='bbox 1175 2564 1336 2598; x_wconf 81' lang='lat' dir='ltr'><strong>interiora</strong></span> <span class='ocrx_word' id='word_1_371' title='bbox 1357 2564 1506 2608; x_wconf 85' lang='lat' dir='ltr'><strong>graviter</strong></span> <span class='ocrx_word' id='word_1_372' title='bbox 1527 2561 1706 2596; x_wconf 85' lang='lat' dir='ltr'><strong>debilitata</strong></span> 
     </span>
     <span class='ocr_line' id='line_1_39' title="bbox 262 2607 1706 2655; baseline -0.005 -9"><span class='ocrx_word' id='word_1_373' title='bbox 262 2611 437 2651; x_wconf 85' lang='lat' dir='ltr'><strong>iacebant,</strong></span> <span class='ocrx_word' id='word_1_374' title='bbox 472 2609 593 2643; x_wconf 79' lang='lat' dir='ltr'><strong>medici</strong></span> <span class='ocrx_word' id='word_1_375' title='bbox 621 2609 835 2654; x_wconf 75' lang='lat' dir='ltr'><strong>sospitatoris</strong></span> <span class='ocrx_word' id='word_1_376' title='bbox 865 2621 930 2655; x_wconf 85' lang='lat' dir='ltr'><strong>ope</strong></span> <span class='ocrx_word' id='word_1_377' title='bbox 958 2611 1174 2644; x_wconf 84' lang='lat' dir='ltr'><strong>vehementer</strong></span> <span class='ocrx_word' id='word_1_378' title='bbox 1195 2610 1342 2654; x_wconf 85' lang='lat' dir='ltr'><strong>egentia.</strong></span> <span class='ocrx_word' id='word_1_379' title='bbox 1388 2608 1632 2653; x_wconf 84' lang='lat' dir='ltr'><strong>diripiebantur</strong></span> <span class='ocrx_word' id='word_1_380' title='bbox 1653 2607 1706 2640; x_wconf 88' lang='lat' dir='ltr'><strong>vi·-</strong></span> 
     </span>
     <span class='ocr_line' id='line_1_40' title="bbox 264 2651 1709 2699; baseline -0.004 -8"><span class='ocrx_word' id='word_1_381' title='bbox 264 2657 341 2691; x_wconf 88' lang='lat' dir='ltr'><strong>cina</strong></span> <span class='ocrx_word' id='word_1_382' title='bbox 364 2656 509 2699; x_wconf 77' lang='lat' dir='ltr'><strong>Caystro</strong></span> <span class='ocrx_word' id='word_1_383' title='bbox 532 2658 568 2688; x_wconf 89' lang='lat' dir='ltr'><strong>et</strong></span> <span class='ocrx_word' id='word_1_384' title='bbox 589 2653 734 2689; x_wconf 86' lang='lat' dir='ltr'><strong>Prienae</strong></span> <span class='ocrx_word' id='word_1_385' title='bbox 756 2655 850 2697; x_wconf 87' lang='lat' dir='ltr'><strong>loca,</strong></span> <span class='ocrx_word' id='word_1_386' title='bbox 880 2656 1079 2690; x_wconf 81' lang='lat' dir='ltr'><strong>ferebantur</strong></span> <span class='ocrx_word' id='word_1_387' title='bbox 1111 2655 1211 2690; x_wconf 87' lang='lat' dir='ltr'><strong>etiam</strong></span> <span class='ocrx_word' id='word_1_388' title='bbox 1235 2660 1271 2690; x_wconf 87' lang='lat' dir='ltr'><strong>et</strong></span> <span class='ocrx_word' id='word_1_389' title='bbox 1292 2655 1479 2699; x_wconf 86' lang='lat' dir='ltr'><strong>agebantur</strong></span> <span class='ocrx_word' id='word_1_390' title='bbox 1501 2651 1709 2698; x_wconf 84' lang='lat' dir='ltr'><strong>quotidianis</strong></span> 
     </span>
     <span class='ocr_line' id='line_1_41' title="bbox 262 2697 1709 2746; baseline -0.004 -9"><span class='ocrx_word' id='word_1_391' title='bbox 262 2701 503 2736; x_wconf 85' lang='lat' dir='ltr'><strong>incursantium</strong></span> <span class='ocrx_word' id='word_1_392' title='bbox 531 2699 668 2744; x_wconf 82' lang='lat' dir='ltr'><strong>praedis</strong></span> <span class='ocrx_word' id='word_1_393' title='bbox 690 2700 843 2735; x_wconf 85' lang='lat' dir='ltr'><strong>Milesius</strong></span> <span class='ocrx_word' id='word_1_394' title='bbox 864 2712 947 2745; x_wconf 87' lang='lat' dir='ltr'><strong>ager</strong></span> <span class='ocrx_word' id='word_1_395' title='bbox 968 2705 1004 2735; x_wconf 90' lang='lat' dir='ltr'><strong>et</strong></span> <span class='ocrx_word' id='word_1_396' title='bbox 1026 2701 1213 2744; x_wconf 80' lang='lat' dir='ltr'><strong>Magedon,</strong></span> <span class='ocrx_word' id='word_1_397' title='bbox 1249 2711 1402 2746; x_wconf 85' lang='lat' dir='ltr'><strong>quaeque</strong></span> <span class='ocrx_word' id='word_1_398' title='bbox 1423 2699 1475 2733; x_wconf 79' lang='lat' dir='ltr'><strong>his</strong></span> <span class='ocrx_word' id='word_1_399' title='bbox 1497 2697 1611 2732; x_wconf 87' lang='lat' dir='ltr'><strong>affinia</strong></span> <span class='ocrx_word' id='word_1_400' title='bbox 1620 2719 1655 2739; x_wconf 89' lang='lat'><strong>,--</strong></span> <span class='ocrx_word' id='word_1_401' title='bbox 1669 2697 1709 2731; x_wconf 73' lang='lat' dir='ltr'><strong>iu</strong></span> 
     </span>
     <span class='ocr_line' id='line_1_42' title="bbox 264 2743 1704 2791; baseline -0.004 -9"><span class='ocrx_word' id='word_1_402' title='bbox 264 2758 391 2782; x_wconf 85' lang='lat' dir='ltr'><strong>summa</strong></span> <span class='ocrx_word' id='word_1_403' title='bbox 419 2744 632 2781; x_wconf 82' lang='lat' dir='ltr'><strong>destitutione</strong></span> <span class='ocrx_word' id='word_1_404' title='bbox 661 2745 824 2789; x_wconf 86' lang='lat' dir='ltr'><strong>praesidii</strong></span> <span class='ocrx_word' id='word_1_405' title='bbox 854 2747 959 2780; x_wconf 90' lang='lat' dir='ltr'><strong>omnis</strong></span> <span class='ocrx_word' id='word_1_406' title='bbox 988 2747 1117 2781; x_wconf 87' lang='lat' dir='ltr'><strong>iniuriis</strong></span> <span class='ocrx_word' id='word_1_407' title='bbox 1139 2746 1280 2781; x_wconf 84' lang='lat' dir='ltr'><strong>hostium</strong></span> <span class='ocrx_word' id='word_1_408' title='bbox 1303 2745 1467 2791; x_wconf 75' lang='lat' dir='ltr'><strong>exposita.</strong></span> <span class='ocrx_word' id='word_1_409' title='bbox 1512 2751 1587 2777; x_wconf 86' lang='lat' dir='ltr'><strong>cum</strong></span> <span class='ocrx_word' id='word_1_410' title='bbox 1610 2743 1704 2784; x_wconf 80' lang='lat' dir='ltr'><strong>baec,</strong></span> 
     </span>
     <span class='ocr_line' id='line_1_43' title="bbox 262 2787 1709 2838; baseline -0.003 -12"><span class='ocrx_word' id='word_1_411' title='bbox 262 2792 414 2838; x_wconf 88' lang='lat' dir='ltr'><strong>inquam,</strong></span> <span class='ocrx_word' id='word_1_412' title='bbox 446 2792 615 2835; x_wconf 84' lang='lat' dir='ltr'><strong>Augustus</strong></span> <span class='ocrx_word' id='word_1_413' title='bbox 637 2794 831 2835; x_wconf 87' lang='lat' dir='ltr'><strong>reputaret,</strong></span> <span class='ocrx_word' id='word_1_414' title='bbox 869 2791 1060 2826; x_wconf 83' lang='lat' dir='ltr'><strong>faciendum</strong></span> <span class='ocrx_word' id='word_1_415' title='bbox 1081 2791 1145 2826; x_wconf 85' lang='lat' dir='ltr'><strong>sibi</strong></span> <span class='ocrx_word' id='word_1_416' title='bbox 1165 2791 1284 2826; x_wconf 87' lang='lat' dir='ltr'><strong>statuit</strong></span> <span class='ocrx_word' id='word_1_417' title='bbox 1305 2795 1345 2826; x_wconf 90' lang='lat' dir='ltr'><strong>ut</strong></span> <span class='ocrx_word' id='word_1_418' title='bbox 1366 2790 1469 2824; x_wconf 85' lang='lat' dir='ltr'><strong>filium</strong></span> <span class='ocrx_word' id='word_1_419' title='bbox 1492 2799 1586 2823; x_wconf 89' lang='lat' dir='ltr'><strong>suum</strong></span> <span class='ocrx_word' id='word_1_420' title='bbox 1610 2792 1647 2822; x_wconf 85' lang='lat' dir='ltr'><strong>et</strong></span> <span class='ocrx_word' id='word_1_421' title='bbox 1667 2787 1709 2821; x_wconf 85' lang='lat' dir='ltr'><strong>iu-</strong></span> 
     </span>
     <span class='ocr_line' id='line_1_44' title="bbox 263 2833 1704 2884; baseline -0.002 -13"><span class='ocrx_word' id='word_1_422' title='bbox 263 2837 403 2884; x_wconf 82' lang='lat' dir='ltr'><strong>imperio</strong></span> <span class='ocrx_word' id='word_1_423' title='bbox 433 2836 591 2882; x_wconf 85' lang='lat' dir='ltr'><strong>collegam</strong></span> <span class='ocrx_word' id='word_1_424' title='bbox 614 2835 834 2870; x_wconf 81' lang='lat' dir='ltr'><strong>Andronicum</strong></span> <span class='ocrx_word' id='word_1_425' title='bbox 856 2847 897 2870; x_wconf 90' lang='lat' dir='ltr'><strong>eo</strong></span> <span class='ocrx_word' id='word_1_426' title='bbox 920 2837 1072 2872; x_wconf 87' lang='lat' dir='ltr'><strong>mitteret</strong></span> <span class='ocrx_word' id='word_1_427' title='bbox 1093 2848 1166 2871; x_wconf 88' lang='lat' dir='ltr'><strong>cum</strong></span> <span class='ocrx_word' id='word_1_428' title='bbox 1189 2836 1294 2882; x_wconf 86' lang='lat' dir='ltr'><strong>copiis</strong></span> <span class='ocrx_word' id='word_1_429' title='bbox 1314 2839 1461 2883; x_wconf 85' lang='lat' dir='ltr'><strong>quantae</strong></span> <span class='ocrx_word' id='word_1_430' title='bbox 1489 2845 1552 2881; x_wconf 83' lang='lat' dir='ltr'><strong>per</strong></span> <span class='ocrx_word' id='word_1_431' title='bbox 1578 2833 1704 2868; x_wconf 83' lang='lat' dir='ltr'><strong>Orien-</strong></span> 
     </span>
    </p>
   </div>
  </div>
 </body>
</html>
