1884 3262
297 174 328 220 7
331 173 402 226 504
692 170 1004 219 OBSERVAT.
1036 172 1352 222 PAGHYMER.
1378 188 1383 192 ·

339 279 388 307 nni
428 278 581 307 Romano-

361 321 385 340 r.
428 320 492 339 rum
501 311 589 338 Pont.

427 345 514 373 Alex.
537 343 590 372 IV.

615 276 779 340 {gg-⁰433
881 282 1091 336 Expeditio
1121 282 1322 324 Theodori
1353 285 1528 329 Lascaris
1556 286 1601 328 in
1627 277 1752 331 Occi-k.

615 345 779 375 Lastuu.
825 338 983 378 dentem
1010 346 1149 380 contra
1177 341 1478 387 Constantinum
1495 356 1624 397 regem
1644 346 1754 392 Bul-⁴.

823 396 952 447 gariae
978 401 1037 435 ‘et
1084 394 1313 437 Michaelem
1350 396 1550 452 despotam
1565 430 1576 451 ,
1629 415 1745 452 quem

825 459 1040 503 utrumque
1077 453 1326 494 suiterrore
1367 455 1420 494 ad
1444 452 1581 508 pacem
1614 458 1743 509 adigit.

825 509 1008 561 Acropol.
1034 509 1136 549 Hist.
1157 523 1196 549 n.
1215 510 1270 555 56
1290 517 1331 550 et
1343 524 1402 564 sq.
1461 513 1653 564 Gregoras
1669 514 1698 556 1.
1717 517 1744 556 3

823 579 851 618 P
880 620 962 660 Sub
983 626 1217 661 autumnum
1235 621 1354 662 huius
1375 624 1468 662 anni
1487 623 1652 662 Micha'el
1670 624 1746 663 Pa-

823 678 1020 729 laeologus
1046 688 1209 729 magnus
1229 681 1479 719 conostaulus
1498 681 1658 719 Nicaeae
1678 692 1746 720 re·-

821 735 940 774 lictus
959 740 1007 773 ut
1026 734 1144 773 rebus
1166 747 1237 786 per
1265 736 1511 788 imperatoris
1535 737 1746 776 absentiam

824 796 1037 843 praeesset,
1077 804 1168 834 cum
1192 793 1441 844 comperisset
1467 794 1586 844 Cotys
1611 794 1747 833 cuius-

825 848 917 886 dam
953 846 1118 893 indicioff
1141 849 1450 887 excaecationem
1492 850 1564 887 sibi
1600 849 1745 902 parari,

821 918 914 943 cum
940 903 1025 956 ipso
1054 903 1184 942 indice
1210 905 1311 956 fugit
1336 905 1378 944 in
1401 906 1610 946 Persidem.
1667 907 1746 946 Pa-

824 961 954 1012 chym.
980 960 1006 998 l.
1032 962 1052 1002 1
1079 974 1112 1000 c.
1134 963 1159 1002 9
1180 974 1218 1011 p.
1239 964 1302 1004 12.
1755 996 1763 1005 ,

878 1017 938 1055 Ibi
959 1029 982 1053 a
997 1016 1157 1055 Sultane
1173 1017 1359 1056 Romanis
1377 1017 1610 1068 quibusdam
1627 1017 1746 1069 copiis

823 1074 1044 1125 praefectus
1064 1078 1203 1111 contra
1217 1073 1385 1124 Scythas
1402 1080 1559 1113 strenue
1575 1088 1660 1113 rem
1677 1087 1762 1125 gez

823 1130 892 1169 rit.
949 1129 1139 1178 Gregoras
1159 1128 1185 1167 l.
1203 1132 1228 1170 3
1245 1142 1286 1180 p.
1305 1133 1372 1172 27.
1415 1129 1599 1182 Pachym.
1619 1145 1657 1182 p.
1681 1132 1747 1173 13.

882 1260 1061 1300 Michael‘
1095 1261 1344 1314 Palaeologus
1384 1269 1518 1314 agente
1555 1263 1765 1302 Iconiensi›

828 1317 1005 1370 praesule
1035 1315 1084 1355 ab
1115 1318 1350 1369 imperatore
1379 1325 1585 1359 revocatus
1610 1333 1631 1358 e
1651 1321 1765 1358 Per-³

828 1373 910 1412 side
938 1373 1101 1424 benigne
1130 1374 1178 1412 ab
1206 1375 1290 1426 ipso
1314 1376 1528 1427 excipitur,
1558 1382 1598 1415 et
1620 1375 1748 1427 magni

828 1430 1048 1469 conostauli
1088 1430 1317 1481 dignitatem
1349 1432 1499 1484 recipit.
1557 1433 1747 1484 Gregoras

827 1487 854 1526 l.
879 1490 904 1529 3
926 1500 964 1539 p.
987 1488 1053 1528 28.
1108 1486 1293 1539 Pachym.
1312 1488 1338 1526 l.
1362 1492 1381 1530 1
1406 1502 1438 1527 c.
1458 1491 1483 1530 9
1501 1502 1538 1541 p.
1562 1493 1626 1531 13.

884 1619 1046 1675 Michael
1081 1620 1330 1674 Palaeologus
1362 1622 1534 1662 mittitur
1559 1623 1601 1660 in
1632 1621 1750 1661 Occi-

830 1678 985 1716 dentem
1006 1691 1096 1716 cum
1116 1678 1314 1728 exercitu,
1344 1684 1383 1716 et
1403 1678 1501 1717 bene
1522 1692 1568 1716 ac
1586 1675 1765 1717 feliciter*

820 1731 991 1786 pugnat.
1047 1732 1274 1786 Pachymer.
1305 1737 1326 1776 1
1362 1738 1427 1776 10.
1482 1735 1605 1774 fusius
1620 1734 1748 1774 Acro-

814 1791 953 1843 ,polita
971 1790 1168 1829 Historiae
1185 1805 1225 1833 n.
1247 1794 1315 1834 70.

885 1847 1117 1885 Theodorus
1136 1847 1351 1898 imperator
1369 1852 1455 1885 atra
1473 1846 1551 1885 bile
1567 1846 1749 1886 laborans

830 1902 1025 1940 Martham
1071 1902 1268 1941 Michaelis
1313 1903 1530 1955 Palaeologi
1574 1916 1749 1942 sororem

831 1958 917 1996 diro
943 1958 1131 2010 supplicio
1160 1958 1387 2008 excruciat,
1424 1965 1465 1996 et
1490 1964 1666 1997 metuens
1697 1971 1749 1996 ne

830 2014 917 2052 ideo
946 2015 1069 2056 trater
1100 2014 1181 2052 eius
1222 2014 1450 2064 rebellaret,
1487 2028 1558 2067 per
1594 2014 1749 2053 Chade-

830 2084 926 2109 num
960 2070 1002 2108 in
1036 2070 1289 2109 Occidentem
1315 2070 1474 2108 missum
1503 2070 1645 2109 deduci
1672 2071 1750 2109 Pa-

829 2127 1050 2178 laeologum
1068 2127 1120 2165 ad
1137 2139 1178 2165 se
1195 2127 1377 2166 vinctum
1396 2132 1520 2167 curat.
1540 2156 1542 2158 -
1564 2126 1749 2179 Pachym.

835 2186 931 2226 111
959 2195 1039 2234 ap.
1064 2182 1114 2224 15
1135 2183 1187 2221 ad
1209 2186 1272 2225 19.

888 2239 1061 2290 Auguria
1099 2239 1253 2291 imperii
1294 2237 1475 2277 Michaeli
1510 2237 1748 2289 Paioeologo,

833 2294 927 2334 dum
949 2300 1155 2347 caperetur
1175 2301 1216 2334 et
1235 2295 1392 2334 vinctus
1411 2295 1644 2345 duceretur,
1675 2294 1750 2333 ob-

779 2378 781 2381 .
833 2352 922 2390 lata.
978 2350 1162 2402 Pachym.
1182 2365 1224 2404 p.
1246 2351 1298 2393 15
1318 2357 1357 2389 et
1378 2354 1441 2392 16.
1651 2385 1655 2406 3

888 2407 1054 2446 Michael
1076 2407 1324 2458 Palaeologus
1353 2406 1533 2445 educitur
1553 2419 1574 2443 c
1597 2403 1761 2444 carcere*

833 2469 873 2502 et
909 2464 1096 2516 recipitur
1136 2465 1178 2502 in
1215 2464 1380 2515 gratiam
1416 2462 1466 2501 ab
1500 2463 1748 2514 imperatore.

831 2519 1060 2572 Pachymer.
1079 2533 1118 2571 p.
1142 2523 1194 2562 17
1215 2526 1254 2558 ct
1276 2522 1340 2560 19.

163 2434 192 2469 P
216 2431 281 2467 532
329 2452 348 2473 ,-

890 2643 1106 2695 Imperator
1145 2642 1377 2681 Theodorus
1413 2642 1583 2680 moritur
1620 2652 1751 2678 mense

836 2697 1033 2751 Augusto,
1070 2713 1173 2738 anno
1208 2699 1261 2737 ad
1290 2705 1522 2737 autumnum
1554 2702 1750 2747 vergente.

837 2754 1016 2807 Acropol.
1036 2769 1076 2795 n.
1096 2753 1149 2797 74
1166 2768 1205 2806 p.
1223 2755 1289 2798 85.
1327 2754 1515 2806 Gregoras
1533 2753 1560 2795 l.
1579 2755 1603 2793 3
1624 2765 1662 2803 p.
1683 2754 1751 2794 29.

836 2810 954 2849 Pach.
976 2825 1017 2864 p.
1033 2814 1084 2855 19
1106 2816 1147 2850 et
1163 2814 1230 2855 20.
1273 2810 1485 2850 Phrantzes
1514 2812 1533 2849 1
1569 2812 1595 2850 3
1626 2821 1664 2860 p.
1684 2807 1750 2849 4¹.
