1884 3262
438 193 512 236 DE
544 191 824 236 MICHAELE
851 191 1224 236 PALAEOLOGO
1257 193 1304 236 L.
1340 193 1395 236 V.
1540 191 1636 237 411

186 322 271 363 -χης
295 306 449 349 ἐκεῖθεν
474 303 670 363 φυγόντα.
739 306 815 361 τὴν
843 310 942 362 γοῦν
966 301 1102 361 νῆσον
1118 312 1348 363 προσκυροΐ
1359 302 1540 358 βασιλεῖ,
1574 303 1641 347 καὶ

195 374 319 424 αὐτὸς
341 382 427 424 τοῖς
445 379 518 418 τοῦ
536 375 735 428 βασιλέως
757 376 913 424 οἰκείοις
937 373 1189 432 ἐγγράφεται.
1259 374 1451 429 βασιλεῦς
1472 373 1515 416 δ’
1537 372 1642 416 ἄπο-

142 462 145 465 ’
194 443 334 498 βαλών
354 444 428 496 μὲν
446 444 523 499 πρὸ
545 443 680 498 ὀλίγου
702 440 1074 499 σεβαστοκράτορα,
1100 443 1322 496 ἀποβαλὼν
1340 444 1385 484 δὲ
1406 444 1470 485 καὶ
1494 439 1643 485 δεσπό-

195 529 295 566 την,
331 511 428 561 τοὺς
448 511 751 567 αὗταδίλφους,
790 510 846 553 ἔτι
869 512 914 553 δὲ
934 511 1013 564 πρὸ
1035 509 1192 553 τούτων
1213 513 1279 557 καὶ
1299 511 1422 553 ἄλλον
1444 515 1645 564 σεβαστο-

162 591 184 626 5
197 577 377 634 κράτορα
395 582 460 622 καὶ
486 583 680 635 Καίσαρα
699 581 764 621 καὶ
783 575 1152 634 πρωτοβεστιᾶριον
1171 581 1237 620 καὶ
1257 580 1383 634 μέγαν
1403 577 1554 621 δοῦκαν
1579 579 1646 620 καὶ

195 646 333 698 ἁπλῶς
365 648 462 698 τοὺς
492 649 534 690 ἐν
561 655 646 697 τοῖς
671 649 872 703 μεγίστοις
899 644 1145 698 ἀξιώμασιν,
1180 646 1331 696 ἄλλους
1348 644 1524 701 ἀνάγκην
1545 645 1646 700 εἶχεν

196 713 370 758 ἱστάναι.
424 718 489 759 καὶ
510 716 560 770 δὴ
584 720 731 758 τοῦτον
751 716 824 769 μὲν
844 714 915 757 τὸν
933 712 1103 770 Ἰκάριον
1125 717 1190 756 καὶ
1212 715 1269 757 ἔτι
1291 717 1333 757 ἐν
1354 713 1534 763 ῗδιώταις
1554 713 1644 768 εἶχε,

195 786 261 827 καὶ
283 782 371 839 ἅμα
394 782 587 838 δυνάμεσι
608 786 781 836 πεζικαῖς
802 781 1031 836 ἐμβιβάσας
1049 785 1191 825 ναυσὶν
1210 785 1356 826 ἐκεῖνον
1378 782 1443 824 ἐπ’
1463 782 1644 838 Εὐρίπου
1667 796 1696 830 Β

195 852 338 907 πέμπει
356 857 412 911 τῷ
431 851 592 910 μεγάλῳ
614 854 739 910 κυρίῳ
753 850 916 908 Ἰωάννῃ
936 853 1202 906 συμμίξοντα.
1253 853 1320 893 καὶ
1345 851 1396 904 δὴ
1417 852 1497 893 ἐπεὶ
1519 867 1647 907 στρα-

144 930 187 962 10
199 920 268 970 τὸς
283 925 366 964 τῶν
385 926 484 963 νεῶν
505 920 695 974 ἀπέβαινε
726 922 820 975 περί
838 937 915 962 που
935 920 1032 969 τούς
1053 917 1242 975 Σωρεοῦς
1253 952 1266 971 ,
1303 917 1324 962 ὅ
1352 916 1541 972 Ἰωάννης
1568 936 1649 961 πυ-

194 987 374 1043 θόμενος
393 989 466 1044 τὴν
488 990 644 1031 ἐκείνων
666 986 892 1041 ἀπόβασιν,
928 989 999 1029 καί
1016 987 1057 1043 γ’
1085 986 1139 1036 ὥς
1165 986 1241 1041 εἶχε
1272 986 1474 1042 ποδαλγός
1497 986 1553 1028 ὢν
1574 991 1650 1041 τῆς

195 1057 298 1112 πρὸς
325 1059 498 1107 ἐκείνους
518 1056 591 1099 οὐκ
614 1056 807 1110 ἀπέσχετο
832 1053 988 1110 μάχης,
1027 1055 1123 1097 ἀλλ’
1145 1054 1323 1098 αὐτόθεν
1351 1052 1650 1108 συνταξάμενος

197 1127 263 1167 καὶ
291 1125 338 1167 τὸ
368 1125 594 1168 Λατινικὸν
622 1124 858 1179 εὐτρεπίσας
887 1123 989 1165 εὐθὺ
1016 1128 1097 1166 τῶν
1127 1123 1414 1166 ἀκουσθέντων
1435 1122 1510 1177 ἤϊε.
1579 1124 1646 1164 καὶ

195 1191 331 1248 μάχην
352 1194 552 1249 κρατερὰν
569 1196 772 1246 συμμίξας
787 1192 1040 1241 ἀκοντισθεὶς
1055 1193 1210 1234 πίπτει·
1246 1193 1292 1235 τὸ
1312 1191 1389 1247 γὰρ
1407 1195 1488 1233 τῶν
1507 1193 1643 1234 ποδῶν
1669 1206 1699 1239 c

143 1270 186 1305 15
198 1261 360 1318 ἄλγημα
391 1262 439 1305 οὐ
469 1268 633 1316 παρεῖχε
661 1265 838 1315 στερρῶς
867 1261 1108 1313 ἀντιβαίνειν
1141 1267 1230 1310 ταῖς
1272 1260 1341 1317 ἐφ’
1379 1257 1548 1314 ἑκάτερα
1575 1264 1649 1314 τῆς

197 1332 433 1385 ἓφεστρίδος
458 1332 663 1384 κλίμαξιν,
702 1329 796 1371 ἀλλ’
821 1328 896 1382 ἅμ’
923 1328 1148 1383 ἠκοντίζετο
1180 1331 1245 1371 καὶ
1274 1327 1488 1384 παρευθῦς
1510 1328 1647 1370 ἔπιπτε

198 1400 264 1441 καὶ
285 1390 483 1454 ἦλίσκετο.
552 1400 617 1440 καὶ
639 1397 714 1440 σὺν
732 1397 844 1454 αὐτῷ
862 1395 976 1438 ἄλλοι
995 1413 1038 1439 τε
1057 1399 1199 1439 πολλοὶ
1216 1397 1544 1450 συμποδίζονται,
1581 1397 1648 1437 καὶ

199 1466 250 1521 δὴ
280 1469 346 1508 καὶ
374 1465 396 1509 ὁ
431 1470 504 1509 τοῦ
535 1465 710 1522 Ἰκαρίου
743 1463 1009 1520 αὖτάδελφος.
1082 1466 1123 1506 ἐν
1147 1463 1279 1523 τούτῳ
1312 1466 1356 1507 δὲ
1388 1465 1452 1505 καὶ
1473 1463 1649 1518 στρατὸς

200 1534 279 1577 ἀπὸ
307 1537 432 1589 ξηρᾶς
463 1533 687 1588 damma,
737 1533 808 1582 οὓς
827 1529 917 1588 ἦγεν
941 1531 961 1575 ὅ
985 1533 1109 1588 μέγας
1130 1530 1488 1588 στρατοπεδάρχης
1511 1536 1648 1574 Συνα-

145 1613 190 1646 20
201 1603 321 1659 δηνός
337 1600 528 1658 Ἰωάννης
547 1605 612 1645 καὶ
629 1601 650 1645 ὅ
670 1602 794 1658 μέγας
815 1606 1087 1651 κονοσταῦλος
1107 1599 1128 1644 ὃ
1151 1599 1444 1657 Καβαλλάριος
1461 1597 1647 1655 ΙΠιχαήλ.

293 1744 348 1781 14.
369 1743 628 1786 α’κοντιασθεὶς
650 1745 690 1779 Ρ.

199 1873 275 1913 tas,
295 1881 419 1904 vocare
437 1872 695 1905 consueverunt.
739 1868 819 1903 inde
842 1871 953 1903 autem
976 1879 1056 1903 casu
1079 1870 1115 1903 et
1136 1867 1357 1902 conversione
1378 1866 1524 1913 quadam
1546 1867 1648 1901 sortis

200 1917 243 1951 ad
267 1916 502 1961 imperatorem
525 1918 645 1960 fugere
667 1915 855 1961 compulsus
877 1915 929 1948 ius
951 1914 985 1948 in
1010 1926 1083 1948 eam
1105 1914 1244 1948 insulam
1268 1925 1363 1947 suum
1385 1914 1417 1946 ei
1440 1913 1555 1954 cessit,
1579 1913 1652 1958 ipse

200 1962 236 1996 in
268 1962 526 1996 domesticorum
557 1962 703 2006 Augusti
738 1972 874 1995 censum
907 1961 1108 2006 adscriptus.
1155 1960 1338 2005 imperator
1378 1964 1489 1993 autem
1528 1959 1650 1992 amisso

201 2009 302 2053 paulo
325 2013 404 2041 ante
425 2009 715 2050 sebastocratore‚
739 2007 859 2041 amisso
882 2005 960 2040 itern
985 2007 1126 2051 despota
1147 2005 1309 2039 fratribus
1332 2005 1419 2046 suis,
1443 2010 1479 2038 et
1497 2010 1576 2038 ante
1590 2005 1651 2037 hos

201 2058 310 2087 morte
336 2053 465 2098 pariter
486 2054 626 2088 sublatis
649 2054 715 2087 alio
738 2055 1027 2092 sebastocratore,
1064 2057 1244 2097 praeterea
1267 2052 1437 2090 Caesare,
1477 2054 1546 2083 tum
1570 2060 1651 2102 pro-

202 2099 403 2133 tovestiario
427 2110 467 2132 ac
489 2110 609 2143 magno
632 2101 736 2141 duce,
777 2104 813 2132 et
835 2102 873 2132 ut
896 2099 1001 2132 verbo
1029 2097 1234 2143 complectar
1259 2108 1344 2137 uno,
1386 2095 1555 2139 plerisque
1576 2094 1652 2127 1110-

202 2155 276 2178 rum
299 2145 356 2189 qui
380 2144 580 2188 dignitatum
603 2145 819 2179 maximarum
841 2144 959 2177 titulos
990 2144 1174 2188 gerebant,
1212 2153 1286 2176 cum
1321 2141 1463 2174 deberet
1493 2140 1653 2174 sufficere

204 2190 286 2223 alios
317 2190 353 2223 in
384 2201 498 2224 eorum
528 2191 621 2233 loca,
659 2192 746 2225 bunc
779 2190 913 2235 quidem
945 2189 1087 2223 Icarium
1117 2189 1226 2222 adhuc
1248 2188 1283 2220 in
1309 2187 1515 2232 privatorum
1537 2185 1652 2219 ordine

203 2235 331 2269 tenuit=
369 2241 539 2270 caeterum
572 2237 721 2270 eumdem
753 2247 826 2270 cum
860 2235 1071 2280 pedestribus
1103 2234 1207 2278 copiis
1240 2232 1430 2277 impositum
1453 2231 1595 2265 navibus
1617 2231 1652 2264 in

204 2281 367 2326 Euripum
392 2281 510 2321 mittit,
546 2293 620 2315 cum
643 2293 762 2325 magno
785 2282 918 2315 domino
942 2281 1066 2314 Ioanne
1087 2279 1329 2313 dimicaturum.
1377 2277 1539 2323 expositis
1562 2277 1654 2310 hisce

204 2327 241 2360 in
263 2332 388 2360 terram
413 2327 516 2372 copiis
539 2330 574 2360 et
595 2339 702 2371 usque
726 2327 817 2361 circa
839 2329 963 2360 Soreos
986 2325 1198 2371 progressis,
1231 2325 1344 2358 audito
1367 2335 1481 2357 earum
1505 2334 1651 2356 excensu

204 2373 365 2412 Ioannes,
389 2372 454 2405 etsi
476 2384 578 2417 aeger
601 2374 768 2417 podagra,
793 2372 953 2417 praelium
978 2383 1043 2405 nnn
1066 2370 1290 2412 detrectavit,
1313 2369 1373 2403 sed
1396 2369 1505 2403 subito
1524 2369 1651 2402 instru-

208 2422 295 2452 ctam
319 2417 512 2451 Latinorum
537 2418 639 2451 aciem
665 2430 705 2452 eo
727 2424 823 2452 recta
846 2420 970 2451 ducens
993 2417 1049 2450 ubi
1072 2416 1202 2450 versari
1227 2417 1339 2450 hostes
1370 2415 1544 2456 audierat,
1583 2414 1652 2448 acri

207 2464 381 2498 commissa
403 2475 515 2508 pugna
539 2465 607 2496 telo
630 2464 717 2497 ictus
741 2463 896 2497 concidit.
942 2464 1063 2508 pedum
1096 2462 1181 2495 enim
1209 2462 1303 2496 dolor
1324 2462 1411 2495 haud
1436 2472 1554 2506 passus
1577 2471 1653 2493 eum

206 2509 334 2543 librare
365 2521 402 2543 se
435 2509 576 2543 firmiter
597 2510 632 2543 in
653 2521 740 2554 equo
763 2512 798 2542 et
821 2508 920 2542 scalis
943 2507 1156 2553 equestribus
1178 2509 1335 2552 utrinque
1357 2507 1574 2552 pendentibus
1597 2517 1654 2539 ro-

206 2556 307 2589 buste
328 2555 505 2596 insistere,
530 2555 609 2599 virn
623 2555 748 2588 ademit
769 2554 953 2587 sustinendi
977 2565 1013 2587 se
1036 2558 1113 2599 post
1133 2553 1257 2596 ictum,
1285 2553 1466 2598 effecitque
1487 2557 1525 2584 ut
1549 2551 1654 2595 primo

207 2601 323 2635 statim
355 2601 413 2634 teli
443 2613 509 2646 quo
541 2611 721 2646 percussus
745 2605 798 2633 est
818 2600 961 2644 impulsu
991 2601 1073 2633 sella
1095 2610 1258 2633 excussus
1281 2598 1445 2632 corruerit
1467 2604 1655 2642 captusque

209 2646 322 2680 subito
345 2646 471 2687 fuerit,
510 2653 545 2680 et
568 2658 641 2680 cum
666 2657 706 2679 eo
730 2645 787 2679 alii
809 2645 903 2678 multi
925 2656 1004 2679 casu
1027 2646 1143 2679 eodem
1167 2645 1348 2689 implicati,
1387 2644 1514 2688 quippe
1538 2653 1656 2675 neces-

209 2691 301 2726 saria
332 2692 552 2726 subveniendi
582 2691 658 2725 duci
689 2691 857 2725 laboranti
879 2702 960 2724 cura
983 2703 1002 2724 a
1025 2692 1108 2734 fuga
1130 2692 1324 2725 maturanda
1347 2688 1532 2735 prohibiti,
1566 2698 1657 2720 com-

209 2738 366 2782 prehensi
395 2738 528 2783 pariter
559 2738 592 2771 in
625 2737 810 2771 custodiam
844 2735 911 2770 sint
943 2736 1023 2770 dati.
1070 2737 1104 2770 in
1127 2737 1176 2770 his
1201 2736 1266 2771 suit
1287 2736 1394 2780 ipsius
1416 2733 1517 2767 Icarii
1540 2734 1655 2766 frater.

208 2783 340 2817 interim
364 2789 399 2817 et
420 2784 587 2817 exercitus
610 2794 631 2817 a
654 2786 747 2817 terra
768 2782 901 2828 irrupit,
922 2793 1020 2827 quem
1035 2782 1196 2816 ductabat
1218 2792 1356 2825 magnus
1378 2778 1656 2823 stratopedarcha

210 2827 409 2872 Synadenus
440 2829 581 2864 Ioannes
614 2833 651 2863 et
680 2839 821 2874 maguus
850 2828 1061 2863 conostaulus
1083 2828 1294 2863 caballarius
1315 2826 1472 2861 Michael.
1517 2824 1552 2858 hi
1583 2834 1655 2858 cum
