1884 3262
246 213 274 257 3
284 211 343 256 10
663 204 900 250 GEORGII
933 203 1288 248 PACHYMERIS

247 325 446 379 ἀσφαλῶς
475 317 655 373 κατέχειν
681 318 756 374 τὴν
785 315 904 361 πόλιν
933 317 1031 368 τοὺς
1051 315 1301 372 Ῥωμαίους,
1349 316 1407 368 ὥς
1431 316 1558 368 αὐτὸς
1591 316 1713 375 ἔλεγε,

197 405 229 440 1)
255 392 312 446 μὴ
336 390 382 432 τὸ
405 392 485 430 πᾶν
505 390 968 444 θαλασσοκρατοῦντας.
1041 385 1161 445 (27)
1192 389 1275 429 τῶν
1304 385 1382 443 γὰρ
1412 386 1517 429 κατὰ
1547 391 1620 442 γῆν
1649 389 1717 430 δε-

249 456 406 512 σπότης
420 453 610 511 Ἰωάννης
631 453 897 512 ἐξηγούμενος
919 456 1097 504 πολλοὺς
1116 456 1183 497 καὶ
1201 452 1403 510 μεγάλους
1422 452 1611 512 εἷχενῦφ’
1639 453 1718 499 αὗ-

249 532 308 586 τῷ
337 522 618 580 στρατηγούς,
664 525 710 568 τὸ
744 526 788 568 δὲ
831 523 1123 580 στρατιωτικὸν
1155 524 1196 566 ἒν
1227 523 1458 579 ἀλλαγίοις,
1506 521 1562 573 ὥς
1599 524 1718 566 αὐτοὶ

250 602 367 653 φαῖεν
389 592 439 637 ἂν
462 594 500 636 οἳ
525 594 589 636 ἐπὶ
620 599 703 637 τῶν
730 591 949 649 ταγμάτων
977 589 1347 648 κοινολογούμενοι,
1387 593 1588 642 πλείστοις
1605 593 1750 638 συνί-5

250 680 417 707 σταντο.
485 657 536 717 ἦν
567 662 644 720 γὰρ
678 662 725 706 τὸ
754 661 1075 720 Παφλαγονικὸν
1109 659 1214 704 πολύ
1246 677 1288 704 τε
1321 661 1389 703 καὶ
1417 659 1631 715 μέγιστον,
1666 657 1719 717 ’ἦν

206 739 208 741 ’
251 732 298 775 δ’
326 734 367 783 ἐξ
383 729 607 783 Ἁλιζώνων
636 735 824 775 πλεῖστον
858 732 924 773 καὶ
947 730 999 773 τὰ
1031 732 1086 780 εἷς
1114 728 1292 784 πόλεμον
1320 726 1510 785 ἀγαθόν,
1557 728 1628 779 οὓς
1653 731 1722 772 καὶ

251 802 540 849 Μεσοθινίτας
571 797 593 843 ὅ
637 800 770 850 κοινὸς
806 799 910 843 εἶ’ποι
940 797 1071 855 λόγος.
1156 794 1263 853 ἦσαν
1304 797 1420 840 ἔνθεν
1450 798 1524 851 μὲν
1563 799 1723 858 Θρᾷκες

202 883 234 918 Ε
260 870 414 912 ἐκεῖθεν
438 869 483 911 δὲ
507 865 677 926 Φρύγες,
717 868 836 911 ἔνθεν
853 868 927 922 μὲν
947 864 1188 917 Μακεδόνες
1205 868 1360 910 ἐκεῖθεν
1382 866 1427 908 δὲ
1448 868 1618 919 ΙΠυσοί,
1656 867 1724 908 καὶ

251 941 390 994 Κᾶρες
406 936 523 980 ἄλλοι
547 939 614 979 καὶ
634 938 790 980 πολλοί.
862 936 909 979 τὸ
933 937 976 979 ἐκ
996 938 1254 992 Μαγεδῶνος
1281 936 1353 978 καί
1380 951 1423 991 γε
1443 935 1491 977 τὸ
1515 934 1723 978 Σκυθικὸν
1736 946 1780 981 10

252 1010 435 1062 προσῆν,
474 1006 613 1049 καὶτὸ
645 1005 798 1058 ξενικὸν
822 1003 1044 1058 Ἰταλικόν,
1081 1009 1270 1048 πλεῖστον
1306 1003 1421 1049 ἄλλο.
1493 1006 1560 1046 καὶ
1585 1002 1725 1053 ἅπλῶς

253 1074 382 1132 φάναι
401 1074 447 1117 τὸ
480 1073 576 1118 ὅλον
606 1076 648 1118 ἐν
681 1072 950 1132 ἀνυποστάτῳ
986 1071 1154 1128 δυνάμει
1181 1079 1481 1129 συνεκροτεῖτο,
1514 1071 1586 1121 οὓς
1605 1075 1726 1116 κινῶν

255 1142 276 1187 ὅ
298 1141 497 1198 δεσπότης
519 1143 698 1199 φοβερὸς
716 1138 767 1198 ἦν
793 1141 949 1197 ὅπηπερ
974 1143 1183 1197 ἐπισταίη,
1220 1143 1287 1183 καὶ
1317 1144 1476 1195 μᾶλλον
1500 1147 1586 1190 τοῖς
1609 1143 1727 1183 δυσι-

116 1215 145 1249 Ρ
168 1218 238 1252 210
262 1219 361 1262 κοῖς.
430 1211 535 1268 παρ’
565 1210 614 1265 ἣν
643 1213 778 1253 αἰτίαν
808 1212 875 1253 καὶ
904 1210 956 1253 τὰ
987 1215 1062 1266 τῆς
1094 1210 1298 1264 ἀνατολῆς
1326 1208 1598 1263 ἐξησθένουν,
1642 1213 1727 1253 τῶν

253 1283 431 1337 Περσῶν
453 1277 791 1335 ἓπιθαρροῦντων
811 1280 878 1321 καὶ
897 1277 1195 1333 εἰσβαλλόντων
1218 1285 1309 1327 ταῖς
1333 1275 1489 1333 χώραις
1509 1277 1622 1334 παρὰ
1644 1282 1726 1320 πᾶ-
1740 1286 1783 1322 15

256 1366 334 1392 σαν
366 1352 440 1391 τοῦ
481 1346 738 1397 κωλύσοντος
771 1349 956 1404 ἐρημίαν.
1030 1346 1130 1390 ὅθεν
1162 1349 1229 1389 καὶ
1258 1347 1508 1402 Μαίανδρος
1533 1347 1607 1400 μὲν
1627 1347 1729 1405 ἐξῳ-

259 1424 365 1460 κεΐτο
377 1449 390 1470 ,
430 1414 504 1459 οὐκ
522 1415 686 1472 ἀνδρῶν
714 1413 842 1471 μόνον
863 1420 946 1458 τῶν
975 1417 1018 1458 ἐν
1038 1416 1246 1465 πλείσταις
1267 1432 1310 1458 τε
1331 1416 1398 1456 καὶ
1416 1415 1624 1470 μεγίσταις
1644 1407 1730 1469 ἑζώ-

261 1502 374 1541 ραις,
414 1483 518 1527 ἀλλὰ
541 1486 609 1527 καὶ
634 1484 770 1527 αὐτῶν
802 1489 1009 1540 μοναχῶν.
1080 1483 1184 1540 ἄλλη
1219 1483 1297 1541 γὰρ
1320 1483 1582 1538 Παλαιστίνη
1605 1481 1625 1526 ὅ
1643 1487 1732 1537 χῶ-

260 1571 330 1609 ρος
363 1551 383 1596 ὅ
414 1555 505 1609 περὶ
530 1555 782 1611 Μαίανδρον
813 1548 887 1608 ἦν,
931 1553 979 1596 οὐ
1007 1551 1283 1608 βοσκημάτων
1311 1553 1379 1595 καὶ
1405 1549 1534 1606 μόνον
1554 1540 1731 1607 αὐξῆσαι

259 1623 405 1679 ἀγέλας
428 1623 495 1665 καὶ
512 1624 704 1678 ποίμνια,
743 1621 837 1665 οὐδ’
863 1621 1026 1681 ἀνδρῶν
1052 1622 1187 1680 φορὰν
1217 1622 1384 1678 ἐνεγκεῖν
1403 1618 1586 1678 ἀγαθός,
1625 1620 1788 1666 amomo

260 1776 390 1822 figens,
414 1776 507 1822 quod
530 1780 567 1811 et
589 1775 704 1811 dicere
726 1777 885 1820 solebat,
917 1788 1086 1823 nunquam
1115 1777 1150 1811 in
1183 1777 1270 1812 urbe
1292 1788 1432 1812 securos
1453 1777 1624 1811 Romanos
1645 1777 1733 1820 sore,

261 1822 326 1857 nisi
352 1825 425 1856 toto
449 1822 520 1856 late
542 1822 627 1856 mari
651 1823 760 1858 classe
782 1823 913 1857 invicta
943 1824 1207 1860 dominarentur.
1254 1824 1332 1867 (27)
1368 1834 1445 1857 nam
1477 1826 1571 1856 terra
1599 1823 1634 1856 in
1657 1827 1733 1857 tuto

260 1879 318 1903 res
339 1868 564 1912 videbantur,
588 1868 717 1903 Ioanne
738 1868 788 1903 ibi
811 1869 958 1915 despota
980 1869 1094 1903 multis
1116 1869 1336 1915 maximisque
1359 1870 1422 1903 sub
1447 1880 1484 1902 se
1507 1868 1648 1902 ducibus
1671 1881 1735 1903 nu-

263 1925 414 1949 merosas
437 1918 473 1948 et
496 1918 600 1948 bonas
623 1914 736 1959 copias
759 1920 913 1959 regente.
960 1915 1176 1949 conflabatur
1202 1915 1256 1949 hic
1280 1915 1452 1949 exercitus
1475 1925 1518 1948 ex
1542 1913 1737 1949 differenti-

262 1961 327 1995 bus
352 1959 551 2005 corporibus
576 1965 611 1994 et
639 1961 735 1995 velut
767 1958 916 2005 c'ollegiis
946 1961 1106 2004 militum,
1136 1972 1225 2006 quae
1255 1961 1390 2006 Allagia
1420 1960 1531 1994 solent
1561 1961 1737 2005 appellare

263 2006 322 2050 qui
362 2005 556 2041 militarium
597 2006 764 2041 vocabula
805 2007 957 2042 ordinum
987 2007 1103 2051 lingua
1135 2007 1285 2040 efferunt
1325 2005 1469 2051 vulgari.
1523 2018 1626 2040 unum
1661 2009 1738 2042 erat

262 2051 547 2098 Paphlagonicum
562 2077 574 2095 ,
596 2064 807 2087 numerosum
830 2057 867 2087 et
889 2052 1067 2088 maximum
1080 2077 1090 2092 ,
1118 2052 1210 2087 aliud
1234 2064 1308 2088 cum
1332 2058 1368 2087 et
1390 2053 1499 2096 ipsum
1522 2052 1738 2087 multitudine

263 2103 336 2132 tum
360 2098 397 2132 vi
422 2101 457 2132 et
483 2103 560 2132 arte
582 2103 761 2143 praestans
782 2098 903 2134 bellica
935 2110 978 2133 ex
1009 2098 1253 2141 Halizonibus,
1282 2110 1367 2145 quos
1401 2098 1639 2132 Mesothinitas
1662 2098 1739 2132 vul-

264 2155 350 2189 gare
373 2143 465 2177 dicat
487 2143 626 2179 idioma.
673 2149 773 2179 erant
800 2145 884 2181 item
915 2145 993 2180 hinc
1020 2144 1155 2191 quidem
1178 2145 1355 2187 Thraces,
1388 2144 1466 2178 inde
1489 2150 1603 2178 autem
1625 2144 1739 2188 Phry-

265 2201 327 2235 ges
341 2216 350 2232 ,
373 2189 468 2224 illinc
490 2190 715 2233 Macedones,
738 2191 860 2226 isthinc
882 2191 994 2236 Mysi,
1018 2190 1151 2226 aliunde
1173 2191 1300 2233 Cares,
1328 2196 1365 2224 et
1383 2190 1418 2224 hi
1440 2190 1620 2225 numerosi.
1664 2196 1739 2225 tum

267 2235 327 2289 qui
350 2247 393 2270 ex
420 2236 613 2281 Magedone
636 2240 809 2273 venerant.
856 2248 960 2283 super
991 2237 1044 2272 his
1074 2237 1260 2282 Scythicae
1288 2236 1408 2284 copiae
1441 2241 1478 2271 et
1501 2240 1641 2271 exterae
1662 2236 1741 2271 Ita-

266 2282 375 2323 heae,
400 2281 632 2327 plurimaeque
664 2283 776 2326 aliae,
798 2294 841 2318 ex
873 2283 997 2329 quibus
1021 2283 1177 2318 membris
1200 2295 1300 2318 unum
1314 2310 1324 2326 ‚
1349 2294 1434 2318 vere
1464 2282 1596 2325 dicam,
1619 2284 1741 2318 valen-

266 2326 432 2361 tissimum
456 2333 492 2362 et
513 2328 741 2363 ineluctabilis
773 2329 947 2375 potentiae
976 2330 1190 2364 coalescebat
1222 2341 1369 2375 corpus3
1402 2329 1498 2364 cuius
1532 2329 1632 2375 quasi
1663 2328 1740 2363 ani-

267 2384 341 2407 mus
366 2373 528 2419 despota,
553 2374 631 2408 dum
653 2375 737 2410 illud
759 2380 874 2410 movet
897 2379 933 2410 et
955 2387 1155 2422 quocunque
1179 2375 1390 2418 circumfert,
1424 2373 1590 2410 terribilis
1611 2374 1741 2420 ubique

270 2419 463 2464 apparebat
497 2419 699 2465 praesertim
727 2422 761 2455 in
794 2421 958 2457 Occiduis
995 2422 1181 2465 tractibus,
1224 2422 1283 2457 ubi
1312 2421 1524 2467 frequentius
1552 2421 1740 2463 militabatg

270 2475 360 2544 quae
384 2476 487 2499 causa
510 2466 575 2500 fuit
600 2478 659 2500 cur
683 2467 777 2501 limes
801 2467 990 2502 orientalis
1014 2468 1272 2511 debilitaretur,
1294 2467 1414 2502 Persis
1431 2468 1586 2503 absentia
1607 2465 1742 2512 praesi-

295 2510 403 2544 iorum
428 2510 501 2544 eius
525 2512 672 2546 vexandi
694 2513 850 2548 fiduciam
869 2515 1097 2557 sumentibus,
1129 2513 1379 2549 incursantibus
1411 2526 1453 2548 ac
1476 2512 1654 2548 latrocinio
1677 2523 1742 2547 va-

271 2556 442 2591 stantibus
465 2556 605 2591 miseras
629 2558 703 2593 illas
726 2559 883 2604 regiones
906 2561 996 2595 nullo
1019 2561 1119 2607 plane
1142 2560 1355 2606 prohibente.
1401 2560 1519 2606 itaque
1551 2558 1742 2592 Maeander

272 2601 395 2644 domo,
417 2607 457 2637 ut
479 2602 529 2636 sic
552 2603 677 2648 dicam,
702 2605 824 2640 cedere
846 2612 986 2641 coactus
1009 2607 1108 2653 plane
1129 2607 1301 2642 desolatus
1332 2610 1408 2650 est,
1439 2617 1505 2640 non
1528 2604 1604 2638 aliis
1633 2604 1743 2639 solum

273 2647 392 2683 incolis
426 2648 642 2693 plurimarum
673 2650 804 2685 illarum
835 2653 1184 2698 amplissimarumque
1215 2653 1407 2697 regionum,
1439 2650 1501 2686 sed
1531 2649 1614 2696 ipsis
1636 2650 1742 2686 etiam

274 2694 354 2727 inde
370 2694 494 2740 passim
519 2695 743 2738 migrantibus
765 2697 958 2740 monachis,
981 2699 1048 2733 alia
1070 2699 1233 2745 siquidem
1256 2698 1448 2733 Palaestina
1480 2702 1575 2731 terra
1597 2695 1656 2730 illa
1678 2708 1744 2731 un-

274 2739 451 2785 decunque
474 2740 662 2776 Maeandro
685 2743 774 2776 amni
796 2747 977 2788 praetenta
999 2745 1109 2779 videri
1134 2757 1175 2780 ac
1197 2745 1264 2779 dici
1288 2743 1420 2790 potuit,
1444 2743 1572 2789 quippe
1595 2754 1662 2776 non
1684 2752 1744 2776 so-

273 2785 341 2819 lum
374 2787 467 2821 laeta
500 2788 635 2832 pascuis
669 2793 705 2823 et
734 2800 876 2834 gregum
908 2795 1201 2836 armentorumque
1233 2790 1345 2836 opima
1377 2788 1527 2834 genitrix
1561 2788 1742 2834 altrixque,

274 2842 340 2865 non
361 2833 468 2867 solum
492 2833 657 2869 hominum
680 2845 816 2881 quoque
836 2835 1018 2871 multorum
1040 2841 1076 2872 et
1099 2836 1311 2883 egregiorum
1333 2837 1453 2880 ferax,
1477 2834 1538 2871 sed
1561 2840 1744 2882 praeterea
