1884 3262
250 194 349 245 240
674 188 911 236 GEORGII
952 187 1305 233 PACHYMERIS

252 309 489 369 μεταμέλειν
518 304 594 363 ἦν,
641 304 739 350 ἀλλ’
774 304 848 349 οὗκ
882 299 1042 355 ἔξανῦοι
1077 303 1125 347 τὸ
1152 300 1341 350 σύνολον.
1410 300 1510 349 ὅθεν
1538 306 1605 348 καὶ
1636 305 1719 348 ἐπεὶ

203 397 236 432 D
258 382 334 426 οὐκ
363 379 470 435 εἶχον
497 373 818 432 μεταμελόμενοι
847 374 895 418 τὸ
927 373 1089 430 γεγονὸς
1117 372 1314 429 ἀποίητον
1342 378 1503 428 θεῖναι,
1550 373 1614 418 ἐπὶ
1634 381 1720 427 τοῖς

244 447 433 508 χρήμασι
451 450 527 489 τοῦ
550 446 766 502 ἀσφαλοῦς
782 441 1035 502 προυνόουν,
1060 443 1119 500 μὴ
1150 445 1217 486 καὶ
1248 445 1312 486 ἐπὶ
1331 442 1492 496 τούτοις
1514 450 1720 503 σφαλεῖεν.

257 514 544 573 ἕπεπλήμμυρε
565 515 643 572 γὰρ
669 516 736 558 καὶ
755 514 812 557 ἔτι
841 511 862 557 ὃ
891 510 1018 563 τόπος
1039 514 1203 571 ε’χθρῶν
1232 514 1624 570 ὁιασκεὸαννυμένου
1644 520 1720 560 τοῦ

257 584 462 642 πλήθους.
531 590 590 645 τῷ
613 601 677 627 τοι
693 582 937 639 καταντικρύ
957 583 1034 638 μὲν
1053 588 1127 639 τῆς
1144 581 1302 634 πόλεως
1318 584 1393 634 τὰς
1407 582 1582 642 τριήρεις
1601 585 1755 641 ἵστη-5

257 673 337 699 σαν
357 655 563 712 φέροντες,
598 660 744 710 στῖφος
765 653 811 696 δ’
839 651 1016 696 ὁπλιτῶν
1035 651 1091 702 ὥς
1108 659 1238 707 τεῖχος
1258 653 1328 711 ἐφ’
1349 652 1521 711 ἑκάτερα
1543 653 1724 711 στήσαν-

256 741 323 776 τες
342 723 472 773 οὕτως
492 725 632 779 ἐξῆγον
652 722 704 765 τὰ
725 726 807 766 τῶν
825 722 1044 777 βασιλείων
1060 721 1299 778 χρημάτων,
1331 726 1399 767 καὶ
1420 724 1613 781 φέροντες
1633 730 1726 775 ταῖς

256 791 464 850 τριήρεσιν
495 792 778 835 ἓναπετίθουν.
848 791 963 840 τέλος
989 791 1120 833 δὲκαὶ
1153 791 1270 835 αὐτοὶ
1294 791 1493 848 ἐμβάντες
1514 793 1727 839 ἀπέπλεον.

211 867 244 902 Ε
268 864 351 906 ἐπεὶ
370 863 414 904 δὲ
431 861 659 914 κατέλαβον
687 860 763 916 τὴν
779 857 1216 903 Κιονσταντινούπολιν
1243 863 1311 904 καὶ
1329 866 1387 921 τῷ
1408 867 1575 915 βασιλεῖ
1589 863 1728 920 ἠγγέλ-

258 936 380 974 λοντο
402 930 455 973 τὰ
479 929 744 987 πραχθέντα,
773 928 908 972 αὐτίκ’
929 929 1076 979 ἐκεῖνος
1094 929 1198 986 πρὸς
1217 930 1290 986 τὴν
1311 931 1499 987 ἀγγελίαν
1517 934 1725 989 παροξυν-
1738 933 1783 969 10

257 1002 350 1050 θεὶς
369 998 540 1055 ἄσχετος
561 994 612 1054 ἦν
630 1002 689 1057 τῷ
711 1002 838 1057 θυμῷ
860 998 928 1040 καὶ
946 998 1056 1040 δεινὰ
1080 999 1214 1041 ἐποίει.
1284 1002 1352 1042 καὶ
1383 1001 1435 1055 δὴ
1457 1002 1530 1046 τὸν
1550 1004 1624 1057 μὲν
1649 1001 1727 1059 ἆρ-

256 1068 393 1126 χιερέα
414 1068 471 1118 εἷς
486 1067 560 1123 τὴν
581 1067 694 1124 παρὰ
718 1072 792 1122 τῆς
814 1067 1027 1121 ἐκκλησίας
1047 1068 1179 1124 κρίσιν
1199 1069 1409 1122 καθίστα,
1447 1073 1515 1113 καὶ
1533 1073 1725 1128 ἐκρίνετο,

260 1139 328 1180 καὶ
354 1136 468 1194 ἔγγὺς
496 1132 602 1192 ἦλθε
629 1140 704 1178 τοῦ
734 1133 973 1179 κινδυνεύειν
1001 1137 1058 1186 εἷς
1084 1135 1160 1191 τὴν
1185 1138 1292 1180 ῗὸίαν
1318 1138 1522 1193 ἐπιτιμίαν
1554 1138 1617 1191 ὥς·
1639 1146 1729 1190 τοῖς

258 1211 482 1262 πραχθεῖσι
499 1203 791 1260 μεσολαβήσας
811 1204 978 1254 ἐκεῖνος’
1010 1204 1109 1253 τούς
1125 1204 1265 1259 μέντοι
1291 1205 1334 1262 γ’
1368 1209 1540 1259 οῗκείους
1559 1207 1580 1252 ὅ
1603 1214 1728 1264 βασι-

261 1275 353 1325 λεὺς
388 1274 593 1329 μαστίξας
620 1275 690 1316 καὶ
720 1271 775 1322 ὥς
811 1269 862 1329 ἦν
900 1274 1146 1327 γυναικείαις
1187 1272 1400 1328 ἀτιμώσας
1436 1282 1604 1329 στολαῖς
1645 1276 1725 1321 ἀπὸ
1740 1273 1783 1310 15

119 1355 146 1390 P
171 1353 236 1391 159
261 1341 485 1401 προσώπου
507 1343 641 1385 ἐποίει.
711 1343 780 1384 καὶ
810 1341 980 1395 πέμψας
1005 1341 1081 1391 τὰς
1105 1343 1180 1395 μὲν
1198 1347 1274 1385 τοῦ
1292 1345 1470 1389 σουλτὰν
1487 1348 1542 1398 εἷς
1556 1353 1730 1404 γυναῖκα

259 1414 328 1455 καὶ
348 1410 591 1468 θυγατέρα,
621 1410 679 1453 ἔτι
696 1411 741 1453 δὲ
772 1412 838 1453 καὶ
865 1410 1024 1466 μητέρα
1054 1412 1122 1453 καὶ
1151 1410 1334 1468 ἀδελφὴν
1351 1415 1628 1470 ταττομένας,
1662 1416 1732 1458 καὶ

258 1481 357 1531 τοὺς
378 1482 528 1524 ἐκείνου
545 1481 696 1529 παῖδας
717 1479 794 1523 σὺν
813 1485 900 1528 τοῖς
918 1480 1009 1534 περὶ
1031 1479 1205 1530 ἐκείνους
1225 1479 1377 1524 ἅπασιν
1398 1482 1574 1540 εἱρκταῖς
1591 1484 1732 1541 ἀσφα-

245 1550 370 1607 -λέσιν
388 1552 540 1593 ἐδίδου.
612 1546 713 1591 ὅσον
744 1547 786 1591 δ’
822 1543 872 1603 ἦν
902 1549 1038 1607 ἐκείνῳ
1068 1552 1233 1604 πλῆθος
1258 1549 1486 1606 χρημάτων
1505 1554 1547 1596 ἒν
1566 1551 1731 1613 ἀργύρῳ

259 1637 303 1662 τε
323 1621 390 1662 καὶ
407 1621 551 1676 χρυσῷ
569 1618 636 1660 καὶ
654 1617 820 1667 πέπλοις
843 1613 1039 1670 ἐξάλλοις,
1075 1617 1134 1660 ἔτι
1153 1618 1198 1660 δὲ
1215 1620 1282 1661 καὶ
1301 1624 1467 1671 στολαῖς
1484 1623 1551 1664 καὶ
1572 1620 1729 1675 ζώναις,
1742 1619 1788 1655 20

262 1687 370 1731 ἀλλὰ
401 1689 470 1730 καὶ
499 1683 731 1743 μαργάροις
762 1687 830 1728 καὶ
855 1687 1016 1738 λίθοις,
1062 1684 1260 1740 πάμπολυ
1298 1687 1368 1742 ὄν,
1416 1687 1473 1740 ὥς
1502 1692 1626 1748 φασί,
1663 1692 1732 1734 καὶ

207 1760 238 1793 Β
263 1756 402 1800 ἳκανὸν
423 1755 479 1806 εἷς
500 1754 660 1812 τρυφὴν
682 1750 914 1811 Περσικήν,
950 1758 1010 1813 τῷ
1038 1759 1159 1815 κοινῷ
1186 1758 1356 1817 ταμιείῳ
1383 1761 1732 1816 προσανατίθησι.

265 1959 338 1990 tum
361 1964 442 1990 sera
463 1952 645 1988 festinatae
667 1952 850 1988 deditionis
877 1953 1088 1999 poenitentia
1115 1953 1355 2001 imperatorios
1375 1954 1512 1992 invasit.
1557 1958 1620 1992 sed
1643 1969 1732 2005 quae

265 2004 361 2037 facta
384 2004 484 2035 erant
506 2001 633 2034 insecta
655 1999 731 2033 fieri
752 2000 950 2044 nequibant.
996 2011 1071 2034 cum
1095 2011 1178 2045 ergo
1200 2000 1292 2034 aliud
1315 2012 1382 2035 non
1403 2009 1543 2047 possent
1559 2028 1571 2047 ,
1600 2016 1644 2038 ne
1675 2016 1734 2040 sn-

265 2047 471 2094 pellectilem
494 2051 531 2080 et
551 2045 727 2090 pecuniam
749 2045 969 2091 imperatoris
992 2057 1012 2079 e
1034 2046 1141 2080 tantis
1162 2050 1232 2080 tam
1264 2058 1367 2092 aegre
1390 2048 1553 2084 hactenus
1575 2050 1736 2095 periculis

267 2098 425 2129 servatas
450 2093 486 2126 in
509 2092 622 2137 aliquo
647 2092 759 2126 adhuc
781 2091 974 2126 discrimine
995 2092 1251 2137 relinquerent,
1286 2095 1405 2139 utique
1430 2095 1466 2129 in
1499 2096 1640 2140 regione
1669 2097 1734 2130 ho-

266 2140 378 2174 stibus
398 2139 509 2184 iisque
531 2138 759 2183 rapacissimis
781 2138 1013 2180 redundante,
1036 2139 1203 2174 ordinatis
1225 2139 1386 2186 utrinque
1412 2141 1447 2175 in
1470 2142 1595 2176 binam·
1610 2143 1734 2177 seriem

269 2188 315 2221 ab
340 2198 419 2221 arce
441 2186 477 2219 in
499 2189 633 2230 portum
665 2184 826 2219 militibus
855 2184 995 2219 armatis
1026 2184 1142 2229 regias
1172 2186 1249 2221 illas
1280 2197 1385 2231 gazas
1414 2187 1604 2222 eduxerunt
1625 2190 1735 2234 impo-

267 2237 476 2278 sueruntque
498 2231 718 2273 triremibus3
737 2233 810 2265 tum
843 2241 946 2276 super
977 2233 1014 2265 et
1047 2230 1117 2276 ipsi
1140 2234 1405 2268 conscendentes
1426 2235 1612 2269 solverunt.
1655 2234 1736 2269 inde

267 2279 327 2313 nbi
351 2279 556 2324 appulerunt
577 2277 916 2323 Constantinopolim,
938 2276 1083 2320 cognitis
1103 2277 1290 2323 imperator
1311 2291 1400 2325 quae
1422 2280 1648 2326 contigerant,
1669 2280 1736 2315 im·-

268 2337 367 2359 mane
389 2328 548 2367 quantum
572 2323 765 2358 excanduit.
812 2333 854 2358 ac
881 2323 1068 2358 antistitem
1099 2325 1234 2370 quidem
1273 2326 1318 2361 ad
1344 2326 1494 2361 tribunal
1525 2325 1737 2361 ecclesiasti-

268 2382 345 2406 cum
367 2382 463 2404 reum
486 2370 588 2410 fecit3
612 2381 798 2415 parumque
820 2370 931 2404 abfuit
952 2370 1033 2415 quin
1054 2371 1085 2404 is
1108 2374 1232 2407 acerbo
1255 2372 1419 2418 supplicio
1452 2373 1564 2407 lueret
1584 2371 1745 2410 sanctim„

267 2429 344 2452 nem
366 2417 498 2461 recepti
520 2416 749 2450 iurisiurandi.
796 2416 999 2451 domesticos
1021 2417 1157 2462 quidem
1180 2430 1260 2454 auos
1282 2420 1326 2453 ab
1357 2418 1446 2453 Aeni
1474 2428 1555 2453 arce
1575 2418 1734 2460 reduces,

267 2463 365 2510 prius
389 2462 603 2507 flagellatos,
637 2462 718 2496 inde
748 2463 967 2498 muliebribus
998 2463 1042 2497 ad
1074 2466 1370 2509 exprobrationem
1403 2464 1562 2510 ignaviae
1584 2464 1736 2498 dehone-

269 2515 379 2544 statos
403 2508 497 2543 stolis
510 2533 521 2548 ,
546 2519 567 2542 a
591 2514 774 2554 conspectu
798 2508 984 2554 imperator
1005 2511 1150 2544 removit
1183 2522 1266 2554 suo,
1299 2511 1457 2558 palatinis
1476 2510 1598 2545 officiis
1620 2509 1736 2556 priva-

269 2558 336 2590 tos.
381 2558 454 2589 tum
476 2554 579 2589 missa
600 2554 741 2589 militum
756 2566 857 2589 manu
874 2555 1026 2591 Sultanis
1045 2567 1185 2592 uxorem
1204 2561 1241 2592 et
1261 2559 1377 2600 filiam,
1399 2561 1539 2591 matrem
1553 2560 1738 2602 praeterea

270 2608 307 2636 et
330 2612 480 2635 sororem
504 2600 660 2646 filiosque
694 2601 843 2635 eiusdem
879 2613 954 2636 cum
985 2603 1182 2638 domesticis
1215 2607 1252 2639 et
1283 2606 1406 2639 cuncta
1423 2602 1563 2637 ‘familia
1593 2600 1736 2636 omnium

268 2659 386 2682 eorum
415 2658 558 2682 securae
580 2647 757 2682 custodiae
779 2648 965 2683 mandavit.
1013 2653 1176 2694 quantum
1197 2661 1301 2696 porro
1319 2649 1429 2685 eidem
1448 2647 1584 2683 Sultani
1597 2647 1737 2682 divitiu-

271 2705 346 2728 rum
368 2693 417 2728 ibi
450 2693 516 2728 fuit
546 2692 583 2727 in
619 2704 701 2727 auro
737 2698 949 2739 argentoque
981 2695 1117 2739 signato
1148 2700 1209 2731 aut
1241 2698 1334 2731 facto
1363 2689 1515 2748 velisque
1536 2692 1738 2739 insignibus,

271 2740 369 2775 stolis
392 2752 434 2774 ac
455 2740 573 2783 zonis,
594 2740 775 2775 unionibus
797 2740 985 2786 quinetiam
1007 2744 1043 2775 et
1066 2741 1156 2777 varii
1181 2742 1317 2788 generis
1339 2740 1497 2796 exquisiti
1517 2739 1620 2785 pretii
1641 2750 1739 2785 gem-

272 2786 335 2820 mis
348 2810 360 2829 ‚
383 2786 476 2831 quod
498 2798 543 2821 ex
564 2797 629 2822 usn
651 2787 804 2822 luxuriae
826 2786 987 2821 Persicae
1009 2786 1187 2832 plurimum
1205 2788 1340 2824 omnino
1362 2788 1469 2822 fuisse
1491 2786 1605 2831 aiunt,
1627 2789 1739 2822 totum

272 2832 421 2868 corrasit
441 2836 479 2867 et
499 2833 534 2867 in
556 2833 691 2881 publico
712 2833 848 2869 aerario
870 2832 1041 2879 deposuit.
