1846 3262
431 197 507 240 DE
536 195 812 238 MICHAELE
838 192 1220 237 PALAEOLOGO
1255 192 1304 238 L.
1333 190 1390 238 Π.
1556 187 1650 236 141

179 312 300 356 θικόν
319 312 386 354 καὶ
413 308 512 354 ὅσον
529 305 580 365 ἦν
603 308 704 352 ἄλλο
724 307 866 362 λαβὼν
884 302 1070 363 ἠπείγετο
1091 307 1194 362 πρὸς
1212 306 1288 361 τὴν
1308 303 1450 357 πόλιν,
1482 305 1550 347 καὶ
1568 305 1652 347 ἐπεὶ

177 379 378 438 πρότερον
409 379 434 434 ἢ
463 383 537 422 τοῦ
569 376 761 435 πράττειν
794 377 969 425 ἐκείνους
1003 375 1199 432 ἔφθασαν
1231 377 1297 418 καὶ
1325 373 1351 430 ἦ
1380 374 1454 425 νὺξ
1480 373 1653 429 ἀργοῦσι

179 447 408 508 παρῴχετο,
433 450 628 504 περιδεῶς
649 445 726 502 εἶχε
746 446 848 500 πρὸς
868 444 943 499 τὴν
965 444 1110 500 ἀργίαν
1131 447 1198 487 καὶ
1219 443 1517 498 ἀντεπιβουλὴν
1536 440 1653 485 tinui-

179 536 337 563 πτευεν.
395 517 493 560 ἀλλ’
521 515 542 560 ὃ
564 512 872 571 Κουτριτζάκης
890 512 1151 567 ἄνελάμβανέ
1170 530 1212 556 τε
1235 518 1309 568 τῆς
1330 514 1479 562 δειλίας
1503 513 1653 555 ἐκεῖνον

146 590 245 634 5καὶ
277 588 444 639 ἐλπίζειν
463 586 683 642 εὐθαρσῶς
702 590 888 640 παρεῖχεν
912 581 968 632 ὥς
990 584 1148 625 ἐκείνων
1170 600 1210 625 τι
1230 580 1497 637 πραττόντων
1525 579 1651 631 ἐντός.

178 656 225 700 οὐ
247 656 330 710 μὴν
353 657 398 698 δὲ
420 658 486 698 καὶ
506 653 693 707 ὑποψίας
714 651 735 695 ὅ
755 655 924 708 Καῖσαρ
942 649 1085 708 ὗφιέτο
1099 665 1109 675 ·
1142 655 1224 694 ποῦ
1243 651 1320 707 γὰρ
1345 653 1411 694 καὶ
1429 647 1647 705 ὑπενόησεν
1671 664 1704 699 D

177 725 313 781 ἀργεῖν
341 725 515 773 ἐκείνους
541 723 609 779 ἐφ’
642 717 675 781 ᾧ
703 723 948 777 κατερείπειν
969 720 1040 763 τὸν
1066 722 1130 763 ἐπὶ
1158 725 1208 777 τῇ
1231 718 1340 777 πύλῃ
1360 725 1433 774 τῆς
1457 724 1588 775 πηγῆς
1606 721 1651 762 ἐκ

176 796 310 837 λίθων
336 796 470 850 ξηρῶν
497 789 792 845 ε’πιτειχισμόν;
829 789 930 833 ὅθεν
948 791 1015 831 καὶ
1035 791 1228 846 ἐμφανεῖς
1246 789 1528 845 προεξεδέχετο
1549 789 1648 838 τούς

176 861 411 915 κινδύνους,
443 863 510 904 καὶ
536 863 662 915 δῆλος
683 855 734 916 ἦν
755 861 1001 914 χλευασθεὶς
1020 856 1170 902 ἀλύων.
1243 856 1264 901 ὅ
1294 858 1373 914 γὰρ
1403 855 1649 912 θεραπεύειν

124 931 422 987 1Οήλπισμένος
451 931 669 983 ἐπίβουλος
700 925 986 980 ὑπωπτεύετο,
1025 929 1093 970 καὶ
1121 927 1300 970 συνδὲειν
1335 927 1546 981 ἐδοκίμαζε
1577 927 1650 970 τὸν

178 998 527 1054 ἀναλαμβάνοντα
555 997 610 1048 ὥς
638 995 853 1041 συνειδότα
880 1003 967 1046 τοῖς
1001 996 1115 1046 ἐντὸς
1144 996 1219 1051 τὴν
1244 993 1476 1051 ἐπιβουλήν.
1548 994 1649 1039 ὅθεν

175 1071 242 1112 καὶ
264 1069 420 1111 συνέδει
445 1066 630 1118 διδόντος
650 1068 800 1109 ἐκείνου
822 1069 890 1109 καὶ
913 1065 1073 1119 ἕτοιμον
1094 1064 1242 1109 ἑαυτὸν
1263 1065 1542 1121 παρεχομένου
1563 1084 1645 1108 πα-
1667 1078 1701 1113 Ε

175 1143 268 1182 θεῖν
290 1136 312 1181 ὅ
333 1155 372 1179 τι
391 1135 608 1190 βούλοιτο,
646 1138 680 1178 εἴ
698 1137 838 1178 ἐκεῖνοι
859 1133 1172 1189 ἐπιβουλεύοιεν.
1234 1133 1475 1192 συγκατῄνει
1495 1135 1540 1178 δὲ
1561 1142 1647 1184 τοῖς

177 1207 404 1262 λεγομένοις
435 1208 502 1248 καὶ
537 1203 558 1249 ὃ
587 1205 763 1256 Ἀλέξιος
800 1201 1091 1261 ἔπιθαρρύνων
1121 1203 1194 1246 τὸν
1224 1208 1343 1246 θεῖον
1377 1205 1444 1246 καὶ
1475 1204 1523 1247 τὸ
1555 1203 1646 1254 δέος

121 1284 163 1319 15
176 1273 519 1333 α’ποκρουόμενος.
592 1276 659 1316 καὶ
690 1271 711 1316 ὃ
740 1274 815 1328 μὲν
844 1275 934 1329 περὶ
954 1272 1030 1327 τὴν
1047 1272 1179 1327 μονὴν
1196 1277 1270 1327 τῆς
1293 1277 1423 1328 πηγῆς
1442 1271 1647 1327 προσεκά-

174 1349 285 1400 θητο
297 1377 310 1397 ,
348 1344 420 1387 τὸν
440 1342 618 1400 στρατὸν
641 1343 820 1397 κατέχων
840 1346 931 1398 σιγῇ
949 1343 1016 1384 καὶ
1036 1341 1242 1396 μετέωρος
1262 1340 1318 1384 ὢν
1341 1342 1444 1397 πρὸς
1467 1341 1515 1384 τὸ
1537 1339 1645 1395 σύμ-

172 1418 300 1467 βολον
337 1412 411 1471 (τὸ
446 1412 488 1454 δ’
518 1408 568 1466 ἦν
597 1409 619 1465 ἦ
651 1415 734 1454 τῶν
752 1411 955 1465 βασιλέων
976 1409 1156 1466 εὐφημία
1176 1411 1239 1451 ἐπὶ
1260 1414 1335 1452 τοῦ
1354 1411 1512 1464 τείχους
1529 1408 1646 1465 ὕψη-

173 1485 455 1539 λοφωνεῖσθαι
479 1479 737 1536 μέλλουσα)·
782 1480 822 1522 οἱ
851 1480 896 1522 δὲ
926 1476 1090 1535 ἡσύχως
1120 1478 1226 1521 καθ’
1262 1479 1332 1521 ἕνα
1360 1477 1645 1534 ὖπαναβάντες
1667 1489 1697 1524 Ρ
1720 1490 1766 1525 92

265 1603 299 1639 2.
321 1598 345 1649 ἢ
370 1601 462 1646 τοῦ]
487 1598 511 1647 ἦ
534 1601 601 1637 u?

171 1704 239 1751 piis
268 1703 456 1739 festinabat
484 1704 605 1739 urbem
635 1714 765 1738 versus.
811 1707 849 1738 et
881 1702 1039 1750 quoniam
1073 1704 1117 1739 ad
1150 1703 1307 1738 viciniam
1331 1707 1453 1748 portae
1476 1716 1550 1739 cum
1573 1705 1644 1740 suis

171 1750 269 1796 prius
300 1751 458 1797 pervenit
489 1762 590 1796 quam
617 1750 677 1784 alii
707 1750 932 1794 perfecissent
954 1751 989 1785 id
1014 1751 1105 1796 quod
1132 1752 1285 1785 facturos
1307 1751 1401 1796 ipsos
1425 1759 1644 1794 convenerat,

172 1802 209 1831 et
231 1808 299 1831 nox
321 1797 405 1842 ipsis
427 1797 639 1831 cessantibus
663 1796 798 1839 abibat,
820 1797 908 1831 male
931 1798 1045 1843 coepit
1068 1803 1219 1832 metuere
1245 1809 1288 1831 ne
1311 1797 1405 1832 cuius
1429 1798 1541 1842 magni
1564 1798 1643 1833 mali

171 1846 233 1878 aut
257 1854 360 1877 causa
384 1846 444 1877 aut
462 1843 608 1877 effectus
632 1848 726 1877 esset
747 1842 814 1877 ista
836 1844 996 1878 cessatio.
1046 1843 1234 1878 contrarias
1260 1843 1421 1879 videlicet
1444 1844 1581 1879 insidias
1605 1851 1641 1880 et

172 1889 357 1934 ancipitem
379 1889 604 1934 proditionem
625 1890 858 1935 suspectabat.
907 1901 1024 1924 verum
1050 1890 1266 1924 Cutritzaces
1290 1891 1475 1924 revocabat
1497 1902 1572 1924 eum
1596 1892 1640 1925 ab

169 1935 227 1970 illo
250 1939 341 1970 metu
365 1939 527 1980 quantum
552 1938 712 1981 poterat,
737 1940 773 1969 et
795 1946 888 1980 spem
913 1936 1070 1981 optimam
1094 1940 1134 1970 ut
1155 1936 1352 1981 conciperet
1374 1937 1517 1978 orabat,
1542 1937 1640 1971 affir-

169 1987 265 2016 mans
289 1981 418 2027 aliquid
440 1982 574 2016 omnino
600 1982 716 2016 facere
741 1981 832 2016 intus
855 1993 914 2016 eos
938 1982 998 2028 qui
1020 1993 1148 2016 murum
1172 1983 1448 2017 conscenderant.
1497 1995 1560 2017 nec
1581 1987 1637 2017 ta-

168 2039 245 2061 men
266 2027 361 2061 illum
393 2028 532 2062 audiens
563 2039 584 2062 a
619 2026 812 2073 suspicione
845 2028 1109 2073 conquiescebat
1132 2028 1282 2063 Caesar:
1314 2029 1519 2063 comminisci
1549 2029 1635 2063 enim

167 2085 234 2108 non
258 2078 396 2119 poterat
418 2074 477 2108 ubi
501 2077 537 2108 et
559 2075 777 2119 quamobrem
799 2076 868 2108 tam
896 2074 953 2108 diu
978 2075 1207 2117 feriarentur,
1247 2086 1310 2108 nec
1332 2076 1422 2120 quod
1445 2075 1558 2109 statim
1582 2076 1637 2109 fa-

169 2124 285 2154 cturos
314 2120 586 2166 spoponderant,
624 2120 735 2154 adhuc
768 2119 992 2166 dissipassent
1021 2132 1151 2155 murum
1182 2120 1382 2155 subitarium
1414 2133 1434 2155 e
1465 2120 1635 2165 lapidibus

169 2169 298 2199 temere
333 2166 504 2210 congestis
535 2165 609 2199 sine
641 2171 816 2200 caemento
839 2173 933 2201 retro
957 2172 1088 2212 portam
1113 2167 1218 2201 fontis
1242 2172 1400 2201 erectum.
1448 2178 1537 2211 quae
1559 2178 1634 2201 ma—

168 2211 259 2245 xime
293 2221 350 2245 res
378 2211 657 2256 inquietissimum
688 2212 736 2246 illi
768 2215 933 2246 terrorem
956 2214 1158 2247 admovebat
1180 2212 1293 2257 magni
1316 2224 1336 2246 a
1360 2223 1436 2246 mox
1461 2212 1633 2257 erupturis

167 2256 324 2291 hostibus
359 2258 512 2302 periculi.
557 2258 678 2302 itaque
707 2258 806 2292 vultu
828 2259 918 2292 haud
941 2259 1172 2293 dissimulabat
1203 2269 1388 2292 moerorem
1411 2258 1509 2303 quasi
1532 2269 1632 2293 serae

167 2303 414 2347 poenitentiae,
439 2303 533 2348 quod
554 2303 650 2337 illudi
673 2303 737 2338 sibi
760 2315 801 2338 ac
823 2305 936 2339 sucum
957 2305 1032 2339 fieri
1055 2316 1162 2351 seque
1185 2317 1226 2339 ac
1249 2305 1432 2339 exercitum
1456 2304 1578 2338 fraude
1598 2304 1634 2338 in

165 2348 310 2382 insidias
334 2349 423 2384 trahi
447 2359 568 2393 passus
591 2353 693 2383 esset.
740 2361 841 2394 quem
863 2350 912 2384 illi
935 2362 1085 2386 errorem
1108 2350 1167 2396 qui
1189 2351 1326 2384 demere
1348 2349 1550 2385 consolando
1574 2362 1634 2384 co-

165 2396 331 2438 nabatur,
359 2395 444 2430 adeo
467 2406 587 2439 parum
609 2394 829 2440 proficiebat,
854 2400 892 2431 ut
913 2407 989 2432 sese
1013 2397 1125 2443 potius
1146 2396 1257 2442 ipsum
1278 2401 1439 2442 tanquam
1462 2396 1531 2430 doli
1554 2407 1633 2431 suc-

165 2451 294 2474 cessum
329 2440 444 2475 fallaci
475 2451 629 2474 sermone
654 2446 904 2486 promoventem
927 2443 959 2477 ei
980 2448 1174 2488 suspectum
1199 2443 1370 2478 redderet.
1416 2454 1524 2488 quare
1557 2448 1633 2476 sta-

165 2487 233 2521 tuit
268 2498 345 2521 eum
377 2487 482 2522 veluti
514 2486 682 2521 conscium
715 2487 910 2523 insidiarum
941 2490 1174 2533 constringere
1205 2488 1527 2534 custodiendumque
1561 2488 1632 2522 suis

164 2533 260 2574 dare,
284 2532 376 2578 quod
399 2537 436 2567 et
457 2533 540 2567 fecit
561 2533 695 2567 volente
723 2533 798 2579 ipso
822 2545 863 2568 ae
885 2545 924 2568 se
946 2540 1103 2580 paratum
1125 2535 1305 2569 exhibente
1326 2534 1371 2569 ad
1390 2534 1526 2580 quidvis
1548 2545 1633 2579 sup-

163 2578 257 2623 plicii
279 2579 510 2620 subeundum,
547 2579 579 2612 si
601 2578 782 2624 quidquam
814 2579 1010 2614 insidiarum
1034 2582 1078 2615 ab
1099 2581 1143 2615 iis
1166 2581 1226 2627 qui
1248 2581 1316 2615 iam
1338 2581 1457 2615 urbem
1479 2580 1631 2614 intrave-

163 2627 242 2658 rant
271 2628 473 2660 strueretur.
526 2625 771 2670 comprobabat
799 2636 888 2670 quae
919 2637 942 2660 a
974 2627 1172 2662 Cutritzace
1196 2627 1345 2661 fidenter
1376 2638 1418 2660 ea
1451 2625 1630 2660 occasione

163 2669 366 2705 dicebantur
387 2670 548 2711 Alexius,
572 2670 774 2705 confirmans
796 2671 952 2706 similiter
975 2676 1152 2718 patruum,
1176 2677 1213 2708 et
1233 2677 1272 2707 ut
1294 2676 1418 2707 metum
1440 2672 1630 2716 deponeret

165 2715 360 2751 adhortans.
406 2729 490 2762 ergo
513 2717 572 2751 ille
594 2717 687 2751 circa
709 2717 948 2752 monasterium
970 2719 1014 2753 ad
1037 2720 1164 2754 fontem
1187 2719 1289 2754 situm
1311 2718 1522 2764 quiescebat,
1545 2728 1629 2750 cou-

164 2760 277 2796 tinens
300 2763 486 2800 exercitum
509 2762 664 2804 silentio,
701 2766 738 2796 et
769 2763 921 2799 intentus
948 2765 1160 2800 observando
1184 2766 1280 2810 signo
1303 2765 1348 2799 de
1370 2775 1436 2809 quo
1461 2774 1627 2797 convene-

164 2811 229 2840 rat.
276 2813 354 2843 erat
385 2814 498 2844 autem
527 2809 564 2843 id
596 2808 810 2851 acclamatio,
844 2810 955 2856 qualis
979 2811 1058 2845 fieri
1089 2810 1353 2857 imperatoribus
1379 2809 1485 2849 solet,
1522 2819 1627 2853 supra.

162 2862 290 2888 murum
322 2854 416 2891 edita
449 2867 535 2891 voce
565 2855 703 2890 sublata
731 2858 768 2889 et
798 2855 869 2892 late
897 2857 1106 2904 intelligibili.
1152 2857 1203 2891 illi
1223 2868 1328 2904 porro
1349 2854 1532 2901 tranquille
1553 2866 1627 2890 ma-
