1884 3262
688 172 794 218 LIB.
825 171 880 223 113
923 172 1124 219 NOTAE.
1517 175 1627 221 „655

180 283 295 334 regia
313 289 390 320 tua
412 283 603 322 mai-estas
622 284 700 321 mei
718 280 873 323 domini
892 283 1147 335 imperatoris
1155 282 1296 334 patria
1315 283 1379 320 tui
1392 284 1627 321 sententiam

178 339 470 390 subsequatur,
499 347 535 377 et
549 341 672 391 filius
697 353 809 377 meus
835 339 1024 378 dominus
1061 338 1290 379 Theodorus
1314 351 1463 390 meam,
1502 352 1626 391 quam

180 408 254 433 nos·
280 395 489 432 vestram.'’
546 403 583 432 et
612 395 720 433 nihil
743 396 857 434 ultra
884 397 1037 434 retulit.
1094 394 1167 433 sed
1187 409 1258 433 nec
1279 396 1354 446 qui
1373 396 1626 446 imperatoris

179 458 306 489 natus
323 451 595 489 sec-undabant
615 453 842 502 principes,
868 466 938 490 nec
956 454 1039 504 ipse
1061 453 1278 502 imperator
1292 450 1457 488 verbum
1472 465 1626 502 expres·-

178 508 258 554 eit,
297 509 460 544 iustitia
483 510 639 545 ratione
665 510 932 558 generositate
963 516 1000 546 et
1029 508 1335 559 magmficentia
1363 508 1407 544 in
1440 506 1624 545 ruborem

176 563 348 614 szffwi,
379 565 513 601 omnia
536 563 757 614 siquidem,
794 563 1012 602 dammodo
1039 566 1195 601 iustum
1222 577 1273 600 ac
1297 561 1436 600 decens
1462 563 1622 601 salvum

177 626 297 668 esset,
325 619 434 656 nihil
447 619 671 670 reputabat.
724 619 822 658 haec
850 619 925 669 ibi;
965 632 1066 671 quae
1091 619 1224 659 videat
1245 624 1284 656 et.
1308 618 1455 656 iudicet
1473 632 1621 670 aequus

174 675 303 712 lector
331 688 380 712 an
399 676 479 713 sint
497 675 667 713 hominis
685 675 1010 727 κατημελημένως
1026 678 1106 716 τῶν
1128 675 1184 723 εἰς
1205 675 1430 726 συνείδησιν
1449 673 1620 726 ἔχοντος,

176 732 389 768 minimam
410 733 528 782 pensi
551 731 733 768 habentis
753 734 797 768 in
815 732 930 770 rebus
951 731 1134 783 gerendis·
1162 729 1267 783 quid
1277 729 1362 785 fas
1383 738 1420 767 et
1438 730 1620 781 officium

176 793 367 835 moneret5
398 787 503 838 quod
522 787 623 825 falso
641 787 825 826 videlicet
842 788 877 826 ei
894 794 1029 827 noster
1044 787 1211 839 imponit
1230 785 1308 824 hoc
1323 787 1427 824 loco.
1482 786 1552 825 sed
1568 799 1621 826 ne

175 842 347 918 cuipiaem
375 843 578 881 videamur
604 843 854 894 suspiciosius
884 857 995 895 agere
1028 857 1118 882 cum
1137 842 1392 894 Pachymere‚
1422 842 1492 893 qui
1511 842 1621 894 quod

175 898 269 936 alias
295 898 424 937 fuerat
443 906 580 938 notare
597 899 790 950 potueiit,
821 913 911 938 cum
933 900 1139 938 mutabiles
1158 899 1238 937 sint
1254 912 1383 937 mores
1401 897 1620 950 hominum,

174 954 349 993 dicamus
367 968 471 1004 sane,
500 955 533 993 si
552 955 808 1005 negligentior
821 956 1020 994 rationum
1040 955 1163 994 officii
1182 954 1285 993 vixit
1303 967 1477 1005 unquam
1497 955 1618 993 Geor.

173 1009 258 1059 gius
276 1010 528 1062 Acropolita,
558 1017 643 1048 tum
671 1023 828 1048 necesse
854 1017 911 1049 est
936 1011 979 1049 id
993 1011 1138 1062 fuisse,
1165 1010 1323 1061 quando
1345 1010 1528 1048 addictus
1543 1011 1617 1048 ad·-

171 1065 254 1104 huc
281 1065 481 1104 schismati
507 1065 742 1104 adhaerebat
770 1067 967 1105 erroribus
999 1067 1257 1105 Graecorum:
1291 1071 1426 1117 postea
1458 1066 1617 1116 quidem

172 1134 290 1173 quam
309 1122 495 1160 ecclesiae
513 1121 670 1159 Latinae
685 1123 961 1161 reconciliatus
980 1129 1038 1161 est
1052 1152 1064 1172 ,
1094 1128 1249 1161 tantum
1268 1121 1483 1173 profecisse
1499 1122 1615 1161 illum

171 1183 335 1228 apparet
382 1184 429 1216 ut
477 1178 636 1217 culmen
682 1177 816 1230 ipsum
853 1178 1103 1231 Apostolicae
1144 1177 1402 1231 perfectionis
1443 1178 1615 1229 attigisse

167 1233 431 1341 ”deaiiirbl'i'
455 1301 496 1328 v.
518 1291 584 1332 28.
640 1287 830 1328 Eudocia
861 1303 1008 1342 magno
1034 1289 1150 1342 apud
1181 1288 1316 1327 urbem
1345 1286 1505 1326 domino
1524 1289 1615 1327 elo-⁴

170 1352 266 1383 cata
292 1352 360 1382 est.
427 1345 515 1396 quis
545 1345 619 1382 iste
646 1358 808 1396 magnus
834 1346 1017 1385 dominus
1045 1347 1088 1385 in
1116 1345 1242 1384 urbe'?
1281 1345 1444 1382 inferius
1471 1358 1509 1396 p.
1530 1346 1614 1387 328

167 1415 208 1440 v.
223 1400 251 1442 4
278 1400 465 1440 scribitur
485 1401 534 1439 de
555 1400 702 1439 Ioanne
730 1402 851 1451 duce,
881 1416 968 1441 eum
989 1402 1188 1441 obsessum
1206 1402 1248 1438 in
1271 1401 1368 1438 urbe
1388 1400 1450 1439 cui
1468 1413 1614 1439 nomeu

167 1457 326 1507 Patrae,
365 1470 455 1495 cum
487 1462 612 1495 noctu
643 1457 855 1507 aufugisset
883 1458 1038 1497 venisse
1061 1458 1233 1505 Thebas,
1273 1462 1311 1494 et
1337 1456 1393 1494 ibi
1420 1454 1614 1508 repetisse

166 1526 350 1564 magnum
367 1513 587 1560 dominum,
614 1510 684 1554 τόν
703 1513 826 1566 μέγαν
840 1510 993 1566 κύριον.
1051 1515 1112 1552 sic
1130 1519 1312 1554 vocatum
1331 1519 1496 1564 apparet.
1512 1511 1613 1550 The.

164 1569 304 1607 barum
321 1569 538 1621 principem
557 1569 686 1607 Latini
705 1570 866 1620 generis.
923 1571 1002 1608 dici
1029 1584 1119 1621 ergo
1136 1575 1267 1622 potest
1287 1568 1503 1607 Eudociam
1520 1574 1609 1606 ter-

164 1625 260 1663 tiam
286 1626 407 1663 filiam
437 1625 609 1662 Lascaris
642 1624 809 1676 Augusti
840 1640 979 1677 magno
1002 1627 1163 1664 domino
1183 1624 1353 1677 principi
1374 1624 1610 1673 Thebarum,

163 1680 284 1719 huius
306 1683 406 1719 forte
425 1694 538 1732 quem
563 1681 726 1719 Ioannes
749 1682 834 1719 dux
859 1682 913 1719 ibi
932 1683 1079 1733 reperit
1096 1682 1199 1734 patri
1219 1687 1288 1719 aut
1305 1686 1461 1733 patruo,
1490 1680 1612 1719 fuisse

164 1737 418 1785 collocatam,
448 1737 819 1789 matrimoniumque
838 1738 880 1776 id
899 1739 1136 1776 celebratum
1151 1739 1192 1776 in
1213 1737 1309 1775 urbe
1330 1737 1611 1775 Constantino-

162 1793 271 1844 poli,
301 1793 368 1831 ubi
396 1798 481 1831 tum
510 1792 747 1844 is-princeps
779 1794 898 1832 fuerit
924 1795 966 1832 in
990 1795 1179 1832 comitatu
1203 1793 1451 1845 imperatoris
1476 1791 1607 1829 Latini

162 1862 294 1887 rerum
319 1848 406 1886 illic
423 1849 631 1900 potientis,
660 1849 714 1886 ita
734 1855 778 1887 ut
795 1847 840 1890 το“
865 1848 964 1890 κατά
985 1847 1059 1902 τὴν
1078 1847 1199 1890 πόλιν
1218 1849 1268 1886 ad
1286 1849 1419 1886 locum
1441 1848 1606 1899 nuptia-

162 1917 252 1942 rum
272 1904 323 1943 sit
338 1904 584 1943 referendum
598 1933 610 1953 ‚
641 1918 722 1945 non
742 1906 791 1943 ad
813 1906 946 1956 magni
974 1906 1124 1944 domini
1149 1910 1402 1957 potestatem,
1433 1904 1545 1954 quasi
1566 1904 1603 1942 is

162 1973 246 1999 eam
268 1960 310 1998 in
335 1959 433 1999 urbe
464 1961 802 2013 Constantinopoli
831 1969 1032 2000 exerceret
1059 1961 1092 2000 ei
1117 1961 1381 2010 dominando,
1411 1961 1476 1998 sed
1495 1959 1604 2010 quod

161 2016 217 2054 ibi
238 2016 378 2064 degens
407 2016 526 2055 titulo
552 2017 617 2054 sui
640 2017 847 2068 peculiaris
876 2017 1041 2055 dominii
1059 2017 1152 2054 alibi
1169 2017 1252 2064 siti,
1283 2029 1423 2066 nempe
1443 2015 1600 2064 Thebis,

160 2071 424 2120 insigniretur.
482 2073 567 2124 pari
595 2074 774 2124 exemplo
803 2073 887 2123 ipse
906 2072 973 2110 hic
1003 2073 1216 2124 imperator
1240 2071 1408 2109 michael
1436 2084 1556 2108 unam
1577 2083 1600 2109 e

159 2127 317 2165 filiabus
343 2126 540 2166 Theodori
566 2129 729 2179 Augusti
762 2129 862 2166 Maio
890 2129 1103 2166 Belicurtio
1128 2127 1300 2179 principi
1316 2126 1600 2178 Peloponnesio

163 2182 390 2232 coniunxit,
421 2182 582 2221 alteram
601 2185 737 2222 comiti
759 2185 998 2222 Vintimiliae
1018 2183 1240 2231 Genueusi‚
1275 2188 1318 2220 ut
1337 2182 1506 2220 vidimus
1523 2182 1551 2223 l.
1569 2185 1599 2224 3

161 2252 199 2278 c.
214 2241 251 2279 6.
299 2238 384 2276 istis
420 2251 537 2288 porro
567 2239 852 2292 principatibus
879 2254 951 2292 per
982 2239 1186 2278 Orientem
1214 2251 1264 2276 ex
1287 2237 1414 2276 ruinis
1440 2237 1598 2289 imperii

159 2294 328 2332 Romani
364 2294 689 2333 subnascentibus
726 2310 817 2334 suae
860 2295 1050 2347 quaedam
1091 2294 1273 2347 propriae
1312 2294 1597 2345 appellationes

159 2356 271 2388 erant·
285 2381 295 2398 ‚
328 2363 423 2401 quas
439 2351 486 2387 ab
513 2350 815 2402 imperatoribus
843 2365 884 2390 se
904 2351 1100 2403 accepisse
1117 2351 1398 2402 gloriabantur.
1454 2350 1497 2387 in
1517 2362 1596 2401 quo

159 2405 394 2444 affectabant
406 2406 695 2457 antiquissimos
715 2421 892 2460 quosque
911 2408 1078 2458 allegare
1095 2407 1389 2459 privilegiorum
1409 2412 1449 2444 ct
1466 2405 1597 2444 hono-

158 2475 248 2500 rum
265 2461 488 2500 istiusmodi
508 2463 730 2513 largitores,
759 2478 866 2502 more
885 2463 1091 2502 hominum
1115 2476 1186 2501 sua
1202 2475 1355 2514 semper
1373 2463 1502 2504 facere
1519 2475 1596 2500 au-

157 2517 332 2569 gustiora
358 2518 630 2569 satagentium.
686 2519 817 2570 itaque
841 2520 892 2557 ad
920 2519 1220 2558 Constantium
1252 2531 1378 2569 usque
1407 2518 1594 2569 Magnum

159 2573 317 2623 quidam
337 2579 444 2611 retro
470 2574 638 2613 nitentes
660 2574 703 2612 in
727 2575 801 2613 ista
826 2574 1035 2614 iactatione
1061 2574 1358 2627 pertingebant,
1391 2580 1593 2612 auctorem

157 2628 272 2667 illum
291 2628 373 2667 suis
390 2629 600 2668 maioribus
619 2631 757 2669 talium
778 2631 895 2669 fuisse
926 2631 1128 2673 nominum
1154 2632 1343 2679 ferentes5
1384 2629 1491 2679 quod
1517 2628 1592 2666 etsi

155 2683 370 2724 ridiculum
397 2685 531 2735 dictu,
569 2699 658 2724 cum
686 2687 934 2726 Constantini
958 2687 1089 2738 Magni
1109 2700 1205 2727 aevo
1230 2700 1303 2726 nec
1320 2686 1436 2736 longe
1455 2691 1592 2736 postea

157 2739 256 2779 istae
284 2740 415 2780 adhuc
440 2742 614 2780 minutae
633 2742 837 2794 dynastiae
864 2744 1096 2782 constitutae
1114 2743 1303 2791 fuissent,
1333 2741 1439 2779 haud
1458 2746 1589 2778 tamen

156 2803 384 2848 aspernatus
414 2803 473 2837 est
500 2798 710 2850 Gregoms,
750 2799 856 2852 apud
884 2813 996 2853 quem
1022 2799 1120 2844 haec
1139 2799 1303 2852 legimus
1324 2798 1353 2837 1.
1378 2800 1406 2840 7
1423 2810 1462 2850 1>-
1488 2798 1588 2839 109:
