1884 3262
438 188 514 230 DE
550 187 831 232 MICHAELE
865 189 1242 233 PALAEOLOGO
1277 191 1324 233 L.
1359 190 1435 235 lv,
1586 192 1681 237 311

205 303 271 344 ua)
287 305 482 356 μοναχῶν
502 300 834 357 οὗρανοπολιτῶν
854 302 1037 358 ἐπιγείων
1058 306 1261 357 συστῆσαι
1278 300 1476 357 πληθῦας
1495 302 1675 361 ἄριστος,
1698 311 1728 346 Β

201 370 316 427 παρὰ
335 375 534 412 τοσοῦτον
565 370 632 412 ἐπ’
657 370 795 420 ἄλλοις
821 370 874 413 τὰ
898 378 1076 425 πρωτεῖα
1098 367 1235 428 φέρων
1266 372 1370 427 πρὸς
1390 375 1676 430 Παλαιστίνην

203 439 306 494 παρ’
331 438 429 482 ὅσον
449 438 506 481 ἑνὶ
535 441 602 481 καὶ
631 441 807 497 μεγίστῳ
837 437 988 494 ἡττᾶτο
1001 472 1015 491 ,
1052 445 1111 498 τῷ
1131 441 1205 489 τὰς
1225 441 1442 497 διατριβὰς
1466 443 1590 485 ἒκεῖσε
1609 459 1676 499 γε-

204 507 354 551 νέσθαι
377 513 451 551 τοῦ
478 509 578 562 ἐμοῦ
607 509 797 564 Χριστοῦ
820 509 887 550 καὶ
915 512 1033 551 θεοῦ.
1106 510 1173 550 καὶ
1195 507 1304 552 οὕτω
1323 511 1397 563 μὲν
1418 510 1514 553 κατ’
1540 511 1676 567 ὀλίγον

170 587 192 621 5
209 578 456 632 Μαίανδρος
484 577 724 633 ἠρημοῦτο,
768 574 1076 632 εῗσχωρούντων
1101 577 1302 633 ἐνδοτέρω
1344 583 1427 620 τῶν
1456 580 1578 622 ἐκεῖσε
1606 580 1676 623 διὰ

201 645 278 700 τὴν
295 650 377 688 τῶν
400 648 535 688 ἐθνῶν
557 648 757 698 ἐπίθεσιν,
793 644 903 694 ἅπας
921 645 966 687 δὲ
985 644 1102 701 ζυγὸς
1122 646 1270 696 ἐκεῖνος
1288 650 1370 689 τῶν
1382 645 1674 705 Νεοκάστρων,

193 713 355 767 ’Άβαλά
383 732 426 758 τε
452 716 520 757 καὶ
550 714 774 770 Καΰστρου
795 717 930 770 χῶραι
959 715 1026 756 καὶ
1044 714 1256 770 Μαγεδών
1282 716 1350 757 καὶ
1377 713 1403 770 ἦ
1427 717 1677 772 περίπυστος

201 786 344 840 Καρία
363 788 477 825 πᾶσα
498 790 584 831 τοῖς
606 784 774 838 ἐχθροῖς
794 782 1097 839 κατετρέχοντο.
1155 784 1209 826 ἐῶ
1229 783 1354 839 λέγειν
1378 787 1583 841 Τραχεΐαν
1605 787 1671 827 καὶ
1697 797 1727 831 c

202 851 362 895 Στᾶδια
381 850 610 907 Στρόβιλόν
627 869 670 894 τε
688 852 755 894 καὶ
773 851 827 893 τὰ
847 851 1065 908 ἀντίπεραν
1079 849 1239 904 Ῥόδου,
1278 851 1305 894 ἃ
1321 853 1427 907 χθὲς
1445 855 1512 895 καὶ
1531 851 1675 911 πρώην

147 919 282 965 1οὖπό
298 919 524 976 Ῥωμαίους
545 925 744 963 τελοῦντα
768 921 933 976 ἐχθρῶν
960 921 1002 963 ἓν
1031 920 1152 979 ὀλίγῳ
1170 918 1310 980 χρόνῳ
1339 921 1522 976 ἐγένοντο
1542 920 1676 978 ὅρμη-

200 989 335 1045 τήρια.
406 989 458 1031 τὰ
489 989 534 1031 δὲ
566 989 670 1046 πρὸς
701 989 863 1048 θατέρᾳ
896 986 1096 1047 θαλάσσῃ
1126 993 1264 1046 φῦλα,
1307 990 1379 1032 ἵνα
1406 990 1466 1045 μὴ
1495 990 1547 1033 τὰ
1566 991 1674 1045 με’σα

198 1059 326 1112 λε’γω,
365 1056 443 1100 ὅσα
478 1074 521 1100 τε
551 1058 592 1099 ἓν
622 1059 953 1112 Μαρυανδηνοΐς
980 1075 1023 1101 τε
1051 1060 1118 1100 καὶ
1143 1055 1318 1101 Μόσυσι
1339 1060 1406 1101 καὶ
1428 1057 1506 1102 ὅσα
1527 1060 1569 1101 ἓν
1589 1066 1675 1110 τοῖς

197 1124 458 1182 μεγαθόμοις
484 1125 657 1176 Ἑνετοΐς
688 1125 788 1169 ὄντα
815 1131 866 1184 τῇ
892 1125 1105 1181 Ῥωμαίων
1133 1124 1344 1182 ὑπήκουον
1353 1159 1368 1180 ,
1417 1127 1493 1170 σὺν
1524 1125 1586 1178 οἷς
1605 1130 1673 1170 καὶ

197 1195 257 1237 ἔτι
277 1195 329 1238 τὰ
350 1195 468 1237 ἔνδον
486 1195 603 1250 μέχρι
626 1193 870 1252 Σαγγὰρεως
882 1228 896 1248 ,
934 1195 999 1237 ἐπὶ
1021 1200 1221 1238 τοσοῦτον
1248 1193 1453 1252 ἠφάνιστο
1475 1194 1579 1239 ὥστε
1605 1198 1672 1239 καὶ

146 1277 188 1311 15
202 1267 515 1320 Μαρυανδηνοῢ
558 1268 825 1320 θρηνητῆρος
858 1262 1017 1321 χρῄζειν
1051 1263 1176 1315 ἀξίως
1213 1264 1331 1306 τάκεῖ
1369 1263 1671 1320 θρηνήσοντος.

197 1338 280 1376 τῶν
299 1333 378 1389 γὰρ
413 1330 654 1387 δυνάμεων,
688 1337 851 1376 πολλῶν
875 1350 919 1375 τε
947 1335 1015 1374 καὶ
1036 1337 1297 1386 θαυμαστῶν
1317 1332 1477 1386 οὐσῶν,
1513 1350 1668 1389 συγκα-
1692 1346 1725 1381 1)

195 1402 503 1456 τατριβομένων
522 1409 606 1451 τοῖς
626 1403 808 1451 δυσικοῒς
837 1403 905 1444 καὶ
926 1400 1025 1444 κατ’
1055 1401 1189 1456 ὀλίγον
1216 1402 1547 1455 δαπανωμένων,
1583 1408 1671 1452 τοῖς

196 1470 296 1513 κατ’
330 1469 536 1524 ἀνατολὴν
570 1474 768 1520 τοσοῦτος
801 1467 822 1513 ὅ
854 1471 1040 1519 κίνδυνος
1067 1470 1283 1526 περιέστη,
1342 1468 1446 1512 ὥστε
1475 1469 1581 1525 μηδ’
1613 1471 1671 1520 εἷς

196 1538 326 1594 αὐτὴν
340 1536 586 1594 Ἡράκλειαν
606 1538 682 1594 τὴν
695 1543 770 1581 τοῦ
789 1536 958 1581 Πόντου
977 1540 1156 1592 βαδίζειν
1176 1537 1275 1580 εἶναι
1294 1540 1391 1594 πεζῇ
1413 1538 1509 1588 τοὺς
1528 1536 1670 1595 ὅρμω-

138 1607 343 1663 Ξομένους
367 1607 411 1650 ἐκ
439 1605 620 1661 πόλεως,
656 1612 739 1650 τῶν
772 1607 894 1651 ἐκεῖσε
917 1605 1040 1664 ὁρίων
1059 1611 1118 1666 τῷ
1146 1604 1348 1664 Σαγγάρει
1366 1608 1668 1664 περικλεισθέν-

287 1717 341 1752 18.
362 1716 544 1753 τοσοῦτον
567 1716 606 1750 Ρ.

192 1809 450 1850 monachorum,
474 1808 539 1842 hoc
562 1812 616 1842 est
638 1807 724 1842 coeli
748 1806 871 1842 civium
898 1807 934 1842 in
957 1807 1062 1842 terris
1084 1808 1398 1854 peregrinantium,
1424 1807 1609 1842 condendis
1631 1811 1669 1843 et

193 1866 360 1890 concursu
382 1854 638 1889 lectissimorum
662 1860 899 1900 conventuque
922 1854 1180 1900 frequentandis
1211 1854 1384 1900 aptissima
1408 1854 1567 1896 coloniis,
1590 1857 1668 1888 tan-

194 1907 234 1935 to
257 1901 292 1935 in
308 1901 454 1935 caeteris
477 1900 674 1935 Palaestina
696 1901 875 1946 superior,
898 1907 1027 1947 quanto
1050 1901 1086 1935 in
1116 1911 1183 1936 uno
1207 1901 1261 1944 ei,
1294 1901 1480 1946 eodemque
1513 1900 1668 1941 maximo,

192 1948 266 1983 sine
288 1947 519 1982 controversia
542 1947 653 1990 cedit,
676 1947 767 1993 quod
795 1947 881 1981 haec
913 1947 1066 1981 nimirum
1089 1947 1162 1982 vita
1195 1953 1232 1980 et
1261 1947 1518 1981 conversatione
1540 1946 1666 1980 domini

191 1993 259 2028 mei
281 1998 318 2028 et
339 1994 395 2028 dei
418 1993 551 2028 Christi
572 1994 739 2028 honorata
759 2005 845 2038 prae
867 1993 1000 2028 cunctis
1023 1992 1136 2027 fuerit.
1183 1993 1284 2027 talem
1305 1994 1349 2028 ob
1368 2004 1504 2028 causam
1519 1993 1666 2027 Maean-

191 2040 277 2081 der,
298 2045 338 2074 ut
359 2039 452 2082 dixi,
478 2039 640 2086 paulatim
662 2039 816 2074 desertus
840 2044 875 2074 et
895 2040 930 2073 in
953 2039 1166 2074 solitudinem
1197 2040 1357 2073 redactus
1388 2044 1464 2079 est,
1499 2039 1664 2072 receden-

190 2087 286 2120 tibus
309 2085 343 2120 in
365 2086 530 2120 interiora
553 2086 613 2131 qui
644 2085 743 2132 prius
777 2086 847 2120 illic
882 2086 1124 2120 habitaverant
1145 2093 1286 2132 propter
1304 2085 1514 2120 incursiones
1537 2085 1666 2119 barba-

190 2143 304 2166 rarum
327 2133 484 2177 gentium.
531 2132 726 2167 universum
748 2137 860 2166 autem
883 2132 999 2178 iugum
1014 2132 1095 2166 illud
1109 2132 1244 2166 arcibus
1268 2142 1375 2176 nuper
1399 2130 1544 2164 conditis
1561 2135 1667 2164 antea

189 2178 377 2224 insessum,
410 2179 522 2213 Abula
557 2189 692 2224 quoque
725 2182 762 2213 et
784 2178 917 2213 adsitne
940 2179 1088 2222 Caystro
1112 2180 1271 2222 regiones
1295 2183 1331 2210 et
1353 2176 1526 2220 magedon
1552 2182 1588 2210 et
1610 2177 1664 2210 in-

190 2223 282 2268 clyta
307 2222 434 2265 Caria,
455 2225 590 2269 impune
614 2225 759 2259 hostium
791 2225 1062 2269 grassationibus
1084 2224 1382 2258 conculcabantur.
1428 2223 1526 2256 mitto
1547 2222 1664 2256 dicere

190 2269 383 2304 Tracheam
405 2275 442 2304 et
463 2270 601 2313 Stadia,
624 2271 805 2305 Strobilum
829 2276 866 2305 et
886 2274 972 2305 sitas
995 2282 1016 2305 e
1037 2271 1176 2314 regione
1201 2269 1310 2303 Rhodi
1332 2272 1456 2310 terras,
1481 2279 1570 2313 quae
1587 2269 1662 2303 loca

190 2315 292 2361 paulo
322 2320 423 2350 antea
453 2316 680 2351 Romanorum
713 2318 867 2351 subiecta
899 2317 1022 2351 ditioni
1053 2317 1174 2361 exiguo
1217 2321 1371 2360 tempore
1406 2314 1574 2348 latronum
1605 2326 1663 2348 re-

190 2361 372 2407 ceptacula
403 2362 693 2408 barbarorumque
721 2364 975 2398 stativaefflfacta
1008 2367 1097 2397 sunt.
1152 2363 1318 2395 obversae
1349 2363 1461 2395 autem
1495 2372 1537 2395 ex
1560 2366 1664 2406 panto

190 2408 300 2442 altera
321 2407 405 2441 mari
429 2407 604 2452 nationes,
638 2414 679 2443 ut
708 2409 789 2443 nibil
819 2410 862 2443 de
885 2409 1006 2443 mediis
1029 2409 1160 2449 dicam,
1191 2419 1233 2441 ac
1254 2407 1469 2453 quantumin
1495 2407 1662 2452 Maryan-

188 2454 306 2496 denis,
329 2453 365 2487 in
387 2453 610 2498 Mosynibns,
632 2454 669 2488 in
692 2456 910 2500 magnanimis
934 2455 1054 2489 Enetis
1083 2453 1232 2498 gentium
1254 2455 1471 2498 locorumque
1494 2454 1659 2487 censeba-

189 2505 267 2542 tur,
289 2504 412 2534 cuncta
447 2500 601 2535 Romano
634 2501 788 2535 subiecta
822 2501 984 2546 imperio,
1016 2501 1183 2546 simulque
1214 2500 1269 2534 his
1297 2499 1459 2533 interiora
1483 2510 1591 2544 usque
1614 2498 1659 2532 ad

189 2557 318 2580 amnem
342 2546 542 2591 Sangadm,
571 2548 622 2580 ita
652 2547 813 2582 universa
842 2552 980 2581 vastata
1012 2547 1256 2591 destructaque
1285 2551 1387 2588 sunt,
1422 2550 1461 2579 ut
1495 2545 1659 2588 Man-yan-

187 2592 309 2627 denum
332 2591 485 2636 lugubris
527 2598 650 2627 cantus
682 2593 850 2627 artificem
874 2593 1036 2628 adhibere
1057 2593 1182 2627 debeat
1213 2591 1271 2638 qui
1293 2592 1379 2626 haec
1402 2591 1496 2625 volet
1519 2602 1580 2635 pro
1604 2590 1660 2623 di-

187 2638 318 2683 gnitate
342 2638 532 2685 deplorare.
580 2651 657 2673 nam
680 2640 788 2684 copiis
811 2639 991 2682 Romanis,
1022 2650 1110 2685 quae
1138 2638 1266 2673 multae
1288 2637 1522 2681 mirifioeeque
1546 2639 1659 2679 erant,

186 2684 394 2720 morantibus
424 2683 465 2719 in'
481 2685 635 2720 Occiduo
670 2690 812 2730 tractu,
845 2690 882 2720 et
918 2685 959 2720 iis
988 2685 1106 2732 paucis
1138 2696 1228 2730 quae
1263 2684 1405 2718 relictae
1434 2682 1660 2716 Orientalium

187 2730 355 2775 praesidio
377 2733 515 2766 fuerant
536 2732 659 2766 sensim
683 2732 892 2778 absumptis,
915 2731 949 2766 in
970 2737 1101 2767 tantmn
1123 2730 1318 2765 infestantis
1339 2730 1465 2763 itinera
1487 2727 1659 2762 latrocinii

189 2776 373 2821 pericnlum
403 2778 569 2821 increvit,
602 2782 640 2812 ut
668 2789 711 2812 ne
744 2778 943 2812 Heracleam
967 2778 1102 2823 quidem
1125 2789 1234 2823 usque
1266 2776 1440 2811 Ponticam
1465 2774 1522 2808 via
1542 2779 1658 2808 terre-

187 2823 251 2856 stri
273 2823 393 2859 liceret
414 2835 457 2858 ex
480 2825 565 2859 urbe
587 2824 769 2870 proficisci,
790 2824 917 2860 finibus
937 2824 1032 2860 illinc
1052 2825 1186 2871 imperii
1207 2822 1356 2867 Sangari
1379 2819 1657 2866 circumscriptis,
