1884 3262
231 221 330 266 508
614 215 850 260 GEORGII
882 207 1231 258 PACHYMERIS

227 327 522 387 ποιησάμενος,
567 328 621 371 τὰ
660 329 751 384 περὶ
798 325 956 371 τούτων
993 333 1080 377 τοῖς
1122 323 1266 384 ἐφεξῆς
1302 331 1458 385 καιροῖς
1499 326 1558 385 τῷ
1585 325 1684 376 τέως

225 399 396 455 ἄνήρτα.

172 477 204 510 Β
363 467 442 510 32.
506 463 574 506 Ἐν
592 459 754 513 τούτοις
774 462 818 505 δ’
845 461 964 513 ὄντος
982 466 1057 505 τοῦ
1080 460 1283 516 βασιλέως
1298 463 1366 504 καὶ
1384 462 1436 505 τὰ
1454 459 1556 505 κατὰ
1575 463 1683 503 Βελ-

225 532 412 589 λάγραόα
432 531 725 588 διηγγέλλοντο.
775 531 871 573 ἀλλ’
895 531 1148 586 ἀναληπτέον
1166 530 1310 586 μικρὸν
1329 529 1504 574 ἄνωθεν.
1552 528 1683 571 Ἰλλυ-

228 605 306 659 ριοὶ
326 602 399 656 μὲν
420 596 491 643 οὗν
510 600 710 654 βασιλέως
730 598 1086 655 ἀποστατήσαντες
1103 598 1200 642 κατ’
1225 598 1376 648 αὖτοὺς
1402 593 1521 654 ἦσαν.
1570 603 1715 653 περι-5

228 669 391 725 σχόντες
426 668 469 711 δ’
501 667 656 724 ε’ρήμην
686 666 803 711 πόλιν
833 667 906 722 τὴν
931 668 1173 724 Δυρραχίου
1197 668 1241 709 ἐκ
1279 671 1354 709 τοῦ
1394 662 1686 722 προγεγονότος

225 742 396 792 σεισμοῦ
427 737 686 789 ἇνακτίζουσί
707 753 750 779 τε
779 737 850 778 καί
878 753 992 786 τινας
1019 732 1333 785 συναποστάτας
1351 737 1490 792 σφίσιν
1513 735 1596 776 ἐκεῖ
1608 750 1685 775 κα-

227 809 456 859 τοικίζουσι.
527 809 587 863 τῷ
615 805 706 862 ῥηγὶ
736 805 780 847 δὲ
805 802 1012 863 Καροόλῳ
1035 805 1077 854 ἐξ
1107 805 1281 859 ἐγγίονος
1301 801 1590 859 γειτονήματος
1609 805 1684 844 τοῦ

182 879 214 913 C
237 875 316 918 ἀπὸ
343 879 425 917 τῶν
458 875 648 917 Κανίνων
675 874 818 930 φιλίως
845 871 950 928 εἶχον
982 874 1048 915 καὶ
1087 871 1192 914 κατὰ
1221 869 1433 927 συνθήκας
1468 868 1683 926 εἲρήνευον.

228 944 282 987 τὰ
309 933 448 997 μέντοι
476 958 518 997 γε
544 939 705 984 Κάνινα
734 939 862 983 πάλαι
892 942 967 996 μὲν
994 936 1101 996 ἦσαν
1130 944 1205 983 τοῦ
1244 941 1449 983 Φιλίππου
1476 939 1682 995 ἇμηραλῆ,
1695 945 1741 979 10

231 1011 381 1068 ἀνδρὸς
411 1010 636 1063 δυναμένου
668 1013 860 1061 πλεῖστα,
900 1009 945 1052 ὃν
975 1011 1042 1051 καὶ
1073 1008 1248 1063 Μιχαὴλ
1267 1009 1408 1058 δεδιὼς
1428 1007 1450 1051 ὅ
1470 1005 1684 1062 δεσπότης,

231 1082 471 1134 καὶμᾶλλον
490 1076 733 1133 ἰσχύσαντος
760 1078 866 1119 κατὰ
895 1082 969 1120 τοῦ
995 1077 1156 1134 Μαφρὲ
1181 1081 1254 1119 τοῦ
1284 1075 1506 1133 Καρούλου
1541 1073 1598 1126 ὥς
1617 1077 1686 1118 καὶ

233 1148 464 1191 ἀποκτεῖναι
485 1148 552 1189 καὶ
574 1146 647 1201 τὴν
678 1145 806 1202 ἀρχὴν
836 1147 985 1188 ἐκείνου
1015 1150 1154 1199 λαβεῖν
1185 1147 1395 1205 συμμαχία
1425 1145 1593 1201 πλείστῃ
1611 1147 1686 1198 τῆς

229 1217 442 1271 ἐκκλησίας
449 1247 462 1268 ,
501 1212 611 1268 κήδει
633 1216 801 1256 ἐποιεῖτο
812 1246 826 1266 ,
860 1216 928 1256 καὶ
948 1213 1023 1269 τὴν
1041 1211 1169 1255 πάλαι
1195 1218 1254 1272 τῷ
1275 1214 1467 1270 Σφαντζῇ
1496 1210 1685 1267 συνοική-

231 1300 387 1337 σασαν,
436 1281 615 1339 ἀδελφήν
647 1299 690 1338 γε
719 1277 847 1324 οὖσαν
875 1286 950 1337 τῆς
982 1280 1110 1324 αὐτοῦ
1146 1279 1357 1336 γυναικός,
1404 1281 1684 1337 κεχηρωμένην
1697 1285 1766 1322 15“

176 1357 209 1392 D
234 1353 384 1396 ἐκείνου
417 1351 587 1406 πέμψας
616 1347 855 1404 συναρμόζει
891 1350 952 1403 οἳ,
1001 1347 1234 1406 ἐκχωρήσας
1261 1349 1373 1408 αὐτῷ
1405 1351 1473 1392 καὶ
1494 1350 1685 1392 Κανίνων

228 1422 297 1463 καὶ
317 1423 556 1476 Κορυφοῦς.
628 1417 683 1468 ὥς
701 1419 745 1460 δὲ
768 1416 875 1476 δόλῳ
898 1422 1031 1468 κακῶς
1053 1416 1284 1471 ἀπεκτόνει,
1315 1418 1483 1472 πέμψας
1516 1417 1612 1467 τοὺς
1640 1418 1686 1467 ἐξ
1747 1424 1749 1426 ’

230 1487 395 1543 ἀδήλων
416 1485 800 1538 κατοΐστεύσοντας,
832 1488 899 1529 καὶ
919 1486 966 1528 τὸ
986 1489 1125 1542 δρὸμα
1147 1485 1305 1541 ἠνύετο,
1344 1487 1410 1528 καὶ
1429 1485 1449 1528 ὃ
1470 1485 1686 1542 ἇμηραλῆς

229 1555 450 1612 ἐτεθνήκει,
475 1553 664 1610 ἐβούλετο
674 1555 748 1610 μὲν
767 1554 982 1609 κατασχὼν
994 1553 1150 1598 Κάνινα
1169 1555 1284 1609 ἔχειν,
1305 1553 1492 1608 ἐμποδὼν
1512 1556 1535 1596 δ
1546 1553 1558 1570 '
1577 1549 1684 1608 ἦσαν

229 1625 270 1669 οἳ
292 1626 333 1668 ἐν
358 1625 521 1674 ἐκείνοις
540 1622 812 1683 εὑρισκόμενοι
822 1623 994 1677 Ἰταλοί,
1032 1623 1077 1666 οἳ
1093 1624 1160 1666 καὶ
1179 1623 1253 1667 τὸν
1269 1627 1345 1678 τῆς
1371 1620 1498 1678 ἥττης
1514 1623 1683 1665 συνδια-
1693 1627 1741 1662 20

230 1801 363 1844 integra
383 1802 423 1834 ut
445 1801 543 1834 erant
564 1798 675 1833 omnia
694 1798 909 1844 relinquens,
942 1797 1216 1844 suspendensque
1245 1797 1281 1832 in
1310 1799 1460 1833 futurum
1490 1809 1624 1841 rerum,
1644 1800 1684 1833 ut

230 1857 270 1880 se
290 1846 462 1880 habebant
474 1870 485 1887 ,
506 1850 717 1891 praesentem
736 1847 874 1879 statum.

326 1914 385 1948 32.
429 1914 469 1947 In
496 1913 550 1947 his
585 1912 779 1957 imperatori
811 1911 958 1946 versanti
990 1911 1143 1946 nuntiata
1174 1913 1252 1945 sunt
1276 1908 1380 1956 'quae
1412 1910 1456 1944 ad
1478 1909 1682 1955 Bellagrada.

232 1959 455 2003 contigerant.
502 1969 543 1992 ea
565 1957 783 2003 explicaturis
813 1957 867 1991 hic
897 1957 993 1991 nobis
1014 1958 1114 2002 paulo
1149 1956 1250 1990 altius
1271 1956 1489 2001 repetendum
1508 1955 1682 1990 exordium

234 2008 299 2039 est.
343 2004 454 2048 Illyrii
475 2004 607 2046 quidam
637 2004 761 2037 dudum
795 2014 937 2037 excusso
966 2002 1179 2047 imperatoris
1203 2002 1303 2046 iugo,
1334 2001 1383 2035 sic
1406 2001 1503 2046 quasi
1524 2001 1576 2035 sui
1596 2001 1681 2035 iuris

233 2055 369 2091 essent,
401 2060 457 2083 res
480 2049 545 2083 sibi
566 2060 645 2083 suas
667 2049 846 2082 habebant.
892 2049 926 2082 hi
960 2049 1051 2082 nacti
1073 2058 1224 2082 eversam
1258 2052 1371 2082 terrae
1402 2051 1492 2081 motu
1525 2047 1681 2090 Dyrrha-

233 2095 401 2130 chiensem
427 2094 619 2136 civitatem,
643 2106 716 2128 eam
734 2106 754 2128 a
777 2105 814 2127 se
836 2098 1060 2128 restauratam
1083 2093 1213 2127 colonia
1235 2094 1454 2138 frequentant
1475 2103 1495 2125 e
1518 2092 1583 2126 sibi
1601 2092 1680 2126 fidis

235 2146 272 2176 et
302 2141 433 2186 pariter
463 2139 658 2185 imperatori
689 2139 890 2182 rebellibus,
923 2140 1061 2174 foedere
1091 2140 1159 2173 icto
1182 2151 1254 2172 cum
1277 2150 1359 2183 rege
1389 2138 1513 2172 Carolo
1537 2137 1683 2171 vicinum

233 2187 285 2220 his
307 2185 509 2231 praesidium
532 2187 621 2231 apud
644 2186 773 2220 Canina
797 2186 990 2228 obtinente3
1025 2184 1083 2230 qui
1114 2186 1206 2218 locus
1230 2196 1296 2229 quo
1321 2195 1401 2217 casu
1431 2183 1465 2217 in
1489 2183 1561 2217 eius
1583 2188 1684 2228 pote-

234 2236 358 2266 statem
392 2231 542 2274 venerit,
566 2232 684 2267 dicam.
717 2230 846 2265 Canina
879 2231 954 2265 olim
983 2232 1045 2264 sub
1068 2230 1193 2264 ditione
1216 2231 1352 2264 fuerant
1377 2228 1521 2274 Philippi
1541 2228 1684 2262 Amerass

234 2277 289 2311 lae
312 2276 379 2310 viri
402 2277 644 2321 potentissimi,
679 2277 782 2310 dotali
804 2277 836 2311 ei
869 2277 1059 2310 conditione
1091 2277 1256 2310 attributa
1289 2287 1309 2309 a
1331 2274 1496 2308 Michaiile
1528 2274 1682 2318 despota.

234 2322 292 2356 hic
314 2322 400 2355 enim
423 2334 444 2355 a
466 2322 619 2367 Philippo
642 2323 707 2356 sibi
730 2325 897 2364 metuens,
928 2321 1124 2367 praesertim
1155 2326 1331 2367 postquam
1355 2320 1499 2354 Carolus
1520 2320 1683 2354 adversus

234 2368 447 2402 Manfredum
468 2368 657 2412 praevaluit
679 2372 714 2402 et
739 2368 836 2401 huius
867 2368 970 2402 occisi
992 2379 1130 2412 regnum
1163 2367 1326 2408 obtinuit,
1357 2365 1488 2400 auxiliis
1517 2365 1682 2399 ecclesiae

234 2413 385 2447 maximis
416 2413 459 2446 ad
482 2425 554 2446 eam
577 2413 751 2447 victoriam
776 2414 931 2456 adiutus,
954 2424 1202 2459 praeoccupare
1225 2411 1338 2457 gratia
1358 2422 1456 2457 quem
1477 2409 1682 2444 formidabat

234 2458 367 2503 sibique
394 2458 574 2502 adiungere
605 2459 774 2493 affinitate
805 2459 936 2494 statuit.
972 2459 1102 2493 ’obtulit
1133 2470 1214 2503 ergo
1245 2459 1276 2492 ei
1306 2457 1343 2491 in
1373 2467 1508 2491 uxorem
1532 2454 1681 2498 coniugis

235 2505 392 2548 propriae
415 2515 622 2547 germanam,
653 2516 740 2549 quae
773 2505 967 2550 Sphantzae
990 2508 1168 2550 nupserat,
1204 2508 1240 2538 et
1261 2507 1342 2537 tunc
1365 2514 1405 2536 eo
1427 2505 1557 2535 mortuo
1578 2500 1680 2534 vidua

235 2549 391 2594 Philippo
417 2549 474 2582 isti
497 2549 638 2593 nuptiali
660 2551 798 2583 foedere
821 2551 951 2584 sociata
974 2554 1047 2591 est,
1069 2549 1263 2584 conciliante
1285 2560 1326 2583 ac
1351 2547 1504 2581 mittente
1525 2546 1680 2591 despota,

237 2595 297 2640 qui
331 2594 434 2629 etiam
463 2594 527 2628 hac
557 2595 734 2628 occasione
760 2595 899 2630 caninis
930 2600 967 2630 et
999 2596 1156 2640 Corypho
1190 2606 1276 2628 novo
1310 2593 1405 2628 affini
1428 2591 1539 2626 cessit.
1583 2593 1680 2635 post-

238 2652 338 2686 quam
359 2643 470 2674 autem
494 2640 581 2673 idem
602 2640 749 2674 Michael
770 2642 1029 2676 circumventum
1059 2640 1187 2674 insidiis
1216 2640 1407 2684 Philippum
1437 2637 1514 2671 telis
1545 2646 1587 2669 ex
1619 2647 1682 2669 oc-

239 2687 329 2720 culto
351 2685 449 2720 iactis
470 2697 533 2730 per
553 2686 752 2719 subornatos
776 2687 818 2720 ad
841 2688 903 2720 hoc
925 2688 1126 2721 iaculatores
1148 2685 1340 2727 interfecit,
1364 2687 1504 2718 conatus
1525 2680 1580 2714 ille
1601 2680 1680 2727 qui-

239 2732 314 2765 dem
338 2735 390 2765 est
411 2730 547 2765 sceleris
567 2730 620 2765 sui
642 2731 788 2766 fructum
810 2743 951 2776 carpere
974 2732 1112 2767 Caninis
1138 2731 1270 2765 domino
1302 2731 1368 2764 iam
1401 2726 1592 2762 carentibus
1622 2738 1680 2760 re-

239 2777 413 2821 cipiendis.
457 2776 519 2811 sed
540 2788 582 2811 ne
603 2775 639 2810 id
660 2780 797 2820 posset,
828 2777 1030 2812 obstiterunt
1051 2777 1181 2822 reperti
1203 2781 1284 2811 tunc
1303 2775 1373 2808 illic
1393 2773 1470 2807 Itali
1547 2771 1580 2805 ui
1603 2780 1679 2808 cum
1726 2772 1734 2776 ⁹

238 2823 391 2868 Philippo
414 2823 569 2866 fuerant,
598 2821 731 2868 quando
758 2824 812 2857 est
844 2822 986 2858 occisus.
1032 2823 1068 2858 hi
1088 2822 1262 2868 perfidiam
1292 2797 1496 2856 insidlatons
1519 2784 1679 2853 gotestati
