1884 3262
409 214 485 256 DE
519 213 796 256 MICHAELE
831 210 1206 280 PALAEOLQGO
1241 211 1287 253 L.
1318 208 1393 253 VI.
1529 206 1626 254 475

175 324 610 382 συνεκστρατεύσοντα.
683 328 749 369 καὶ
780 326 830 381 δὴ
865 326 945 368 ἐπεὶ
975 327 1042 367 καὶ
1069 324 1182 381 παρὰ
1209 328 1284 367 τοῦ
1299 319 1476 378 Ἰωσήφ,
1514 320 1560 371 ὃς
1579 320 1629 375 δὴ

175 399 231 445 εἷς
256 396 402 450 Χηλὴν
434 394 653 450 ἔξιόριστο,
699 395 863 450 ἠξιοῦτο
893 393 963 450 ἔφ’
999 388 1032 452 ᾧ
1062 394 1361 447 μετοικίζεσθαι
1397 390 1525 449 (εἶναι
1554 389 1631 446 γὰρ

175 465 246 506 τὸν
267 463 393 506 τόπον
415 466 588 519 δυσχερῆ
613 468 904 518 χειμεριοῦσιν,
945 461 999 512 ὡς
1021 464 1086 504 καὶ
1110 464 1227 520 πείρᾳ
1251 460 1369 516 γνοὺς
1399 458 1628 512 ἐμάνθανεν
1652 463 1681 497 Ρ
1706 460 1774 496 325

176 523 390 575 ε’κεῖσετὸν
406 537 586 587 χειμῶνα
607 530 829 586 διενεγκών,
859 529 934 572 κᾶν
958 532 992 572 εἲ
1011 531 1080 572 τὸν
1101 528 1265 572 ἐπιόντα
1287 531 1487 584 διαγαγεῖν
1507 527 1632 582 α’ναγ-

142 599 360 653 5κάζοιτο,
397 600 455 656 μὴ
491 599 540 642 ἂν
578 599 821 654 ἀντισχόντα
856 597 1098 655 περιεῖναι),
1135 599 1303 651 πέμψας
1330 600 1630 650 μετακαλεῖται,

174 671 246 711 καί
269 686 310 724 γε
338 669 443 726 παρ’
480 668 612 725 ἑαυτῷ
641 676 819 722 κατεῖχεν
846 669 887 709 ἐν
923 674 1013 716 ταῖς
1043 673 1223 720 σκηναῖς.
1293 667 1360 707 καὶ
1391 669 1523 707 ταῦτα
1556 665 1631 718 μὲν

175 735 394 791 ἐπράττετο
425 737 554 792 μηνὸς
586 740 983 791 Μαιμακτηριῶνος,
1023 735 1205 777 κάκεῖνον
1233 733 1334 787 ἔχων
1368 733 1470 786 παρ’
1498 731 1630 789 ἑαυτῷ

174 808 240 847 καὶ
275 804 466 855 πολλάκις
499 810 573 859 τῆς
603 803 757 860 ἡμέρας
791 805 951 857 βλέπων
985 802 1307 857 ὑποποιούμενος
1345 803 1628 857 περιέθαλπεν,

174 872 304 928 ἡδέως
323 873 484 916 ἀκούων
505 875 571 915 καὶ
589 878 752 927 πολλοῖς
773 871 906 915 ἀνύων
932 872 988 914 δι’
1014 873 1163 914 ἐκείνου
1189 869 1470 926 μεσιτεύοντος
1491 869 1541 911 τὰ
1565 871 1632 911 αἲ-

122 954 164 987 10
175 940 352 995 τήματα.
421 942 589 995 ἀπένεμε
609 941 656 983 δέ
673 942 710 983 οἱ
731 944 796 983 καὶ
819 941 920 995 πρὸς
938 940 1012 994 τὴν
1031 943 1203 989 ἐσαῦθις
1232 941 1438 981 κατοικίαν
1462 938 1534 991 τὴν
1557 941 1630 980 τοῦ
1653 941 1683 974 Β

175 1012 404 1064 Κοσμιδιόυ
425 1009 567 1063 μονήν.
640 1011 705 1051 καὶ
727 1009 794 1051 διὰ
813 1014 944 1051 ταῦτα
965 1011 1029 1050 καὶ
1048 1007 1068 1051 ὅ
1091 1009 1218 1064 γέρων
1238 1008 1366 1060 ἠπίως
1387 1009 1451 1049 καὶ
1476 1023 1635 1062 προση-

174 1083 255 1127 νῶς
284 1076 557 1133 προσεφέρετό
584 1077 644 1130 οἶ,
684 1076 787 1119 ὥστε
815 1079 880 1118 καὶ
910 1077 982 1119 τὸν
999 1078 1073 1130 μὲν
1093 1076 1264 1128 βασιλέα
1286 1074 1634 1130 χαριεντιζόμενον

173 1148 320 1189 ἐκεῖνον
344 1148 400 1195 εἷς
420 1147 466 1188 τὸ
492 1153 778 1201 πατριαρχεῖον
798 1150 954 1197 καλεῖν,
993 1145 1174 1188 κάκεῖνον
1194 1144 1316 1200 λέγειν
1335 1145 1495 1197 ἕτοιμον
1517 1141 1630 1193 εἶναι,

174 1216 209 1256 εἷ
236 1213 363 1268 μόνον
395 1214 619 1268 ἄναλυθείη
647 1214 699 1256 τὰ
726 1212 931 1269 γεγονότα.
1002 1213 1076 1256 οὐκ
1104 1209 1153 1268 ἦν
1181 1215 1225 1255 δὲ
1249 1212 1330 1267 ἄρα
1350 1211 1440 1255 τότε
1459 1210 1635 1253 λύεσθαι

121 1294 162 1330 15
175 1287 330 1335 ταῦτα,
363 1283 467 1324 ἀλλὰ
491 1285 556 1324 καὶ
577 1278 702 1331 αὖθις
720 1283 811 1324 νέου
830 1280 1039 1338 γεγονότος
1058 1281 1175 1324 πάπα
1194 1287 1266 1324 τοῦ
1287 1279 1495 1323 Νικολάου
1518 1278 1540 1322 ὅ
1560 1280 1634 1333 μὲν

173 1355 334 1406 κρατῶν
356 1354 422 1392 καὶ
442 1349 562 1392 πάλιν
584 1351 680 1400 τούς
700 1350 806 1405 παρ’
829 1352 976 1393 ἐκεῖνον
993 1351 1278 1403 ἐλευσομένους
1298 1349 1479 1402 ἔπεμπεν.
1529 1347 1630 1390 ἆπέ-
1655 1352 1687 1387 C

174 1421 311 1461 στέλλε
343 1420 386 1461 δὲ
413 1419 517 1472 μετὰ
537 1424 669 1461 ταῦτα
689 1420 754 1461 καὶ
775 1418 847 1461 τὸν
866 1423 938 1473 τῆς
959 1420 1171 1474 ἐκκλησίας
1195 1418 1431 1472 δομίστικον
1452 1418 1637 1460 Μανδᾶν

173 1486 197 1541 ἢ
220 1490 285 1528 καὶ
309 1485 569 1541 Μερκούριον
585 1489 641 1537 εἷς
655 1487 706 1530 τὰ
727 1489 814 1542 περὶ
830 1487 1073 1539 Ἀπουλίαν,
1112 1487 1268 1529 ἔννοιαν
1296 1483 1440 1528 δώσων
1469 1486 1632 1533 ἐκείνοις

174 1555 245 1596 τὸν
275 1553 438 1607 πάπαν,
477 1558 511 1597 εἴ
537 1555 596 1609 μὴ
628 1563 778 1598 ποιοῖεν
806 1555 858 1598 τὰ
887 1555 1183 1608 ἐπεσταλμένα·
1220 1557 1274 1604 εἷς
1304 1559 1426 1596 τοῦτο
1458 1555 1524 1595 καὶ
1554 1552 1633 1608 γὰρ

118 1638 164 1671 20
178 1631 259 1672 τοῖς
278 1626 621 1680 ἑκκλησιαστικοῖς
634 1628 821 1682 χρῆσθαι
843 1623 1070 1680 πρέσβεσιν.
1141 1623 1185 1674 ὃς
1212 1625 1278 1666 καὶ
1302 1621 1527 1679 περιπεσὼν
1547 1627 1635 1670 τοῖς

174 1802 376 1847 adiungeret
398 1813 539 1847 eumque
560 1802 594 1837 in
619 1802 834 1850 expeditione
852 1804 1062 1848 sequeretur.
1086 1801 1157 1837 illic
1178 1801 1360 1836 diversanti
1385 1800 1535 1845 perlatae
1554 1811 1635 1845 pre-

174 1860 232 1882 ces
256 1860 276 1882 a
299 1848 442 1893 Iosepho
465 1855 560 1891 sunt,
585 1850 761 1891 exulante,
785 1854 823 1883 ut
846 1849 973 1883 dictum
997 1853 1068 1891 est,
1092 1848 1182 1894 apud
1205 1848 1345 1882 insulam
1369 1848 1517 1889 Chelen3
1545 1847 1636 1880 unde

174 1895 353 1928 transferri
377 1895 539 1938 petebat,
572 1901 730 1930 causatus
762 1895 1009 1929 inclementiam
1031 1894 1123 1929 illius
1146 1894 1230 1928 coeli
1254 1906 1316 1939 per
1338 1893 1478 1928 hiemem
1492 1919 1502 1934 ‚
1538 1893 1634 1926 cuius

170 1940 319 1984 rigorem
344 1940 494 1974 hibernis
517 1940 583 1975 iam
607 1941 684 1975 unis
706 1946 866 1986 expertus
889 1941 1083 1975 affirmabat
1105 1944 1261 1975 constare
1283 1939 1348 1974 sibi
1370 1944 1465 1973 certo
1487 1939 1576 1972 haud
1596 1949 1634 1971 se

173 1997 274 2065 posse
297 1986 395 2020 aliam
417 1986 486 2020 illic
510 1988 648 2021 hiemem
673 1987 742 2021 vita
764 1988 859 2021 salva
880 1988 1083 2026 traducere3
1108 1998 1213 2032 quare
1237 1987 1310 2029 cogi
1334 1996 1469 2019 manere
1488 1984 1559 2018 illic
1582 1983 1635 2017 ni-

201 2034 224 2064 il
247 2032 359 2066 mitius
382 2043 457 2066 esse
480 2044 579 2077 quam
603 2033 723 2067 occidi.
772 2033 824 2067 his
847 2044 995 2066 annuens
1024 2033 1194 2075 Augustus
1219 2032 1334 2066 statim
1357 2031 1555 2065 accersitum
1578 2041 1635 2063 se-

173 2089 249 2111 nem
272 2078 362 2122 apud
386 2089 424 2111 se
446 2078 479 2111 in
503 2079 731 2113 tabernaculis
754 2079 890 2120 habuit,
913 2079 1010 2112 Iunio
1034 2078 1091 2123 qui
1115 2084 1196 2113 ωηο
1216 2081 1374 2112 currebat
1396 2087 1528 2117 mense,
1552 2086 1634 2118 gra-

173 2127 311 2167 tumque
333 2123 497 2168 hospitem
522 2135 640 2159 rursus
663 2125 770 2158 veteri
793 2124 1028 2158 benevolentia
1051 2124 1208 2168 dignatus
1228 2122 1462 2156 humanissime
1479 2121 1631 2162 fovebat,

173 2169 309 2211 saepius
331 2168 367 2202 in
390 2170 445 2202 die
466 2170 597 2212 visens,
622 2171 832 2215 libenterque
854 2182 942 2215 quae
965 2171 1110 2213 rogabat
1133 2170 1291 2210 audiens;
1315 2169 1402 2201 unde
1424 2166 1535 2200 multis
1550 2172 1632 2199 ωηο

175 2214 317 2257 contigit
340 2215 412 2248 eius
435 2215 624 2249 interventu
648 2216 832 2261 impetrare
856 2217 899 2250 ab
922 2217 1127 2261 imperatore
1145 2215 1235 2260 quod
1255 2214 1430 2258 optabant.
1477 2211 1633 2256 assigna-

173 2259 224 2292 vit
247 2265 361 2292 autem
385 2259 418 2292 ei
441 2260 475 2293 in
500 2261 736 2295 habitationem
761 2262 1037 2303 commodiorem,
1076 2272 1144 2306 qua
1166 2261 1325 2303 deinceps
1347 2264 1523 2300 uteretur,
1560 2269 1633 2291 mo-

173 2304 356 2339 nasterium
382 2304 556 2339 Cosmidii.
604 2307 657 2340 his
680 2307 838 2341 delinitus
861 2307 973 2341 senior
996 2307 1129 2352 placide
1151 2306 1340 2350 amiceque,
1365 2302 1555 2338 obliteratis
1579 2303 1633 2336 of-

162 2349 409 2398 tensionibus,
445 2362 518 2384 cum
542 2353 694 2396 Augusto
717 2354 844 2395 agebat
866 2353 940 2397 pari
963 2352 1192 2386 familiaritate
1214 2351 1461 2396 respondente,
1485 2351 1570 2382 adeo
1594 2352 1633 2382 ut

165 2396 318 2441 quodam
343 2395 432 2429 inter
456 2407 514 2430 eos
537 2397 611 2431 eius
633 2399 767 2441 generis
791 2398 953 2442 colloquio
982 2398 1079 2443 quasi
1102 2397 1218 2431 iocans
1240 2397 1423 2441 imperator
1445 2395 1519 2429 seni
1541 2395 1636 2429 dice-

174 2445 229 2476 ret
251 2442 338 2475 velle
360 2453 398 2474 se
421 2441 511 2475 illum
534 2443 756 2487 patriarchali
778 2444 849 2477 sedi
872 2444 1073 2483 restituere3
1109 2443 1162 2476 cui
1194 2443 1325 2488 pariter
1353 2442 1509 2476 renidens
1531 2452 1635 2486 repo-

173 2487 244 2522 suit
278 2487 442 2532 Iosephus
475 2493 629 2532 paratum
663 2489 707 2523 ad
738 2489 772 2522 id
803 2501 842 2522 se
865 2500 959 2530 esse,
993 2489 1090 2522 modo
1111 2489 1176 2522 iarn
1200 2494 1277 2522 acta
1299 2491 1550 2522 revocarentur.
1598 2491 1635 2520 at

172 2533 232 2567 illa
254 2532 289 2566 in
314 2544 386 2566 eam
409 2533 475 2567 iam
498 2534 691 2568 firmitatem
717 2534 934 2575 coaluerant,
957 2540 995 2568 ut
1018 2534 1164 2568 rescindi
1187 2539 1267 2568 tunc
1288 2534 1419 2579 quidem
1444 2532 1632 2577 nequirent.

173 2579 253 2623 quin
286 2579 398 2623 potius
431 2590 522 2616 nova
554 2585 636 2613 tunc
666 2580 821 2613 nuntiata
854 2581 1024 2614 creatione
1054 2592 1165 2626 papae
1190 2580 1343 2621 Nicolai‚
1382 2576 1634 2621 adstringendis

173 2625 296 2658 fortius
318 2624 429 2669 pactis
451 2625 635 2670 imperator
658 2626 808 2659 intentus
829 2625 958 2668 legatos
980 2627 1024 2660 ad
1048 2637 1120 2660 eum
1145 2628 1229 2660 alios
1251 2626 1443 2666 destinavit.
1491 2624 1581 2657 misit
1597 2627 1634 2656 et

173 2669 297 2703 deinde
331 2670 550 2704 domesticum
585 2671 749 2705 ecclesiae
775 2671 932 2705 Mandam
955 2672 1028 2706 sive
1052 2672 1254 2707 Mercurium
1278 2673 1312 2706 in
1337 2676 1454 2716 partes
1476 2668 1631 2713 Apuliae,

174 2715 320 2750 confisus
351 2715 544 2750 inviolatum
574 2718 649 2751 fore
671 2718 714 2751 ob
740 2727 818 2761 pers
846 2720 952 2751 ectum
981 2717 1196 2763 imperatoris
1219 2718 1308 2763 apud
1331 2717 1525 2763 pontificem
1549 2724 1632 2759 gra-

173 2759 267 2794 tiam.
314 2766 351 2794 et
373 2762 453 2806 quia
475 2762 686 2806 intelligebat
707 2761 803 2807 ponti
832 2763 882 2796 cio
912 2764 1029 2798 favore
1060 2764 1301 2808 protegendum
1325 2761 1497 2797 efficacius
1520 2759 1631 2794 eccle-

172 2805 367 2850 siasticum,
402 2808 463 2841 tali
490 2809 599 2853 potius
623 2809 668 2842 ad
694 2819 750 2842 res
774 2808 874 2842 etiam
897 2808 1104 2853 reipublicae
1126 2811 1322 2844 tractandas
1345 2819 1444 2852 quam
1467 2804 1630 2840 saeculari

173 2851 344 2886 utebatur.
390 2864 454 2887 nec
477 2865 557 2899 spes
579 2854 613 2889 in
636 2854 700 2889 hoc
722 2865 798 2888 eum
821 2854 922 2900 plane
944 2866 1007 2890 sua
1028 2855 1166 2890 fefellit:
1191 2867 1267 2890 nam
1290 2865 1365 2888 cum
1388 2852 1547 2887 Mundam
1569 2862 1630 2885 rex
