1846 3262
220 244 287 289 >20
630 239 863 285 GEORGII
906 237 1262 284 PACHYMERIS

221 374 292 414 γον
309 356 514 411 μαχαίρας
532 350 764 411 γεγονότων,
801 357 883 397 τῶν
906 355 951 397 δὲ
967 355 1032 397 καὶ
1054 348 1436 409 προσχωρησάντων
1456 357 1542 401 τοῖς
1561 352 1678 393 ἐναν-

223 427 349 477 τίοις,
388 424 523 466 ἄλλων
554 424 598 465 δὲ
630 424 696 465 καὶ
729 423 910 477 ἀλλαχοῦ
938 440 1044 474 που,
1082 421 1163 464 ἐπεὶ
1185 421 1259 464 οὐκ
1278 417 1327 475 ἦν
1355 422 1477 463 ἐκεῖσε
1497 420 1679 475 προσμέ-

169 509 201 543 Ῑ)
224 510 338 537 νουσι
368 491 522 548 φευκτά
552 491 605 534 τὰ
637 489 776 544 δεινά,
814 489 1139 546 μετοικησάντων
1171 492 1236 532 καὶ
1259 487 1313 539 ὥς
1337 487 1441 543 εἶχον
1463 486 1678 543 διαγαγόν-

225 579 305 604 των
326 560 395 603 τόν
413 562 519 615 βίον,
556 560 662 603 κατὰ
685 559 839 615 πολλὴν
859 561 903 602 δὲ
923 564 997 603 τοῦ
1018 557 1272 607 κωλύσοντος
1291 559 1462 613 ἐρημίαν
1484 556 1678 610 κατέσχον

225 631 264 672 οἳ
297 630 469 672 ἐναντίοι
495 628 545 671 τὰ
576 625 845 684 ὀχυρώματα,
890 630 932 679 ἐξ
965 622 1022 671 ὧν
1040 629 1106 670 καὶ
1126 626 1385 682 κατατρέχειν
1405 623 1542 667 οἷοίτ’
1572 620 1711 678 ἦσανό

224 696 364 747 ὁσάκις
391 692 441 752 ἦν
471 697 609 747 αὐτοῖς
635 697 921 751 βουλομένοις,
957 698 1023 739 καὶ
1047 700 1180 745 κακῶς
1205 702 1330 738 ποιεῖν
1350 693 1425 747 οὐχ
1451 691 1562 742 ὅπως
1582 693 1681 742 τοὺς

222 763 489 821 προσχώρους
512 766 653 822 (τοῦτο
683 765 759 822 γὰρ
790 764 896 820 εἶχον
927 762 1124 821 αὐτόθεν)
1156 764 1259 806 ἀλλά
1291 765 1357 806 καὶ
1380 757 1436 805 ὧν
1455 763 1496 812 ἐς
1515 761 1679 818 μακρὰν

222 835 401 889 ἀπεῖχον.
470 841 556 884 τοῖς
586 834 630 876 δὲ
659 838 742 877 τῶν
764 832 973 887 Ῥωμαίων
1004 830 1303 888 στρατεύμασιν
1323 831 1519 885 ἀσχολίαν
1537 836 1679 887 παρεῖ-

220 921 295 958 χον
328 903 376 946 οὗ
407 902 481 958 τὴν
514 906 743 957 τυχοῦσαν,
792 902 896 958 πρὸς
922 902 1094 951 ἐκείνους
1125 901 1193 957 ἐφ’
1229 895 1338 959 ᾧπερ
1361 902 1532 953 ἐπισχεῖν
1553 899 1593 948 ἐς
1619 898 1680 941 ἀεὶ

173 981 205 1015 Ε
229 971 418 1029 ῥέπουσι,
455 972 521 1013 καὶ
539 975 619 1014 τῶν
636 970 770 1014 ἄλλων
789 969 1003 1026 ἀφεμένοις
1021 970 1095 1012 οὐκ
1117 970 1251 1025 ὀλίγης
1265 966 1497 1026 χρῃζόντων
1518 968 1678 1009 ἐπικου-
1692 974 1735 1008 10

223 1042 335 1096 ρίας,
373 1041 439 1082 καὶ
467 1043 625 1092 μᾶλλον
653 1043 736 1082 τῶν
770 1039 871 1096 πρὸς
903 1037 1042 1091 δύσιν,
1088 1037 1114 1080 ἃ
1146 1038 1196 1092 δὴ
1228 1040 1292 1080 καὶ
1314 1037 1574 1080 κενωθέντων
1596 1040 1679 1078 τῶν

223 1109 475 1151 ἀνατολικῶν
505 1109 626 1150 ἐκεῖσε
655 1105 807 1158 τάξεων
838 1107 917 1162 πρὸ
949 1107 1089 1155 τέλους
1112 1105 1137 1162 ἢ
1169 1111 1301 1149 ταῦτα
1325 1106 1514 1161 γενέσθαι
1538 1103 1595 1158 μὴ
1616 1102 1679 1147 ὅτι

221 1194 263 1232 γε
286 1176 339 1219 τὰ
361 1175 443 1235 ἑῷα
463 1177 780 1232 προσεζημίουν,
820 1175 924 1218 ἀλλά
948 1177 1014 1218 καὶ
1034 1174 1132 1217 κατ’
1160 1174 1267 1217 αὐτὰ
1290 1171 1453 1229 ἀπόρως
1471 1172 1576 1227 εἶχον
1597 1176 1679 1214 τῶν

223 1248 396 1287 δυτικῶν
426 1246 524 1287 ποτὲ
552 1245 625 1299 μὲν
656 1244 725 1301 ἐφ’
763 1242 870 1298 ἡμᾶς
909 1244 1007 1286 ποτὲ
1037 1243 1080 1286 δ’
1111 1242 1177 1285 ἐπ’
1214 1243 1387 1292 ἐκείνους
1407 1241 1677 1297 τρεπομένων,

222 1315 288 1356 καὶ
307 1318 357 1369 τῇ
378 1317 451 1368 τῆς
469 1310 630 1369 γνώμης
650 1313 828 1372 ἀστασία
850 1312 994 1367 τριβὴν
1011 1308 1288 1365 ἐμποιούντων
1311 1318 1397 1360 τοῖς
1413 1309 1674 1365 ἀμφοτέροις,
1691 1316 1733 1351 15

222 1380 279 1431 ὥς
297 1379 512 1434 παρόντων
537 1382 611 1435 μὲν
634 1385 716 1424 τῶν
746 1379 1063 1436 στρατευμάτων
1087 1381 1210 1436 χωρὶς
1238 1378 1464 1422 ’ὗποκλίνειν
1486 1376 1676 1437 ἀνάγκης,

220 1449 434 1504 ἀνακωχῆς
464 1451 508 1492 δὲ
532 1449 744 1505 γενομένης
774 1451 838 1491 ἐπὶ
864 1448 1033 1505 σμικρὸν
1069 1448 1171 1504 πρὸς
1202 1446 1362 1504 θάτερα
1382 1443 1507 1497 αὖθις
1526 1447 1679 1506 ῥᾳδίως

219 1518 465 1574 τρέπεσθαι,
514 1519 548 1560 εἲ
576 1516 703 1572 μόνον
733 1517 830 1560 ἴοιεν
860 1517 961 1572 μεθ’
996 1515 1132 1559 ὅπλων
1158 1516 1225 1559 ἐπ’
1259 1515 1422 1566 αὐτούς.
1493 1514 1602 1558 οὕτω
1629 1514 1673 1557 δ’

103 1597 132 1631 Ρ
158 1598 200 1632 10
226 1584 399 1641 ἐχόντων
419 1590 501 1629 τῶν
519 1590 593 1640 τῆς
612 1586 814 1645 ἀνατολῆς
835 1588 900 1629 καὶ
918 1584 1027 1629 οὕτω
1045 1590 1126 1628 τῶν
1154 1587 1360 1642 δυσχερῶν
1391 1581 1604 1637 ἐπιόντων,
1636 1584 1678 1632 ἐς

221 1654 243 1698 ὃ
264 1653 388 1709 τύχης
405 1653 575 1710 ’ὕστερον
598 1654 649 1697 τά
673 1659 780 1697 κεῖθι
791 1652 1012 1711 πράγματα
1032 1651 1274 1710 προύβησαν
1297 1655 1470 1703 ἐσαῦθις
1488 1654 1672 1709 ἐροῦμεν,
1686 1658 1732 1693 20

219 1722 470 1779 προσθέντες
489 1724 554 1764 καὶ
577 1722 651 1773 τὰς
683 1724 838 1773 αι’τιάς·
874 1722 973 1772 τέως
992 1722 1034 1764 δ’
1067 1718 1141 1765 οὖν
1160 1720 1484 1775 ἐπαναλαβόντες
1507 1720 1578 1764 τὸν
1603 1718 1676 1763 λό-

220 1808 314 1847 γον,
362 1791 436 1846 τῆν
468 1789 621 1848 ἀρχήν,
658 1792 701 1844 ἐξ
734 1786 857 1850 οὗπερ
885 1792 953 1834 καὶ
975 1790 1023 1834 οὗ
1048 1797 1184 1848 χεῖρον
1206 1790 1431 1849 ἄρχεσθαι,
1467 1787 1675 1844 μεταστή-

221 1877 359 1915 σομεν.

312 1956 346 1991 6.
368 1952 456 2001 ὅπερ
479 1955 522 1990 P.

222 2058 289 2093 que
320 2046 398 2092 pari
433 2058 476 2081 ac
508 2046 604 2093 prius
627 2057 752 2081 summa
776 2047 939 2093 pecuniae
962 2046 1125 2082 militibus
1157 2047 1440 2090 numerabantur,
1464 2045 1547 2092 quin
1573 2045 1676 2081 etiam

221 2092 316 2128 missi
340 2105 380 2127 eo
406 2092 509 2127 certis
532 2093 721 2127 intervallis
744 2093 847 2128 duces
882 2095 1091 2128 cxercituum
1115 2093 1264 2138 praedae
1288 2105 1330 2127 ex
1354 2094 1453 2127 hoste
1476 2097 1598 2137 partae
1623 2093 1677 2126 di-

221 2139 352 2173 visores
382 2149 420 2173 se
453 2139 720 2181 constituerunt,
751 2143 847 2184 parte
881 2140 1041 2175 videlicet
1074 2139 1192 2174 maiori
1218 2139 1282 2173 sibi
1306 2139 1390 2184 ipsis
1413 2143 1582 2183 excepta,
1606 2138 1678 2173 Ro-

221 2196 393 2219 manorum
428 2184 517 2219 illum
551 2185 688 2219 limitem
720 2186 884 2220 tuentium
916 2186 1097 2220 multitudo
1130 2185 1227 2219 varie
1255 2185 1387 2230 dilapsa
1409 2190 1676 2229 consumptaque

224 2235 297 2271 est,
322 2230 494 2276 plerisque
516 2231 643 2270 caesis,
669 2231 876 2277 multis-qua
900 2232 935 2266 vi
958 2243 1025 2278 qua
1048 2236 1169 2266 coacta
1192 2231 1365 2265 deditione
1388 2230 1477 2265 hosti
1501 2230 1676 2264 subiectis.

222 2275 273 2310 sic
297 2276 427 2310 demum
450 2287 548 2311 arces
570 2276 606 2311 in
630 2277 809 2311 Persarum
832 2282 999 2312 venerunt
1023 2282 1251 2322 potestatem;
1282 2288 1323 2311 ex
1348 2277 1472 2321 quibus
1495 2287 1677 2321 erumpen-

222 2327 276 2356 tes
307 2326 450 2366 agerent
481 2323 678 2368 ferrentque
708 2323 891 2358 Romanum
922 2324 1059 2358 limitem
1098 2323 1229 2369 quoties
1269 2323 1411 2364 liberet,
1445 2321 1675 2366 Romanisque

224 2368 430 2402 exercitibus
459 2369 721 2403 molestissimum
753 2370 924 2415 negotium
956 2370 1180 2416 praeberent,
1209 2369 1295 2411 alia,
1319 2369 1521 2414 praesertim
1544 2367 1578 2402 in
1603 2368 1675 2402 Oc-

223 2412 329 2447 ciduis
361 2414 536 2468 partibus,
572 2415 781 2460 quantumvis
816 2416 974 2461 urgentia
1003 2420 1041 2451 et
1071 2427 1138 2461 ope
1158 2415 1213 2449 vel
1235 2416 1379 2450 maxime
1401 2413 1610 2458 indigentia,
1634 2416 1674 2448 ut

223 2458 277 2493 his
303 2460 527 2502 obsmterent,
561 2461 718 2496 omittere
751 2463 889 2496 coactis.
935 2474 1024 2508 quae
1057 2466 1132 2496 erat
1159 2461 1281 2495 misera
1313 2466 1349 2495 et
1379 2460 1587 2506 reipublicae
1611 2459 1675 2493 da-

223 2516 340 2540 mnosa
361 2505 503 2540 iactatio
527 2506 699 2551 copiarum
723 2513 929 2551 nostrarum,
962 2520 1050 2542 nunc
1073 2519 1094 2542 a
1118 2508 1257 2550 Persis,
1282 2518 1356 2542 cum
1379 2517 1438 2541 eos
1460 2506 1587 2540 minuto
1610 2515 1675 2538 nu-

223 2562 316 2585 mero
341 2551 429 2585 citra
459 2563 612 2597 magnum
644 2552 829 2598 periculum
851 2554 1018 2588 instantes
1043 2558 1241 2597 cernerent,
1274 2554 1319 2588 ad
1343 2554 1509 2587 Romanos
1531 2562 1569 2586 se
1591 2561 1675 2585 con-

223 2597 452 2638 vertentium,
476 2609 592 2632 rursus
615 2610 688 2633 cum
711 2600 827 2634 redire
849 2600 950 2634 iidem
973 2600 1135 2634 fortiores
1157 2599 1512 2643 formidolosioresque
1534 2595 1672 2631 nuntia-

222 2646 361 2685 rentur-3
392 2654 432 2677 eo
455 2644 719 2689 respectantium
743 2650 882 2691 totaque
912 2646 947 2681 vi
971 2646 1242 2687 occurrentium,
1271 2646 1338 2680 ista
1361 2645 1505 2690 quadam
1529 2642 1672 2677 incerti-

222 2689 341 2723 tudine
374 2688 585 2724 consiliorum
620 2701 662 2724 ac
692 2690 880 2726 desultoria
916 2691 1153 2726 vicissitudine
1184 2692 1330 2727 bellandi
1353 2701 1505 2735 magnam
1527 2687 1671 2723 securim

222 2733 401 2779 infligente
432 2736 645 2771 successibus
675 2747 717 2771 ac
747 2737 989 2783 tranquiilitati
1019 2737 1186 2784 publicae.
1233 2738 1298 2773 boc
1326 2741 1422 2772 statu
1444 2734 1671 2771 Orientalium

222 2789 355 2822 rerum,
378 2783 415 2814 et
436 2780 472 2814 in
494 2781 582 2816 hunc
606 2781 735 2817 modum
757 2782 992 2828 ingruentibus
1015 2783 1187 2827 adversis,
1211 2795 1277 2829 quo
1299 2782 1434 2818 tandem
1456 2791 1512 2816 res
1536 2785 1672 2816 nostras

221 2824 359 2859 fortuna
383 2826 580 2872 detruserit,
605 2827 766 2874 deinceps
787 2829 981 2864 narrabitur
1004 2829 1171 2876 expositis
1192 2833 1372 2866 eventuum
1393 2827 1517 2863 causis.
1565 2826 1672 2862 adeo-

221 2881 291 2916 que
314 2871 393 2907 hinc
414 2877 547 2919 sumpto
573 2874 712 2910 exordio
735 2874 909 2911 historiam
930 2875 1191 2922 auspicabimur.
