1884 3262
561 178 665 229 ΗΒ.
682 182 758 230 111.
811 177 1305 236 CHRONOLO'GICUS,
1557 180 1589 233 ‘7
1592 189 1655 234 01

190 295 281 335 nuis
308 293 400 333 belli
427 293 598 334 motibus
618 301 659 335 et
672 294 802 334 morbi
821 294 1099 339 molestissimi
1100 308 1214 350 saepe
1227 295 1405 349 repetitis
1419 295 1657 349 gravissimis

190 351 478 391 tentationibus
496 358 630 392 actum
647 364 739 392 cum
755 352 841 392 vita
861 351 1020 392 finitum
1041 358 1100 392 est
1119 366 1225 393 anno
1245 354 1387 393 aetatis
1404 357 1459 396 36
1475 354 1657 394 nondum

186 409 398 461 completo.

301 466 415 514 Quae
431 471 564 504 tamen
585 478 676 504 cum
695 478 778 504 non
796 465 889 504 satis
912 464 1132 518 distinguat
1150 465 1431 518 Pachymeres,
1460 472 1502 505 et
1523 467 1659 507 statim

186 529 280 575 post
306 522 542 574 descriptam
570 528 740 561 mortem
767 521 969 561 Theodori
1001 522 1051 561 de
1074 522 1142 561 illa
1161 523 1294 575 eclipsi
1316 536 1536 562 sermonem
1554 523 1659 563 infe-

186 586 275 628 rat,
304 579 404 618 nihil
421 579 470 617 de
488 580 601 617 initio
622 578 776 631 imperii
792 579 1036 631 significans,
1063 578 1208 618 iustam
1229 586 1335 619 certe
1362 594 1443 619 non
1460 580 1659 621 aliud'at-

185 636 444 675 tendentibus
472 636 616 674 erroris
647 649 806 675 causam
837 635 961 675 dedit.
1018 641 1059 673 at
1078 636 1110 674 si
1131 637 1219 687 quis
1242 650 1327 676 rem
1349 643 1497 676 attente
1524 638 1657 677 consi-

187 693 389 732 deraverit
408 698 449 731 et
471 706 562 731 cum
575 692 741 731 historia
755 692 860 731 illius
879 693 1070 745 temporis
1089 694 1325 745 contulerit,
1354 694 1396 733 in
1417 694 1464 732 iis
1485 695 1656 734 tenebris

182 749 312 788 lucem
334 749 518 788 inveniet.
575 750 631 787 sic
650 756 780 788 autem
801 762 886 788 eam
906 750 1094 803 explica·

295 806 529 846 Theodorus
546 806 710 845 vivendi
725 806 844 845 finem
860 807 956 845 fecit
973 820 1079 845 anno
1098 805 1244 845 Christi
1264 807 1384 858 1259,
1414 820 1546 847 mense
1565 808 1653 847 Au·-

182 868 309 914 gusto.
367 862 557 902 historiae
577 863 701 901 totius
719 862 818 902 haec
841 863 939 902 fides
953 869 1037 913 est,
1073 863 1122 902 de
1140 877 1219 915 qua
1241 864 1425 906 dubitare
1440 879 1521 904 non
1545 866 1652 905 licet.

181 918 443 972 Pachymeres
472 919 516 958 id
547 921 708 968 asserit,
738 933 829 958 cum
860 921 914 959 ait
939 921 1091 959 factum
1122 927 1310 972 vergente
1337 921 1379 960 in
1413 922 1653 962 autumnum

181 990 299 1026 anno,
320 989 460 1028 nempe
475 977 580 1015 inter
597 976 811 1016 solstitium
829 978 1021 1016 aestivum
1041 984 1082 1015 et
1100 978 1390 1028 aequinoctium
1410 980 1650 1019 autumnale.

181 1033 416 1072 Theodorus
443 1033 597 1072 initium
618 1033 813 1084 regnandi
831 1034 925 1072 fecit
943 1046 1048 1071 anno
1069 1033 1218 1072 Christi
1238 1034 1366 1083 1255,
1395 1042 1509 1087 patre
1535 1050 1649 1075 mor-

178 1095 251 1128 tuo
281 1090 355 1128 sub
379 1090 498 1127 finem
522 1090 724 1139 Octobris,
755 1103 835 1128 non
864 1090 1064 1129 declarato
1088 1090 1169 1129 filio
1191 1104 1436 1141 successore,
1466 1093 1534 1143 qui
1554 1093 1648 1132 ideo

177 1146 332 1185 tardius
350 1146 518 1195 electus,
548 1147 723 1186 elevatus
741 1146 783 1185 in
803 1147 961 1199 clypeo,
992 1153 1139 1185 unctus
1157 1153 1198 1185 et
1219 1154 1432 1187 coronatus
1453 1155 1531 1199 est,
1560 1156 1648 1188 tum

176 1208 343 1256 propter
360 1203 517 1242 diversa
539 1203 675 1255 populi
696 1203 826 1242 studia
837 1234 849 1253 ,
877 1210 965 1242 tum
982 1203 1033 1242 ob
1051 1203 1244 1242 Manuelis
1258 1205 1508 1256 patriarchae
1526 1206 1647 1257 paulo

178 1267 270 1298 ante
286 1260 435 1298 mortui
457 1260 715 1310 desiderium,
743 1259 954 1312 Nicephori
969 1260 1011 1298 in
1027 1260 1110 1299 eius
1128 1261 1260 1299 locum
1280 1261 1395 1299 electi
1414 1263 1647 1302 modestiam

177 1316 221 1355 in
249 1316 469 1355 recusanda
491 1316 699 1368 dignitate,
730 1330 776 1355 ac
805 1317 960 1355 Arsenii
983 1317 1146 1355 tandem
1165 1317 1299 1356 vocati
1319 1318 1370 1356 ad
1389 1320 1648 1370 unguendum

179 1379 220 1411 et
247 1373 518 1412 coronandum
547 1374 826 1425 imperatorem
851 1373 1068 1426 longiorem
1087 1387 1261 1421 moram,
1290 1388 1390 1427 quae
1409 1376 1540 1414 omnia
1561 1378 1647 1415 suse

178 1429 410 1469 describunt
438 1429 682 1482 Nicephorus
710 1431 902 1482 Gregoras
929 1431 1045 1469 initio
1065 1431 1092 1469 l.
1109 1435 1137 1473 2
1155 1437 1195 1469 et
1214 1432 1403 1483 Georgius
1419 1434 1648 1485 Acropolita

178 1499 212 1526 c.
228 1486 294 1529 53.
354 1486 589 1526 Theodorus
613 1487 745 1526 statim
769 1487 884 1526 initio
906 1488 1014 1538 regni
1033 1487 1186 1526 infestis
1206 1487 1316 1526 bellis
1339 1495 1477 1528 contra
1500 1491 1646 1542 Bulga-

177 1556 244 1582 ros
275 1549 316 1582 et
343 1543 550 1582 Thessalos
573 1557 699 1595 usque
730 1544 780 1583 ad
806 1545 910 1583 vitae
935 1544 1084 1582 exitum
1102 1544 1311 1584 infeliciter
1331 1555 1546 1599 occupatus
1565 1554 1647 1586 est:

177 1600 414 1640 difficillimis
445 1601 608 1652 negotiis
630 1601 874 1653 implicatus,
916 1601 1200 1653 suspicionibus
1230 1607 1271 1640 et
1296 1601 1463 1642 humore
1491 1604 1646 1642 melan-

175 1656 329 1696 cholico
357 1657 409 1696 ad
430 1658 624 1709 quaedam
646 1672 716 1696 sua
735 1659 937 1696 maiestate
956 1658 1118 1710 indigna
1144 1659 1260 1698 etiam
1283 1659 1474 1699 adversus
1498 1661 1647 1700 aulicos

176 1713 364 1765 dignitate
383 1720 423 1752 et
442 1714 521 1753 fide
541 1727 630 1766 erga
647 1728 737 1753 eum
756 1720 999 1767 praestantes
1018 1717 1285 1768 perpetranda
1303 1716 1512 1768 adductus,
1542 1717 1647 1757 vixit

174 1771 459 1810 miserabiliter.
517 1771 750 1810 Theodorus
787 1772 902 1823 longa
942 1772 1103 1811 tandem
1138 1774 1261 1812 macie
1297 1775 1523 1824 consectus,
1548 1780 1644 1814 'toto

175 1840 341 1892 corpore
359 1828 539 1880 exangui,
561 1829 710 1867 frustra
726 1831 890 1867 tentatis
908 1827 1089 1867 omnibus
1106 1828 1288 1869 humanis
1304 1831 1498 1882 remediis,
1528 1838 1644 1870 extra

173 1885 330 1935 regiam,
348 1885 390 1923 in
409 1885 521 1936 gravi
537 1885 650 1924 luctu
666 1886 930 1938 poenitentiae
952 1891 991 1923 et
1006 1885 1148 1925 habitu
1162 1887 1355 1939 religioso,
1377 1888 1515 1926 dolens
1533 1888 1643 1939 quod

174 1940 376 1980 Christum
396 1942 640 1992 deseruisset,
669 1956 788 1994 regno
814 1943 929 1981 simul
952 1949 991 1980 et
1006 1944 1088 1982 vita
1107 1944 1288 1996 privatur
1309 1945 1351 1982 in
1373 1946 1508 1983 aetatis
1527 1946 1639 1995 flore,

173 2011 278 2036 anno
305 1993 463 2037 tantum
491 1997 604 2038 sexto
628 2013 747 2052 supra
769 2000 1035 2051 trigesimum,
1063 2001 1215 2052 imperii
1239 2000 1639 2051 quarto.T11eod0-

172 2067 242 2093 rus
270 2054 523 2095 vehementer
551 2057 693 2095 anxius
722 2057 770 2095 de
799 2057 879 2095 fide
908 2063 948 2094 et
979 2057 1150 2095 amicitia
1178 2057 1377 2095 Michaelis
1407 2058 1636 2110 Palaeologi,

173 2110 295 2148 filiolo
331 2113 382 2149 ad
410 2113 563 2164 imperii
591 2114 856 2165 gubernacula
884 2113 1017 2163 inepto
1042 2113 1116 2151 sub
1139 2113 1307 2151 hominis
1328 2113 1484 2152 obscuri
1502 2120 1541 2153 et
1562 2116 1637 2153 sub

172 2167 421 2219 patriarchae
441 2169 580 2217 tutela,
610 2170 661 2208 ad
681 2170 870 2208 invidiam
890 2169 1108 2221 dignitatis,
1138 2183 1216 2221 qua
1235 2169 1347 2208 brevi
1370 2170 1544 2209 deiectus
1563 2178 1634 2223 est,

172 2224 333 2271 relicto,
365 2231 644 2264 testamentum
666 2227 847 2265 condidit
869 2226 910 2264 in
938 2226 1104 2277 gratiam
1120 2227 1268 2266 tutoris
1286 2227 1390 2266 illius
1404 2227 1634 2278 Muzalonis,

173 2293 290 2331 quem
314 2282 583 2320 Romanarum
606 2295 742 2321 rerum
771 2283 976 2322 dominum
996 2283 1279 2333 constituebat,
1308 2284 1441 2335 quoad
1461 2285 1564 2324 iilius
1584 2286 1637 2324 ad

171 2338 387 2390 perfectam
407 2340 578 2378 venisset
604 2345 789 2390 aetatem,
820 2354 910 2379 cum
934 2340 1160 2390 gravissima
1180 2353 1388 2393 procerum
1410 2342 1634 2393 offensione,

174 2407 293 2444 quam
327 2401 460 2434 secuta
500 2401 558 2434 est
595 2395 751 2448 imperii
785 2396 1034 2448 perturbatio
1070 2402 1111 2434 et
1138 2397 1178 2435 in
1210 2395 1414 2437 Michaelis
1448 2399 1636 2438 familiam

171 2451 354 2489 transitio
382 2451 660 2491 crudelissima.
717 2453 795 2491 suit
814 2453 880 2492 hic
901 2453 1142 2492 miserrimus
1162 2454 1362 2494 Theodori
1382 2456 1490 2508 regni
1511 2463 1551 2494 et
1569 2457 1637 2495 vi-

171 2513 236 2545 tae
255 2513 382 2546 status
401 2515 441 2547 et
456 2509 638 2548 luctuosa
663 2510 801 2548 mortis
820 2510 1018 2558 conditio,
1050 2524 1168 2562 quam
1191 2512 1351 2551 brevius
1377 2512 1633 2565 NicephoruS,

171 2564 297 2602 fusius
320 2565 548 2617 Acropolita
579 2565 784 2615 describit,
814 2566 883 2617 qui
913 2580 1003 2605 cum
1026 2566 1181 2620 imperii
1207 2568 1407 2621 logotheta
1434 2570 1633 2618 existeret,

170 2621 354 2671 frequens
382 2622 610 2674 imperatori
633 2623 787 2661 ratione
815 2623 935 2662 officii
960 2623 1121 2676 aderat,
1149 2631 1190 2664 et
1215 2639 1314 2677 quae
1341 2639 1522 2679 praesens
1546 2599 1634 2665 fieri

170 2677 331 2717 videbat
351 2692 490 2730 magna
507 2679 587 2718 fide
604 2685 645 2718 et
666 2679 864 2731 diligentia
883 2686 1035 2724 narrat.

282 2736 347 2775 VI.
402 2735 511 2775 Haec
539 2736 660 2788 igitur
687 2737 852 2777 voluit'
839 2738 1039 2777 msinuare
1053 2737 1333 2791 Pachymeres,
1364 2751 1454 2777 cum
1475 2737 1634 2790 scripsit

170 2790 332 2831 infelicis
359 2793 469 2846 regni
498 2798 537 2831 et
566 2793 738 2832 luctuosi
766 2795 894 2834 obitus
924 2793 1124 2834 Theodori
1152 2795 1434 2847 praenuntiam
1458 2796 1631 2847 extitisse

170 2848 429 2890 defectionem
444 2850 535 2890 solis
548 2848 796 2891 horribilem·
787 2882 800 2904 ,
830 2864 930 2905 quae
947 2852 1019 2892 sub
1038 2852 1195 2892 initium
1211 2852 1320 2905 regni
1339 2852 1420 2891 eius
1436 2853 1540 2892 sacta
1557 2859 1627 2902 est,
