1846 3262
438 157 514 200 DE
543 155 822 200 MICHAELE
853 154 1232 199 PALAEOLOGO
1268 157 1313 198 L.
1350 155 1408 198 Π.
1557 156 1651 201 135

185 270 241 322 ὥς
273 269 340 314 ἐπ’
370 270 523 321 αὐτοὺς
550 269 843 326 εὐτρεπίζοιτο,
878 270 945 311 καὶ
978 269 1018 311 οἶ
1037 270 1391 326 ταχυδρομοῦντες
1411 269 1651 323 ἐπέμποντο.

183 340 339 396 μισθὸς
359 339 402 382 δ’
430 335 483 396 ἦν
510 347 597 389 τοῖς
630 339 842 395 ἇγγελοῦσι
869 341 1025 389 ταῦτα,
1065 339 1100 380 εἴ
1117 336 1384 381 κινδυνεύοιεν
1401 335 1651 393 ἐνιστάμενοι

184 411 252 452 καὶ
280 409 355 464 τὴν
386 413 468 452 τῶν
494 406 707 462 Ῥωμαίων
736 406 865 462 ἀρχὴν
891 399 1176 449 ἀνυπόστατον
1203 411 1327 450 πᾶσιν
1357 405 1650 463 ὁμολογοῦντες
1672 413 1705 448 D

185 477 323 522 ἔθνεσι
345 510 357 529 ,
401 479 560 532 δαψιλῆ
586 478 739 525 τέκνοις
764 475 974 531 σφετέροις
1001 476 1069 516 καὶ
1095 477 1250 531 γυναιξὶ
1271 477 1494 532 σιτηρέσια.
1565 474 1651 519 εἶτα

155 547 231 593 5δέ
248 554 336 596 τοῖς
366 547 559 602 πρέσβεσι
589 541 913 602 προσελαύνουσι
942 543 1112 598 πέμψας
1139 544 1238 593 τούς·
1262 542 1575 600 ὗπαντήσοντας
1597 543 1652 595 ὥς

185 618 315 671 δῆθεν
336 617 403 657 καὶ
424 617 539 671 σφίσι
555 614 631 663 τὰς
647 612 771 662 ὁδοὺς
794 609 1018 668 ὄδηγῆσαι,
1056 611 1117 654 δι’
1145 610 1207 655 ὅτι
1225 611 1448 669 δυσχῶρων
1469 615 1652 670 ἐξεπίτη-

188 686 251 734 δες
283 682 421 727 τόπων
450 684 624 732 ἐκείνους
656 678 905 735 διαβιβάζειν
934 679 1204 735 προσέταττε,
1240 681 1317 724 κᾶν
1338 699 1399 731 τις
1418 681 1650 726 ἄποκναίων

186 751 349 810 ἐρωτῴη
377 753 452 806 τὴν
481 751 734 806 δυσχωρίαν,
784 747 894 792 οὕτω
921 754 1060 792 πᾶσαν
1088 749 1190 804 ἔχειν
1219 749 1294 804 τὴν
1323 754 1396 805 τῆς
1424 749 1651 805 Ῥωμαΐδος

184 826 257 876 γῆν
282 822 600 876 ἀποκρίνεσθαι,
638 814 695 869 ἶῦς
715 817 887 872 ἑτοίμως
910 816 1086 873 ἐχόντων
1107 822 1166 877 τῷ
1185 818 1244 873 μὴ
1267 819 1411 861 εἰδέναι
1434 818 1645 864 πιστεύειν.

133 900 176 934 10
187 891 266 932 ἐπεὶ
285 891 330 932 δὲ
350 891 416 932 καὶ
436 889 539 944 πρὸς
553 888 727 942 βασιλέα
747 886 880 930 πολλοὶ
900 886 1141 937 πονέσαντες
1159 888 1467 944 παραγένοιντο,
1497 891 1640 943 τηνίκα
1665 902 1695 936 Ε

185 961 251 1001 καὶ
270 958 366 1001 ἄλλ’
396 957 502 1000 ὂίττα
521 957 681 1014 φοβερὰ
701 954 859 1001 ὑπενόει
881 953 937 1005 ὥς
959 955 1105 998 αὐτίκα
1124 958 1191 998 καὶ
1213 958 1257 999 ἐκ
1276 961 1349 1011 τῆς
1378 957 1482 1007 θέας
1509 956 1647 1014 φοβή-

185 1043 282 1070 σων.
350 1027 540 1069 ἐπέταττε
579 1025 660 1082 γὰρ
699 1025 774 1074 τὰς
813 1022 1007 1078 δυνάμεις
1048 1026 1090 1066 ἓν
1119 1024 1260 1083 ταύτῷ
1294 1029 1529 1079 συνελθεῖν,
1578 1029 1645 1069 καὶ

184 1093 455 1144 ὁπλισθέντας
483 1094 589 1137 κατὰ
620 1091 809 1151 φρήτρας
839 1095 906 1135 καὶ
931 1097 1050 1150 φῦλα
1071 1095 1138 1135 καὶ
1157 1092 1308 1148 τάξεις,
1340 1095 1382 1136 ἓν
1403 1102 1546 1145 ποσοῖς
1566 1098 1647 1138 τισὶ

183 1168 265 1206 τῶν
282 1162 387 1206 ὁδῶν
406 1161 679 1218 διαστήμασιν
700 1162 942 1215 ἱσταμένους
961 1159 1277 1219 καταφράκτους
1294 1161 1473 1222 σιδήρῳ,
1511 1162 1645 1220 φόβον

130 1243 172 1277 15
185 1233 288 1276 κατὰ
307 1232 470 1283 παιδιὰς
491 1233 680 1289 ἐμποιεῖν.
751 1230 799 1275 τὸ
822 1230 869 1274 δέ
883 1248 926 1288 γε
949 1235 1022 1287 τῆς
1039 1233 1254 1290 γερουσίας
1272 1234 1339 1275 καὶ
1371 1231 1469 1276 ὅσον
1491 1228 1541 1288 ἦν
1562 1237 1644 1277 τῶν

180 1426 220 1450 se
251 1417 294 1449 ad
324 1413 521 1449 movendum
550 1412 585 1447 in
618 1424 677 1448 eos
699 1412 835 1448 infestis
859 1412 977 1459 signis.
1024 1412 1059 1450 hi
1092 1413 1148 1449 alii
1171 1425 1273 1461 super
1296 1414 1380 1449 alios
1404 1413 1503 1448 varie
1525 1413 1639 1448 mitte-

180 1461 307 1495 bantur
337 1472 436 1506 quam
467 1459 701 1503 velocissime,
735 1471 809 1494 cum
849 1460 1014 1494 mandatis
1050 1472 1254 1507 magnopere
1283 1461 1468 1495 extollendi
1498 1460 1641 1495 Romani

180 1507 315 1552 imperii
348 1507 554 1551 potentiam,
579 1511 618 1539 ut
641 1506 694 1539 cui
717 1506 879 1540 resistere
904 1506 994 1541 nulla
1016 1507 1169 1552 quamvis
1200 1509 1275 1541 sera
1298 1512 1334 1541 et
1357 1518 1534 1540 numerosa
1555 1518 1640 1551 gens

180 1553 312 1598 possit,
342 1552 378 1586 in
411 1564 520 1597 eaque
552 1551 778 1586 affirmatione
810 1563 911 1598 quam
942 1553 1180 1588 efficacissime
1216 1553 1417 1587 inculcanda
1449 1552 1651 1594 insistendi„

179 1599 290 1644 quoad
315 1598 416 1632 fidem
439 1600 603 1632 facerent.
648 1597 748 1632 cuius
771 1598 822 1631 rei
844 1598 995 1643 periculo
1018 1611 1062 1633 ne
1084 1599 1347 1640 deterrerentur,
1371 1600 1539 1644 provisum
1564 1604 1641 1632 erat

178 1644 408 1689 magnitudine
441 1644 626 1688 promissae
656 1643 834 1678 mercedis.
881 1646 1171 1679 constituebant-ur
1199 1646 1330 1691 quippe
1361 1646 1415 1679 his
1447 1644 1506 1690 qui
1538 1644 1639 1678 istam

177 1702 315 1735 operam
339 1690 547 1736 reipublicae
569 1690 742 1723 navabant
762 1689 872 1734 ampla
895 1690 1054 1725 demensa
1076 1703 1096 1725 e
1118 1691 1251 1738 publico
1268 1698 1304 1725 et
1326 1694 1438 1725 statae
1455 1697 1639 1736 perpetuo·
1700 1704 1702 1706 ·

177 1749 246 1782 que
271 1737 455 1770 duraturae
487 1737 521 1770 in
559 1735 718 1769 alimenta
748 1736 952 1781 pensiones,
975 1738 1098 1783 quibus
1114 1763 1123 1778 ,
1146 1737 1175 1772 si
1198 1738 1278 1784 quid
1306 1736 1516 1777 humanitus,
1540 1740 1579 1770 ut
1602 1736 1638 1770 in

176 1782 367 1829 periculoso
400 1781 586 1816 ministerio
601 1807 612 1823 ,
645 1781 719 1827 pati
743 1784 957 1827 contingeret
989 1795 1049 1818 eos
1073 1783 1133 1829 qui
1154 1787 1371 1826 meruerant,
1400 1793 1522 1817 uxores
1545 1782 1638 1828 ipso-

175 1840 250 1863 mm
279 1828 447 1874 liberique
478 1829 684 1862 fruerentur.
731 1828 815 1862 alios
839 1829 942 1863 etiam
973 1829 1161 1864 destinavit
1193 1829 1229 1863 in
1252 1841 1425 1864 occursum
1449 1830 1637 1873 legatorum

174 1876 235 1920 qui
264 1879 493 1910 monstrarent
523 1875 610 1908 iter:
643 1873 702 1908 sed
735 1874 786 1908 his
819 1875 997 1921 praecepit
1035 1879 1073 1910 ut
1104 1887 1164 1910 eos
1194 1875 1238 1910 de
1270 1875 1438 1909 industria
1470 1886 1531 1919 per
1562 1875 1636 1908 loca

174 1920 319 1956 maxime
343 1932 466 1966 aspera
488 1920 650 1965 inviaque
680 1920 865 1965 ducerent,
897 1927 1100 1956 excusantes
1122 1921 1185 1956 soli
1208 1928 1364 1956 naturam
1387 1925 1423 1956 et
1446 1921 1634 1955 difficulta-

173 1972 243 2001 tem
266 1967 371 2009 situs‚
393 1967 541 2012 indeque
565 1971 707 2012 captata
729 1967 907 2002 occasione
929 1969 1198 2003 commendantes
1220 1968 1311 2002 istud
1334 1969 1444 2013 ipsum
1466 1966 1552 2012 ipsis
1575 1978 1634 2001 ex·

173 2013 318 2048 bibitum
341 2013 513 2055 officium,
536 2017 707 2057 tamquam
730 2012 892 2047 videlicet
913 2014 1098 2059 imperator
1119 2014 1234 2049 audito
1256 2015 1388 2048 illorum
1411 2013 1572 2054 adventu,
1597 2017 1634 2046 et

173 2060 326 2094 conscius
349 2059 544 2104 asperitatis
565 2058 740 2101 itinerum,
764 2059 871 2094 multa
890 2060 1100 2104 benignitate
1121 2061 1240 2095 obvios
1263 2061 1465 2094 deductores
1486 2059 1633 2104 viaeque

171 2105 301 2139 indices
331 2105 472 2140 miserit.
519 2105 807 2151 admonueratque
839 2109 878 2139 ut
908 2106 1043 2152 siquis
1072 2107 1163 2141 forte
1192 2107 1378 2151 legatorum
1414 2106 1506 2139 inter
1527 2116 1632 2149 aegre

172 2152 365 2196 superanda
387 2150 591 2198 praecipitia
613 2151 747 2195 rupium
773 2155 809 2185 et
831 2152 975 2186 saltuum
1002 2153 1164 2198 perplexa
1186 2153 1335 2187 offensus
1359 2156 1631 2197 percontaretur,

173 2196 295 2242 ecquid
325 2197 380 2231 vel
411 2199 511 2241 longo
543 2197 687 2230 circuitu
714 2198 832 2242 quaeri
863 2203 980 2244 posset
1009 2198 1093 2233 alibi
1115 2199 1319 2233 commodior
1339 2197 1520 2238 transitus,
1549 2208 1631 2230 con-

172 2247 303 2277 stantes
326 2243 578 2288 concordesque
602 2248 838 2278 asseverarent
859 2255 1022 2290 nusquam
1046 2245 1228 2290 quidquam
1250 2243 1462 2278 tolerabilius
1484 2254 1631 2289 speran-

171 2289 273 2323 dum:
305 2288 433 2333 ubique
454 2288 542 2322 enim
562 2288 715 2322 similiter
746 2296 965 2335 praeruptam
994 2291 1257 2336 impeditamque
1285 2296 1411 2324 terram
1445 2290 1629 2323 Romanam

170 2346 260 2379 esse,
283 2335 348 2368 hoc
371 2334 532 2380 siquidem
553 2334 655 2368 facile
671 2335 860 2369 credituros
883 2337 1047 2371 audacter
1068 2337 1232 2381 indigenis
1256 2335 1506 2371 affirmantibus
1529 2347 1630 2380 pere-

169 2392 232 2425 gre
265 2380 426 2426 appulsos
455 2381 622 2414 barbaros
657 2381 699 2414 ob
723 2382 946 2416 necessariam
981 2382 1224 2428 ignorationem
1246 2387 1316 2416 tam
1346 2382 1401 2416 lon
1426 2381 1551 2427 inquae
1572 2393 1627 2415 re-

167 2427 290 2471 gionis.
338 2426 615 2472 quandocumque
637 2432 751 2461 autem
774 2433 852 2472 post
874 2429 1011 2463 multum
1035 2429 1180 2474 denique
1200 2428 1350 2462 laborem
1373 2394 1427 2462 a}
1439 2427 1620 2472 imperato-

168 2484 239 2507 rem
270 2472 511 2518 pervenirent,
542 2472 796 2517 excogitaverat
828 2474 961 2508 modum
983 2475 1174 2510 obiectandi
1205 2474 1254 2509 eis
1277 2475 1347 2508 illic
1370 2485 1503 2508 scenam
1527 2473 1627 2518 plane

167 2518 379 2560 terrificam,
421 2529 579 2564 quaeque
618 2518 712 2564 ipsos
744 2520 929 2564 quamlibet
972 2521 1064 2554 feros
1096 2521 1203 2566 primo
1236 2523 1378 2566 aspectu
1412 2519 1626 2565 percelleret.

167 2568 393 2610 praeceperat
415 2565 501 2598 enim
524 2565 711 2598 exercitum
733 2565 914 2600 convenire
934 2566 1140 2609 universum,
1163 2578 1346 2611 omnesque
1367 2566 1488 2601 milites
1512 2577 1623 2599 arma-

167 2616 223 2645 tos
258 2622 322 2656 per
351 2611 540 2657 manipulos
572 2610 728 2645 cohortes
756 2610 907 2654 legiones
922 2637 935 2654 ,
971 2613 1115 2647 structis
1141 2617 1177 2647 et
1196 2613 1337 2658 digestis
1359 2612 1530 2646 ordinibus
1543 2636 1553 2654 ,
1579 2611 1623 2645 ad

119 2691 124 2694 ,
167 2661 263 2691 certa
295 2656 427 2696 viarum
463 2657 644 2691 intervalla
675 2656 880 2691 stationibus
905 2658 1103 2703 descriptis,
1135 2671 1303 2705 apparere
1326 2659 1566 2703 cataphractos
1588 2660 1624 2692 et

167 2707 258 2736 totos
280 2702 430 2747 rigentes
452 2704 568 2745 ferro,
589 2702 726 2747 insuper
747 2703 890 2737 monitos
913 2709 952 2738 ut
973 2709 1082 2740 artem
1104 2705 1268 2740 adderent
1288 2705 1442 2749 negotio,
1475 2703 1623 2737 efferan-

166 2748 278 2794 ‹laque
309 2749 389 2784 data
419 2760 524 2794 opera
555 2747 766 2783 contumacia
796 2749 941 2795 quadam
966 2750 1037 2785 oris
1068 2762 1111 2791 ac
1130 2751 1386 2798 superciliorum
1407 2749 1503 2783 minis
1526 2748 1624 2794 quasi

166 2805 229 2840 per
250 2794 364 2830 ludum
395 2795 608 2831 formidinem
641 2798 815 2840 augerent.
862 2799 1038 2832 senatores
1069 2809 1206 2844 quoque
1229 2800 1367 2832 cunctos
1390 2807 1432 2830 ac
1454 2799 1622 2842 quotquot
