1884 3262
270 189 366 235 662
667 184 974 230 OBSERVAT.
1009 185 1318 232 PACHYMER.

269 309 362 336 suae
387 292 687 346 praetendebat,
723 293 833 333 hune
857 299 1103 348 praetextum
1135 294 1192 333 sic
1221 293 1343 346 paulo
1371 299 1459 346 post
1487 293 1707 334 submovet.

261 352 520 406 persuasioni
542 353 642 388 enim
663 358 758 388 tuae
777 353 821 388 in
848 352 963 388 nullo
981 352 1145 403 penitus
1173 350 1430 402 suffragatur
1451 349 1710 402 quorundam

269 410 542 460 episcoporum
562 414 654 444 ante
677 409 908 459 sexaginta,
938 414 985 446 ut
1002 409 1155 454 iactas,
1185 420 1312 444 annos
1324 407 1448 455 facta
1471 407 1710 457 subscriptio

267 477 551 515 nunquamque
573 477 600 500 a
614 462 987 514 praedecessoribus
1005 461 1166 501 tuisad
1184 463 1428 514 apostolicae
1449 461 1554 499 sedis
1570 470 1711 499 trans-

269 521 396 557 missa
413 520 622 569 notitiam,
653 522 720 556 cui
741 519 793 557 ab
809 521 927 557 initio
947 534 1045 557 suae
1062 518 1250 557 caducae>
1261 517 1712 570 dudumquecollapsae

269 590 360 613 sera
374 589 481 613 nunc
502 582 539 612 et
562 576 727 612 inutilia
748 576 937 613 subiicere
945 577 1129 626 fomenta
1146 575 1334 621 voluisti,
1363 571 1551 611 eliciendo
1570 587 1601 611 a
1614 575 1712 622 fra-

269 632 403 669 tribus
424 633 590 682 speciem
613 633 905 682 consensionis,
937 646 1057 683 qnam
1083 631 1161 669 tibi
1182 632 1227 668 in
1254 644 1370 668 suam
1389 630 1588 667 iniuriam
1604 641 1711 668 vere-

270 686 423 726 cundia
440 689 628 739 fatigata
650 688 861 738 praeberet.
919 694 1007 739 post
1037 700 1135 738 quae
1154 687 1260 737 quasi
1282 686 1514 724 sententiam
1531 697 1712 737 promm—

268 741 373 781 tl'ans
403 744 579 781 ultimam
602 750 640 780 et
662 745 767 781 litem
798 745 1016 782 decretoria
1044 743 1205 791 finiens,
1241 742 1338 780 haec
1366 741 1493 779 addit:
1522 753 1602 778 non
1621 752 1714 778 con-

270 800 473 839 ⁴vellantur
490 801 809 850 provincialium
837 801 933 837 iura
953 801 1232 851 primatuum,
1261 812 1330 836 nec
1354 797 1586 849 privilegiis
1604 798 1715 834 anti-

271 857 412 907 quitus
458 857 660 893 institutis
706 857 1006 907 metropolitani
1048 854 1298 906 fraudentur
1331 855 1542 892 antistites.
1608 852 1717 890 nillil

270 909 574 950 Alexandrinae
600 911 707 959 sedi,
739 926 864 963 quam
883 926 958 963 per
984 914 1176 950 Sanctum
1207 912 1392 949 ,Marcum
1428 909 1716 960 evangelistam

270 969 395 1006 ,Beati
412 969 524 1005 Petri
546 966 793 1019 discipulum
811 970 977 1015 meruit,
997 975 1136 1019 pereat
1158 966 1372 1018 dignitatis
1384 980 1398 1014 ,·
1429 979 1500 1003 nec
1515 967 1714 1006 Dioscoro

272 1025 492 1074 impietatis
515 1037 614 1060 suae
635 1026 865 1074 pertinacia
893 1031 1114 1071 corruente,
1151 1022 1338 1074 splendor
1367 1028 1505 1059 tantae
1533 1022 1717 1058 ecclesiae

130 1075 161 1108 Ρ
181 1074 251 1113 454
274 1079 441 1118 tenebris
478 1079 709 1117 obscuretur
736 1081 893 1117 alienis.
957 1079 1212 1117 Antiochena
1251 1092 1407 1130 quoque
1444 1077 1608 1114 ecclesia
1622 1105 1634 1127 ‚
1672 1078 1716 1114 in

273 1149 356 1188 qua
370 1135 548 1186 primum
563 1134 824 1186 praedicante
842 1137 969 1172 Beato
987 1135 1169 1186 apostolo
1191 1137 1308 1172 Petro
1340 1134 1617 1172 Christianum
1639 1146 1717 1171 no-

272 1205 360 1230 men
379 1198 555 1228 exortum
572 1197 648 1241 est,
676 1193 719 1227 in
733 1199 927 1243 paternae
947 1192 1246 1228 constitutionis
1263 1188 1402 1228 ordine
1413 1195 1652 1241 perseveret,
1681 1195 1718 1226 et

273 1250 319 1286 in
333 1247 473 1299 gradu
490 1248 603 1283 tertio
625 1247 824 1284 collocata
842 1260 1052 1298 nunquam
1069 1261 1108 1283 se
1114 1247 1200 1297 fiat
1219 1246 1398 1296 inferior.
1453 1259 1526 1284 nec
1555 1251 1718 1283 conten-

273 1310 337 1341 tus
358 1304 396 1339 S.
417 1303 494 1340 Leo
516 1302 650 1353 >ipsum
680 1302 908 1341 Anatolium
936 1302 1189 1353 redarguere,
1221 1301 1459 1352 scripsit-ad
1478 1301 1719 1339 Marcianum

275 1360 499 1408 Augustum
518 1357 711 1396 instanter
726 1372 842 1397 orans
860 1365 905 1396 ut
924 1358 1197 1397 auctoritatem
1216 1370 1451 1409 operamque
1468 1369 1579 1395 suam
1597 1356 1721 1397 inter÷

275 1421 443 1468 poneret
462 1413 513 1451 ad
534 1415 796 1453 coornendum
819 1415 1045 1453 Anatolium
1065 1427 1115 1452 ne
1130 1414 1185 1451 sic
1205 1413 1246 1451 in
1264 1413 1402 1451 illicita
1424 1412 1631 1465 prosiliret.
1670 1425 1721 1451 ex

279 1473 356 1508 ista
376 1470 561 1522 epistola,
592 1484 688 1521 quae
707 1471 750 1508 in
768 1472 826 1510 ed.
843 1472 952 1508 Rom.
969 1470 1022 1513 57
1041 1475 1285 1518 numeratur,
1314 1482 1490 1521 quaeque
1508 1470 1549 1506 in
1566 1468 1719 1520 synodo

280 1527 460 1566 Romana
473 1526 542 1564 sub
562 1526 762 1565 Bonisacio
780 1527 817 1565 II
835 1527 882 1564 ab
900 1526 1105 1564 Holstenio
1129 1526 1232 1564 edita
1255 1538 1343 1577 pag.
1366 1528 1443 1567 107
1460 1530 1498 1563 et
1516 1538 1597 1576 seq.
1614 1524 1722 1575 legi-

278 1588 367 1630 tur,
397 1581 494 1620 haec
516 1588 625 1620 sunt:
665 1581 781 1635 apud
810 1583 1090 1621 Christianum
1117 1590 1154 1620 et
1179 1596 1267 1619 vere
1300 1581 1533 1633 religiosum
1559 1594 1722 1632 vereque

278 1637 546 1676 orthodoxum
557 1640 778 1690 principem
797 1639 949 1691 loquor.
987 1639 1157 1677 multum
1171 1638 1395 1677 Anatolius
1411 1639 1614 1689 episcopus
1626 1650 1722 1688 pro-

273 1695 370 1747 prio
398 1693 575 1733 detrahit
599 1697 761 1746 merito,
791 1697 830 1733 si
856 1696 1001 1732 illicito
1028 1708 1193 1733 crescere
1221 1701 1335 1746 optat
1364 1700 1589 1745 augmento.
1644 1692 1722 1731 lta-

279 1750 383 1801 beat,
410 1752 515 1788 sicut
536 1758 733 1802 optamus,
770 1751 1216 1803 Constantinopolitana
1232 1752 1379 1788 civitas
1396 1750 1576 1801 gloriam
1588 1762 1721 1798 suam,

283 1820 336 1843 ac
363 1814 591 1858 protegente
615 1807 775 1845 dextera
799 1807 865 1845 dei
892 1807 1086 1846 diuturno
1121 1808 1347 1845 clementiae
1376 1813 1527 1845 vestrae
1547 1806 1722 1855 fruatur

283 1864 462 1910 irnperio.
518 1863 605 1899 alia
631 1871 763 1901 tamen
783 1866 890 1901 ratio
918 1871 975 1901 est
1001 1877 1133 1901 rerum
1154 1863 1429 1900 saecularium
1446 1862 1534 1899 alia
1551 1859 1722 1899 divina·-

281 1930 376 1954 rum
387 1931 402 1964 ,-
431 1930 502 1954 nec
515 1926 672 1968 praeter
689 1920 806 1956 illam
827 1921 1011 1968 Petram,
1046 1932 1169 1969 quam
1188 1917 1376 1956 dominus
1394 1919 1437 1955 in
1450 1915 1720 1967 fundamento

281 1974 444 2023 posuit,
473 1973 634 2011 stabilis
657 1976 730 2011 erit
753 1974 844 2011 ulla
865 1976 1106 2012 constructio
1119 1976 1306 2025 propria.
1355 1972 1492 2024 perdit
1519 1974 1594 2024 qui
1607 1971 1722 2010 inde-

286 2028 372 2065 bita
391 2031 649 2079 concupiscit.
704 2031 808 2068 satis
824 2031 878 2067 sit
898 2029 1010 2082 quod
1014 2029 1221 2081 praedicto
1242 2036 1395 2067 vestrae
1408 2029 1577 2080 pietatis
1599 2023 1722 2069 auxt-

286 2085 344 2121 lio
358 2115 368 2132 ‚
400 2091 436 2121 et
456 2086 531 2121 mei
537 2086 705 2134 favoris
725 2100 908 2135 assensu,
936 2088 1204 2138 episcopatum
1234 2093 1371 2123 tantae
1395 2085 1509 2123 urbis
1534 2084 1720 2125 obtinuit.

286 2154 369 2178 non
387 2138 622 2190 dedignetur
641 2143 793 2193 regiam
807 2143 1020 2192 civitatem,
1057 2156 1182 2194 quam
1203 2142 1464 2193 apostolicam
1495 2154 1573 2179 non
1591 2147 1723 2192 potest

285 2198 423 2246 facere
439 2194 568 2233 sedem
577 2213 590 2246 ‚-
627 2211 696 2235 nec
721 2198 804 2236 ullo
829 2205 954 2250 speret
983 2197 1123 2250 modo,
1160 2197 1272 2250 quod
1298 2211 1372 2250 per
1387 2198 1572 2234 ‘aliorum
1590 2198 1724 2247 possit

290 2251 525 2302 offensiones
547 2255 699 2304 augeri.
745 2254 967 2306 privilegia
995 2256 1098 2292 enim
1126 2254 1381 2291 ecclesiarum
1398 2260 1627 2290 sanctorum
1644 2265 1723 2304 pa-

292 2314 401 2344 trum
431 2309 651 2347 canonibus
679 2311 870 2347 instituta
884 2341 896 2360 ,
937 2317 974 2347 et
996 2310 1232 2348 venerabilis
1256 2311 1458 2348 Nicaenae
1476 2307 1620 2359 synodi
1629 2309 1723 2359 fixa

292 2361 480 2411 decretis,
512 2365 630 2402 nulla
642 2373 817 2416 possunt
829 2366 1080 2418 improbitate
1094 2366 1279 2417 convelli,
1307 2366 1424 2403 nulla
1440 2365 1616 2403 novitate
1638 2377 1723 2402 mu-

292 2420 389 2456 tari.
446 2421 489 2456 in
516 2434 594 2472 quo
627 2435 758 2472 opere,
797 2423 1020 2460 auxiliante
1058 2422 1235 2471 Christo,
1281 2421 1454 2472 fideliter
1489 2418 1722 2471 exequendo,

291 2487 442 2511 necesse
455 2482 511 2511 est
528 2491 587 2513 me
607 2485 914 2528 perseverantem
929 2478 1102 2516 exhibere
1112 2477 1366 2528 famulatum
1377 2506 1387 2526 ,
1417 2477 1607 2528 quoniam
1631 2473 1724 2513 disn-

287 2532 474 2580 pensatio
500 2532 601 2568 milli
621 2533 772 2571 credita
789 2541 861 2583 est,
891 2541 927 2572 et
945 2533 1004 2572 ad
1024 2549 1155 2572 meum
1186 2532 1312 2571 tendit
1331 2540 1498 2582 reatum,
1535 2533 1573 2568 si
1582 2538 1723 2583 pater-.-

294 2598 442 2622 narnm
467 2588 628 2635 regulae
647 2592 918 2637 sanctionum,
953 2605 1055 2642 quae
1080 2593 1124 2628 in
1147 2588 1295 2640 synodo
1323 2590 1503 2627 ,Nicaena
1522 2587 1580 2624 ad
1599 2587 1722 2625 totius

295 2641 480 2678 ecclesiae
493 2644 664 2692 regimen
681 2647 829 2694 spiritu
847 2645 912 2683 dei
929 2648 1146 2684 instruente
1163 2653 1257 2683 sunt
1280 2644 1484 2694 conditae,
1513 2657 1583 2691 me,
1614 2640 1726 2693 quod

295 2696 405 2733 absit
419 2726 431 2745 ‚
460 2700 683 2736 connivente
701 2702 921 2751 violentur,
949 2710 986 2739 et
1005 2704 1134 2740 maior
1148 2703 1203 2739 sit
1222 2700 1337 2753 apud
1350 2714 1410 2738 me
1433 2701 1556 2736 unius
1573 2699 1725 2746 fratris

295 2753 484 2790 voluntas
513 2768 635 2805 quam
662 2757 870 2794 universae
894 2757 1038 2796 domus
1057 2757 1210 2796 domini
1238 2757 1458 2795 communis
1471 2754 1642 2793 utilitas,
1687 2761 1724 2790 et

298 2807 384 2845 ideo
403 2811 535 2847 sciens
542 2810 763 2862 gloriosam
787 2813 1033 2852 clementiam
1059 2821 1234 2853 vestram
1264 2811 1551 2851 ecclesiasticae
1569 2808 1726 2847 studere
