1884 3262
542 207 757 255 inim„
795 188 1286 254 CHRONOLOGthS.
1549 205 1647 251 73⁵1

187 335 433 375 consequens
459 335 611 361 moram
639 323 896 372 congregatos
923 324 1058 372 patres
1079 314 1537 369 maturaeinquisitioni
1554 314 1650 354 ido-

185 394 302 418 neam
326 379 554 432 sumpsisse.
613 378 757 417 deinde
783 376 854 415 ubi
885 375 1074 427 suffragia
1103 375 1149 413 in
1177 375 1418 413 Germanum
1441 373 1650 411 convenis-

185 443 294 486 sent,
323 450 522 475 recusasse
551 435 685 487 ipsum
718 433 926 472 admittere
954 432 1171 482 honorem,
1208 444 1283 470 nec
1309 430 1390 469 nisi
1418 429 1651 480 urgentibus

186 499 227 533 et
246 493 402 545 saepius
430 492 582 532 iteratis
603 490 855 544 imperatoris
874 503 963 529 eum
993 489 1045 528 ad
1075 488 1158 527 hoc
1181 487 1357 540 quotidie
1374 486 1558 525 adeuntis
1586 485 1656 524 in-

188 550 345 589 stantiis
386 549 558 601 denique
589 548 825 587 inclinatum
855 546 1080 585 assensisse.
1115 551 1344 598 .praeterea
1383 543 1562 582 meminit
1596 541 1655 582 ibi

187 613 330 645 auctor
356 607 541 645 factionis
568 605 728 644 validae
759 603 954 642 conflatae
984 602 1148 643 Arsenio
1180 601 1422 650 faventium,
1453 613 1554 652 quae
1572 604 1655 638 tam

187 663 444 702 vehementer
469 662 689 702 invaluerit
719 674 811 700 cum
838 660 1050 699 manifesto
1082 658 1262 712 periculo
1285 657 1469 711 publicae
1493 656 1655 709 quietis,

188 720 237 759 ut
267 733 427 759 necesse
453 719 637 759 habuerit
667 718 886 771 imperator
910 717 1030 768 longa
1063 729 1148 756 eam
1175 721 1215 755 et
1242 720 1431 754 accurata
1460 714 1656 752 concione

191 789 444 829 compescere
463 777 612 815 conari.
671 773 843 826 denique
860 780 999 814 narrat
1019 773 1151 813 datam
1173 786 1256 812 esse
1275 784 1435 824 operam
1454 777 1500 809 ut
1512 769 1657 821 reliqui

190 833 412 873 Orientales
434 831 706 885 patriarchae,
736 831 1031 870 Alexandrinus
1050 837 1090 869 et
1106 828 1393 878 Antiochenus,
1423 827 1658 866 eiectionem

193 890 350 931 Arsenii
372 891 609 943 probarent3
640 902 756 940 quam
779 889 828 926 ad
848 902 932 927 rem
954 887 1168 927 verisimile
1186 886 1238 925 sit
1261 886 1423 924 missum
1444 885 1496 923 ad
1515 898 1582 923 eos
1597 883 1658 922 rei

191 948 317 986 factae
337 947 518 985 nuntium
530 976 544 997 ,
575 952 615 984 et
629 951 885 998 expectatum
902 944 1090 984 videlicet
1108 956 1245 982 eorum
1266 950 1502 995 responsum
1519 954 1565 980 re
1584 940 1659 979 ad-

190 1003 272 1042 huc
293 1004 444 1054 integra
476 1010 567 1056 ante
594 1001 915 1052 subrogationem
941 1001 1037 1040 novi
1073 999 1325 1053 patriarchae
1344 999 1387 1037 in
1418 998 1551 1036 locum
1575 1011 1658 1035 ex—

191 1060 312 1114 pulsi.
369 1059 433 1098 his
455 1059 504 1098 de
534 1059 664 1098 causis
683 1058 975 1110 propenderem
997 1058 1180 1108 equidem
1200 1056 1252 1095 ad
1270 1054 1531 1094 differendam
1553 1054 1658 1092 Ger-

191 1116 301 1156 mani
330 1116 564 1155 electionem
587 1115 632 1154 in
667 1128 817 1153 annum
848 1119 1100 1166 sequentem3
1145 1112 1256 1164 quod
1283 1125 1359 1165 per
1388 1111 1658 1149 characterem

191 1172 271 1227 hoc
292 1173 383 1212 loco
405 1178 668 1212 memoratum
692 1171 801 1210 licet.
858 1184 951 1209 nam
974 1183 1096 1221 aeque
1121 1169 1193 1210 illo
1226 1182 1334 1207 anno
1363 1167 1511 1206 Christi
1532 1170 1655 1216 1267,

193 1243 286 1269 cum
306 1229 444 1282 cyclus
462 1229 556 1268 solis
579 1227 701 1267 fuerit
722 1231 774 1270 16
795 1233 834 1266 et
851 1227 973 1266 lunae
994 1230 1060 1275 11,
1086 1227 1155 1278 qui
1174 1225 1274 1264 dant
1290 1223 1440 1264 Pascha
1457 1227 1510 1265 17
1531 1223 1660 1275 Apri-

191 1287 243 1326 lis
257 1317 268 1336 ,
294 1287 530 1325 ‚Pentecoste
549 1284 742 1338 pertingit
756 1284 799 1322 in
820 1297 994 1322 mensem
1011 1283 1193 1332 lunium,
1225 1281 1411 1334 quintum
1438 1280 1521 1319 eius
1553 1280 1658 1319 diem

196 1356 412 1395 occupans.
471 1342 560 1394 quia
584 1348 742 1390 tamen,
772 1340 884 1391 quod
903 1340 1036 1379 statim
1062 1339 1315 1378 ostendemus
1330 1368 1342 1388 ,
1372 1343 1481 1376 certo
1501 1342 1661 1375 constat:

197 1401 440 1439 Germanum
459 1399 627 1442 eundem
644 1397 917 1450 patriarchatu
938 1396 1095 1435 cessisse
1120 1395 1183 1434 (lie
1207 1394 1259 1438 14
1279 1393 1520 1448 Septembris
1538 1392 1660 1432 huius

196 1456 371 1496 eiusdem
402 1456 496 1495 anni
527 1459 649 1505 1267,
676 1454 785 1493 unde
814 1459 916 1492 esset
944 1466 1189 1504 consequens
1214 1465 1297 1490 non
1313 1451 1405 1504 plus
1423 1464 1513 1490 eum
1533 1450 1662 1490 tribus

195 1513 397 1553 mensibus
418 1526 509 1551 cum
528 1511 695 1551 dimidio
710 1512 751 1549 in
773 1511 866 1550 sede
890 1509 1131 1563 perstitisse,
1160 1509 1192 1548 si
1217 1522 1337 1561 quem
1354 1514 1466 1546 tanta
1487 1507 1664 1559 patriar-

198 1569 338 1608 chatus
366 1569 553 1610 Germani
580 1568 753 1607 brevitas
775 1567 974 1617 offendet,
1003 1567 1150 1619 poterit
1179 1566 1214 1604 is
1232 1579 1305 1618 per
1321 1578 1385 1604 me
1407 1566 1568 1603 credere
1588 1577 1665 1616 pa-

196 1633 280 1666 tres
300 1627 466 1679 synodi,
495 1639 574 1678 quo
593 1631 772 1676 tempore
794 1624 948 1663 Arsenii
967 1637 1124 1663 causam
1144 1628 1444 1673 cognoverunt,
1474 1620 1664 1672 disquisi-

197 1684 304 1722 visse
328 1684 449 1722 simul
474 1683 523 1721 de
548 1694 797 1730 successore,
832 1681 866 1719 si
891 1682 1014 1730 forte,
1045 1679 1149 1731 quod
1170 1692 1345 1732 pronum
1364 1680 1473 1718 factu
1493 1690 1666 1730 appare-

198 1740 290 1790 bat,
315 1739 386 1779 ille
411 1745 685 1787 amoveretur,
715 1751 838 1789 quare
873 1738 1006 1776 statim
1035 1751 1081 1776 ac
1111 1737 1347 1775 sententiam
1378 1736 1422 1773 in
1453 1734 1664 1773 Arsenium

199 1797 400 1846 tulerunt,
437 1795 624 1847 suffragia
646 1796 688 1834 in
727 1794 915 1833 Germani
943 1794 1179 1834 electionem
1217 1793 1312 1832 dare
1340 1791 1559 1845 potuerint.
1617 1790 1667 1829 de

200 1853 372 1893 conflato
402 1853 708 1892 Arsenianorum
741 1851 950 1890 schismate
976 1850 1084 1903 quod
1113 1856 1320 1899 narratur,
1360 1848 1592 1886 inchoatum
1617 1846 1667 1886 id

199 1910 398 1964 pendente
426 1909 576 1949 iudicio
602 1908 756 1950 Arsenii
775 1937 788 1958 ‚
839 1914 1041 1951 caeterum
1080 1907 1264 1946 factionis
1294 1904 1667 1945 corroborationem

200 1981 326 2019 usque
357 1966 407 2005 ad
440 1965 662 2020 periculum
687 1964 918 2017 publicum,
954 1964 1051 2003 licet
1081 1970 1173 2017 post
1204 1962 1392 2001 Germani
1418 1961 1666 2001 evectionem

201 2023 402 2074 extiterit,
432 2038 482 2063 ex
503 2023 708 2062 occasione
728 2035 802 2074 per
816 2022 1033 2074 prolepsim
1053 2027 1164 2059 antea
1187 2034 1207 2058 a
1227 2019 1468 2070 Pachymere
1486 2017 1664 2058 relatam.

200 2086 401 2133 postremo
420 2079 559 2120 missos
583 2078 742 2131 quidem
761 2077 894 2116 statim
915 2077 1079 2116 nuntios
1095 2076 1354 2115 indicaturos
1378 2073 1666 2127 depositionem

201 2135 359 2175 Arsenii
378 2136 428 2174 ad
451 2136 767 2174 Alexandrinum
783 2141 822 2173 et
840 2133 1130 2173 Antiochenum
1146 2131 1405 2186 patriarchas,
1435 2131 1505 2169 sed
1525 2143 1666 2168 eorum

202 2192 373 2231 reditum
406 2193 566 2230 minime
591 2197 855 2244 expectatum.
911 2204 994 2229 non
1025 2190 1128 2229 enim
1158 2189 1221 2227 illi
1250 2186 1497 2242 patriarchae
1518 2186 1667 2225 habere

203 2249 451 2302 putabantur
469 2249 512 2287 in
533 2248 605 2287 tali
624 2248 783 2299 negotio
801 2247 863 2285 ius
880 2247 1078 2298 suffragii:
1106 2246 1257 2297 alioqui
1283 2258 1336 2284 ne
1355 2243 1557 2284 damnatio
1575 2242 1668 2296 qui-

205 2306 294 2344 dem
314 2311 406 2344 ante
423 2312 566 2345 nutum
589 2311 726 2344 eoruin
748 2304 1001 2356 praecipitari
1030 2303 1250 2350 debuisset,
1290 2301 1399 2354 quod
1425 2301 1576 2340 factum
1595 2306 1668 2338 ta·-

205 2376 294 2401 men
318 2368 482 2401 constat.
542 2375 694 2401 summa
716 2361 768 2399 sit
785 2361 826 2399 in
852 2361 981 2399 medio
997 2359 1171 2411 relinqui
1189 2373 1212 2397 a
1236 2372 1300 2398 me
1320 2358 1545 2411 coeperitne
1566 2357 1667 2396 Ger·
1691 2362 1722 2399 P
1745 2363 1811 2401 517

207 2419 314 2457 mani
340 2418 635 2471 patriarchatus
659 2431 763 2456 anno
794 2420 902 2459 1266
932 2431 982 2456 an
1007 2415 1215 2468 sequenti3
1255 2415 1504 2469 propendere
1534 2420 1670 2452 tamen

208 2477 330 2526 magis
354 2475 399 2514 in
434 2489 553 2527 quam
576 2474 788 2513 maximam
817 2473 921 2512 sedis
953 2474 1036 2513 eius
1065 2473 1318 2523 brevitatem,
1357 2472 1495 2524 utique
1516 2471 1560 2509 in
1591 2483 1670 2522 qua

209 2532 364 2571 facilius
393 2533 590 2571 rationem
619 2531 779 2569 invenio
809 2544 882 2571 cur
906 2530 954 2569 ab
982 2544 1028 2570 eo
1051 2530 1214 2571 volente
1234 2536 1274 2570 et
1292 2528 1671 2584 parato-imperator

208 2588 455 2628 anathemate
469 2588 574 2628 solvi
593 2602 635 2627 se
651 2601 735 2627 non
754 2587 964 2628 curaverit.

323 2691 372 2730 Π.
415 2691 553 2729 Finem
573 2689 867 2743 patriarchatus
886 2689 1073 2729 Germani
1085 2688 1259 2729 eiusdem
1275 2687 1395 2742 ponit
1409 2685 1671 2738 Pachymeres

211 2747 238 2789 l.
261 2747 288 2789 4
307 2762 343 2787 c.
362 2750 415 2791 21
446 2748 511 2786 die
532 2748 630 2786 festo
652 2747 905 2786 exaltationis
925 2753 1083 2786 sanctae
1109 2747 1241 2786 crucis
1265 2758 1399 2784 mense
1423 2741 1645 2795 Septembri
1657 2755 1671 2791 ;

213 2816 293 2855 quo
320 2804 383 2843 die
410 2806 466 2843 ait
492 2804 613 2847 illum*
642 2803 872 2853 celebratis,
910 2810 957 2844 ut
974 2804 1202 2844 solemnitas
1221 2801 1432 2855 poscebat,
1460 2798 1607 2839 divinis
1627 2797 1672 2835 in

166 2867 178 2876 '⁷
212 2860 359 2913 templo
382 2860 539 2913 officiis,
558 2857 644 2901 'sub
661 2874 867 2915 vesperam
887 2860 1128 2914 patriarchio
1147 2860 1365 2906 cedentem,
1393 2856 1444 2896 ad
1465 2869 1555 2895 suas
1574 2867 1672 2908 quas
