1846 3262
202 169 268 217 40
625 168 865 214 GEORGII
897 167 1252 214 PACHYMERIS

202 288 263 344 τῷ
297 282 403 327 κατὰ
431 282 503 326 τὸν
528 280 685 338 Ἕρμον
714 286 790 339 τῆς
821 283 1070 340 Μαγνησίας
1099 283 1285 343 φρουρίῳ
1316 284 1464 328 ἐκεῖνον
1487 283 1678 342 φέροντες

206 352 507 410 ἐγκατέστησαν
521 383 534 404 ,
574 351 751 407 συχνοὺς
770 352 867 403 τούς
886 352 1070 410 ὀπτῆρας
1100 352 1165 396 {ni
1188 356 1419 407 βασιλικαῖς
1438 351 1679 410 ὑπηρεσίαις

205 420 413 473 τάξαντες.
484 420 524 463 οῗ
544 420 589 463 δὲ
608 425 867 477 μεγιστᾶνες,
907 422 946 465 οἱ
971 423 1045 476 μὲν
1069 423 1111 465 ἓν
1133 429 1224 471 ταῖς
1242 429 1377 476 τιμαῖς
1397 423 1455 465 ἔτι
1473 423 1676 478 με’νοντες,

206 490 245 534 οἳ
263 490 307 533 δὲ
322 491 390 532 καὶ
410 491 493 532 τῶν
511 487 593 547 ὅπῃ
611 490 711 533 ποτὲ
727 494 801 546 γῆς
819 489 988 546 ἀκηδέες
1014 491 1156 546 Ξζιιενον
1177 491 1220 542 ἓξ
1240 491 1363 547 ὀργῆς
1381 496 1535 547 γωνιῶν
1557 490 1677 542 ἐξάλ-

204 576 342 613 μενοι,
380 562 464 601 τῶν
493 558 568 613 μὲν
598 557 851 615 πραγμάτων
882 561 1110 616 ἐλευθέρως
1138 557 1245 615 εἶχον
1255 593 1268 612 ,
1313 564 1389 615 τῆς
1417 561 1462 603 δὲ
1490 558 1712 616 γλώσσης5

206 627 323 671 οῦπω
355 631 614 684 θαρροῦντες
649 628 716 683 (οἳ
746 628 826 686 γὰρ
857 627 1139 682 Μουζάλωνες
1175 626 1508 686 ἐφειστήκεισαν)
1555 628 1680 682 ἔβυσ-

154 703 185 739 C
208 693 436 751 σοδόμευον
469 695 544 746 τὰς
573 695 720 752 ὀργάς,
758 699 825 740 καὶ
854 695 1003 748 πάντες
1028 702 1349 755 προσεποιοῦντο
1380 697 1483 754 πρὸς
1506 699 1681 749 ἐκείνους
1740 711 1744 713 ”

203 765 252 809 τὸ
283 764 468 814 εὐπειθὲς
497 762 552 815 ὥς
582 763 661 809 ὑπὸ
691 770 857 819 βασιλεῖ
876 768 1006 823 δῆθεν
1027 771 1237 817 τελοῦντες
1254 771 1312 826 τῷ
1335 768 1606 826 μειρακίσκῳ,
1646 769 1681 810 εἰ

206 835 274 877 καὶ
297 833 400 885 ὀδὰξ
421 834 459 877 οἱ
481 832 689 885 παθόντες
711 834 824 892 παρὰ
851 840 925 879 τοῦ
948 833 1127 892 πατρός,
1166 834 1370 893 φαγόντος
1393 835 1490 886 τοὺς
1512 841 1586 891 τῆς
1608 835 1681 892 ὄρ-

206 907 282 959 γῆς
311 902 505 960 ὄμφακας
537 904 605 946 καὶ
636 901 761 947 κόνδυ
790 905 952 962 πικρίας
975 906 1148 955 ἐκείνους
1168 907 1436 958 ποτίσαντος,
1476 905 1679 960 αἶμωὸιᾶν
1694 914 1738 948 10

208 972 409 1028 ὠρέγοντο
440 971 512 1015 τὸν
539 970 643 1015 υἱόν.
715 972 820 1028 πλὴν
852 975 920 1016 καὶ
953 972 1084 1024 οὕτως
1111 974 1270 1029 ἔχοντες
1291 975 1529 1027 δυσμενείας
1551 975 1589 1017 οἱ
1607 975 1682 1028 μὲν

206 1045 266 1100 τῷ
290 1040 643 1101 ἒπιτροπευομένῳ
665 1043 731 1084 καὶ
750 1042 827 1102 νέῳ
848 1042 887 1085 οἳ
908 1043 953 1085 δὲ
974 1049 1059 1093 τοῖς
1081 1041 1319 1100 ἐφεστηκόσι
1331 1076 1344 1095 ,
1376 1041 1585 1093 παθόντες
1605 1043 1687 1101 μέν4

207 1127 248 1152 τι
281 1111 349 1153 καὶ
380 1110 422 1160 ἐξ
451 1109 610 1153 ἐκείνων
642 1110 689 1154 τὸ
718 1113 836 1168 πρίν,
876 1110 923 1154 οὗ
945 1111 1028 1167 μὴν
1054 1111 1098 1155 δ’
1124 1111 1221 1155 ἀλλ’
1244 1111 1341 1154 οὐδ’
1364 1110 1566 1167 ἧνέμεσις
1586 1112 1683 1168 ἦρε-

157 1186 190 1221 1)
213 1184 303 1232 μεῖν
330 1177 392 1221 εἶά
421 1176 530 1222 οῧτω
553 1179 667 1235 παριὶ
687 1179 735 1222 τὸ
757 1179 861 1230 εῗκός
882 1179 1141 1236 τιμηθέντων
1159 1179 1218 1235 μὴ
1240 1181 1586 1234 ὃυσμεναίνοντας
1607 1198 1684 1223 κα-

210 1254 417 1304 κουργεῖν,
454 1251 514 1307 τῷ
541 1247 644 1305 πρὸς
670 1247 843 1299 ἐκείνους
871 1249 973 1300 τέως
999 1247 1119 1308 φόβῳ
1148 1251 1519 1306 συγκατεκλίνοντο.
1587 1243 1680 1292 τότε
1695 1257 1739 1293 15

211 1316 254 1359 δ’
289 1314 310 1359 ὃ
341 1320 505 1373 πρῶτος
522 1321 605 1360 τῶν
625 1315 944 1371 Μουζαλώνων,
982 1317 1028 1368 ὃς
1045 1320 1110 1361 καὶ
1133 1322 1190 1377 τῷ
1210 1323 1285 1361 τοῦ
1305 1320 1683 1374 πρωτοβεστιαρίου

211 1385 402 1440 τετίμητο
425 1382 648 1439 ἀξιώματι,
687 1385 796 1443 ὁρῶν
815 1388 886 1430 τὸν
906 1385 1068 1445 φθόνον
1089 1387 1219 1430 πολὺν
1238 1388 1305 1430 καὶ
1327 1387 1457 1431 δεινὸν
1477 1385 1686 1444 ὑφέρπον-

212 1471 265 1497 τα
274 1486 289 1508 ,
328 1455 397 1497 καὶ
419 1451 475 1505 ὥς
492 1458 705 1509 βασιλειᾶν
723 1453 837 1515 παρὰ
857 1461 1020 1500 πολλῶν
1037 1453 1306 1500 ὑποπτεύοιτο
1318 1489 1332 1510 ,
1369 1455 1594 1500 κάντεῦθεν
1613 1456 1687 1501 τὸν

214 1588 354 1622 strenue
379 1589 522 1621 ausuros
546 1588 750 1633 apparebat.
796 1600 903 1635 quare
924 1589 1018 1624 illum
1040 1588 1076 1623 in
1099 1588 1356 1624 munitissimam
1390 1600 1502 1624 arcem
1526 1588 1569 1623 ad
1594 1589 1688 1624 Her-

216 1644 304 1666 mum
328 1633 531 1678 Magnesiae
553 1633 819 1669 submovendum
843 1639 1066 1678 censuerunt,
1094 1636 1213 1670 addito
1237 1636 1360 1670 idoneo
1385 1636 1547 1669 comitatu
1572 1640 1607 1670 et
1629 1647 1688 1669 so-

215 1679 279 1713 lita
301 1678 420 1724 regiae
442 1679 592 1714 familiae
615 1692 655 1714 ac
681 1681 823 1726 palatini
847 1681 1026 1717 ministerii
1058 1681 1278 1727 frequentia,
1309 1681 1462 1716 studiose
1486 1682 1621 1716 delecta
1643 1693 1688 1715 ex

216 1726 298 1758 fidis
329 1726 416 1759 viris
451 1731 488 1759 et
521 1726 566 1759 ad
595 1726 840 1771 invigilandum
863 1728 967 1762 saluti
999 1728 1118 1773 pupilli
1142 1727 1310 1774 principis
1332 1727 1457 1772 gnavis
1481 1733 1516 1761 et
1539 1729 1689 1763 acribus,

218 1777 391 1805 caeterum
415 1771 619 1817 optimates,
654 1776 728 1807 sive
751 1773 809 1818 qui
832 1773 869 1807 in
894 1785 956 1809 usu
980 1774 1142 1808 honorum
1166 1778 1202 1808 et
1225 1774 1402 1808 functione
1426 1774 1690 1818 magistratuum

218 1818 441 1862 perstabant,
477 1817 551 1852 sive
574 1818 634 1864 qui
659 1818 755 1854 varie
779 1819 925 1866 dispersi
948 1820 1094 1865 indeque
1124 1822 1211 1854 male
1234 1820 1372 1855 animati
1397 1831 1482 1864 erga
1507 1819 1600 1854 exilii
1625 1831 1690 1854 au-

221 1867 336 1897 ctores
360 1863 423 1897 hac
448 1865 673 1899 conversione
696 1877 808 1900 rerum
843 1866 1063 1911 prosilierant
1086 1878 1130 1900 ex
1155 1867 1310 1911 angulis,
1342 1866 1452 1900 libere
1486 1866 1552 1900 iam
1584 1878 1691 1911 agere

220 1909 270 1943 illi
303 1909 439 1953 quidem
471 1910 663 1953 audebant,
697 1912 1051 1947 continebant'tamen
1076 1912 1229 1957 linguas,
1263 1917 1299 1947 et
1327 1917 1417 1947 metu
1439 1911 1690 1956 invigilantium

221 1956 352 1989 acriter
375 1960 412 1990 et
435 1956 533 2000 quasi
558 1969 578 1991 e
612 1958 752 2001 specula
775 1969 932 1993 susurros
956 1970 1070 1993 omnes
1101 1970 1186 1993 aure
1210 1959 1311 1993 anxia
1334 1959 1544 2003 captantium
1569 1959 1692 1992 Muza-

222 2002 334 2035 lonum
358 2002 456 2036 taciti
479 2003 721 2048 ringebantur,
750 2004 805 2038 ira
829 2005 975 2050 odioque
999 2004 1136 2051 penitus
1160 2005 1308 2039 conditis
1333 2010 1368 2039 et
1390 2005 1604 2039 simulatione
1627 2006 1692 2039 ob-

223 2047 336 2092 sequii
365 2048 501 2082 velatis.
549 2061 633 2094 prae
654 2061 691 2084 se
714 2050 872 2085 ferebant
895 2052 980 2086 enim
1007 2063 1131 2097 parere
1154 2063 1192 2085 se
1215 2051 1300 2097 ipsis
1323 2051 1412 2085 velle
1436 2056 1474 2084 ut
1497 2052 1604 2084 vicem
1629 2062 1693 2095 ge·-

224 2094 380 2128 rentibus
410 2094 628 2140 imperatoris
660 2097 816 2141 parvuli,
848 2097 905 2132 cui
938 2097 1039 2132 etiam
1063 2109 1125 2142 per
1149 2097 1321 2132 ministros
1345 2102 1380 2131 et
1404 2096 1554 2131 vicarios
1582 2097 1692 2140 impe—

225 2140 319 2174 ranti
355 2141 503 2175 libenter
536 2142 824 2186 obtemperarent.
869 2144 954 2178 haec
988 2144 1023 2178 in
1054 2143 1202 2189 speciem
1237 2144 1521 2186 ostentabantur,
1556 2143 1693 2178 interim

227 2186 304 2220 dum
329 2185 354 2219 ii
379 2187 581 2231 praesertim
604 2189 665 2232 qui
689 2199 818 2234 nupero
843 2190 1038 2236 principatu
1073 2190 1163 2235 passi
1195 2190 1341 2224 adversa
1372 2190 1533 2230 fuerant,
1568 2188 1694 2223 mordi-

228 2243 287 2266 cus
319 2231 354 2265 in
387 2234 562 2278 proposito
594 2235 764 2269 contrario
794 2237 1006 2278 haerebant,
1038 2236 1224 2271 ulciscendi
1257 2235 1419 2270 videlicet
1442 2235 1477 2269 in
1501 2235 1564 2269 filii
1588 2238 1695 2280 caput

227 2283 388 2322 acceptas
413 2290 434 2313 a
459 2283 558 2325 patre
579 2279 740 2323 iniurias,
765 2293 806 2316 ac
825 2283 1042 2317 vehementer
1065 2283 1232 2328 optabant
1254 2283 1457 2316 efficere-ut
1479 2281 1599 2316 Ioanni
1622 2281 1694 2315 filio

228 2325 350 2358 dentes
381 2326 683 2372 obstupescerent,
716 2339 757 2362 ex
780 2341 821 2362 eo
846 2329 936 2374 quod
960 2329 1164 2363 Theodorus
1196 2333 1292 2374 pater
1316 2328 1389 2362 eius
1412 2339 1514 2362 uvam
1537 2328 1695 2362 acerbam

228 2371 304 2404 irae
335 2370 472 2405 immitis
496 2377 531 2406 et
555 2372 629 2419 ipse
652 2374 837 2408 mandisset
868 2381 904 2409 et
932 2386 1131 2421 expressum
1155 2386 1196 2408 ex
1221 2387 1262 2409 ea
1285 2375 1382 2409 succi
1406 2374 1514 2408 amari
1538 2374 1696 2419 poculum

230 2416 317 2461 ipsis
340 2418 567 2462 propinasset.
614 2419 714 2453 huius
737 2421 874 2465 generis
896 2420 1034 2456 infestis
1055 2421 1212 2455 sensibus
1237 2427 1340 2466 atque
1363 2419 1545 2455 affectibus
1567 2430 1694 2454 arcano

231 2463 358 2508 passim
391 2464 612 2508 gliscentibus
635 2466 758 2510 partim
781 2466 817 2501 in
840 2467 1126 2502 adolescentulum
1160 2467 1346 2513 principem
1369 2472 1514 2511 paterna
1536 2465 1697 2514 laboran-

233 2517 303 2543 tem
326 2509 476 2552 invidia,
512 2511 634 2556 partim
659 2512 693 2546 in
719 2517 877 2558 potentes
900 2525 1034 2556 rerum,
1064 2516 1104 2547 ut
1128 2514 1271 2559 quisque
1295 2515 1339 2548 ab
1362 2513 1405 2547 iis
1430 2512 1515 2547 alias
1539 2523 1577 2546 se
1601 2510 1697 2545 aliud

234 2567 335 2601 quam
367 2557 459 2601 quod
490 2561 644 2601 optasset
675 2570 810 2603 passum
842 2560 1061 2602 meminerat,
1094 2572 1236 2605 pronum
1259 2560 1415 2594 iudicatu
1438 2563 1491 2593 est
1515 2557 1699 2603 haudqua-

234 2612 336 2646 quam
357 2607 631 2647 temperaturam
665 2615 687 2638 a
715 2610 838 2639 conatu
861 2605 1020 2640 laedendi
1042 2606 1255 2652 nocendique
1282 2605 1451 2651 capitibus
1475 2604 1589 2638 exosis
1612 2604 1699 2638 mul-

236 2648 413 2682 titudinem
435 2649 579 2691 iratam,
615 2649 680 2683 nisi
705 2657 813 2685 metus
838 2652 1013 2696 potentiae
1036 2660 1189 2687 armatae
1214 2653 1384 2686 conscium
1408 2650 1472 2686 sibi
1496 2650 1699 2694 exiguarum

234 2694 356 2728 virium
390 2696 539 2730 furorem
575 2695 745 2741 privatum
779 2702 970 2732 coerceret.
1015 2710 1128 2743 neque
1153 2698 1208 2733 hic
1230 2703 1299 2733 tam
1323 2702 1502 2741 suspectus
1525 2701 1561 2729 et
1585 2695 1698 2729 minax

236 2745 348 2774 tumor
369 2752 480 2776 rerum
505 2753 662 2787 quorsum
685 2743 820 2777 tandem
845 2749 1037 2788 erumperet
1069 2756 1136 2778 non
1167 2747 1354 2779 verebatur
1376 2742 1590 2778 Muzalonum
1614 2745 1700 2778 natu

238 2786 423 2830 maximus,
458 2788 714 2832 protovestiarii
737 2789 887 2824 eminens
911 2791 1092 2835 dignitate.
1139 2803 1223 2836 ergo
1246 2792 1276 2825 is
1301 2792 1397 2825 homo
1422 2801 1485 2823 nec
1507 2788 1613 2822 hebes
1636 2798 1702 2821 nec

237 2832 419 2877 incautus,
441 2839 627 2882 perspecta
649 2847 718 2870 non
740 2835 853 2871 dubiis
874 2836 981 2883 signis
1003 2836 1134 2872 invidia
1156 2842 1278 2873 contra
1299 2847 1338 2872 se
1359 2835 1518 2882 ingenti,
1543 2833 1703 2878 cognito-
