1884 3262
281 228 377 272 382
697 223 932 267 GEORGII
969 200 1319 269 PAcHYMEnis

223 345 255 380 D
281 338 338 394 μὴ
364 338 508 379 ε’ῶντα.
575 335 698 393 (16)
734 334 866 378 ταῦθ’
899 333 1008 392 ὁρῶν
1042 333 1063 378 ὃ
1090 336 1270 390 μοναχὸς
1297 336 1391 392 Ἰὼβ
1415 337 1612 393 Ἰασίτης,
1660 340 1729 381 καὶ
1772 337 1774 339 ’

281 407 368 460 περὶ
389 404 463 458 τὴν
480 399 642 459 γνώμην
663 401 903 460 ὃρρωδήσας
932 407 1005 446 τοῦ
1032 402 1309 459 πατριάρχου,
1346 406 1402 460 μὴ
1432 407 1636 462 καθυφείη
1655 410 1729 461 τῆς

284 470 507 521 ἔνστάσεως
530 469 730 525 ἀπειπών,
766 473 1003 526 μηχανᾶταί
1031 489 1069 513 τι
1101 477 1285 514 τοιοῦτον
1316 474 1377 515 ἐπὶ
1398 478 1455 532 τῷ
1471 473 1544 529 τὴν
1565 472 1728 530 γνώμην

284 545 357 584 τοῦ
377 537 628 596 πατριάρχου
651 542 848 594 στηρίξαι.
918 538 1159 582 ὑποτίθεται
1191 539 1269 595 γὰρ
1296 539 1457 596 γνώμην
1473 539 1640 598 γράφειν
1664 543 1730 584 καὶ

285 609 451 663 πέμπειν
482 615 567 658 τοῖς
597 606 852 663 ὁπουδήποτε
883 607 1092 661 εὖλαβέσιν
1123 605 1318 662 ἀνδράσιν
1353 611 1407 658 εἷς
1448 611 1762 666 πληροφορίανό

287 679 441 732 δῆθεν,
471 677 746 732 προστιθέντα
769 678 834 718 καὶ
859 675 980 731 ὅρκον
1002 675 1072 732 ἐφ’
1096 670 1129 734 ᾧ
1158 676 1216 730 μὴ
1238 680 1467 728 κλονοΐντο,
1506 677 1599 720 ἀλλ’
1627 677 1732 732 ἀρα-

289 743 417 801 ρότως
443 744 568 799 ἔχειν,
613 742 667 794 ὥς
695 744 742 787 οὐ
774 747 980 801 καθυφείη
1011 742 1296 796 πιστεύοντας,
1344 746 1411 786 καὶ
1442 743 1572 794 οὕτως
1601 746 1732 795 ,ἕλξειν

288 814 459 862 ἐκείνους
480 812 580 870 πρὸς
596 813 643 855 τὸ
663 812 965 867 εὐμενέστερον,
995 810 1097 854 ὥστε
1123 813 1189 854 καὶ
1223 813 1480 867 σχιζομένους
1501 813 1547 855 τὸ
1571 817 1734 869 πρῶτον

149 887 177 920 P
199 886 267 921 260
291 882 494 936 δέχεσθαι.
566 878 725 930 τούτοις
753 888 839 930 τοῖς
867 878 999 936 λόγοις
1031 878 1050 922 ὁ
1080 878 1267 937 ἱεράρχης
1298 883 1478 930 πεισθεὶς
1505 881 1670 937 ἐγχωρεῖ·
1696 881 1736 923 οἶ

288 950 491 992 ἐκτιθέναι
517 948 591 1003 τὴν
621 947 808 1004 γνώμην,
855 950 921 991 καὶ
949 949 1148 999 ἐξετίθετο
1185 948 1259 1002 τὴν
1291 950 1498 1004 ταχίστην.
1567 950 1661 1003 πρὶν
1689 949 1733 991 δὲ
1747 956 1790 991 10

288 1021 550 1074 πεμφθῆναι,
589 1017 699 1067 ἔδοξε
726 1021 807 1060 τῶν
835 1016 1049 1073 ἀρχιερέων
1077 1016 1405 1071 ἀποπειρᾶσθαι,
1453 1015 1508 1065 ὥς
1540 1015 1672 1070 μάθοι
1702 1018 1736 1059 εἲ

282 1088 345 1136 ἐἷς
369 1086 482 1134 τέλος
509 1085 742 1140 ἀντίσχοιεν.
813 1084 1099 1138 συναχθέντων
1128 1085 1263 1126 τοίνυν
1293 1083 1631 1140 ὖπανεγινώσκετο
1663 1085 1737 1138 μὲν

290 1152 316 1208 ἡ
334 1151 471 1209 γνώμη
491 1157 563 1195 τοῦ
583 1151 857 1209 πατριάρχου,
892 1152 1107 1206 ἦρωτῶντο
1144 1153 1187 1194 δὲ
1208 1152 1249 1194 εἶ’
1269 1169 1311 1206 γε
1334 1154 1400 1194 καὶ
1422 1152 1538 1194 αὐτοὶ
1557 1152 1736 1206 ἐμμένειν

290 1221 415 1277 ἕχοιεν
441 1221 545 1263 κατὰ
573 1219 737 1276 ταύτην.
807 1221 872 1262 καὶ
902 1218 1135 1275 ὡμολόγουν
1166 1219 1332 1270 αὐτίκα,
1381 1220 1550 1275 καὶ“τὴν
1576 1217 1738 1276 γνώμην

291 1290 459 1339 ἕκαστος
478 1291 561 1349 ἰδία
581 1288 822 1345 ὑπογραφῇ,
869 1288 972 1342 πλὴν
1002 1292 1083 1330 τῶν
1110 1287 1434 1344 προνοεστέρων,
1474 1289 1662 1342 ἐβεβαίου
1694 1305 1737 1332 τε
1750 1295 1792 1331 15

294 1359 361 1400 καὶ
378 1359 709 1413 κατησφαλίζετο.
783 1354 839 1405 ὥς
865 1360 962 1412 γοῖν
982 1355 1171 1412 ἐπέμφθη
1200 1356 1272 1409 μὲν
1297 1353 1322 1409 ἡ
1354 1353 1515 1411 γνώμη,
1553 1355 1594 1398 ἒν
1630 1355 1740 1412 ἀφύ-

245 1433 276 1467 Β
301 1442 409 1475 κτοις
427 1425 469 1467 δ’
494 1421 577 1480 ἦνὸ
599 1422 851 1481 πατριάρχης
872 1428 946 1466 τοῦ
964 1426 1048 1478 μηδ
1055 1423 1068 1439 ’
1097 1423 1137 1465 εἴ
1157 1440 1196 1465 τι
1215 1425 1279 1465 καὶ
1304 1423 1455 1479 γένοιτο
1474 1422 1739 1477 μεταβάλλειν

295 1494 397 1552 (τοῖς
416 1493 493 1550 γὰρ
515 1492 648 1549 ὅρκοις
670 1491 954 1548 συνείληπτο),
991 1494 1114 1546 δῆλος
1134 1486 1184 1546 ἦν
1215 1493 1281 1533 καὶ
1311 1491 1412 1548 πρὸς
1428 1492 1598 1545 βασιλέα
1616 1492 1740 1547 λέγων

293 1560 348 1612 ὥς
362 1562 408 1605 οὐ
431 1559 609 1616 ποιήσων
630 1561 725 1604 οὐδὲ
743 1558 1103 1618 καταπραξάμενος
1124 1559 1195 1615 τὴν
1218 1560 1452 1617 ἐγχείρησιν.
1500 1557 1521 1603 ὅ
1541 1559 1677 1615 μέντοι
1695 1575 1739 1616 γε

381 1671 416 1706 2.
440 1668 540 1716 παρὰ
562 1670 601 1705 Ρ.

292 1767 419 1798 sterum
443 1762 633 1808 quieturum
655 1761 738 1796 satis
762 1761 963 1807 apparebat.
1018 1761 1097 1806 (16)
1122 1760 1157 1794 in
1192 1771 1234 1795 ea
1256 1759 1502 1794 conflictantem
1525 1757 1741 1793 meditatione

294 1809 520 1854 patriarcham
544 1808 755 1852 conspicatus
779 1807 959 1841 monachus
982 1806 1084 1840 Iobus
1106 1806 1231 1848 Iasita,
1254 1810 1290 1840 et
1312 1817 1377 1839 non
1393 1805 1466 1839 sine
1491 1816 1592 1839 causa
1613 1805 1743 1838 veritus

294 1859 334 1888 ut
356 1866 418 1899 par
442 1854 485 1888 ad
509 1857 692 1887 extremum
715 1854 805 1886 foret
843 1852 1041 1886 eluctandae
1073 1852 1316 1886 contrariarum
1347 1851 1511 1884 rationum
1541 1857 1576 1883 et
1599 1849 1743 1883 molitio-

294 1911 372 1933 num
395 1899 597 1942 instantiae,
621 1899 689 1932 tale
712 1898 878 1943 quidpiam
913 1897 1121 1931 machinatus
1145 1900 1197 1930 est
1219 1897 1262 1931 ad
1285 1896 1482 1930 firmandum
1507 1895 1542 1929 in
1563 1894 1743 1929 resistendi

295 1946 481 1980 constantia
501 1944 714 1990 patriarchae
737 1944 888 1977 animum.
934 1942 1087 1987 suggerit
1116 1942 1165 1976 illi
1195 1942 1364 1976 consilium
1387 1941 1585 1975 scribendae
1608 1940 1743 1974 mitten-

297 1991 429 2035 daeque
452 1990 632 2036 pastoralis
656 1990 698 2024 ad
721 1989 894 2023 universos
918 2000 1020 2022 curae
1044 1999 1124 2022 suae
1147 1987 1299 2022 subditos
1322 1987 1439 2020 fideles
1470 1986 1652 2031 epistolae,
1675 1997 1744 2031 qua

297 2040 334 2071 et
356 2037 430 2070 illos
454 2037 646 2070 admoneret
667 2035 746 2081 quid
769 2035 947 2069 tenendum
969 2034 1004 2067 in
1028 2034 1079 2067 his
1100 2037 1208 2075 esset,
1239 2037 1274 2067 et
1304 2044 1370 2078 quo
1394 2031 1568 2066 efficacius
1601 2031 1643 2065 iis
1666 2042 1745 2077 per-

299 2082 456 2116 suaderet
478 2081 513 2116 in
537 2080 773 2115 commendatis
796 2080 1039 2118 constantiam,
1072 2079 1256 2112 iuramento
1287 2079 1395 2123 palam
1422 2077 1621 2123 interposito
1643 2088 1745 2122 spon-

300 2129 398 2162 deret
419 2139 585 2173 nunquam
609 2138 646 2161 se
668 2127 874 2160 deflexurum
897 2138 918 2160 a
941 2125 1053 2169 rigore
1074 2124 1175 2158 semel
1198 2124 1287 2158 fixae
1308 2123 1514 2165 sententiae,
1541 2127 1601 2157 aut
1623 2134 1663 2156 eo
1685 2122 1747 2156 de-

302 2184 514 2214 scensurum,
538 2173 748 2218 quantumvis
773 2184 794 2206 a
816 2171 937 2217 quovis
958 2171 1174 2212 traheretur,
1196 2175 1235 2203 ut
1258 2181 1279 2203 a
1301 2169 1422 2214 quibus
1444 2169 1517 2202 iure
1540 2179 1578 2202 se
1600 2178 1746 2213 suosque

302 2219 468 2254 abscissos
498 2219 659 2252 hactenus
691 2221 864 2263 putasset,
904 2227 963 2250 eos
998 2216 1032 2249 in
1069 2216 1326 2250 communionem
1355 2214 1537 2260 acciperet.
1589 2213 1641 2247 his
1671 2212 1748 2247 lobi

300 2264 570 2309 suggestionibus
591 2265 807 2309 acquiescens
830 2261 1024 2308 patriarcha
1045 2261 1076 2295 ei
1098 2261 1261 2295 commisit
1283 2260 1348 2306 ipsi
1367 2260 1534 2304 negotium
1554 2259 1749 2293 formandae

302 2309 338 2343 in
362 2321 434 2343 eam
456 2309 656 2344 sententiam
678 2309 850 2343 circularis
872 2307 1045 2353 epistolae.
1091 2318 1158 2351 qua
1180 2306 1294 2340 statim
1318 2305 1522 2351 composita,
1555 2305 1748 2358 priusquam

304 2355 534 2398 emitteretur,
567 2355 673 2390 visum
710 2354 923 2400 patriarchae
955 2358 1009 2387 est
1038 2352 1300 2398 experimentum
1331 2352 1526 2396 capiendum
1558 2350 1675 2384 iudicii
1703 2348 1748 2383 de

304 2400 356 2434 his
381 2401 481 2434 rebus
504 2400 755 2446 episcoporum,
779 2405 818 2434 ut
839 2399 915 2433 inde
937 2399 1145 2444 perspiceret
1168 2398 1287 2442 ecquid
1309 2397 1358 2431 sic
1375 2395 1511 2431 animati
1532 2398 1748 2440 apparerent,

305 2450 345 2480 ut
367 2450 461 2479 recte
484 2445 608 2479 confidi
631 2451 746 2491 posset
768 2456 826 2479 eos
846 2455 951 2490 usque
974 2444 1017 2478 ad
1039 2445 1139 2478 finem
1168 2443 1397 2477 inflexibiliter
1418 2442 1452 2475 in
1475 2439 1649 2476 recusandi
1669 2451 1750 2474 con-

305 2492 428 2527 stantia
449 2502 631 2525 mansuros.
678 2491 888 2535 congregatis
919 2501 1000 2534 ergo
1021 2489 1104 2535 ipsis
1126 2490 1215 2523 lecta
1238 2492 1290 2522 est
1311 2487 1522 2534 perscripta,
1555 2490 1594 2520 ut
1613 2484 1706 2528 dixi,
1727 2481 1750 2519 ξι

304 2537 385 2571 Iobo
419 2536 577 2570 monacho
609 2536 823 2581 patriarchae
844 2536 1021 2570 sententia.
1068 2547 1210 2580 moxque
1231 2533 1431 2578 interrogati
1462 2530 1584 2576 singuli
1606 2533 1684 2564 sunt
1706 2541 1750 2564 an

306 2583 396 2616 idem
429 2587 464 2615 et
493 2581 559 2626 ipsi
587 2581 769 2624 sentirent,
803 2585 838 2616 et
869 2593 946 2616 num
985 2586 1078 2615 certo
1110 2580 1336 2614 decrevissent
1375 2579 1411 2613 in
1441 2589 1480 2611 eo
1512 2586 1748 2622 perseverare.

306 2638 419 2662 omnes
452 2626 566 2661 statim
601 2631 835 2668 assenserunt,
866 2632 901 2660 et
931 2630 1123 2661 cunctorum
1157 2630 1293 2671 praeter
1323 2622 1588 2669 providentiores
1622 2631 1748 2666 paucos

304 2672 455 2719 propriis
473 2672 604 2706 firmata
620 2672 920 2717 subscriptionibus
944 2672 1085 2717 epistola
1100 2671 1204 2706 missa
1222 2674 1488 2717 quoquoversum
1504 2671 1568 2701 est.
1615 2677 1656 2700 ea
1674 2665 1751 2701 vul-

306 2724 404 2763 gata,
443 2717 691 2762 constrictaque
727 2718 918 2762 patriarcha
944 2717 1113 2751 insolubili
1144 2728 1253 2758 nexu,
1284 2727 1327 2749 ne
1359 2714 1395 2748 in
1423 2713 1522 2747 ullam
1555 2711 1645 2745 circa
1666 2711 1752 2746 haec

306 2764 524 2799 mutationem
544 2774 620 2798 sese
650 2766 764 2806 posset
791 2763 965 2803 relaxare,
994 2763 1118 2808 quippe
1150 2762 1202 2796 cui
1231 2762 1296 2795 iam
1329 2771 1393 2794 non
1429 2762 1521 2792 esset
1541 2757 1708 2802 integrum
1730 2768 1752 2791 a

308 2810 473 2844 sententia
503 2812 573 2842 tam
605 2808 739 2854 publica
768 2808 977 2853 professione
1000 2808 1172 2842 declarata
1202 2807 1353 2848 resilire,
1385 2803 1600 2839 iurisiurandi
1621 2803 1752 2847 utique,

308 2855 469 2900 religione
490 2854 664 2896 devincto,
686 2853 717 2888 is
738 2864 820 2888 sane
846 2864 928 2899 prae
950 2864 987 2887 se
1009 2854 1144 2888 ferebat
1165 2863 1204 2887 se
1226 2855 1424 2896 negaturum
1447 2847 1640 2895 imperatori
1662 2847 1752 2893 quod
