1846 3262
189 188 218 231 8
770 185 1072 230 SUMMARIA.

187 293 415 332 διδάσκαλον
446 294 621 354 καθίστα.
694 294 750 330 15.
784 291 885 336 οπως
908 293 1143 352 ἐγκληθέντες
1170 292 1268 337 τινες
1290 294 1368 331 ταῖν
1389 295 1458 331 τοῦ
1476 295 1661 331 παλατίου

188 341 472 384 καθοσιώσεως,
488 341 557 398 ‘uoci
573 339 642 377 τόν
660 339 892 387 πατριάρχην
909 342 1056 386 εἰσῆγον
1069 338 1266 399 ’Apoivwm
1331 343 1388 378 16.
1414 338 1516 399 ὅπως
1535 339 1555 377 ὁ
1575 353 1662 399 συγ-

190 401 355 435 γραφευς
381 388 451 424 σῦν
482 384 550 431 ἅμ’
572 386 803 445 ἀρχιερεῦσιν
823 389 876 430 εἰς
896 386 1036 424 ἐκεῖνον
1053 387 1251 433 πέμπεται,
1276 387 1338 424 καὶ
1360 388 1443 432 περὶ
1463 383 1516 424 ὧν
1534 386 1664 430 αὐτοῖς

193 436 347 491 συνέβη.
411 436 467 470 17.
502 433 603 475 ὅπως
632 431 651 471 ὁ
664 433 848 494 βασιλεῦς
865 433 1079 492 ἐβουλεύετο
1098 436 1146 470 τά
1163 434 1246 479 περὶ
1269 436 1336 479 τῆς
1353 434 1490 471 ἑαυτοῦ
1514 433 1664 478 λύσεως,

192 482 256 518 καὶ
276 479 371 537 πρὸς
387 482 501 521 τίνος.
573 483 628 516 18.
661 494 762 521 οπως
778 493 798 516 o
818 479 951 538 Ἰωσὴφ
969 482 1021 527 τῷ
1037 482 1217 528 Γερμανῶ
1234 479 1498 538 συνεβούλευεν
1521 479 1664 517 ἀποθέ-

195 531 288 565 σθαι
309 525 379 585 τὴν
392 529 654 586 πατριαρχίαν.
728 530 783 563 19.
817 525 922 574 περὶ
927 530 1142 572 Ὑακίνθου,
1166 527 1266 569 ὅστις
1284 527 1346 564 nat
1367 524 1480 570 οθεν,
1503 527 1566 563 καὶ
1587 539 1664 563 των

194 574 277 616 περὶ
307 572 439 610 αὐτόν.
506 576 563 610 20.
597 571 701 614 ὅπως
718 573 780 610 καὶ
797 542 883 610 διαὶρ
879 574 948 611 τοῦ
967 574 1146 616 Σάρδεων
1165 577 1203 610 Χ
1201 572 1316 617 αλαζα
1334 570 1540 618 ἐπιχειρεῖ
1520 587 1540 610 ο
1562 575 1667 621 βασι-

195 620 282 662 λεύς
298 621 349 668 τῷ
366 623 659 678 πατριαρχοῦντι
678 621 870 680 Γερμανῷ.
938 622 997 657 21.
1031 620 1132 662 ὅπως
1155 620 1288 666 ἐξῆλθε
1311 621 1381 656 τοῦ
1402 622 1668 678 πατριαρχείου

188 665 216 702 ’ὁ
239 657 442 725 Γερμανός.
525 669 582 703 22.
616 667 701 714 περὶ
726 669 796 703 τοῦ
802 657 1146 727 Ἀδριανουπόλεως
1164 667 1361 703 Βασιλείου
1387 663 1458 702 εἴτ’
1481 661 1550 703 οὖν
1573 669 1670 725 Βαρ-

197 712 307 770 λαάμ
376 715 434 750 23.
468 727 570 755 οπως
595 715 647 755 εἰς
673 711 903 772 πατριάρχην
929 709 1133 771 ψηφίζεται
1151 713 1255 758 παρὰ
1275 715 1350 750 τῶν
1377 710 1581 770 ἀρχιερέων
1593 711 1669 748 Ἰω-

197 758 286 806 σήφ.
356 759 414 796 24.
447 758 548 802 οπως
573 759 946 818 παραδοκιμηθέντος
967 761 1036 796 τοῦ
1059 757 1284 817 Ηρακλείας
1299 762 1467 805 Πιναχᾶ,
1491 773 1543 801 ως
1561 758 1670 799 ὄντος

196 809 265 867 τῆς
290 808 528 864 χειροτονίας
552 808 622 843 τοῦ
652 810 869 862 Γερμανοῦ,
893 804 912 843 ὁ
932 806 1148 864 Μιτυλήνης
1162 804 1367 864 Γρηγόριος
1388 808 1590 865 χειροτονεῖ
1603 804 1671 842 τὸν

196 852 347 898 Ἰωσήφ.
416 854 473 889 25.
506 851 606 895 ὅπως
627 852 744 908 ἐλύθη
762 855 832 889 τοῦ
851 852 1068 898 α’φορισμοῦ
1089 852 1108 888 ὁ
1137 851 1308 900 βασιλεῦς
1321 851 1425 897 παρὰ
1444 855 1514 888 τοῦ
1524 850 1672 897 Ἰωσήφ.

199 901 259 936 26.
283 898 368 943 περὶ
386 902 456 936 τοῦ
475 899 615 945 κήδους
633 899 702 936 τοῦ
719 914 757 937 τε
782 899 1065 945 Ταρχανειῶτου
1078 899 1312 946 Ἀνδρονίκου
1332 900 1396 935 καὶ
1413 899 1501 935 υἱοῦ
1517 899 1584 943 τῆς
1602 899 1673 935 τοῦ

201 945 379 1003 βασιλέως
403 945 572 1005 αδελφῆς
595 946 782 1003 Μάρθας,
815 948 879 983 καὶ
899 949 965 992 τῆς
989 915 1181 992 θυγατρὸς
1205 948 1275 982 τοῦ
1305 947 1459 982 δυτικοῦ
1482 945 1673 981 Ἰωάννου.

201 994 258 1028 27.
282 989 383 1034 ὅπως
410 993 473 1029 καὶ
502 991 656 1034 ὁπόσαις
687 992 866 1037 δυναμεσι
890 995 1181 1050 στρατηγοῦντος
1205 994 1274 1029 τοῦ
1303 991 1502 1049 δεσπότου,
1525 991 1588 1027 καὶ
1612 989 1674 1027 ἐπὶ

201 1042 282 1080 τοῖς
316 1040 482 1081 δυτικοῖς
523 1052 696 1097 συχνακις
746 1038 1054 1099 ἐπεχωριαζοντος
1069 1065 1079 1082 ,
1127 1038 1175 1076 τοὶ
1221 1038 1422 1076 ἀνατολικα
1466 1036 1674 1075 ἀπώλοντο.

202 1087 260 1122 28.
289 1085 373 1128 περὶ
397 1087 466 1122 τοῦ
490 1086 578 1122 κατ’
603 1085 794 1144 ἐκκλησίαν
822 1088 1039 1132 σχίσματος,
1063 1086 1123 1122 καὶ
1155 1086 1239 1132 περὶ
1258 1087 1331 1121 ταῖν
1349 1084 1675 1130 Παντεποπτηνων

202 1133 389 1177 μοναχοδν.
458 1135 515 1168 29.
539 1147 641 1175 οπως
657 1131 914 1169 ἀποστέλλεται
933 1134 984 1175 εἰς
1006 1134 1190 1169 Παιονίαν
1207 1131 1305 1187 μετὰ
1321 1133 1391 1168 τοῦ
1407 1131 1566 1189 μεγάλου
1585 1133 1677 1166 δου-

203 1178 270 1219 κὸς
298 1179 368 1214 τοῦ
392 1178 560 1224 Λάσκαρι
587 1177 607 1216 ὁ
635 1179 1002 1226 προπατριαρχεύσας
1026 1178 1236 1223 Γερμανός,
1258 1176 1434 1214 κάκεῖθεν
1453 1175 1565 1223 ἤγαγε
1583 1175 1676 1221 νῦμ-

206 1237 284 1271 φην
312 1227 365 1271 τῷ
391 1228 461 1262 τοῦ
486 1225 664 1273 βασιλέως
692 1227 783 1274 υἱῷ,
817 1227 880 1262 καὶ
906 1226 1250 1284 προσεστέφθησαν.
1325 1226 1382 1261 30.
1416 1226 1488 1260 τοῦ
1514 1222 1676 1268 μεγάλου

206 1269 461 1309 κονοσταύλου
481 1274 551 1309 τοῦ
571 1261 852 1317 Ταρχανειώτου
876 1271 970 1318 πρὸς
990 1269 1056 1308 τᾶν
1075 1268 1263 1331 πενθερον
1282 1269 1401 1306 αὐτοῦ
1419 1268 1592 1316 Ἰωάννην
1607 1269 1677 1305 αὖ·

206 1317 419 1364 τομόλησις.
493 1321 550 1356 31.
582 1318 794 1377 ἐκστρατεία
831 1319 899 1355 τοῦ
930 1318 1109 1356 δεσπότου
1145 1316 1323 1355 Ἰωάννου
1359 1318 1507 1360 συνάμα
1545 1319 1679 1361 χιλίασι

209 1366 374 1422 στρατοῦ
400 1363 493 1409 πρὸς
520 1364 589 1401 τὸν
615 1364 811 1422 Ἰωάννην,
847 1366 909 1401 καὶ
931 1365 979 1401 τοὶ
1010 1366 1076 1421 τῇς
1103 1363 1380 1411 ανδραγαθείας
1401 1365 1470 1399 τοῦ
1490 1362 1679 1399 Ἰωαννου.

208 1413 268 1448 32.
301 1424 403 1452 οπως
429 1410 524 1447 κατὰ
549 1410 746 1448 θάλασσαν
774 1409 793 1447 ὁ
820 1412 1115 1467 πρωτοστράτωρ
1149 1409 1465 1465 Φιλανθρωπηνὸς
1485 1412 1570 1457 νικᾷ
1591 1408 1681 1452 τούς

208 1454 370 1500 Ἰταλοῦς
386 1456 481 1494 κατὰ
501 1456 657 1503 κράτος,
686 1460 953 1503 συνεργοῦντος
969 1457 1110 1503 ἔξωθεν
1125 1458 1189 1494 καὶ
1205 1458 1274 1494 τοῦ
1293 1456 1474 1494 δεσπότου
1491 1445 1680 1493 Ἰωάννου.

310 1530 417 1563 ΤΗΣ
442 1529 714 1563 ΠΕΜΠΤΗΣ.
774 1528 805 1562 1.
837 1525 938 1568 ὅπως
960 1527 1098 1570 μεταξυ
1124 1526 1247 1585 λύπης
1258 1525 1321 1561 καὶ
1339 1523 1480 1572 ἡδονῆς
1504 1521 1680 1570 ἐγένετο
1660 1539 1682 1562 ο

210 1575 358 1618 κρατῶν
393 1574 457 1610 διὰ
488 1573 536 1610 τὰ
571 1572 764 1620 συμβάντα
801 1571 840 1609 ἐν
874 1575 921 1620 τῇ
955 1572 1071 1609 δύσει.
1149 1575 1183 1610 2.
1225 1570 1326 1614 ὅπως
1354 1570 1574 1618 σχιζομένων
1606 1573 1682 1608 ταῖν

214 1708 334 1745 tuerit.
385 1709 439 1746 15.
471 1715 511 1745 ut
543 1709 697 1744 accusati
727 1709 963 1754 palatinorum
992 1709 1134 1754 quidam
1166 1709 1283 1743 laesae
1311 1708 1508 1743 maiestatis
1527 1709 1680 1753 patriar-

213 1755 317 1789 cham
342 1757 524 1790 Arsenium
547 1757 584 1790 in
607 1756 752 1795 eandem
774 1767 888 1790 secum
911 1757 1182 1790 criminationem
1206 1756 1420 1789 involverint.
1477 1756 1532 1790 16.
1556 1760 1596 1790 ut
1617 1767 1684 1789 au-

215 1806 290 1835 ctor
311 1801 413 1836 huius
435 1803 601 1838 historiae
623 1813 695 1836 una
726 1814 803 1836 cum
833 1802 996 1846 episcopis
1027 1802 1075 1835 ad
1099 1802 1279 1835 Arsenium
1302 1802 1424 1835 missus
1446 1802 1512 1842 sit‚·
1535 1806 1570 1836 et
1601 1801 1686 1846 quid

217 1848 262 1881 iis
286 1849 483 1894 contigerit.
532 1851 587 1885 17.
610 1854 650 1884 ut
673 1849 790 1884 modos
812 1849 1000 1893 quaesierit
1018 1849 1206 1892 imperator
1227 1859 1312 1882 suae
1335 1848 1555 1882 absolutionis
1577 1848 1686 1892 impe-

214 1895 393 1936 trandae,
427 1899 463 1929 et
492 1907 516 1929 a
547 1907 625 1940 quo.
699 1896 754 1930 18.
786 1900 826 1930 ut
859 1895 1022 1938 Iosephus
1057 1895 1231 1928 Germano
1260 1896 1408 1929 suaserit
1430 1894 1686 1928 abdicationem

218 1941 491 1985 patriarchatus.
539 1943 594 1977 19.
620 1942 664 1975 de
687 1941 904 1985 Hyacinthe,
928 1941 1003 1985 quis
1019 1945 1053 1975 et
1075 1941 1166 1975 unde
1190 1946 1303 1981 esset‚·
1327 1952 1368 1974 ac
1392 1941 1435 1974 de
1460 1940 1527 1984 ipsi
1554 1940 1686 1974 adhae-

220 1988 385 2021 rentibus.
431 1989 489 2023 20.
514 1993 554 2022 ιιι
574 1998 636 2032 per
658 1987 867 2022 Sardensem
893 1988 1084 2021 Chalazam
1105 1988 1232 2020 iterum
1261 1987 1449 2031 imperator
1475 1987 1688 2020 Germanum

220 2034 463 2077 patriarcham
485 2034 685 2069 tentaverit.
741 2036 799 2069 21.
824 2039 864 2068 ut
889 2035 1083 2068 Germanus
1103 2033 1347 2077 patriarchatu
1369 2033 1518 2067 cesserit.
1563 2033 1619 2068 22.
1643 2033 1688 2066 de

222 2080 380 2135 episcopa
406 2081 676 2125 Adrianopoleos
709 2080 844 2114 Basilio
874 2080 947 2114 sive
971 2081 1154 2114 Barlaam.
1209 2081 1268 2115 23.
1291 2085 1330 2114 ut
1354 2079 1534 2124 suffragiis
1557 2079 1687 2122 episco—

221 2137 343 2170 porum
366 2126 404 2160 in.
423 2127 663 2171 patriarcham
686 2127 812 2160 electus
836 2127 952 2169 fuerit
983 2126 1156 2171 losephus.
1210 2124 1267 2161 24.
1292 2130 1330 2160 ut
1349 2126 1545 2170 posthabito
1571 2125 1689 2158 Hera-

223 2173 335 2206 cleota
361 2173 536 2215 Pinacha‚
560 2173 650 2218 quod
671 2173 702 2207 is
725 2173 907 2207 ordinatus
921 2174 1050 2217 fuisset
1072 2184 1095 2205 a
1121 2173 1312 2214 Germano,
1342 2172 1576 2215 Mitylenensis
1603 2172 1690 2205 Gre-

223 2220 344 2262 gorius
368 2219 550 2264 Iosephum
572 2219 794 2253 ordinaverit.
840 2221 897 2255 25.
919 2223 959 2254 ut
980 2220 1110 2253 solutus
1133 2219 1356 2252 anathemato
1376 2219 1565 2262 imperator
1577 2218 1691 2261 fucrit

226 2276 250 2298 a
271 2266 423 2309 Iosepho.
478 2267 535 2301 26.
561 2266 604 2300 de
633 2265 782 2310 nuptiali
798 2266 942 2309 foedere
971 2266 1061 2299 inter
1094 2265 1366 2298 'I'archaniotam
1389 2265 1620 2298 Andronicum
1634 2265 1692 2308 fi-

227 2311 310 2345 lium
343 2312 508 2346 Marthae
539 2312 662 2346 sororis
695 2312 932 2356 imperatoris,
966 2317 1000 2346 et
1013 2311 1130 2355 filiam
1154 2312 1294 2345 Ioannis
1315 2312 1353 2344 in
1378 2311 1558 2345 Occidente
1582 2310 1693 2344 doma·-

227 2357 352 2392 nantis.
417 2359 476 2393 27.
499 2363 540 2393 ut
564 2359 730 2392 Romanis
753 2358 912 2391 maximis
935 2359 1052 2402 copiis,
1076 2358 1161 2392 duce
1184 2358 1325 2402 despota
1348 2358 1492 2398 Ioanne,
1514 2357 1630 2390 crebro
1654 2356 1692 2389 in

229 2405 394 2438 Occiduos
414 2409 547 2438 tractus
569 2405 698 2438 aversis
711 2431 719 2445 ,
745 2405 940 2439 Orientales
961 2404 1136 2448 perierint.
1182 2405 1240 2439 28.
1267 2404 1310 2438 de
1335 2404 1496 2438 ecclesiae
1509 2403 1692 2436 schismate

230 2455 266 2485 et
303 2450 570 2495 Pantepoptenis
600 2451 790 2484 monachis
843 2452 901 2486 29.
931 2455 971 2484 ut
1001 2451 1122 2483 missus
1153 2450 1191 2483 in
1216 2450 1430 2484 Pannoniam
1463 2460 1538 2482 cum
1561 2459 1693 2494 magno

231 2497 316 2531 duce
340 2497 488 2530 Lascari
511 2498 756 2542 expatriarcha
777 2497 970 2530 Germanas
990 2497 1071 2530 inde
1088 2507 1246 2540 sponsam
1266 2495 1485 2541 imperatoris
1499 2495 1571 2538 filio
1588 2495 1695 2528 duxe-

230 2544 301 2584 rit;
321 2548 427 2588 utque
450 2544 531 2577 novi
553 2544 666 2588 sponsi
688 2543 842 2577 coronati
863 2548 953 2577 sunt.
1000 2545 1057 2581 30.
1080 2543 1202 2588 magni
1225 2543 1414 2576 conootauli
1441 2542 1696 2575 Tarchaniotae

232 2590 281 2623 aa
306 2590 469 2623 Ioannem
491 2590 599 2634 ipsius
621 2601 773 2624 socerum
795 2589 1043 2633 transfugium.
1091 2590 1148 2625 31.
1174 2590 1343 2633 expeditio
1370 2588 1509 2622 loannis
1533 2587 1695 2631 despotae

232 2648 309 2669 cum
340 2638 526 2670 multorum
559 2637 691 2670 milium
727 2637 876 2670 exercitu
906 2636 1071 2669 adversus
1102 2636 1267 2670 Ioannem
1299 2636 1439 2674 ἀπιστως
1473 2638 1506 2667 et
1529 2634 1572 2667 de
1597 2634 1697 2666 huius

234 2683 388 2722 facinore
411 2682 552 2728 insigni.
599 2684 655 2719 32.
679 2687 718 2716 ut
742 2683 832 2715 mart
851 2686 1081 2725 protostrator
1102 2682 1411 2727 Philanthropenus
1435 2681 1542 2715 Inatos
1564 2679 1699 2722 vicerit,

233 2727 423 2762 adiuvante
446 2741 470 2762 a
493 2734 587 2763 terra
605 2730 749 2773 despota
773 2729 912 2762 Ioanne.

323 2798 506 2840 QUlNTl.
554 2799 584 2833 1.
608 2802 646 2832 ιιι
669 2797 802 2830 medius
822 2797 913 2832 inter
934 2807 1120 2831 moerorem
1144 2802 1178 2832 ct
1209 2795 1380 2843 gaudium
1403 2795 1590 2840 imperator
1617 2796 1699 2838 fne-

229 2845 275 2878 rit
307 2845 350 2879 ab
381 2857 426 2880 ea
450 2856 538 2890 quac
570 2845 608 2879 in
641 2844 823 2879 Occidente
873 2848 1069 2880 evenerant.
1121 2845 1156 2880 2.
1179 2849 1217 2879 ut
1238 2843 1421 2878 schismate
1439 2853 1503 2888 per
1528 2841 1702 2876 Orientem
