1884 3262
253 178 354 226 728
639 174 970 239 ,ussaiw-Ar.
1003 175 1318 224 PAGHYMER.

252 286 517 329 municatione
548 284 813 339 contigerunt,
876 285 975 326 haec
1011 292 1132 340 prout
1163 286 1208 326 in
1234 286 1400 338 synopsi
1428 286 1710 338 chronologica
1735 315 1738 318 -

254 344 505 396 digessimus,
534 342 649 381 facile
667 343 791 382 trium
809 357 1003 382 annorum
1023 344 1196 396 spatium
1213 343 1389 394 explent.
1445 344 1603 395 quando
1630 345 1711 383 iam

256 403 469 452 desperans
501 398 671 437 Michael
701 399 919 452 quidquam
946 413 1018 439 sua
1040 414 1155 439 causa
1180 400 1381 438 facturum
1399 401 1628 451 Arsenium,
1658 399 1711 439 ad

255 457 463 509 episcopos
491 455 541 494 de
569 461 676 494 statu
700 470 835 496 rerum
865 470 1025 496 suarum
1053 470 1138 497 eam
1167 457 1385 495 orationem
1411 454 1568 507 habuit,
1606 469 1710 508 quae

256 527 291 555 c.
315 517 335 554 1
356 513 383 551 1.
407 511 435 554 4
455 511 660 552 recitatur.
718 514 761 551 in
778 527 822 553 ea
843 514 955 566 quasi
977 514 1234 552 fundamenta
1257 512 1359 550 iacta
1386 518 1481 550 sunt
1497 513 1711 565 depositio·

252 569 318 608 nis
338 568 505 610 Arsenii.
562 569 614 608 acl
631 583 748 620 quam
766 576 813 609 ut
830 584 1057 622 processum
1077 570 1222 620 fuerit,
1251 569 1393 608 docere
1409 568 1624 608 historicus
1643 570 1711 608 in·-

255 625 354 677 cipit
369 626 396 663 1.
421 625 448 668 4
467 638 501 666 c.
522 627 564 674 3,
591 626 660 664 ubi
679 627 875 666 accusatio
893 629 936 666 in
955 626 1220 680 patriarcham
1243 626 1387 678 cupide
1405 625 1453 663 ab
1473 624 1711 678 imperatore

255 688 418 734 accepta
458 689 712 723 memoratur.
769 683 969 723 damnatio
1003 683 1158 723 Arsenii
1192 688 1231 722 et
1262 682 1530 721 exauctoratio
1563 681 1713 721 iudicio

254 738 401 791 synodi
423 738 580 777 decreta
601 739 776 779 refertur
794 755 829 782 c.
849 744 886 783 6.
924 741 1111 782 executio
1133 753 1255 793 porro
1277 739 1494 779 sententiae
1512 744 1552 778 et
1569 738 1712 778 eiectio

254 794 411 835 Arsenii
432 809 453 834 e
471 795 565 834 sede
586 801 623 834 et
636 797 734 849 urbe
751 797 1016 850 perscribitur
1034 811 1067 835 c.
1086 800 1124 840 8.
1182 796 1323 846 oratio,
1354 796 1404 834 de
1424 808 1502 847 qua
1522 794 1711 846 diximus,

253 851 506 903 imperatoris
531 851 666 891 habita
698 854 862 893 videtur
880 855 954 893 sub
979 853 1140 893 initium
1173 852 1267 891 anni
1295 855 1525 902 1263‚-cum
1543 852 1622 890 iam
1640 864 1714 904 per

254 922 380 947 annos
409 914 490 947 tres
514 910 957 961 excommunicationis,
997 923 1075 963 qua
1109 909 1248 948 fuisset
1277 909 1451 960 illigatus
1469 909 1601 947 statim
1617 913 1713 961 post

256 966 573 1004 excaecationem
594 965 755 1006 Ioannis
775 968 910 1020 pueri,
939 967 1175 1007 solutionem
1200 966 1471 1018 nequidquam
1485 965 1713 1018 flagitasset.

251 1027 346 1074 post
366 1022 584 1060 orationem
602 1022 734 1074 illam,
766 1037 865 1075 quae
885 1025 994 1064 velut
1013 1023 1216 1073 clarigatio
1243 1024 1433 1074 quaedam
1455 1022 1530 1061 fuit
1554 1028 1713 1060 terren-
1745 1052 1753 1055 γ.

254 1079 306 1117 do
321 1107 333 1127 ,
359 1077 392 1115 si
411 1077 499 1117 fieri
518 1086 671 1131 posset,
702 1080 954 1133 patriarchae
969 1080 1198 1133 praemissa,
1225 1085 1385 1118 secutae
1403 1085 1498 1118 sunt
1519 1077 1713 1118 delibera-

250 1135 380 1174 tiones
407 1135 684 1187 episcoporum
714 1142 753 1174 et
781 1137 911 1175 officia
939 1138 1156 1177 multorum
1186 1149 1235 1174 ex
1251 1135 1346 1188 ipsis
1374 1135 1425 1174 ad
1444 1134 1712 1188 patriarcham

250 1192 325 1244 pro
351 1190 531 1240 Augusto
561 1192 760 1244 supplice,
797 1199 883 1232 tum
909 1194 1050 1232 ultima
1072 1191 1192 1230 huius
1220 1192 1378 1244 Iosephi
1396 1193 1460 1231 sui
1483 1191 1713 1231 confessarii

250 1247 303 1286 ad
319 1246 528 1285 arsenium
545 1247 739 1300 allegatio.
796 1262 897 1301 quae
922 1263 1015 1289 cum
1039 1248 1144 1288 nibil
1165 1248 1430 1301 proficerent,
1458 1248 1618 1288 tandem
1637 1247 1713 1288 sub

250 1302 410 1342 initium
440 1303 589 1356 Aprilis
614 1305 780 1344 Arsenio
808 1306 859 1345 lis
887 1312 944 1345 est
973 1309 1188 1356 intentata,
1219 1304 1352 1349 oblato
1368 1311 1509 1344 contra
1531 1305 1646 1343 illum
1659 1304 1714 1343 li-

251 1360 371 1411 bello.
429 1359 480 1399 de
510 1359 587 1399 hac
605 1374 650 1400 re
682 1362 804 1401 verba
831 1362 1084 1415 Pachymeris
1108 1362 1283 1401 notanda
1301 1367 1394 1401 sunt
1422 1375 1455 1401 c.
1484 1361 1558 1400 illo
1577 1363 1605 1404 3
1632 1361 1662 1403 1.
1683 1359 1713 1405 4

252 1416 311 1455 sic
339 1415 566 1455 scribentis:
595 1415 682 1459 τότε
701 1419 839 1460 τοίνυν
864 1421 1170 1475 βοηδρομιῶνος
1189 1417 1400 1472 ἱσταμένου
1420 1417 1490 1459 καὶ
1517 1414 1713 1471 συνήθων

253 1476 448 1542 νηιστειῶν
463 1473 710 1527 τελουμένων
729 1474 867 1529 ἑορτῆς
888 1473 1085 1530 ἀγομένης
1105 1473 1159 1529 ἣν
1178 1471 1402 1517 οῗκᾶθιστον
1425 1470 1605 1527 σύνηθες
1620 1470 1714 1516 ὄνο-
1756 1508 1759 1512 .

255 1531 406 1583 μαζειν,
463 1537 564 1568 tunc
588 1532 720 1583 igitur
747 1533 823 1571 aab
853 1535 1019 1572 initium
1043 1534 1207 1586 Aprilis
1230 1533 1420 1571 solemnis
1448 1533 1596 1570 ieiunii
1611 1536 1714 1570 tem-

250 1600 373 1639 pore,
414 1585 512 1627 dam
521 1589 678 1638 festam
704 1597 891 1641 ageretur
918 1589 1032 1642 quod
1058 1590 1322 1630 Acatlzictum
1339 1589 1462 1641 vulgo
1490 1591 1713 1629 nominant.

256 1645 394 1682 datum
429 1649 566 1693 contra
592 1645 856 1696 patriarcham
890 1646 1066 1686 libellum
1105 1645 1396 1687 accusatorium
1429 1651 1715 1698 consequenter

255 1705 403 1739 narrat.
472 1700 645 1739 diximus
676 1702 718 1740 in
751 1703 951 1742 Glossario
981 1704 1104 1744 verbo
1136 1698 1398 1753 Ἀκάθιστος,
1439 1702 1582 1742 festum
1609 1701 1714 1741 illud

257 1756 420 1794 solitum
437 1756 558 1795 fuisse
577 1757 761 1797 celebrari
781 1760 943 1799 sabbato
968 1762 1130 1813 quintae
1155 1760 1424 1799 hebdomadae
1443 1759 1558 1799 verni
1574 1758 1715 1798 ieiunii
1762 1772 1765 1775 ·

261 1812 413 1850 dierum
437 1813 716 1865 quadraginta,
746 1817 945 1855 sexdecim
971 1818 1108 1857 diebus
1131 1823 1222 1857 ante
1240 1816 1400 1857 Pascha.
1457 1830 1548 1855 cum
1568 1822 1712 1865 autem,

259 1874 307 1905 ut
327 1874 386 1906 est
404 1868 678 1921 manifestum,
705 1885 787 1910 non
814 1873 991 1924 quolibet
1015 1889 1120 1912 anno
1152 1874 1353 1913 sabbatum
1377 1872 1536 1924 quintae
1556 1871 1713 1911 hebdo-

260 1924 387 1962 madis
418 1924 736 1976 quadragesimae
761 1928 804 1965 in
838 1930 987 1980 Aprilis
1014 1930 1170 1968 initium
1200 1930 1417 1978 incideret,
1457 1935 1622 1982 apparet
1650 1927 1713 1967 hin

259 1980 396 2019 verbis
420 1981 615 2020 contineri
635 1981 899 2024 characterem
920 1985 1014 2024 anni
1035 2000 1150 2038 quem
1173 1985 1406 2037 quaerimus.
1464 1987 1562 2024 ordo
1577 1997 1713 2024 rerum

260 2042 459 2086 gestarum
478 2037 521 2075 in
544 2039 706 2091 synopsi
730 2053 927 2092 expansus
947 2042 1059 2081 ducit
1086 2057 1159 2081 nos
1177 2043 1226 2081 ad
1254 2055 1401 2081 annum
1422 2041 1568 2080 Christi
1589 2043 1713 2084 1266.-

260 2106 353 2130 nam
373 2092 439 2132 hio
462 2107 588 2132 annus
602 2096 677 2134 fuit
700 2098 853 2148 periodi
873 2099 1046 2142 Iulianae
1063 2101 1184 2148 5979,
1206 2099 1309 2151 cycli
1323 2098 1417 2136 solis
1440 2099 1504 2146 15,
1524 2096 1630 2149 cycli
1648 2097 1715 2136 lu·
1767 2117 1771 2133 ;

262 2162 336 2187 nae
359 2152 424 2191 11.
482 2149 625 2190 horum
642 2154 846 2203 cyclorum
867 2155 1084 2194 certissimo
1102 2156 1249 2194 indicio
1269 2155 1456 2192 habemus
1474 2154 1620 2192 Pascha
1638 2153 1714 2194 illo
1766 2184 1769 2187 »

263 2219 367 2243 almo
390 2205 510 2245 fuisse
525 2207 671 2260 Aprilis
694 2213 758 2252 18.
814 2212 922 2250 unde
939 2213 1224 2251 retrocedendo
1251 2212 1301 2250 ad
1328 2211 1531 2250 sabbatum
1551 2211 1715 2263 quintae

261 2261 529 2303 hebdomadae
552 2265 865 2317 quadragesimae
881 2283 928 2307 ac
954 2270 1096 2308 festum
1125 2268 1396 2317 Acathistum‚
1422 2267 1642 2319 reperimus
1668 2265 1714 2305 id
1770 2297 1774 2301 .

263 2318 450 2357 incidisse
473 2321 514 2358 in
538 2321 699 2360 tertium
724 2322 995 2376 Aprilis,⁷·⁴qui
1016 2326 1098 2364 dies
1128 2324 1331 2378 aptissime
1349 2324 1528 2374 congruit
1543 2324 1586 2363 in
1601 2324 1712 2363 illam
1771 2344 1774 2348 ·

265 2374 502 2415 mentionem
521 2376 730 2430 ἴσταμένου
746 2381 1045 2434 βοηδρομιῶνος
1058 2382 1286 2434 incipientis
1305 2380 1466 2433 Aprilis.

329 2487 331 2490 .
380 2430 444 2472 VI.
502 2433 612 2472 Mora
639 2435 777 2475 iudicii
806 2439 928 2478 totius
955 2452 977 2476 a
996 2438 1122 2490 prima
1142 2437 1339 2478 delatione
1369 2437 1420 2476 ad
1441 2435 1715 2476 executionem

266 2487 481 2527 sententiae
506 2495 545 2528 et
567 2490 880 2543 deportationem
899 2495 1073 2534 damnati
1091 2496 1140 2534 ad
1156 2494 1327 2534 insulam
1346 2493 1514 2532 duorum
1533 2493 1610 2532 fuit
1631 2493 1714 2532 fere

268 2544 460 2606 mensium
477 2574 488 2595 ,
517 2545 710 2597 siquidem
729 2551 844 2590 docet
862 2551 1116 2604 Pachymeres
1133 2553 1159 2590 1.
1179 2552 1207 2598 4
1227 2565 1260 2591 c.
1282 2553 1308 2594 8
1329 2556 1536 2589 extrusum
1554 2562 1625 2601 per
1639 2548 1714 2588 mi·-

267 2603 416 2658 mstros
440 2601 687 2654 imperatoris
715 2607 969 2658 patriarchali
999 2609 1145 2662 palatio
1183 2606 1391 2647 Arsenium
1412 2613 1529 2646 nocte
1556 2607 1714 2644 circiter

269 2663 441 2719 eret-ema
463 2661 608 2697 mensis·
623 2661 742 2703 Maii.
797 2662 871 2714 νύξ
890 2659 944 2717 ἦν
959 2667 1050 2720 περί
1068 2681 1147 2706 που
1164 2662 1212 2707 τοὶ
1237 2666 1438 2704 τελευταῖα
1451 2663 1712 2709 πυαντιῶνος.

270 2725 327 2750 sm
352 2713 490 2753 scribit
516 2715 593 2755 hoc
623 2717 712 2756 loco
742 2727 875 2762 noster
897 2722 1007 2761 istud
1033 2734 1195 2770 nomen,
1238 2733 1328 2767 cum
1363 2719 1457 2758 alibi
1484 2723 1713 2758 constanter
1774 2747 1776 2749 »

268 2773 534 2824 πυανεψιῶνα
556 2774 702 2814 Maium
720 2783 846 2819 vocet.
901 2779 971 2818 sed
987 2784 1202 2829 utcumque
1225 2776 1352 2816 variet
1379 2775 1579 2826 scriptura
1595 2787 1714 2813 voca-

268 2824 376 2876 buli,
417 2841 479 2867 res
504 2836 561 2869 est
594 2831 751 2883 quidem
787 2834 875 2886 ipsa
913 2834 1075 2873 minime
1106 2833 1223 2874 dubia
1246 2832 1391 2873 Maium
1424 2830 1492 2870 hic
1528 2829 1712 2869 indicarh
1760 2872 1764 2876 ⁵
