1846 3262
424 178 501 220 DE
535 177 813 221 MICHAELE
847 175 1226 221 PALAEOLOGO
1262 177 1308 219 L.
1340 177 1374 219 Ι.
1578 178 1643 222 51

162 290 433 349 ὖπονοοῒτο)·
481 291 586 334 ἀλλὰ
622 291 674 335 τὰ
713 289 811 346 ύμῖν
840 287 1051 346 προσόντα
1086 288 1443 346 πλεονεκτήματα,
1486 292 1554 333 καὶ
1591 291 1639 334 τὸ

161 359 264 418 ὖπέρ
296 360 395 411 τοὺς
424 360 604 411 πολλοὺς
637 360 784 404 εἷδέναι
813 361 880 402 καὶ
910 359 1035 414 λέγειν
1057 361 1125 403 καὶ
1147 358 1362 417 πράττειν,
1401 361 1466 402 καὶ
1487 357 1513 416 ἦ
1538 360 1642 415 πρὸς

162 431 312 472 ἐκεῖνον
341 428 494 480 ἄδολος
526 430 662 479 πίστις
693 430 762 472 καὶ
791 426 985 483 καθαροί,
1021 421 1090 471 aba}
1112 428 1159 471 τὸ
1180 433 1264 472 τῶν
1284 430 1503 483 βασιλείων
1530 446 1639 486 πρα-

160 496 329 555 γμάτων
346 497 612 555 ὑπερπονεῖν,
649 499 717 540 καὶ
736 492 868 540 τᾶλλα
890 494 951 547 οἷς
971 495 1022 540 ἂν
1045 494 1067 540 ὅ
1085 496 1250 553 ἀληθὴς
1270 497 1376 554 ἀνὴρ
1396 495 1635 552 σεμνύνοιτο
1659 499 1691 533 Ε

127 565 359 622 5τοιαύτην
387 567 491 623 ἔχων
525 564 801 619 κατάστασιν,
837 570 972 609 ταῦτα
989 565 1066 622 τὴν
1089 566 1294 620 βασιλέως
1314 566 1451 610 ἔπειθε
1473 564 1639 623 γνώμην

160 640 297 687 καλῶς
316 636 418 692 ἔχειν
435 634 532 691 ὗμΐν
555 637 622 680 καὶ
640 639 763 690 τιμᾶν
783 641 870 685 τοῖς
888 632 1157 690 προσήκουσι.
1226 636 1271 678 τί
1299 636 1345 678 δὲ
1371 635 1484 692 παρὰ
1514 640 1637 680 τοῦτο

158 706 232 748 καί
247 722 308 755 τις
328 705 518 761 ἠδίκηται
530 724 546 761 ‚-
581 703 719 761 ὥσπερ
738 703 789 747 ἂν
807 703 881 747 οὐκ
902 703 1038 755 ἄλλως
1057 699 1107 760 ἦν
1126 703 1224 754 τούς
1243 703 1395 755 ἄλλους
1416 709 1637 759 τιμᾶσθαι,

158 775 195 817 εἲ
213 774 272 829 μὴ
295 775 337 817 ἓν
360 772 513 832 ἐσχάτῃ
532 771 642 825 τάξει
661 771 777 828 ύμεῒς
804 771 1041 817 ‘ninom-92.
1114 775 1149 816 εἲ
1166 773 1242 828 μὲν
1263 772 1341 829 γὰρ
1365 771 1497 823 οὕτως
1515 769 1565 828 ἦν
1590 774 1638 817 τὸ

157 843 257 893 τοὺς
278 842 429 893 ἄλλους
448 847 656 897 τιμᾶσθαι
678 844 722 886 ἐκ
742 847 817 886 τοῦ
834 840 946 896 ὑμᾶς
965 846 1260 898 παρορᾶσθαι,
1299 846 1435 892 καλῶς
1463 841 1514 885 ἂν
1535 841 1638 898 εἶχεν

104 926 149 960 10
159 909 270 966 ὑμᾶς
290 911 331 955 ἔν
351 913 500 962 αἰτίαις
519 910 621 955 εἶναι
634 925 645 936 ·
680 912 764 955 ἐπεὶ
783 912 828 955 δὲ
847 906 897 967 ἦν
919 910 1009 967 ἅμα
1028 913 1096 954 καὶ
1113 909 1222 965 ύμᾶς
1241 915 1444 966 τιμᾶσθαι
1463 913 1529 953 καὶ
1549 918 1635 962 τοῖς

158 979 300 1031 ἄλλοις
333 980 451 1024 οὐδέν
483 975 607 1035 ἦττον
635 980 688 1024 τὰ
721 984 804 1024 τῶν
834 978 1078 1035 ἀξιωμάτων
1109 978 1164 1030 ὥς
1183 980 1290 1030 εῗκός
1311 979 1634 1037 προσνέμεσθαι,

156 1051 224 1092 καὶ
250 1049 348 1099 τούς
373 1050 449 1105 μὲν
472 1049 526 1093 τὰ
544 1051 671 1093 σι’κεῖα
691 1049 793 1105 ἔχειν
803 1082 818 1103 ,
854 1050 953 1100 τοῦς
973 1051 1018 1093 δὲ
1037 1051 1105 1092 καὶ
1124 1047 1350 1105 λαμβάνειν
1372 1049 1486 1106 παρὰ
1506 1054 1631 1104 βασι·
1655 1062 1684 1097 Ρ
1708 1063 1753 1098 29

156 1119 258 1168 λε’ως
290 1118 343 1161 τὰ
376 1120 494 1176 σφίσι
523 1116 811 1175 προσήκοντα,
850 1123 932 1162 ποῦ
960 1121 1141 1171 δίκαιον,
1178 1121 1214 1162 εἲ
1246 1118 1306 1174 μὴ
1334 1113 1384 1173 ἦν
1419 1118 1547 1176 ἄμφω
1566 1120 1634 1161 καὶ

156 1185 361 1244 ἐνεχώρει,
411 1186 522 1231 οὕτω
551 1190 700 1232 δοκοῦν
730 1192 916 1243 βασιλεῖ’,
956 1186 1069 1243 ὅμως
1096 1186 1230 1242 ὖμᾶς,
1267 1190 1402 1239 δεξιᾶς
1431 1187 1633 1245 πειρωμέ-

101 1270 145 1306 15
156 1273 253 1306 νους
290 1261 365 1311 τῆς
407 1255 557 1313 τύχης,
608 1258 766 1307 αῗτίους
795 1262 871 1313 τῆς
908 1254 1081 1301 ἐκείνων
1097 1258 1354 1314 δυσπραγίας
1390 1257 1630 1313 κρίνεσθαις

155 1330 313 1369 παῦσαι
335 1326 473 1369 τοίνυν
494 1324 708 1377 τοιούτους
731 1326 952 1383 λογισμοὺς
978 1326 1167 1383 στρέφων
1186 1327 1228 1368 ἐν
1252 1330 1304 1384 τῇ
1323 1330 1461 1382 ψυχῇ,
1500 1327 1544 1377 ἐξ
1572 1319 1630 1369 ὧν

154 1396 372 1449 συμβαίνει
402 1395 477 1438 οὐκ
507 1395 623 1450 ὀλίγα
656 1400 878 1438 λυπεῖσθαι
906 1397 974 1438 καὶ
1007 1395 1104 1445 τούς
1133 1392 1384 1447 ἀκούοντας,
1425 1393 1482 1445 ὥς
1511 1394 1629 1451 ἔγωγε

152 1463 289 1506 πολλὰ
322 1462 373 1507 ἂν
403 1466 524 1507 εἰπεῖν
544 1464 645 1519 ἴχων
664 1466 755 1520 περὶ
779 1462 978 1508 τοιούτων
995 1462 1040 1507 (ἓν
1058 1465 1123 1507 καὶ
1143 1461 1272 1518 μόνον
1294 1464 1374 1520 ε’ρῶ
1385 1496 1399 1516 ,
1437 1461 1494 1514 ὥς
1519 1463 1629 1520 εἴπερ

153 1531 222 1574 ἐπ’
259 1532 500 1587 ἀλλοδαπῆς
525 1529 597 1588 ἦτε
634 1537 815 1577 τοιοῦτοι
849 1533 988 1587 ὄντες,
1036 1533 1170 1576 ’πολλὰ
1202 1532 1254 1576 ι’ὶν
1284 1532 1480 1588 εὐξαίμην
1507 1530 1558 1575 ἂν
1587 1533 1629 1576 ἔν
1650 1549 1682 1585 Β

96 1599 321 1659 Ξοοῖκαρεΐ,
353 1601 463 1660 εἴπερ
483 1600 571 1646 οἷόν
593 1620 659 1656 τε,
688 1609 774 1653 τοῖς
792 1600 1016 1660 ἡμετέροις,
1056 1601 1166 1646 οὕτω
1185 1603 1251 1645 καὶ
1268 1605 1429 1657 μᾶλλον
1449 1601 1624 1656 ἔχουσιν,

243 1721 300 1762 14.
322 1723 550 1771 πειρωμένης
572 1723 613 1759 Ρ.

149 1826 249 1864 cerit.
294 1827 446 1864 insaniat
469 1829 627 1875 profecto
654 1829 714 1875 qui
738 1830 789 1865 sic
811 1829 955 1866 sentiat.
1002 1830 1063 1866 sed
1087 1841 1179 1876 quae
1201 1830 1320 1864 insunt
1343 1829 1442 1864 vobis
1465 1829 1623 1871 eximiae,

149 1874 278 1920 quibus
300 1887 406 1920 supra
430 1881 588 1910 caeteros
613 1876 803 1920 excellitis,
837 1877 957 1918 dotes,
990 1877 1140 1911 facultas
1162 1876 1376 1921 intelligendi
1400 1876 1563 1921 loquendi
1585 1883 1623 1911 et

147 1920 274 1965 agendi
298 1922 416 1956 melius
444 1934 545 1967 quam
571 1922 748 1968 plerique,
782 1923 916 1957 sincera
940 1923 976 1957 in
997 1923 1089 1958 illum
1113 1934 1155 1958 ac
1179 1923 1251 1957 fuci
1275 1933 1403 1967 expers
1425 1923 1531 1965 fides,
1569 1923 1622 1957 la-

147 1966 249 2001 bores
272 1967 307 2002 in
332 1968 628 2003 administratione
650 1969 863 2014 reipublicae
887 1970 1014 2004 assidui
1038 1976 1075 2004 et
1100 1968 1236 2014 magni,
1273 1975 1502 2014 caeteraque,
1533 1980 1623 2014 quae

148 2024 311 2048 summum
343 2015 418 2049 eius
451 2015 583 2049 ordinis
615 2015 726 2049 virum
760 2016 816 2050 vel
849 2016 992 2051 maxime
1023 2016 1278 2057 commendent,
1310 2015 1550 2060 imperatorem
1574 2015 1622 2049 ⁴in

145 2058 248 2094 istam
283 2071 346 2094 vos
379 2060 602 2106 promovendi
636 2066 674 2095 et
705 2065 744 2096 ut
772 2073 836 2108 par
870 2068 945 2097 erat
978 2062 1165 2097 honorandi
1193 2060 1398 2096 sententiam
1428 2065 1622 2096 traxerunt.

145 2106 228 2150 quid
253 2111 367 2141 autem
391 2107 478 2148 hoc,
511 2119 664 2153 quaeso,
690 2108 847 2154 cuiquam
871 2109 1015 2143 nocuit?
1047 2107 1145 2154 quasi
1168 2119 1253 2142 vero
1278 2119 1346 2141 non
1372 2107 1475 2142 aliter
1498 2113 1624 2153 potue-

144 2152 216 2186 rint
240 2152 299 2186 alii
324 2153 506 2193 honorari,
541 2153 608 2188 nisi
632 2165 693 2187 vos
716 2154 750 2189 in
775 2160 901 2189 sortem
927 2155 1075 2190 ultimam
1100 2153 1377 2189 detruderemini.
1425 2164 1501 2187 nam
1525 2165 1622 2195 saue,

147 2197 178 2232 si
212 2197 264 2232 ita
294 2210 350 2233 res
381 2200 526 2234 haberet
558 2205 598 2234 ut
629 2201 707 2235 aliis
730 2209 889 2246 speratus
912 2207 1097 2246 optatusve
1121 2202 1230 2235 honor
1252 2211 1296 2234 ex
1321 2199 1428 2233 vestri
1451 2200 1620 2245 despectu

147 2248 184 2278 et
213 2244 435 2290 depressione
467 2246 653 2290 penderet,
687 2253 828 2292 possent
861 2259 935 2282 cum
967 2248 1082 2293 aliqua
1104 2246 1221 2293 specie
1245 2245 1416 2291 imputare
1438 2245 1537 2280 vobis
1560 2258 1623 2280 ne-

145 2289 292 2334 glectum
319 2292 494 2337 proprium
528 2293 588 2337 qui
621 2305 660 2327 se
692 2293 900 2339 praeteritos
933 2301 1132 2339 queruntur.
1179 2304 1253 2327 cum
1278 2303 1361 2326 vero
1385 2291 1469 2326 nihil
1498 2292 1620 2337 prohi-

145 2337 262 2370 buerit
295 2349 363 2382 quo
396 2338 505 2372 minus
539 2343 575 2372 et
609 2350 672 2373 vos
705 2340 912 2375 ornaremini
946 2347 982 2374 et
1014 2339 1092 2374 aliis
1127 2339 1369 2383 contingerent
1391 2337 1534 2372 meritae
1557 2344 1620 2372 aut

145 2383 350 2428 concupitae
374 2383 586 2428 dignitates,
619 2397 694 2419 cum
718 2386 816 2421 simul
838 2387 918 2421 fieri
942 2387 1096 2432 potuerit
1117 2391 1156 2420 ut
1179 2391 1215 2420 et
1237 2385 1263 2419 ii
1286 2385 1345 2430 qui
1369 2384 1437 2418 iam
1460 2388 1560 2419 erant
1582 2384 1617 2418 in

143 2429 334 2463 honoribus
366 2441 527 2475 possessa
556 2437 821 2476 conservarent,
859 2439 896 2468 et
930 2432 988 2478 qui
1021 2432 1119 2477 digni
1154 2436 1255 2466 erant
1286 2430 1501 2465 nihilominus
1532 2436 1618 2475 apta

141 2474 230 2520 ipsis
255 2477 300 2510 ab
324 2476 534 2522 imperatore
557 2477 774 2523 acciperent,
797 2480 966 2524 quomodo
991 2479 1115 2512 iustum
1139 2477 1186 2512 sit
1206 2477 1382 2512 contraria
1405 2482 1443 2511 et
1465 2488 1503 2511 se
1526 2475 1617 2510 invi-

143 2533 216 2556 cem
249 2523 469 2557 excludentia
498 2523 631 2567 fingere
665 2537 756 2569 quae
783 2526 880 2559 simul
913 2536 990 2560 esse
1015 2524 1227 2569 potuerunt?
1259 2529 1295 2558 et
1319 2535 1386 2569 quo
1409 2523 1486 2557 iure
1509 2521 1617 2567 aliqui

142 2568 300 2613 repulsas
323 2569 354 2602 si
378 2581 464 2614 quas
488 2575 569 2603 sunt
592 2571 706 2615 passi,
730 2577 766 2606 et
788 2571 818 2605 si
842 2583 931 2617 quae
952 2571 1039 2616 ipsis
1064 2571 1181 2605 dolent
1204 2571 1419 2605 exclusiones
1443 2570 1487 2603 ab
1511 2569 1619 2602 hono-

141 2613 257 2655 ribus,
288 2615 400 2650 favori
435 2616 652 2661 imperatoris
685 2629 858 2662 propenso
890 2618 925 2652 in
956 2628 1019 2652 vos
1047 2621 1083 2652 et
1106 2623 1246 2651 vestrae
1270 2615 1434 2662 propriae
1457 2616 1616 2649 fortunae

142 2660 368 2704 assignandas
391 2666 431 2696 ut
454 2674 561 2696 verae
580 2674 705 2701 causae
729 2664 970 2699 arbitrantur?
1015 2664 1132 2698 desine
1163 2658 1272 2708 igitur
1295 2662 1383 2697 tales
1405 2660 1616 2706 suspiciones

140 2706 252 2740 animo
276 2718 440 2749 versare,
471 2708 618 2754 quibus,
654 2721 727 2744 cum
751 2721 810 2744 eas
833 2711 952 2745 verbis
974 2709 1157 2756 exprimis,
1189 2709 1367 2744 auditores
1390 2719 1457 2741 non
1480 2706 1614 2740 modice

140 2752 336 2787 contristas.
385 2759 489 2799 atque
521 2766 587 2799 ego
618 2767 692 2790 cum
725 2755 770 2791 de
804 2757 859 2790 his
892 2757 1035 2791 habeam
1068 2756 1173 2790 multa
1205 2767 1294 2799 quae
1328 2765 1461 2799 possem
1485 2753 1612 2793 dicere,

139 2809 240 2832 unum
263 2799 361 2834 modo
385 2801 527 2836 addam:
552 2801 582 2835 si
605 2813 688 2844 vos,
711 2814 787 2837 cum
810 2803 898 2837 tales
921 2803 1019 2844 sitis,
1043 2813 1193 2848 peregre
1215 2802 1250 2835 in
1274 2801 1391 2845 aliqua
1416 2803 1536 2834 extera
1560 2810 1617 2832 re-

137 2843 240 2889 gione
272 2846 468 2891 degeretis,
500 2847 591 2883 votis
626 2853 783 2893 optarem
820 2849 1025 2885 ardentibus
1056 2847 1238 2883 transferri
1271 2847 1339 2882 huc
1364 2857 1428 2880 vos
1451 2845 1618 2885 divinitus
