1884 3262
682 192 788 238 Lm.
817 191 893 239 n.-
923 180 1130 239 NOTAE
1183 221 1186 223 >
1530 190 1631 238 669

176 310 360 359 patrum3
387 305 457 356 qui
488 311 668 344 accurate
693 303 892 356 disputata
918 307 1063 343 contra
1086 302 1257 341 Graecos
1282 299 1554 342 controversia
1580 300 1631 341 de

175 362 426 415 processione
456 362 624 414 Spiritus
653 360 804 409 Sancti,
834 372 927 398 cum
953 359 1003 398 de
1029 371 1074 398 re
1091 358 1178 411 ipsa
1203 363 1250 396 ut
1268 357 1447 410 oportuit
1466 357 1630 396 definie-

175 424 290 468 runt,
319 418 532 457 certissime
549 418 762 457 tenendum
777 415 948 468 produci
966 415 1159 467 Spiritum
1178 416 1364 452 Sanctum
1384 428 1405 452 a
1424 413 1508 452 filio
1527 427 1628 466 quo-

176 489 271 526 que,
298 481 385 513 tum
402 481 448 512 ut
468 475 710 513 contrarium
726 485 898 511 errorem
922 472 1144 523 pertinacia
1163 471 1404 510 Graecorum
1421 471 1501 509 late
1517 483 1628 521 gras-

175 538 325 578 santem
352 531 563 581 eliderent,
592 530 806 583 petendum
826 543 848 566 a
867 528 1058 581 pontifice
1085 533 1325 566 censuerunt
1341 533 1387 564 ut
1400 527 1627 578 symbolum

173 601 267 625 cum
291 588 491 626 additione
517 589 627 626 vocis
643 588 820 638 filioque
846 584 996 623 cantari
1017 584 1060 622 in
1077 583 1243 623 ecclesia
1259 583 1424 622 iuberet.
1478 596 1627 636 perve-

173 650 321 683 nerunt
339 646 388 681 ad
409 644 577 682 Leonem
593 644 769 681 Tertium
786 641 904 693 legati
919 641 999 679 hoc
1018 641 1262 692 postulantes
1282 653 1304 677 a
1322 639 1477 691 synodo
1497 646 1537 678 et
1551 639 1626 677 im·-

172 707 357 752 peratore
385 700 508 738 missi.
565 700 709 751 quibus
742 700 820 736 Leo
842 697 1072 749 respondit,
1103 697 1211 749 quod
1229 696 1279 734 ad
1299 696 1441 746 dogma
1467 696 1624 747 quidem

173 756 377 795 attineret:
406 758 468 793 ita
485 758 632 805 sentio,
662 758 724 793 ita
737 763 866 806 teneo,
895 756 957 791 ita
977 768 1070 792 cum
1088 754 1154 791 liis
1173 752 1412 791 auctoribus
1429 759 1465 789 et
1483 766 1625 790 sacrae

172 814 405 864 scripturae
431 813 751 850 auctoritatibus.
806 813 845 849 si
869 813 963 862 quis
988 811 1107 848 aliter
1128 809 1176 847 de
1197 810 1275 847 lzac
1293 824 1335 847 re
1351 811 1494 847 sentire
1514 816 1550 846 et
1568 816 1624 846 te-

170 884 260 906 nere
274 870 454 919 volueri-t,
472 868 638 919 defendo
646 884 661 917 ,-
690 876 726 906 et
743 869 828 906 nisi
849 881 1062 906 conversus
1069 868 1207 917 fuerit
1227 874 1263 904 et
1278 865 1498 904 secundum
1514 866 1624 903 lzunc

170 940 330 963 sensum
358 933 484 962 tenere
509 926 703 972 voluerit,
741 926 949 962 contraria
982 925 1209 961 sentientem
1226 922 1432 972 funditus
1459 922 1624 961 abiicio·

171 982 278 1033 quod
309 988 440 1020 autem
470 981 519 1020 de
545 981 718 1019 iubendo
750 980 969 1018 cantari-in
999 980 1162 1018 ecclesia
1185 979 1366 1030 symbolo
1386 992 1476 1017 cum
1498 978 1623 1017 addi-

167 1039 278 1076 tione
295 1039 473 1089 filioque
501 1038 735 1087 rogabatur,
765 1036 924 1086 negavit
954 1036 1028 1074 sibi
1054 1035 1183 1074 videri
1212 1036 1524 1076 concedendum.
1582 1043 1637 1076 et·

168 1094 405 1132 instantibus
432 1093 568 1143 legatis
599 1107 670 1145 per
697 1093 796 1131 haec
819 1093 904 1144 ipsa
933 1092 1072 1131 verba:
1102 1093 1141 1129 si
1158 1094 1278 1131 sciret
1294 1094 1526 1143 paternitas
1545 1100 1621 1131 tua

169 1157 327 1202 quanta
345 1157 439 1187 sunt
460 1148 579 1187 hodie
604 1150 740 1188 millia
761 1147 809 1186 id
825 1150 1039 1186 scientium
1055 1150 1155 1200 quia
1174 1156 1389 1197 cantatur,
1421 1151 1494 1201 qui
1509 1163 1620 1188 nun-

167 1221 291 1258 quam
318 1208 465 1244 scituri
497 1213 622 1244 essent
648 1207 731 1243 nisi
753 1212 1003 1253 cantaretur,
1025 1205 1213 1256 sortasse
1230 1205 1439 1243 nobiscum
1461 1213 1621 1254 teneres,

167 1270 204 1300 et
229 1262 279 1299 id
305 1270 372 1301 tuo
402 1265 525 1300 etiam
556 1276 749 1300 consensu
769 1269 814 1299 ut
833 1268 1067 1298 cantaretur
1091 1263 1384 1313 acquiesceres:
1410 1263 1621 1314 respondit

165 1319 263 1358 Leo:
293 1320 450 1356 interim
468 1320 654 1358 assentio,
691 1332 830 1357 verum
847 1325 981 1355 tamen
998 1331 1144 1368 quaeso
1161 1316 1355 1369 responde
1369 1318 1485 1358 mihi.
1521 1333 1621 1357 num

165 1377 355 1414 universa
370 1374 609 1413 huiusmodi
615 1373 723 1426 fidei
740 1376 913 1425 mystica
929 1381 1194 1424 sacramenta,
1225 1388 1328 1426 quae
1343 1375 1521 1425 symbolo
1539 1390 1620 1414 non

164 1433 435 1480 continentur,
462 1433 548 1469 sine
570 1431 720 1483 quibus
747 1434 939 1483 quisque,
970 1432 1042 1483 qui
1066 1429 1126 1468 ad
1147 1431 1224 1468 Ιιοο
1234 1433 1462 1482 pertingere
1471 1439 1620 1483 potest,

167 1487 405 1526 Catholicus
434 1502 515 1525 esse
532 1502 612 1526 non
628 1495 781 1539 potest,
809 1487 1001 1539 symbolis
1019 1486 1252 1536 inserenda,
1281 1494 1317 1524 et
1328 1496 1494 1539 propter
1509 1503 1621 1526 com·-

157 1543 352 1596 pendium
367 1546 504 1582 minus
519 1545 846 1595 intelligentium,
867 1551 913 1582 ut
932 1545 1076 1595 cuique
1092 1543 1267 1592 libuerit,
1288 1543 1479 1582 addenda
1492 1545 1619 1584 sunt?

162 1601 366 1652 aliquanto
385 1607 477 1654 post
493 1601 614 1651 legati
628 1603 690 1639 'sic
706 1601 841 1640 aiunt:
870 1615 963 1652 ergo
981 1607 1027 1637 ut
1048 1599 1174 1650 video,
1204 1599 1314 1638 illud
1330 1615 1358 1638 a
1380 1602 1524 1640 Vestra
1534 1616 1621 1654 pa-

162 1659 347 1696 ternitate
375 1657 620 1706 decernitur,
652 1665 699 1695 ut
713 1659 850 1709 primo
872 1655 986 1695 illud
1005 1655 1053 1695 de
1075 1671 1154 1708 quo
1176 1659 1357 1708 quaestio
1378 1660 1542 1710 agitur,
1571 1657 1621 1697 de

160 1728 276 1764 saepe
299 1716 399 1764 fato
431 1713 605 1765 symbolo
634 1713 774 1764 (quod
803 1726 944 1765 nempe
970 1713 1116 1764 legitur
1142 1713 1186 1751 in
1213 1712 1404 1766 ecclesia)
1434 1715 1620 1766 tollatur,

161 1777 198 1807 et
217 1777 316 1808 tunc
335 1769 490 1808 demum
512 1773 540 1807 a
560 1770 735 1822 quolibet
757 1770 866 1807 licite
887 1777 925 1807 et
944 1770 1087 1818 libere,
1114 1771 1198 1808 sive
1217 1771 1419 1808 cantando
1434 1773 1517 1809 sive
1535 1780 1619 1811 tra-
1643 1773 1672 1808 P
1693 1773 1760 1809 469

159 1825 310 1876 dendo,
342 1826 529 1864 discatur
556 1833 593 1863 et
614 1826 808 1864 doceatur
831 1827 974 1878 (extra
993 1831 1154 1864 cantum
1171 1825 1359 1865 videlicet
1379 1827 1619 1867 ecclesiasti-

160 1896 271 1933 cum,
303 1883 370 1934 qui
396 1883 501 1922 inter
528 1896 638 1921 sacra
663 1883 749 1934 fit).
806 1883 856 1920 ad
883 1896 983 1934 quae
1007 1896 1113 1935 papa
1141 1883 1345 1934 reposuit:
1386 1885 1449 1921 ita
1467 1886 1620 1936 procul

158 1938 282 1977 dubio
303 1953 331 1976 a
348 1947 490 1977 nostra
505 1946 624 1991 parte
646 1938 894 1987 decernitur3
925 1941 987 1977 ita
1007 1953 1169 1991 quoque
1194 1946 1242 1976 ut
1266 1953 1293 1976 α
1316 1943 1450 1978 vestra
1474 1955 1617 1980 assen-

156 1997 310 2045 tiatur,
339 2010 367 2034 a
384 1996 498 2034 nobis
518 1995 759 2034 omnimodis
774 1994 985 2037 suadetur.
1042 1995 1141 2033 haec
1158 2009 1208 2033 ex
1228 1995 1325 2033 actis
1343 1996 1450 2033 illius
1470 1997 1616 2048 Aquis-

155 2052 356 2101 granensis
374 2052 558 2102 concilii,
590 2067 611 2090 a
632 2052 844 2091 Sirmondo
874 2057 970 2090 tom.
999 2055 1026 2093 2
1058 2051 1316 2089 conciliorum
1345 2052 1496 2090 Galliae
1525 2053 1614 2091 edi-

155 2106 229 2156 tis,
259 2107 550 2159 descripsimus.
604 2109 647 2146 in
666 2109 810 2160 quibus
827 2106 1028 2146 observari
1047 2120 1190 2159 operae
1203 2107 1375 2158 pretium
1391 2108 1462 2157 sit,
1495 2123 1611 2148 usur-

155 2161 246 2215 pari
265 2163 424 2214 quidem
443 2163 522 2201 iam
541 2169 628 2202 tum
647 2165 691 2202 in
716 2165 844 2202 Gallia
864 2169 1046 2215 coeptum
1069 2170 1112 2201 ut
1139 2163 1360 2214 symbolum
1382 2177 1472 2202 cum
1491 2166 1609 2204 addi-

155 2220 264 2258 tione
283 2219 465 2258 vocabuli
473 2220 649 2272 fllioque
664 2221 706 2258 in
723 2221 894 2260 ecclesiis
911 2221 1016 2258 inter
1032 2233 1143 2258 sacra
1163 2226 1381 2261 caneretur.
1438 2221 1483 2259 id
1501 2222 1605 2261 enim

154 2276 330 2314 innuunt
354 2276 423 2314 illa
449 2275 568 2314 verba
596 2277 835 2327 legatorum:
877 2278 915 2314 si
943 2278 1061 2314 sciret
1082 2277 1314 2327 paternitas
1339 2284 1416 2314 tua
1447 2286 1606 2329 quanta

155 2339 252 2369 sunt
268 2330 387 2370 lindie
406 2333 542 2370 millia
561 2331 610 2370 id
626 2335 839 2372 scientium
858 2334 960 2385 quia
976 2339 1180 2373 cantatur.
1237 2333 1306 2371 sed
1326 2332 1436 2372 hunc
1453 2348 1606 2374 morem

156 2402 178 2426 a
212 2389 389 2426 Romano
421 2388 612 2440 pontifice
642 2390 819 2433 nondum
845 2396 944 2428 tunc
975 2389 1095 2427 fuisse
1127 2388 1391 2440 approbatum
1423 2390 1502 2442 ipsi
1534 2392 1603 2443 qui

153 2444 399 2496 usurpabant
416 2451 582 2490 norant,
611 2445 708 2484 dum
727 2446 809 2484 eius
829 2445 1153 2498 approbationem
1170 2451 1326 2498 petunt.
1379 2452 1420 2486 et
1442 2447 1603 2499 quidem

154 2500 222 2538 hic
247 2501 429 2552 pontifex
460 2502 539 2539 Leo
561 2501 622 2540 111
646 2502 743 2540 adeo
767 2502 843 2540 fuit
859 2503 900 2539 in
922 2501 1001 2539 hoc
1019 2502 1224 2554 proposito
1242 2502 1367 2553 fixus,
1396 2510 1464 2552 ut,
1496 2505 1605 2555 quod

154 2557 296 2595 Petrus
324 2557 568 2596 Lombardus
595 2558 622 2596 l.
643 2561 667 2600 1
689 2559 977 2596 Sententiarum
1005 2558 1092 2599 dist.
1118 2561 1168 2601 11
1196 2565 1385 2610 testatur,
1414 2560 1605 2598 transcri-

154 2619 268 2665 ptum
297 2613 466 2665 symboli
492 2613 576 2653 sine
602 2614 803 2653 additione
818 2615 1009 2666 filioque,
1046 2615 1160 2666 quale
1188 2615 1374 2654 nimirum
1406 2616 1449 2654 in
1483 2617 1602 2654 missa

154 2669 303 2708 oantari
330 2669 491 2708 omnino
517 2670 698 2723 volebat,
724 2670 929 2723 reliquerit
943 2671 986 2710 in
1003 2670 1139 2711 tabula
1156 2679 1336 2724 argentea
1356 2678 1451 2725 post
1476 2673 1601 2710 altare

151 2723 263 2763 Beati
285 2726 411 2767 Pauli.

261 2781 499 2822 Perventum
528 2788 660 2822 tamen
682 2782 893 2835 aliquando
914 2783 964 2822 ad
981 2783 1101 2823 istum
1125 2784 1285 2823 tertium
1303 2795 1534 2836 progressus
1554 2782 1600 2823 in

152 2836 365 2878 additionis
394 2839 553 2893 negotio
580 2839 748 2893 gradum
778 2840 902 2881 fuisse
928 2841 1182 2882 manifestum
1208 2847 1286 2890 est,
1316 2846 1362 2879 ut
1392 2839 1599 2891 nimirum,
