1884 3262
285 198 385 246 442
699 203 930 247 GEORGII
962 205 1309 253 PACHYMERIS

287 311 498 370 φροντίδες
523 305 745 368 ἕτάραττον
772 314 847 368 τὴν
872 313 1032 371 ψυχήν,
1075 319 1143 360 καὶ
1169 318 1272 374 πρὸς
1300 317 1513 378 ἀμφότερα
1545 320 1650 378 μέρη
1667 322 1728 378 μὴ

283 380 491 423 σθένουσα
506 379 708 424 ’ἵστασθαι
726 379 905 437 θάτερον
924 385 1143 440 ἐξημεροῦν
1160 385 1272 441 ἔγνω,
1299 387 1404 442 πλὴν
1425 387 1520 431 ὅσον
1541 391 1606 431 καὶ
1624 388 1729 432 ταῦ-

232 456 262 490 Β
286 464 360 502 την
382 444 616 490 ἀπόνασθαι
647 453 729 491 τῶν
759 450 864 492 καθ’
896 449 1098 508 ἡμέρωσιν
1118 453 1383 509 πραχθέντων
1408 455 1459 497 τὰ
1475 458 1610 510 μείζω.
1677 456 1725 501 τὸ

279 515 354 569 μὲν
379 510 451 557 οὗν
469 515 570 569 πρὸς
587 516 758 569 βασιλέα
775 519 917 561 κλίνειν
936 524 1018 562 τῶν
1046 518 1209 563 εἰκότων
1230 522 1305 575 μὲν
1324 521 1474 579 ἔκρινε,
1508 526 1574 566 καὶ
1593 523 1729 574 ἄλλως

279 582 470 637 εὐπρεπὲς
490 581 614 640 ἑαυτῇ
635 582 818 642 σωζούσῃ
836 587 909 638 μέν
925 587 976 629 τὰ
996 592 1070 641 τῆς
1091 587 1359 645 σωφροσύνης
1377 591 1445 632 καὶ
1466 590 1519 632 τὰ
1537 591 1637 647 πρὸς
1656 591 1758 641 τὸν5

278 648 545 704 ἀποιχόμενον
578 652 713 694 δίκαια
739 654 891 706 (δίκαια
914 655 958 696 δὲ
988 654 1149 705 πάντως
1168 656 1226 711 μὴ
1249 663 1443 700 συνοικεῖν
1466 661 1526 716 τῷ
1546 658 1724 715 σφαγεῖ),

280 715 456 774 ζητούσῃ
491 719 535 761 δὲ
562 720 664 774 παρ’
699 720 847 763 ἐκείνου
877 720 1081 774 σώζεσθαι
1109 723 1215 778 παρ’
1239 719 1296 769 οὗ
1328 724 1380 780 δὴ
1411 726 1477 767 καὶ
1505 725 1579 778 τὴν
1606 727 1727 781 τιμὴν

282 784 494 840 ἐκτήσατο.
536 786 602 828 διὰ
624 792 754 830 ταῦτα
774 793 872 844 γοῦν
893 790 940 832 τὸ
960 790 1060 846 πρὸς
1080 793 1252 843 βασιλέα
1274 792 1438 845 πέμπειν
1456 794 1522 834 καὶ
1545 791 1728 836 ἱκετεύειν

278 857 360 896 τῶν
384 854 547 895 δικαίων
569 854 729 911 ἔκρινεν.
798 854 894 899 ὅσον
922 859 967 899 δὲ
999 858 1046 900 τὸ
1076 858 1180 901 καθ’
1215 857 1344 914 αὖτὴν
1370 866 1558 903 συνοῖσον
1577 859 1679 903 καθ’
1702 858 1726 903 ὃ

227 929 258 963 C
281 916 331 975 ἦν
352 921 605 976 βουλομένη,
641 925 706 965 καὶ
737 924 827 965 λίαν
856 924 1016 984 ἀπᾷδον
1049 927 1277 981 ἐγίνωσκεν·
1324 927 1429 984 αὐτῇ
1459 928 1532 981 μὲν
1554 927 1632 984 γὰρ
1651 927 1725 982 τὴν
1736 942 1780 977 10

278 989 398 1043 τιμὴν
420 993 671 1045 κατοχυροῢν
699 990 803 1047 αὐτῇ
835 1008 876 1034 τε
905 994 969 1034 καὶ
990 996 1105 1035 παιδὶ
1125 995 1299 1049 Μιχαὴλ
1320 994 1388 1037 διὰ
1406 997 1587 1049 σπουδῆς
1609 993 1722 1047 εἶναι,

277 1056 448 1110 βασιλέα
467 1057 511 1098 δὲ
527 1060 612 1112 μηδ
618 1057 630 1073 ²
653 1057 703 1100 ἂν
733 1058 773 1099 ἓν
794 1057 935 1109 ὕπνοις
954 1065 1126 1114 θελῆσαι
1146 1061 1300 1118 ἀφέντα
1318 1062 1415 1111 τούς
1441 1064 1615 1115 παῖδας,
1653 1061 1727 1112 οὓς

279 1124 330 1180 δὴ
360 1126 425 1166 καὶ
457 1124 609 1180 ἤρξατο
637 1130 862 1178 καθιστᾶν,
898 1128 1057 1177 ἐκείνοις
1077 1136 1290 1184 περιποιεῖν
1317 1129 1391 1184 τὴν
1408 1128 1547 1185 ἀρχήν.
1615 1128 1725 1172 οὕτω

277 1193 351 1246 μὲν
371 1188 443 1234 οὖν
464 1197 545 1234 τῶν
564 1192 643 1235 ἀπὸ
668 1194 867 1246 βασιλέως
888 1197 954 1236 καὶ
972 1200 1128 1248 μᾶλλον
1153 1197 1299 1246 ἱκανῶς
1319 1196 1574 1252 ἀπεγίνωσκε,
1610 1197 1656 1240 τὸ
1679 1198 1725 1239 δὲ

279 1260 383 1315 πρὸς
401 1259 472 1302 τὸν
491 1257 703 1316 βάρβαρον
723 1262 887 1314 πέμπειν
917 1264 982 1304 καὶ
1011 1262 1150 1313 ἀξιοῦν
1177 1264 1444 1319 σπενδομένην
1471 1263 1575 1306 καθ’
1595 1262 1722 1318 αὗτὴν
1735 1269 1778 1306 15

278 1330 472 1370 διατελεῖν
500 1332 573 1369 τοῦ
602 1328 750 1377 ἔθνους
783 1328 988 1385 ἄρχουσαν
1009 1362 1023 1383 ,
1060 1330 1155 1373 οὔτ’
1188 1330 1286 1385 ἔχειν
1315 1329 1434 1386 λόγον
1459 1331 1534 1385 τὴν
1560 1331 1724 1382 ἀξίωσιν

223 1391 255 1426 D
277 1394 425 1451 ἔκρινε·
461 1394 532 1438 τὸν
561 1395 639 1452 γὰρ
671 1396 798 1451 ἀρχῆς
820 1395 970 1452 ταύτης
991 1396 1320 1452 ἀντιποιούμενον
1347 1399 1592 1442 σπένδεσθαι
1621 1399 1724 1456 πρὸς

272 1463 348 1519 τὴν
376 1462 624 1518 κατέχουσαν
654 1462 809 1520 ταύτην
836 1463 1052 1511 ἀδύνατον.
1119 1468 1187 1510 καὶ
1216 1467 1268 1510 τὰ
1299 1466 1380 1510 ἀπὸ
1402 1466 1600 1520 βασιλέως
1625 1483 1724 1510 συν·-

275 1629 456 1666 fectionem
487 1628 676 1666 delinirent.
723 1641 828 1677 qnare
858 1630 907 1666 illi
939 1643 1000 1679 pro
1030 1643 1067 1667 se
1101 1643 1143 1667 ac
1172 1630 1242 1666 filio
1272 1630 1401 1666 solicite
1432 1629 1586 1676 trepidae
1619 1640 1722 1665 curae

270 1687 369 1711 acres
393 1678 533 1711 animum
557 1678 750 1712 turbabant.
798 1690 839 1712 ac
862 1689 934 1712 cum
966 1679 1127 1713 ambobus
1161 1677 1255 1712 simul
1287 1677 1439 1712 hostibus
1471 1676 1639 1710 obsistere
1661 1686 1723 1710 ne-

271 1723 404 1768 quiret,
427 1724 562 1767 placare
584 1722 612 1756 si
636 1727 752 1768 posset
775 1723 916 1758 alterum
939 1723 1098 1757 decrevit.
1144 1723 1177 1757 in
1209 1734 1273 1768 quo
1296 1722 1518 1756 festinandum
1539 1721 1721 1763 iudicabat,

271 1778 315 1801 ne
338 1768 425 1810 sibi,
447 1768 522 1801 dum
546 1769 629 1802 haec
652 1772 774 1813 parat,
798 1770 841 1803 ab
866 1770 972 1802 altero
996 1769 1129 1802 interim
1160 1769 1298 1802 duorum
1323 1768 1537 1801 veliementer
1561 1767 1719 1811 utrinque

270 1812 465 1847 instantium
489 1813 755 1857 irreparabiliter
777 1825 958 1859 oppressae
979 1825 1087 1848 serum
1110 1813 1230 1848 deinde
1253 1813 1334 1847 talia
1366 1812 1522 1846 moliendi
1553 1811 1722 1845 consilium

272 1862 310 1892 et
342 1865 479 1891 conatus
512 1858 631 1892 irritus
661 1859 831 1892 evaderet.
877 1859 911 1892 in
949 1860 1011 1892 bac
1042 1860 1090 1892 illi
1123 1859 1359 1892 deliberatione
1388 1859 1520 1894 dubium
1549 1861 1625 1890 non'
1643 1859 1720 1890 erat

271 1903 354 1948 quin
376 1903 485 1947 ipsam
503 1903 650 1937 osticium
680 1908 716 1936 et
738 1904 846 1948 pudor
868 1904 910 1937 ad
934 1904 1166 1948 imperatorem
1202 1903 1314 1949 potius
1334 1903 1496 1936 traheret.
1541 1912 1608 1946 quo
1631 1901 1720 1935 enim

273 1949 467 1990 decentius,
492 1959 558 1994 quo
582 1949 751 1982 honestius
775 1958 874 1993 quam
898 1949 940 1982 ad
964 1950 1159 1983 avunculum
1183 1949 1317 1992 neptis.
1339 1948 1382 1982 ad
1406 1947 1546 1981 amicum
1570 1946 1635 1979 viri
1657 1947 1720 1980 ‹le-

272 1995 382 2028 functi
405 1994 506 2028 vidua
529 1994 749 2037 confugeret?
782 1995 893 2038 potius
925 1993 1043 2039 utique
1073 1995 1167 2038 (cum
1196 1995 1337 2027 alterum
1369 1992 1469 2026 vitari
1501 2003 1565 2025 nou
1588 1991 1720 2036 posset)

273 2050 373 2084 quam
396 2039 606 2073 interfectori
628 2039 738 2073 mariti
761 2051 797 2073 se
819 2039 976 2081 dederet,
1008 2044 1044 2073 et
1075 2050 1146 2073 cum
1170 2049 1295 2072 summa
1317 2037 1438 2071 iniuria
1467 2037 1616 2070 defuncti
1639 2048 1721 2070 cen-

273 2085 363 2129 iugis
393 2090 502 2118 torum
535 2085 606 2118 eius
634 2085 850 2128 prostitueret
873 2084 1087 2119 subsessoria
1101 2084 1227 2118 recenti
1247 2084 1354 2117 adhuc
1369 2083 1456 2116 illius
1477 2082 1580 2116 caede
1599 2093 1721 2115 cruore

274 2130 433 2165 mananti.
478 2129 573 2175 prius
603 2130 728 2173 igitur,
763 2134 802 2164 ut
834 2141 895 2175 par
928 2130 1018 2172 suit,
1050 2142 1090 2164 eo
1118 2130 1317 2175 propendit‚
1352 2132 1389 2161 ut
1419 2129 1462 2162 ab
1489 2127 1548 2161 illo
1578 2127 1719 2161 salutem

274 2180 455 2221 quaereret
478 2187 499 2209 a
521 2186 587 2220 quo
611 2175 805 2219 dignitatem
829 2180 1029 2220 acceperat,
1059 2179 1095 2209 et
1123 2175 1167 2209 ad
1189 2175 1443 2219 imperatorem,
1478 2183 1540 2218 per
1561 2183 1659 2217 quem
1682 2183 1721 2206 se

272 2221 469 2255 meminerat
491 2221 526 2254 in
551 2231 688 2265 regnum
712 2220 892 2265 Bulgariae
922 2226 1135 2266 provectam,
1166 2219 1295 2264 legatos
1318 2218 1485 2264 supplices
1508 2217 1642 2251 mittere
1663 2228 1721 2252 re-

272 2269 362 2299 ctum
395 2271 431 2300 et
459 2268 657 2300 conveniens
687 2267 831 2311 putavit.
878 2268 937 2300 sed
968 2267 1128 2311 aequitati
1149 2265 1385 2309 honestatique
1415 2263 1504 2298 acris
1525 2262 1720 2297 adversaria

271 2310 308 2344 in
332 2312 534 2346 contrarium
557 2310 747 2346 incumbens
770 2311 1005 2346 obluctabatur
1026 2311 1174 2353 utilitas,
1206 2310 1271 2344 alio
1294 2314 1452 2343 avertens
1473 2308 1619 2342 deditam
1640 2317 1719 2353 spe-

272 2356 338 2390 bus
360 2356 472 2390 avaris
502 2361 538 2391 et
568 2357 777 2402 quaestuosis
814 2356 997 2390 rationibus
1030 2357 1172 2390 defixam
1206 2359 1348 2390 mentem
1379 2353 1524 2389 mulieris
1553 2353 1719 2388 mordicus

273 2413 336 2436 sua
359 2402 523 2443 tenentis,
546 2407 581 2436 et
602 2402 682 2436 nibil
704 2413 769 2437 non
791 2413 894 2447 agere
916 2413 957 2437 ac
980 2402 1104 2447 pacisci
1128 2406 1242 2436 certae
1265 2412 1328 2447 pro
1350 2405 1442 2434 statu
1463 2410 1504 2433 ac
1526 2410 1630 2444 regno
1653 2397 1719 2432 sibi

271 2447 409 2492 filioque
430 2447 630 2482 asserendis.
676 2449 720 2482 ab
743 2449 806 2482 hoc
828 2452 940 2482 autem
962 2447 1135 2492 proposito
1158 2457 1319 2493 perquam
1343 2446 1526 2479 abhorrens
1548 2443 1717 2478 consilium

272 2497 349 2526 erat
385 2493 596 2536 confugiendi
626 2493 670 2527 ad
698 2493 954 2538 imperatorem,
985 2493 1077 2526 cuius
1112 2492 1211 2526 menti
1246 2492 1388 2533 nullam,
1411 2502 1453 2524 ne
1474 2500 1537 2535 per
1558 2489 1718 2523 somnium

272 2538 403 2582 quidem
417 2563 428 2580 ‚
461 2539 710 2572 obversaturam
751 2550 894 2583 unquam
933 2538 1168 2582 cogitationem
1201 2538 1387 2582 apparebat
1416 2535 1512 2578 regui
1546 2532 1718 2577 Balgarici

271 2583 404 2617 Mariae
424 2582 646 2627 Michm'ilique
668 2594 773 2628 puero
796 2584 974 2624 servandi,
1003 2584 1127 2629 quippe
1155 2584 1244 2628 quod
1277 2592 1412 2626 regnum
1434 2582 1499 2614 iam
1531 2590 1589 2622 spe
1612 2589 1718 2612 avara

270 2628 417 2674 propriis
439 2637 598 2673 prensare
620 2628 843 2673 addicereque
863 2629 942 2662 filiis
974 2632 1151 2673 coeperat,
1183 2629 1218 2662 in
1239 2628 1275 2662 id
1305 2625 1567 2660 irrevocabiliter
1588 2623 1716 2657 incum-

272 2675 379 2715 bens,
403 2677 442 2708 ut
462 2683 586 2717 genero
607 2672 687 2706 illud
718 2673 874 2718 filiaeque
896 2674 1090 2708 subiiceret.
1136 2685 1240 2727 quare
1262 2672 1298 2706 id
1321 2672 1451 2717 quidem
1474 2670 1614 2703 miserae
1637 2679 1717 2713 per-

271 2720 398 2763 fugium
420 2717 601 2764 praeclusit
623 2718 813 2762 desperatio
843 2719 922 2752 inde
953 2719 1152 2764 impetrandi
1177 2718 1266 2764 quod
1289 2721 1432 2762 emptum
1465 2714 1583 2760 quovis
1605 2713 1715 2759 pretio

271 2765 416 2798 volebat
462 2763 540 2797 inde
563 2767 674 2797 autem
698 2764 832 2808 repulsa
855 2775 921 2808 quo
945 2775 982 2797 se
1005 2765 1180 2799 verteret?
1211 2774 1287 2797 nam
1310 2774 1332 2796 a.
1353 2761 1511 2795 Lachana
1534 2770 1596 2804 per
1621 2759 1717 2803 lega-

270 2813 324 2844 tos
346 2820 486 2855 poscere
506 2813 545 2844 ut
565 2818 677 2842 secum
700 2813 856 2853 tauquam
890 2809 1073 2853 Bulgariae
1103 2809 1220 2854 regina
1251 2808 1293 2841 iis
1323 2805 1568 2841 conditionibus
1588 2803 1716 2850 pacisci
