1846 3262
416 217 493 260 DE
527 215 804 260 MICHAELE
838 214 1217 260 PALAEOLOGO
1253 216 1302 259 L.
1335 214 1411 259 HI.
1554 213 1650 261 185

179 335 254 377 τοῦ
275 329 397 389 λόγου
411 365 424 384 ,
465 331 533 374 καὶ
557 328 615 381 ὥς
640 329 741 387 εἶχεν
769 327 998 387 ἓφοδιάσας
1024 330 1100 386 τὴν
1120 329 1338 373 δέσποιναν
1351 328 1499 373 ’Άνναν
1519 330 1582 373 ἐπὶ
1603 328 1657 372 τὰ

180 405 307 447 οἰκεῖα
329 401 496 454 πέμπειν
520 401 717 457 αἱρεῖται,
753 400 860 456 πλὴν
879 398 948 442 ἐπ’
971 398 1203 457 ἀνταμοιβῇ
1226 405 1302 442 τοῦ
1324 399 1440 456 παρὰ
1464 397 1657 458 τάδελφῷ
1681 407 1711 442 Ρ
1739 407 1806 443 123

180 469 335 526 ταύτης
362 470 522 527 Μαφρὲ
551 469 822 525 κατεχομένου
851 468 1092 525 Καίσαρος·
1132 470 1217 511 ε’κεῒ
1242 467 1320 525 γάρ
1345 469 1384 511 οἳ
1416 466 1438 511 ὃ
1458 467 1660 526 πενθερὸς

186 542 335 584 ἐκείνου
365 539 542 595 Μιχαὴλ
570 537 592 582 ὅ
633 537 834 594 δεσπότης
876 542 1025 580 τοῦτον
1064 535 1282 592 κρατήσας·
1304 537 1555 592 ἐξέπεμψεν,
1603 535 1660 588 ὥς

149 611 434 666 ὅπροείρηται.
507 607 569 652 ὅτι
595 609 641 652 δὲ
673 612 826 664 σκῆψις
857 602 908 662 ἦν
935 607 1071 665 ἐκείνῳ
1100 606 1148 649 τὸ
1179 604 1543 663 προβαλλόμενον,
1593 608 1661 649 καὶ

181 677 312 734 μόνον
338 678 490 735 ἔρωτος
518 678 721 734 θεραπεία
751 678 819 720 καὶ
851 675 900 719 οὗ
932 680 1007 719 τοῦ
1050 679 1188 718 κοινοῦ
1222 673 1485 731 προμήθεια,
1525 673 1546 718 ὅ
1576 679 1660 718 τῶν

183 746 437 804 πραγμάτιον
457 746 574 796 εἲὸὠς
594 747 774 803 ἀκριβῶς
795 745 870 801 τὴν
887 744 1057 800 μελέτην
1077 746 1365 800 συνελογίζετο.
1438 743 1507 802 (8)
1539 741 1564 799 ἦ
1581 744 1660 801 γὰρ
1684 749 1714 783 Β

174 817 300 861 ’Άννα
325 817 575 873 Φερὸερίχου
604 817 679 871 μὲν
713 811 764 870 ἦν
793 813 1007 870 θυγάτηρ,
1045 814 1209 870 Μαφρὲ
1237 815 1263 856 ὃ
1271 813 1283 829 ²
1308 812 1569 868 αὐταδέλφη,
1606 811 1663 863 ὥς

185 885 206 930 ὃ
235 883 355 942 λόγος
386 884 563 942 φθάσας
594 882 818 940 ἐδήλωσεν,
858 883 1104 926 ἀποστατῶν
1138 886 1213 925 τοῦ
1244 880 1362 924 πάπα
1391 884 1458 924 καὶ
1479 886 1564 924 τῶν
1586 886 1662 924 τοῦ

132 948 326 1007 lomina,
368 956 433 997 καὶ
457 951 514 1004 ὥς
531 953 649 996 αὐτοὶ
669 959 787 1010 φαῖεν
809 951 881 1005 ἄν,
913 957 988 1008 τῆς
1008 951 1148 995 αὐτῶν
1167 952 1397 1006 ἐκκλησίας.
1469 951 1566 994 οὐδὲ
1582 951 1661 1008 γὰρ

185 1021 406 1079 ἐβούλοντο
430 1022 536 1065 κατὰ
554 1022 652 1072 τοὺς
671 1022 822 1072 ἄλλους
845 1023 911 1064 καὶ
933 1021 1053 1064 αὐτοὶ
1074 1020 1276 1064 εὐπειθεῖν
1296 1038 1338 1063 τε
1362 1021 1428 1062 καὶ
1448 1018 1664 1062 ὑποκατα-

185 1094 399 1136 κλίνεσθαι
418 1091 524 1134 καθ’
557 1090 580 1134 ὅ
600 1109 641 1134 τι
662 1092 776 1143 λέξοι
797 1092 864 1133 καὶ
885 1089 1032 1146 πράξοι
1051 1088 1073 1133 ὃ
1092 1094 1166 1145 τῆς
1189 1090 1404 1145 ἐκκλησίας
1423 1089 1665 1144 ἐπειλημμέ-

186 1178 281 1214 νος,
321 1161 420 1204 ἀλλ’
449 1159 694 1215 αὐτονόμοις
713 1161 869 1217 χαίρειν
892 1158 1038 1218 ὁρμαῖς
1061 1161 1128 1202 καὶ
1149 1157 1282 1209 οὕτως
1300 1160 1364 1201 ἐπὶ
1388 1161 1577 1208 Σικελίας
1599 1160 1667 1200 καὶ

186 1236 270 1273 τῶν
306 1230 421 1280 ἐκτὸς
446 1230 522 1285 τὴν
552 1229 682 1285 ἀρχὴν
716 1232 890 1273 διοικεῖν.
962 1227 1240 1284 ὖβριοπαθῶν
1275 1228 1320 1270 δ’
1346 1225 1367 1270 ὅ
1391 1226 1533 1278 minag
1558 1227 1662 1285 πρὸς
1686 1234 1717 1267 C

134 1304 176 1340 15
190 1303 346 1352 ταῦτα,
388 1297 517 1356 εὖρών
550 1297 801 1355 δραστήριον
837 1297 994 1355 ἄνδρα,
1034 1297 1214 1354 ἀδελφὸν
1246 1296 1370 1353 ῥηγός
1389 1302 1472 1340 τῶν
1499 1300 1669 1352 Φραντ-

189 1370 334 1421 ζίσκων
353 1367 453 1412 ὄντα
473 1370 540 1411 καὶ
561 1370 616 1419 εἷς
632 1366 807 1418 κόντους
827 1367 1086 1421 τεταγμένον,
1125 1366 1196 1409 τὸν
1215 1364 1449 1423 Κάρουλον,
1479 1366 1551 1409 τὸν
1569 1365 1665 1408 κατ’

189 1438 352 1481 ἐκείνων
385 1436 440 1487 ὥς
473 1440 603 1492 δῆθεν
632 1437 881 1480 ἀποστατῶν
911 1437 1110 1492 ἐγχειρίζει
1131 1433 1337 1488 πόλεμον,
1371 1433 1500 1486 τάξας
1519 1434 1670 1477 ἐκεῖνον

190 1508 246 1557 εἰς
265 1507 340 1563 τὴν
361 1506 500 1549 αὐτῶν
519 1506 640 1564 ῥῆγα,
674 1507 742 1550 καὶ
763 1504 943 1560 πόλεμον
961 1503 1154 1561 ἐμβαλῶν
1171 1504 1333 1555 ἐκείνοις
1353 1505 1544 1548 ἐντεῦθεν
1568 1501 1670 1559 ἀκή-

191 1729 308 1764 facere
331 1730 489 1762 conatum
512 1729 709 1773 erumpente
739 1726 775 1761 in
799 1726 953 1762 notitiam
977 1726 1065 1761 male
1095 1728 1210 1761 tecta,
1225 1726 1371 1769 fraude,
1403 1724 1600 1770 remigium,
1634 1728 1674 1761 ut

191 1775 243 1810 sic
266 1775 408 1821 loquar,
431 1772 599 1815 inhibuit,
623 1777 659 1808 et
682 1773 780 1820 quasi
803 1785 825 1808 a
850 1785 952 1808 cursu
974 1778 1105 1808 temere
1126 1773 1211 1808 inito
1234 1784 1272 1808 se
1295 1772 1485 1819 reprimens
1507 1771 1673 1814 incubuit,

192 1821 283 1867 quod
306 1820 444 1863 dicitnr,
464 1820 501 1854 in
527 1831 676 1865 proram,
701 1826 795 1854 retro
821 1819 941 1855 cessim
964 1820 1126 1863 nitendo,
1151 1831 1240 1854 novo
1263 1819 1422 1854 videlicet
1445 1830 1487 1853 ex
1511 1830 1550 1852 re
1570 1822 1671 1864 capto

191 1867 354 1909 consilio,
388 1865 583 1902 dimittendi
613 1867 658 1901 ad
690 1877 752 1902 sua
786 1867 924 1913 copioso
955 1865 1156 1900 instructam
1190 1865 1315 1900 viatico
1339 1865 1506 1900 dominam
1529 1864 1672 1906 Annam,

193 1917 366 1948 caeterum
389 1913 564 1959 postulans
588 1924 663 1947 cum
686 1925 728 1948 ea
752 1912 942 1958 permutari
973 1918 1010 1947 et
1037 1913 1191 1947 vicissim
1222 1913 1365 1947 liberum
1389 1911 1516 1946 dimitti
1540 1911 1673 1945 Caesa-

192 1971 264 1995 rem
295 1958 387 2005 apud
419 1959 636 1994 Manu-edum
671 1962 789 1994 Annae
822 1961 964 1993 fratrem
996 1959 1195 1994 detentum:
1233 1971 1275 1993 eo
1310 1959 1437 2005 quippe
1469 1958 1563 1991 illum
1588 1969 1608 1991 a
1632 1968 1672 1991 se

191 2005 282 2041 bello
307 2010 444 2051 captum
469 2004 541 2039 eius
564 2016 664 2039 socer
687 2006 829 2051 despota
849 2005 996 2040 Michael
1012 2006 1245 2040 deducendum
1264 2010 1456 2046 curaverat,
1481 2009 1519 2038 ut
1543 2004 1671 2037 dictum

193 2054 256 2087 est.
304 2063 406 2096 porro
427 2051 531 2086 istam
563 2052 607 2086 ab
640 2051 847 2098 imperatore
870 2058 1075 2087 ostentatam
1100 2052 1350 2086 solicitudinem
1374 2049 1604 2097 praecavendi
1628 2061 1672 2084 ne

194 2097 333 2142 cognati
357 2098 474 2132 Annae
498 2101 676 2141 Augustae
706 2110 781 2133 cum
805 2099 952 2133 caeteris
976 2098 1111 2133 Latinis
1136 2098 1393 2143 conspirarent,
1415 2097 1495 2131 nibil
1519 2096 1587 2130 nisi
1609 2107 1673 2130 va-

194 2155 273 2178 num
308 2148 346 2177 et
378 2143 631 2179 inverisimilem
665 2150 880 2190 praetextum
913 2146 1021 2179 fuisse
1051 2146 1151 2179 vafra
1174 2145 1389 2179 simulatione
1423 2145 1598 2177 obtentum
1621 2141 1675 2175 vi-

195 2190 283 2224 tioso
307 2190 411 2225 amori
433 2202 501 2235 quo
527 2189 720 2235 flagrabat,
752 2191 863 2236 palam
898 2191 1060 2238 apparuit
1081 2195 1207 2225 statum
1234 2202 1347 2225 rerum
1372 2195 1454 2225 tunc
1477 2189 1675 2223 Italicarum

197 2246 240 2270 ex
272 2247 354 2270 vero
387 2236 585 2271 scientibus.
644 2237 698 2282 (8)
735 2237 933 2272 Fridericus
968 2238 1056 2272 enim
1085 2244 1120 2271 et
1153 2238 1373 2278 Manfredus,
1406 2247 1548 2282 quorum
1580 2235 1675 2269 illum

197 2281 335 2328 quidem
357 2283 475 2316 Annae
498 2287 631 2328 patrem
645 2308 656 2324 ‚
679 2283 769 2317 bunc
790 2285 934 2318 fratrem
956 2285 1066 2318 fuisse
1087 2283 1242 2324 diximus,
1267 2286 1366 2317 ambo
1389 2294 1409 2316 a
1433 2294 1526 2327 papa
1550 2286 1587 2315 et
1610 2293 1676 2326 pa-

197 2339 266 2374 pae
287 2328 446 2373 partibus
471 2327 695 2374 defecerant,
720 2335 757 2363 et
782 2334 822 2364 ut
844 2330 890 2364 ibi
915 2331 1158 2376 loquebantur,
1195 2328 1473 2364 excommunicati
1497 2329 1540 2362 ab
1564 2329 1678 2362 eccle-

198 2373 251 2409 sia
274 2373 426 2419 ipsorum
448 2384 528 2408 suas
551 2374 619 2408 sibi
642 2375 784 2410 seorsim
807 2387 863 2410 res
886 2377 1069 2411 habebant.
1118 2387 1183 2410 non
1217 2376 1303 2410 enim
1335 2375 1424 2410 sicut
1458 2374 1588 2409 caeteri
1612 2374 1676 2407 ob-

197 2423 390 2465 temperare
424 2431 464 2453 ac
502 2431 540 2454 se
572 2422 757 2465 morigeros
789 2423 956 2467 praebere
979 2422 1079 2457 iussis
1110 2433 1153 2456 ac
1174 2421 1312 2468 placitis
1334 2421 1541 2456 moderantis
1565 2421 1678 2454 eccle-

199 2465 283 2500 siam
307 2466 493 2507 volebant‚
517 2466 576 2500 sed
598 2467 810 2501 affectabant
839 2471 1120 2514 usurpabantque
1151 2468 1275 2502 nemini
1302 2467 1481 2503 obnoxiam
1503 2467 1676 2501 licentiam

200 2512 324 2556 agendi
349 2517 386 2547 et
409 2511 582 2546 statuendi
605 2519 707 2558 prout
729 2514 870 2557 liberet,
904 2526 946 2549 ac
969 2515 1021 2549 sic
1043 2519 1114 2548 tam
1137 2513 1172 2549 in
1199 2514 1316 2549 Sicilia
1342 2526 1442 2561 quam
1467 2520 1577 2555 extra,
1602 2513 1676 2558 ple-

199 2568 244 2592 no
270 2561 307 2592 et
325 2559 452 2592 nullum
476 2565 682 2603 agnoscente
705 2561 915 2605 superiorem
939 2560 1083 2595 dominio
1097 2586 1108 2602 ‚
1138 2572 1297 2606 regnare.
1344 2573 1486 2607 quarum
1510 2559 1678 2594 intolera-

199 2603 320 2638 bilium
342 2604 540 2639 iniuriarum
575 2610 696 2639 nactus
727 2618 821 2652 papa
853 2607 1007 2641 idoneum
1037 2609 1185 2641 ultorem
1213 2607 1372 2642 Carolum
1406 2608 1550 2641 fratrem
1582 2604 1677 2648 regis

199 2648 435 2694 Francorum,
466 2663 509 2685 ex
543 2651 729 2686 Contorum
760 2653 833 2686 sive
867 2653 1035 2688 Comitum
1058 2654 1198 2697 ordine,
1230 2655 1341 2689 virum
1364 2659 1563 2696 strenuum,
1588 2651 1676 2684 bello

201 2707 278 2730 eum
314 2698 484 2742 praefecit·
520 2697 586 2731 illis
616 2698 726 2732 veluti
753 2699 937 2734 rebellibus
971 2703 1007 2734 et
1040 2700 1211 2746 apostatis
1240 2700 1393 2742 indicto,
1427 2709 1568 2744 regnum
1591 2697 1677 2742 ipsis

203 2745 359 2787 ereptum
382 2743 431 2777 illi
454 2743 608 2778 tribuens
634 2756 735 2790 quam
756 2745 885 2790 optimo
923 2746 1000 2780 iure
1033 2747 1291 2792 possidendum,
1322 2747 1352 2781 si
1377 2758 1436 2780 eos
1457 2747 1491 2780 vi
1514 2750 1550 2779 et
1573 2742 1678 2777 armis

202 2787 282 2822 inde
304 2789 470 2834 pelleret3
495 2789 530 2824 id
553 2790 647 2836 quod
670 2802 796 2826 summa
819 2803 886 2838 ope
908 2795 991 2827 tunc
1024 2804 1100 2828 cum
1122 2793 1266 2828 maxime
1288 2793 1347 2827 ille
1370 2792 1495 2827 ardens
1528 2790 1678 2845 nihilque

204 2844 272 2868 non
292 2846 431 2871 movens
455 2836 654 2872 conabatur.
700 2837 871 2884 quodnam
893 2850 976 2885 ergo
989 2864 1001 2883 ‚
1023 2850 1173 2886 quaeso,
1205 2839 1392 2886 periculum
1422 2843 1518 2881 erat,
1552 2849 1596 2872 ne
1618 2835 1679 2870 isti
