1884 3262
254 217 350 265 242
679 215 918 260 GEoRGu
946 215 1298 261 PACHYMERIS

259 330 435 387 ἐχθροὺς
457 326 629 384 ἐζήτεις,
670 328 744 371 οὐκ
766 328 1009 385 ἓχθραντέοι
1031 326 1192 380 πάντως
1216 329 1394 380 δικαίως.
1466 328 1545 387 ὅρα
1567 331 1612 374 δὲ
1634 331 1731 381 τούς

260 397 462 455 ἐχθρούς,
500 400 533 440 εἶ
563 395 725 451 βούλει,
763 396 824 448 οἷς
854 397 928 440 οἰκ
959 396 1010 440 ἂν
1044 395 1169 452 ὁμόσε
1196 396 1425 455 χωρήσεις,
1471 398 1523 453 ἢν
1558 400 1617 454 μὴ
1652 400 1732 455 ἐγὼ

258 468 434 520 θέλοιμι.
502 465 623 515 ἔδειξε
654 467 791 509 τοίνυν
820 468 886 509 καὶ
917 466 1013 516 τοὺς
1043 463 1245 524 ἐχθρούς,
1284 468 1352 509 καὶ
1383 465 1572 524 φοβήσας
1601 466 1730 522 μόνον

257 533 503 591 μεταβαλὼν
553 531 772 591 ἐρρύσατο.
852 533 984 584 οὕτως
1030 534 1113 577 οἶδε
1159 532 1296 592 κύριος
1333 537 1514 591 κρίματα
1549 536 1729 580 ποιῶν.”

256 608 392 647 ταῦτα
426 607 501 646 τοῦ
533 601 789 659 πατριάρχιυ
821 604 1008 660 λέγοντος
1035 603 1209 658 εὐμενῶς
1237 602 1258 646 ὃ
1288 607 1450 658 κρατῶν
1473 604 1628 658 ἐδέχετο
1654 604 1764 655 τάς5

209 687 237 720 Β
262 672 429 729 ε’λέγξεις
459 673 524 714 καὶ
559 672 826 729 προσεπῄνει·
876 672 1092 728 ἀντιλέγειν
1124 672 1203 728 γὰρ
1235 669 1291 721 ὥς
1318 674 1490 722 δικαίοις
1519 672 1592 715 οὐκ
1613 671 1728 727 εἶχεν,

257 741 355 784 ἀλλ’
382 742 523 796 ἐπῆγεν
548 738 603 790 ὥς
624 743 754 795 δῆθεν
779 739 1107 796 ἀπολογούμενος
1138 739 1192 790 ὥς
1223 742 1290 782 καὶ
1313 738 1475 797 εἰρήνην
1494 745 1653 795 μᾶλλον
1676 741 1729 784 τοὶ

257 814 331 864 τῆς
355 807 455 852 ὃὸοὗ
478 807 781 864 κατηντήκεσαν
800 811 867 852 καὶ
889 808 943 859 ὥς
966 811 1088 864 κῆδος
1111 813 1421 864 μεσολαβῆσαν
1438 808 1514 858 τὰς
1544 811 1733 860 einai-919

257 878 439 927 σπονδὰς
458 879 714 931 ἐβεβαίωσεν.
791 877 905 932 ὃμὲν
927 874 1000 921 οὗν
1027 878 1219 932 βασιλεὺς
1250 876 1382 927 οὕτως
1410 877 1532 921 εῗπών
1564 877 1630 933 (οὗ
1651 878 1731 933 γὰρ

258 946 279 990 ὅ
316 947 456 1003 mepte
494 947 630 989 ἐδίδου
676 949 743 990 καὶ
774 949 938 989 πλείονα
965 945 1119 1004 λέγειν)
1154 947 1442 1002 ἀποπεμφθεὶς
1469 953 1561 996 ταῖς
1593 946 1730 1001 εὐχαῖς
1744 961 1788 995 10

203 1028 236 1061 c
262 1013 398 1071 ἐχώρει
421 1015 523 1071 πρὸς
553 1015 599 1057 τὸ
632 1014 854 1068 παλάτιον,
891 1015 944 1058 τὰ
975 1017 1020 1058 δὲ
1039 1017 1128 1072 περὶ
1159 1019 1234 1058 τοῦ
1263 1013 1416 1069 κήδους
1449 1013 1582 1065 οὕτως
1609 1011 1728 1069 ἦσαν.

207 1097 240 1132 Ι)
265 1086 368 1140 (27)
402 1082 538 1137 ἐπειδὴ
559 1083 636 1141 γὰρ
657 1082 852 1134 πολλάκις
871 1084 1115 1134 ἀποστείλας
1147 1082 1167 1126 ὃ
1193 1083 1387 1137 βασιλεὺς
1414 1085 1481 1125 καὶ
1507 1083 1583 1133 τὰς
1602 1082 1731 1126 δυνά-

256 1170 344 1207 μεις
363 1152 612 1210 προσβαλὼν
639 1150 885 1209 ἀπεκρούετο
916 1150 1079 1212 (ἐχρῆτο
1111 1152 1189 1208 γὰρ
1210 1154 1276 1194 καὶ
1308 1150 1328 1194 ὃ
1351 1151 1526 1206 Μιχαὴλ
1548 1155 1607 1211 τῷ
1622 1151 1731 1194 Ἰτα-

258 1225 357 1280 λικῷ
382 1223 437 1270 εἷς
455 1217 680 1274 βοήθειαν,
720 1223 786 1264 καὶ
806 1225 1013 1277 καρτερῶς
1030 1218 1334 1276 κρατυνάμενος
1352 1220 1426 1270 τὰς
1445 1218 1637 1275 δυνάμεις
1655 1220 1730 1263 ἀν-

257 1297 386 1345 τεῖχε,
424 1290 490 1332 καὶ
514 1289 633 1332 οὐδὲν
655 1289 676 1332 ὅ
699 1290 822 1332 ἐπιών
849 1288 993 1344 ἤνυεν,
1036 1292 1195 1344 μᾶλλον
1222 1289 1299 1343 μὲν
1330 1284 1403 1332 οὖν
1432 1290 1500 1331 καὶ
1529 1291 1727 1347 προσεζη-
1743 1304 1786 1339 15

255 1362 403 1412 μιοῦτο
429 1364 520 1406 ταῖς
541 1358 583 1400 ἐν
605 1366 732 1408 κενοῖς
755 1358 1005 1412 ἀσχολίαις),
1035 1355 1154 1411 μόλις
1173 1357 1279 1400 κατὰ
1299 1357 1373 1412 τὴν
1394 1356 1550 1413 πολλὴν
1569 1365 1727 1413 πεῖραν,

258 1424 538 1475 ἱκετεύσαντος
559 1431 632 1468 τοῦ
652 1424 853 1471 δεσπότου
873 1427 939 1468 καὶ
957 1427 1188 1483 πρεσβείαις
1208 1432 1377 1481 συχναῖς
1403 1426 1728 1480 ἕκμειλιξαμένου

198 1510 231 1544 Ε
258 1495 327 1539 τὸν
355 1491 666 1553 αὐτοκράτορα,
710 1495 813 1554 πρὸς
842 1492 1006 1552 εἲρήν-ην
1033 1496 1100 1538 καὶ
1126 1489 1247 1545 οὗτος
1279 1494 1478 1538 ἀπέκλινε.
1549 1495 1619 1538 καὶ
1646 1494 1731 1538 ἐπεὶ

347 1605 380 1639 2.
405 1599 584 1649 χωρήσειν
607 1603 647 1638 Ρ.
788 1603 843 1640 15,
865 1600 972 1648 ἦνύει
996 1603 1034 1638 Ρ.
1177 1604 1230 1638 16.
1254 1600 1374 1649 pettit?

258 1708 457 1744 admoneret
480 1718 544 1741 non
568 1706 656 1740 iuste
680 1717 701 1740 a
721 1709 757 1741 te
779 1706 854 1741 illos
877 1706 1044 1742 hostiliter
1074 1707 1193 1753 impeti
1221 1719 1304 1754 quos
1327 1707 1443 1743 hostes
1464 1707 1529 1743 tibi
1551 1707 1730 1754 quaesisti,

259 1755 438 1788 exhiberet
462 1759 574 1787 autem
599 1758 635 1786 et
657 1752 726 1787 tuis
750 1753 916 1787 obiiceret
938 1755 1044 1788 oculis
1066 1766 1165 1788 veros
1189 1754 1326 1798 hostes,
1351 1754 1450 1800 quasi
1472 1754 1603 1788 diceret
1627 1766 1670 1789 en
1692 1754 1730 1788 in

261 1811 347 1845 quos
370 1801 423 1834 fas
448 1799 608 1844 piumque
632 1798 698 1840 sit,
723 1799 751 1832 si
774 1810 927 1843 pugnare
950 1800 1054 1843 libet,
1078 1812 1207 1834 omnem
1231 1801 1313 1834 belli
1334 1802 1400 1834 vim
1423 1800 1619 1842 effundere3
1643 1810 1729 1844 quos

258 1845 352 1890 ipsos
375 1848 488 1879 tamen
512 1846 642 1878 frustra
665 1844 837 1879 debellare
872 1846 1001 1890 praelio
1035 1846 1175 1880 adortus
1208 1847 1402 1888 conaberis,
1431 1846 1497 1879 nisi
1520 1857 1584 1889 ego
1609 1847 1728 1880 volens

259 1898 296 1926 et.
330 1890 500 1936 propitius
533 1890 686 1924 adsuero.
734 1891 881 1924 ostendit
915 1891 1021 1935 igitur
1051 1892 1117 1925 tibi
1140 1893 1255 1926 hostes
1268 1907 1282 1933 ,·
1302 1896 1337 1926 et
1359 1892 1524 1926 terruisse
1547 1895 1727 1925 contentus

259 1948 375 1971 eorum
399 1948 420 1970 a
443 1940 480 1970 te
502 1937 569 1971 vim
594 1935 717 1977 arcuit,
742 1942 777 1970 et
799 1937 959 1981 periculis
982 1938 1177 1971 insidiarum
1200 1938 1235 1971 in
1258 1943 1370 1972 tutum
1391 1937 1590 1971 incolumem
1613 1941 1729 1972 trans-

258 1984 384 2017 ferens.
430 1982 480 2016 sic
505 1993 610 2026 agere
642 1982 739 2015 novit
771 1983 921 2016 dominus
950 1983 1075 2017 iudicia
1107 1984 1249 2017 faciens,
1262 1986 1282 1999 ''
1331 1984 1415 2017 haec
1450 1983 1641 2028 loquentem
1664 1994 1729 2028 pa-

259 2029 445 2063 triarcham
469 2027 602 2073 placide
633 2027 764 2061 audivit
791 2028 995 2073 imperator,
1033 2029 1357 2075 reprehensionique
1379 2029 1551 2075 acquievit
1573 2029 1730 2070 obnoxie,

259 2074 352 2108 ultro
375 2074 597 2119 comprobans
620 2077 656 2107 et
677 2074 842 2108 meruisse
868 2075 1052 2109 confitens:
1076 2075 1157 2120 quid
1181 2075 1269 2109 euim
1290 2082 1409 2109 contra
1427 2079 1615 2120 opponeret
1635 2075 1728 2108 veris

263 2124 299 2154 et
329 2120 442 2165 palam
472 2119 592 2160 iustis,
624 2131 690 2153 non
723 2120 880 2155 habebat.
927 2121 1010 2154 illud
1043 2126 1175 2155 tantum
1208 2122 1251 2155 ad
1276 2121 1454 2167 quamdam
1477 2119 1728 2155 excusationem

261 2165 436 2209 subiecit,
470 2165 592 2210 “atqui
622 2165 666 2199 ad
697 2165 845 2210 pacem''
874 2166 1028 2211 inquiens
1060 2170 1161 2200 “cum
1196 2167 1399 2201 Christianis
1422 2167 1635 2200 sanciendam
1661 2166 1728 2201 ista

261 2223 330 2257 qua
356 2222 430 2246 sum
461 2211 675 2256 periclitatus
707 2212 763 2246 via
797 2213 1048 2258 properabam:
1079 2213 1146 2246 huc
1179 2213 1268 2247 enim
1298 2215 1436 2254 ferebar
1459 2217 1498 2246 nt
1519 2213 1640 2247 foedus
1661 2212 1727 2246 iam

262 2257 367 2290 ictum
391 2269 463 2292 cum
487 2257 554 2291 illis
570 2283 581 2299 ,
615 2267 700 2302 quos
731 2269 785 2292 me
817 2259 943 2292 habere
966 2261 1080 2293 hostes
1103 2263 1204 2293 vetas
1222 2285 1231 2301 ‚
1255 2259 1358 2293 etiam
1380 2259 1558 2293 affinitatis
1580 2257 1728 2292 necessi-

263 2302 381 2337 tudine
405 2303 672 2347 adstringerem,
706 2303 872 2338 firmitate
902 2304 936 2338 in
960 2310 1131 2350 posterum
1155 2306 1331 2339 certiori.”
1378 2308 1509 2339 tantum
1541 2305 1728 2350 imperator

261 2348 397 2382 locutus
421 2350 503 2394 (nun
525 2349 611 2382 enim
634 2355 768 2395 tempus
795 2351 830 2384 id
854 2357 930 2385 erat
956 2353 1058 2396 plura
1085 2351 1290 2395 disserendi)
1319 2351 1463 2385 recessit
1492 2350 1529 2384 in
1551 2349 1726 2395 palatium,

262 2394 351 2428 bene
374 2398 537 2439 precante
567 2395 601 2428 in
633 2395 788 2440 digressu
818 2397 1026 2442 patriarcha.
1072 2397 1224 2432 affinitas
1254 2408 1359 2442 porro
1392 2397 1487 2431 cuius
1510 2395 1608 2430 modo
1631 2395 1727 2430 facta

264 2443 318 2474 est
350 2440 492 2483 mentio,
524 2440 572 2473 sic
605 2451 642 2474 se
674 2442 802 2476 habuit.
851 2443 931 2487 (27)
963 2455 1039 2477 cum
1068 2454 1173 2489 saepe
1206 2444 1392 2489 imperator
1423 2442 1478 2477 vel
1507 2441 1648 2475 aliorum
1670 2440 1727 2474 vel

263 2484 403 2532 proprio
425 2486 531 2520 ductu
549 2486 704 2521 immissis
726 2488 759 2521 in
781 2491 928 2532 tractum
949 2490 1139 2523 occiduum
1162 2490 1288 2534 copiis,
1312 2489 1449 2534 illicque
1472 2499 1547 2521 cum
1571 2486 1726 2520 hostibus

264 2542 486 2575 congressus,
510 2542 643 2577 semper
666 2534 822 2577 repulsus
845 2539 955 2577 esset,
987 2540 1171 2581 propterea
1202 2536 1292 2581 quod
1315 2535 1360 2569 ibi
1384 2534 1556 2575 dominans
1578 2532 1728 2566 Michael

264 2576 397 2611 auxiliis
428 2576 557 2611 Italicis
586 2578 749 2612 utebatur
780 2585 816 2614 et
846 2581 964 2614 horum
994 2581 1029 2615 vi
1053 2582 1271 2616 confirmatus
1299 2580 1485 2617 resistebat
1506 2577 1727 2620 validissime,

264 2623 352 2657 adeo
374 2634 441 2658 non
462 2623 719 2668 proficientibus
742 2630 860 2660 contra
883 2627 1064 2672 quidquam
1095 2628 1255 2662 Romanis
1272 2631 1311 2660 ut
1334 2626 1435 2660 etiam
1461 2624 1549 2659 male
1573 2623 1727 2658 mulctati

263 2668 461 2714 plerumque
489 2668 659 2711 redirent,
694 2670 795 2714 longa
817 2673 1031 2715 experientia
1054 2673 1193 2708 militiae
1223 2674 1405 2707 damnosae
1425 2671 1561 2705 tandem
1583 2681 1727 2716 persua-

263 2725 323 2749 sus
345 2714 449 2749 otium
472 2714 522 2748 ibi
545 2718 582 2748 et
600 2726 737 2759 operam
757 2716 793 2750 in
814 2717 938 2752 nullius
960 2719 1071 2763 frugis
1093 2719 1215 2754 nullius
1237 2718 1310 2764 spei
1333 2717 1470 2762 negotio
1491 2718 1580 2751 male
1603 2727 1726 2750 consu-

262 2760 326 2801 mi,
349 2759 484 2795 induxit
502 2760 536 2794 in
560 2760 706 2795 animum
735 2773 801 2796 non
825 2763 893 2797 iam
917 2765 1093 2809 aspernari
1124 2765 1266 2811 amplius
1289 2764 1427 2798 crebras
1458 2763 1621 2808 despotae
1643 2773 1727 2808 pre-

262 2816 343 2850 ces,
367 2818 431 2840 nec
452 2817 509 2850 se,
532 2810 573 2839 ut
594 2806 778 2850 hactenus,
801 2808 1043 2844 inexorabilem
1065 2811 1230 2856 praebere
1260 2809 1484 2844 delinimentis
1517 2808 1666 2842 eiusdem
1689 2811 1726 2841 et

259 2851 470 2898 supplicibus
501 2852 645 2896 officiis,
674 2853 735 2887 sed
766 2855 809 2889 ad
845 2866 963 2900 pacem
994 2867 1069 2890 cum
1101 2857 1176 2902 ipso
1198 2855 1370 2891 inclinare.
1423 2853 1580 2901 quoniam
1612 2858 1725 2889 autem
