1846 3262
213 202 308 248 188
628 200 863 245 GEORGII
898 201 1252 246 PACHYMERIS

1642 247 1652 271 Ὗ

207 313 368 371 πήχεις,
404 314 515 369 τείχη
546 314 592 357 δὲ
617 311 827 373 ἀναλόγως
855 321 943 366 τοῖς
972 312 1141 372 πύργοις
1168 314 1243 371 τὴν
1270 315 1399 373 αὕξην
1418 312 1672 371 ἐλάμβανον·

205 385 259 428 τὰ
283 386 327 426 δὲ
351 383 472 425 λοιπὰ
491 380 778 439 ὖπερετίθεντο
797 382 853 434 ὥς
875 385 937 426 ἐπὶ
962 388 1106 440 καιροῦ
1127 382 1360 440 πράξοντες.
1429 384 1478 428 τὸ
1500 385 1546 427 δ’
1578 386 1674 427 εἶλα-

206 460 327 510 φροῒς
357 456 439 494 τῶν
474 457 739 507 στρατιωτῶν
772 454 928 505 οἰκίζειν
961 452 1037 508 τὴν
1066 449 1183 495 πόλιν
1204 455 1270 495 καὶ
1292 455 1383 496 λίαν
1401 453 1471 496 ἐπ’
1496 441 1683 509 ἀνάγκης.

207 520 334 576 εἶχεν,
373 519 477 563 ὅπου
507 537 548 576 γε
583 522 651 563 καὶ
681 518 862 564 Λάκωσι
889 522 1091 571 πλείστοις
1118 519 1291 577 ὕστερον
1318 522 1362 564 ἐκ
1391 526 1465 564 τοῦ
1498 522 1672 579 Μορὲου

205 588 441 646 ἀφιγμένοις
471 589 705 645 ἕπιμερίσας
734 588 887 640 τόπους
916 591 980 632 ἐπὶ
1007 594 1081 644 τῆς
1111 587 1268 639 πόλεως
1290 597 1454 647 παρεῖχε
1474 597 1707 637 κατοικεῖν5

209 656 265 708 ὥς
300 655 530 712 αὐτόχθοσι
541 690 554 710 ,
591 660 657 700 καὶ
695 657 835 716 ρόγαις
867 659 1042 714 ἐτησίοις
1073 656 1333 715 δωρούμενος
1375 660 1442 700 καὶ
1472 660 1676 708 πλείστοις

154 735 184 769 C
209 726 348 776 ἄλλοις
365 724 685 783 φιλοτιμήμασιν
706 729 770 770 ἐπὶ
792 731 957 777 πολλοῖς
977 729 1042 770 καὶ
1062 727 1176 777 ἐντὸς
1197 729 1264 769 καὶ
1282 726 1396 777 ἐκτὸς
1418 729 1580 783 ἐχρῆτο,
1619 725 1676 777 ὥς

206 795 325 846 ἀξίαν
351 794 498 851 τριβὴν
528 795 570 839 ἔν
599 795 790 850 πολέμοις
816 795 965 850 ἔχουσι.
1037 800 1096 855 τῷ
1131 796 1179 838 δέ
1206 813 1249 851 γε
1267 799 1307 838 Γ
1305 799 1540 853 ασμουλικῷ
1551 828 1565 847 ,
1603 795 1676 845 οὓς

207 864 259 918 δὴ
293 865 546 919 συμμίκτους
578 862 604 919 ἡ
636 869 718 908 τῶν
747 864 915 907 Ἰταλῶν
949 864 1066 908 εἴπειε
1095 868 1264 920 γλῶσσα
1291 859 1428 922 (ἦσαν
1454 864 1532 920 γὰρ
1561 863 1604 905 ἴκ
1632 881 1676 906 τε

202 931 415 987 Ῥωμαίων
438 934 505 975 καὶ
527 935 727 976 Λατίνων
751 932 1043 990 γεγεννημένοι)
1055 966 1068 986 ,
1105 931 1440 989 προσανεπαύετο
1464 932 1732 985 ἔκπέμπωνίο

207 1002 269 1043 ἐπὶ
290 1006 418 1056 νηῶν
454 996 561 1056 ἦσαν
589 1002 666 1058 γὰρ
696 1002 742 1045 τὸ
772 1003 846 1055 μὲν
877 1003 1093 1058 προμηθὲς
1123 1002 1178 1051 εἷς
1199 1002 1402 1055 πολέμους
1422 1002 1487 1043 καὶ
1509 1000 1676 1043 συνετὸν

206 1071 250 1112 ἐκ
266 1068 500 1124 Ῥωμαίων,
528 1070 574 1112 τὸ
605 1070 648 1112 δ’
673 1068 893 1127 ὃρμητικόν
919 1088 962 1113 τε
983 1073 1050 1113 καὶ
1075 1069 1259 1120 αὔθαδες
1279 1072 1323 1112 ἐκ
1340 1071 1541 1112 Λατίνων
1561 1069 1677 1123 ἕχον-

206 1156 284 1189 τες.
353 1140 420 1181 καὶ
441 1135 588 1182 στόλον
606 1139 772 1196 με’τριον
793 1137 1032 1194 ἐξηρτύετο,
1068 1140 1135 1181 καὶ
1155 1143 1406 1194 προσεκτᾶτο
1429 1138 1480 1180 τὰ
1502 1142 1584 1180 τῶν
1602 1135 1677 1192 νή-

157 1215 189 1250 D
213 1224 297 1250 σων
317 1205 530 1263 ἕγγύτερα,
574 1206 697 1264 ῥόγας
722 1208 797 1261 μὲν
829 1205 1072 1250 ἅποτάττων
1092 1206 1233 1256 αὐτοῖς
1261 1207 1304 1249 ἐκ
1325 1211 1400 1249 τοῦ
1431 1209 1567 1248 κοινοῦ
1600 1223 1677 1248 τα·-

204 1278 335 1331 μιειόυ
373 1277 440 1318 καὶ
475 1277 723 1330 φιλοτιμίαις
755 1274 888 1326 αὔξων
929 1275 1004 1325 τὰς
1041 1276 1304 1331 προθυμίας,
1359 1272 1675 1328 ἀντιλαμβάνων
1689 1282 1733 1318 15
1782 1312 1792 1315 ι

207 1344 250 1387 δ’
278 1345 321 1386 ἐκ
342 1348 416 1398 τῆς
440 1344 598 1386 ἐκείνων
631 1346 815 1398 σπουδῆς
848 1346 914 1386 καὶ
935 1345 1125 1399 ἐργασίας
1143 1345 1320 1386 πλείονα.
1394 1341 1470 1398 εἶχε
1489 1343 1566 1399 γὰρ
1587 1349 1678 1392 ταῖς

206 1413 421 1467 ἀληθείαις
447 1414 514 1453 καὶ
552 1412 599 1456 τὸ
634 1412 880 1468 εὐεργετικὸν
918 1412 1022 1469 πρὸς
1049 1412 1236 1462 ἅπαντας
1254 1445 1268 1465 ,
1315 1413 1383 1454 καὶ
1425 1411 1678 1468 ἀμφοτέραις

205 1479 383 1535 ἐξήντλει
411 1484 575 1523 πολλῶν
607 1480 990 1537 προαποκειμένων,
1039 1480 1114 1524 οὐκ
1145 1479 1237 1523 οἶδα
1272 1480 1350 1522 εἴτε
1380 1497 1440 1530 τις
1463 1480 1538 1534 τὴν
1554 1478 1678 1536 φύσιν

203 1554 391 1599 τοιοῦτος
417 1547 473 1591 ὤν
485 1581 498 1601 ,
545 1548 572 1604 ἢ
596 1547 948 1605 προσποιούμενος
976 1548 1034 1591 δι’
1058 1548 1164 1591 ἄλλα
1184 1548 1355 1605 μέγιστα
1374 1548 1421 1591 τὸ
1444 1546 1675 1604 φιλότιμον,

204 1617 506 1675 ἀναγκαστικὰς
524 1617 598 1668 τὰς
616 1617 776 1668 εὐνοίας
796 1615 1144 1673 ὑποποιούμενος,
1182 1614 1239 1667 ὥς
1267 1619 1397 1672 δῆθεν
1417 1616 1492 1660 οὐκ
1512 1618 1734 1667 ἐνδίκωςΞΟ

206 1783 304 1816 sens,
339 1783 401 1807 suo
434 1775 588 1817 tempore
615 1771 765 1806 curanda
788 1771 895 1806 dilata
916 1773 1006 1806 sunt.
1052 1770 1136 1805 illud
1167 1769 1296 1817 quippe
1318 1769 1385 1805 iam
1407 1780 1497 1803 nunc
1520 1780 1681 1804 necessa-

205 1819 293 1854 rium
317 1824 448 1853 mature
473 1831 514 1853 ac
540 1829 614 1851 cum
638 1818 853 1852 solicitudine
884 1822 1055 1860 curatum,
1090 1820 1129 1851 ut
1159 1816 1311 1862 expediti
1341 1817 1534 1861 leviterque
1555 1815 1681 1850 armati

206 1865 330 1900 milites
354 1866 399 1899 ad
422 1865 519 1899 urbis
542 1864 749 1908 praesidium
772 1864 892 1898 idoneo
925 1875 1062 1897 numero
1076 1888 1086 1905 ,
1123 1862 1270 1897 admotis
1293 1862 1418 1896 circum
1442 1861 1592 1906 undique
1615 1873 1678 1906 po·-

205 1912 332 1946 moerio
356 1911 553 1951 domiciliis,
580 1909 836 1945 collocarentur.
883 1921 949 1955 quo
973 1909 1009 1943 in
1032 1920 1158 1954 genere
1175 1908 1365 1942 Laconibus
1387 1907 1539 1953 plurimis
1562 1919 1581 1941 e
1601 1907 1681 1941 Μο-

205 1968 267 1991 reo
292 1962 371 2003 post
392 1961 564 2001 receptam
589 1955 915 2001 Constantinopolim
938 1955 1103 2000 profectis
1131 1954 1314 1999 assignatis
1336 1955 1418 1987 locis
1448 1955 1551 1987 aedes
1576 1954 1680 1987 attri-

206 2003 301 2045 buit,
326 2003 544 2048 pensionibus
567 2002 641 2035 illos
655 2027 666 2045 ,
689 2007 850 2047 tanquam
875 2001 903 2036 si
926 2006 1041 2035 essent
1062 2000 1260 2045 indigenae,
1284 1999 1403 2034 annuis
1426 1999 1572 2041 donans,
1598 2010 1679 2032 cae-

206 2052 351 2095 teraque
380 2049 525 2094 plurima
550 2048 753 2082 liberalitate
776 2047 842 2082 sibi
866 2047 1070 2081 devinciens.
1118 2048 1208 2080 unde
1231 2046 1306 2080 illos
1331 2050 1505 2091 promptos
1530 2045 1681 2079 babebat

206 2095 252 2129 ad
278 2095 419 2141 quaevis
451 2094 637 2138 obsequia,
670 2094 883 2139 libentesque
913 2093 1060 2127 libenter
1089 2093 1272 2127 adhibebat
1302 2092 1347 2126 ad
1381 2091 1486 2125 multa
1518 2091 1610 2124 intus
1642 2094 1679 2124 et

208 2145 309 2175 extra
332 2142 471 2184 urbem,
497 2141 623 2186 quippe
647 2151 712 2174 usu
735 2141 854 2173 idoneo
879 2139 1055 2183 praeditos
1078 2139 1129 2173 rei
1153 2139 1304 2172 bellicae.
1353 2136 1550 2172 Gasmulico
1574 2136 1678 2182 quin-

208 2187 311 2222 etiam
335 2187 568 2230 Hybridarum
592 2197 718 2230 genere
732 2211 743 2227 ‚
765 2197 849 2230 quos
871 2186 1034 2220 Italorum
1058 2185 1172 2230 lingua
1196 2184 1393 2218 commixtos
1416 2184 1569 2224 diceret,
1595 2194 1678 2216 con-

210 2232 301 2274 fidit,
327 2238 459 2277 partem
485 2233 611 2266 talibus
644 2232 852 2276 reipublicae
884 2232 1118 2273 committens,
1149 2231 1305 2265 navalem
1329 2229 1491 2263 videlicet
1512 2228 1677 2272 militiam,

206 2279 244 2313 in
268 2290 370 2323 quam
393 2290 508 2313 eorum
543 2279 723 2323 plerosque
756 2277 976 2323 conscripsit,
1012 2282 1110 2322 aptos
1142 2277 1175 2311 ei
1198 2275 1365 2311 functioni
1389 2278 1508 2320 utpote
1529 2275 1680 2320 pruden-

207 2325 290 2358 tiam
325 2325 563 2370 solertiamque
597 2336 640 2358 ex
671 2324 855 2365 Romanis,
884 2328 1045 2369 impetum
1074 2335 1156 2358 vero
1190 2328 1227 2357 et
1260 2321 1434 2356 audaciam
1468 2332 1511 2355 ex
1543 2320 1680 2355 Latinis

210 2371 367 2404 haustam
401 2371 500 2405 simul
532 2371 705 2404 habentes.
762 2370 880 2415 itaque
913 2381 955 2404 ex
987 2370 1039 2404 his
1070 2369 1213 2403 maxime
1245 2369 1388 2403 classem
1409 2367 1571 2401 instruxit
1593 2366 1680 2400 satis

210 2427 384 2460 magnam,
409 2428 477 2462 qua
499 2415 631 2450 vicinas
653 2416 781 2450 insulas
812 2417 1030 2461 recuperavit
1053 2421 1089 2450 et
1121 2415 1291 2459 obtinuit,
1321 2412 1492 2459 stipendia
1514 2418 1552 2446 et
1573 2413 1680 2446 dona-

208 2461 282 2496 tiva
308 2462 391 2507 ipsis
427 2473 470 2495 ex
504 2463 639 2496 aerario
679 2462 842 2496 communi
874 2462 1104 2504 constituens,
1140 2474 1181 2496 ac
1208 2473 1282 2496 cum
1314 2460 1384 2494 fide
1407 2464 1679 2503 repraesentans,

208 2507 353 2553 aliisque
377 2507 536 2553 praemiis
561 2507 650 2541 ultro
674 2507 817 2542 subinde
840 2507 930 2542 datis
952 2508 1163 2542 alacritatem
1184 2508 1334 2554 ipsorum
1358 2505 1512 2540 excitans
1535 2515 1681 2549 augens-

213 2565 304 2599 que,
328 2553 544 2598 vicissimque
568 2554 611 2587 ab
635 2553 678 2586 iis
701 2555 817 2588 utilem
841 2565 979 2599 operam
1001 2555 1216 2600 studiumque
1249 2553 1285 2587 in
1308 2552 1471 2597 obsequia
1492 2550 1594 2584 etiam
1617 2562 1680 2596 pe-

208 2599 356 2634 riculosa
379 2604 570 2645 promptum
594 2598 772 2644 recipiens.
805 2600 926 2634 habuit
950 2599 1038 2635 enim
1061 2601 1116 2634 hic
1133 2600 1318 2646 imperator
1333 2609 1414 2633 vere
1437 2597 1680 2631 liberalitatem

208 2645 245 2679 in
270 2657 367 2680 omne
390 2645 559 2679 hominum
583 2655 688 2690 genus
713 2645 876 2688 effusam,
901 2650 1047 2692 utraque
1071 2647 1229 2681 hauriens
1250 2657 1348 2680 manu
1372 2654 1414 2678 ex
1437 2646 1559 2689 parata
1582 2643 1681 2688 copia

210 2691 423 2726 conditarum
445 2691 547 2736 longa
574 2691 779 2736 parsimonia
803 2702 914 2736 opum,
938 2704 1028 2737 quae
1050 2693 1118 2727 late
1135 2697 1315 2739 spargeret
1335 2691 1371 2725 in
1393 2699 1475 2724 usus
1497 2689 1682 2735 egentium,

209 2737 301 2771 baud
326 2738 483 2783 equidem
508 2736 580 2772 scio
605 2748 648 2771 an
670 2736 835 2771 instinctu
866 2737 1046 2784 indoleque
1084 2743 1247 2781 naturae,
1279 2748 1323 2771 an
1355 2735 1481 2771 iudicio
1507 2735 1611 2770 animi
1634 2735 1680 2769 oli

208 2789 424 2828 praesentem
448 2784 522 2817 eius
546 2782 598 2817 rei
618 2782 797 2817 utilitatem
821 2783 966 2818 benefici
995 2796 1115 2819 nomen
1141 2783 1355 2826 affectantis,
1384 2793 1424 2816 eo
1455 2782 1586 2817 scilicet
1607 2781 1683 2816 adi-

211 2835 316 2874 gente
345 2830 552 2866 necessitate
583 2829 756 2875 parandae
784 2828 835 2865 sic
865 2828 957 2875 vulgi
988 2830 1264 2874 benevolentiae,
1296 2841 1366 2876 qua
1395 2828 1432 2863 in
1453 2827 1572 2875 primis
1595 2837 1681 2874 opus
