<?xml version="1.0" encoding="UTF-8"?>
<!DOCTYPE html PUBLIC "-//W3C//DTD XHTML 1.0 Transitional//EN"
    "http://www.w3.org/TR/xhtml1/DTD/xhtml1-transitional.dtd">
<html xmlns="http://www.w3.org/1999/xhtml" xml:lang="en" lang="en">
 <head>
  <title>
</title>
<meta http-equiv="Content-Type" content="text/html;charset=utf-8" />
  <meta name='ocr-system' content='tesseract 3.04.00' />
  <meta name='ocr-capabilities' content='ocr_page ocr_carea ocr_par ocr_line ocrx_word'/>
</head>
<body>
  <div class='ocr_page' id='page_1' title='image "./corpusscriptorum17niebuoft_0327.png"; bbox 0 0 1884 3262; ppageno 0'>
   <div class='ocr_carea' id='block_1_1' title="bbox 441 224 1675 273">
    <p class='ocr_par' dir='ltr' id='par_1_1' title="bbox 441 224 1675 273">
     <span class='ocr_line' id='line_1_1' title="bbox 441 224 1675 273; baseline 0.005 -6"><span class='ocrx_word' id='word_1_1' title='bbox 441 224 515 268; x_wconf 92' lang='lat' dir='ltr'><strong>DE</strong></span> <span class='ocrx_word' id='word_1_2' title='bbox 550 225 831 269; x_wconf 81' lang='lat' dir='ltr'><strong>MICHAELE</strong></span> <span class='ocrx_word' id='word_1_3' title='bbox 865 225 1242 270; x_wconf 84' lang='lat' dir='ltr'>PALAEOLOGO</span> <span class='ocrx_word' id='word_1_4' title='bbox 1280 227 1330 269; x_wconf 91' lang='lat' dir='ltr'><strong>L.</strong></span> <span class='ocrx_word' id='word_1_5' title='bbox 1360 226 1437 271; x_wconf 84' lang='lat' dir='ltr'><strong>lv.</strong></span> <span class='ocrx_word' id='word_1_6' title='bbox 1578 226 1675 273; x_wconf 88' lang='lat'><strong>309</strong></span> 
     </span>
    </p>
   </div>
   <div class='ocr_carea' id='block_1_2' title="bbox 136 339 1810 1841">
    <p class='ocr_par' dir='ltr' id='par_1_2' title="bbox 198 339 1720 606">
     <span class='ocr_line' id='line_1_2' title="bbox 201 339 1674 397; baseline 0.002 -16"><span class='ocrx_word' id='word_1_7' title='bbox 201 339 270 382; x_wconf 79' lang='grc' dir='ltr'><strong>διὰ</strong></span> <span class='ocrx_word' id='word_1_8' title='bbox 289 343 447 392; x_wconf 78' lang='grc' dir='ltr'><strong><em>ταῦτα,</em></strong></span> <span class='ocrx_word' id='word_1_9' title='bbox 484 341 551 383; x_wconf 82' lang='grc' dir='ltr'><strong>καὶ</strong></span> <span class='ocrx_word' id='word_1_10' title='bbox 570 339 668 383; x_wconf 81' lang='grc' dir='ltr'><strong><em>ὅσον</em></strong></span> <span class='ocrx_word' id='word_1_11' title='bbox 689 340 738 383; x_wconf 82' lang='grc' dir='ltr'><strong><em>τὸ</em></strong></span> <span class='ocrx_word' id='word_1_12' title='bbox 758 339 883 396; x_wconf 85' lang='grc' dir='ltr'><strong><em>με’ρος</em></strong></span> <span class='ocrx_word' id='word_1_13' title='bbox 902 339 1054 383; x_wconf 76' lang='grc' dir='ltr'><strong><em>ἐκείνου</em></strong></span> <span class='ocrx_word' id='word_1_14' title='bbox 1067 370 1092 393; x_wconf 24' lang='lat' dir='ltr'><strong>,x</strong></span> <span class='ocrx_word' id='word_1_15' title='bbox 1118 339 1334 396; x_wconf 76' lang='grc' dir='ltr'><em>ἀνακωχὰς</em></span> <span class='ocrx_word' id='word_1_16' title='bbox 1355 339 1403 383; x_wconf 77' lang='grc' dir='ltr'><strong>οὗ</strong></span> <span class='ocrx_word' id='word_1_17' title='bbox 1435 339 1509 390; x_wconf 78' lang='grc' dir='ltr'><strong><em>τὰς</em></strong></span> <span class='ocrx_word' id='word_1_18' title='bbox 1524 341 1674 397; x_wconf 80' lang='grc' dir='ltr'><strong><em>μικρὰς</em></strong></span> 
     </span>
     <span class='ocr_line' id='line_1_3' title="bbox 198 406 1671 464; baseline 0.001 -13"><span class='ocrx_word' id='word_1_19' title='bbox 198 407 309 463; x_wconf 73' lang='grc' dir='ltr'><strong><em>εἶχον</em></strong></span> <span class='ocrx_word' id='word_1_20' title='bbox 329 407 382 451; x_wconf 76' lang='grc' dir='ltr'><strong><em>τὰ</em></strong></span> <span class='ocrx_word' id='word_1_21' title='bbox 403 412 487 451; x_wconf 81' lang='grc' dir='ltr'><strong>τῶν</strong></span> <span class='ocrx_word' id='word_1_22' title='bbox 511 407 723 463; x_wconf 79' lang='grc' dir='ltr'><strong><em>Ῥωμαίων</em></strong></span> <span class='ocrx_word' id='word_1_23' title='bbox 752 406 1058 464; x_wconf 74' lang='grc' dir='ltr'><strong><em>στρατείματα.</em></strong></span> <span class='ocrx_word' id='word_1_24' title='bbox 1128 408 1177 451; x_wconf 78' lang='grc' dir='ltr'><strong>οὗ</strong></span> <span class='ocrx_word' id='word_1_25' title='bbox 1203 409 1287 464; x_wconf 80' lang='grc' dir='ltr'><strong><em>μὴν</em></strong></span> <span class='ocrx_word' id='word_1_26' title='bbox 1311 410 1357 452; x_wconf 79' lang='grc' dir='ltr'><strong>δὲ</strong></span> <span class='ocrx_word' id='word_1_27' title='bbox 1385 411 1452 452; x_wconf 83' lang='grc' dir='ltr'><strong>καὶ</strong></span> <span class='ocrx_word' id='word_1_28' title='bbox 1476 415 1559 452; x_wconf 82' lang='grc' dir='ltr'><strong>τῶν</strong></span> <span class='ocrx_word' id='word_1_29' title='bbox 1585 414 1671 452; x_wconf 86' lang='grc' dir='ltr'><strong><em>λοι-</em></strong></span> 
     </span>
     <span class='ocr_line' id='line_1_4' title="bbox 198 473 1720 538; baseline -0.001 -18"><span class='ocrx_word' id='word_1_30' title='bbox 198 482 287 520; x_wconf 85' lang='grc' dir='ltr'><strong>πῶν</strong></span> <span class='ocrx_word' id='word_1_31' title='bbox 305 477 645 534; x_wconf 77' lang='grc' dir='ltr'><strong><em>ἀποπεφροντίκει</em></strong></span> <span class='ocrx_word' id='word_1_32' title='bbox 655 511 669 531; x_wconf 92' lang='grc'><strong><em>,</em></strong></span> <span class='ocrx_word' id='word_1_33' title='bbox 707 477 812 521; x_wconf 73' lang='grc' dir='ltr'><strong><em>ἀλλὰ</em></strong></span> <span class='ocrx_word' id='word_1_34' title='bbox 834 477 963 528; x_wconf 74' lang='grc' dir='ltr'><strong><em>πολῦς</em></strong></span> <span class='ocrx_word' id='word_1_35' title='bbox 983 473 1034 531; x_wconf 67' lang='grc' dir='ltr'><strong>’ἦν</strong></span> <span class='ocrx_word' id='word_1_36' title='bbox 1052 475 1173 520; x_wconf 64' lang='grc' dir='ltr'><strong><em>ἔνθεν</em></strong></span> <span class='ocrx_word' id='word_1_37' title='bbox 1193 479 1268 531; x_wconf 68' lang='grc' dir='ltr'><strong><em>μὲν</em></strong></span> <span class='ocrx_word' id='word_1_38' title='bbox 1297 479 1341 520; x_wconf 87' lang='grc' dir='ltr'><strong>ἐκ</strong></span> <span class='ocrx_word' id='word_1_39' title='bbox 1363 475 1586 532; x_wconf 76' lang='grc' dir='ltr'><em>θαλάσσης</em></span> <span class='ocrx_word' id='word_1_40' title='bbox 1605 483 1663 538; x_wconf 77' lang='grc' dir='ltr'><strong><em>τῷ</em></strong></span> <span class='ocrx_word' id='word_1_41' title='bbox 1689 483 1720 518; x_wconf 73' lang='grc' dir='ltr'>Β</span> 
     </span>
     <span class='ocr_line' id='line_1_5' title="bbox 199 546 1670 606; baseline 0.001 -18"><span class='ocrx_word' id='word_1_42' title='bbox 199 551 376 606; x_wconf 80' lang='grc' dir='ltr'><strong><em>ναυτικῷ</em></strong></span> <span class='ocrx_word' id='word_1_43' title='bbox 395 546 625 602; x_wconf 81' lang='grc' dir='ltr'><strong><em>χρώμενος,</em></strong></span> <span class='ocrx_word' id='word_1_44' title='bbox 665 549 820 590; x_wconf 77' lang='grc' dir='ltr'><strong><em>ἐκεῖθεν</em></strong></span> <span class='ocrx_word' id='word_1_45' title='bbox 839 547 884 589; x_wconf 75' lang='grc' dir='ltr'><strong>δὲ</strong></span> <span class='ocrx_word' id='word_1_46' title='bbox 904 546 1009 588; x_wconf 80' lang='grc' dir='ltr'><strong><em>κατὰ</em></strong></span> <span class='ocrx_word' id='word_1_47' title='bbox 1026 551 1102 602; x_wconf 82' lang='grc' dir='ltr'><strong><em>γῆν</em></strong></span> <span class='ocrx_word' id='word_1_48' title='bbox 1123 550 1374 602; x_wconf 81' lang='grc' dir='ltr'><strong><em>Τριβαλλοῖς</em></strong></span> <span class='ocrx_word' id='word_1_49' title='bbox 1393 564 1434 589; x_wconf 89' lang='grc' dir='ltr'><strong><em>τε</em></strong></span> <span class='ocrx_word' id='word_1_50' title='bbox 1455 549 1522 589; x_wconf 80' lang='grc' dir='ltr'><strong>καὶ</strong></span> <span class='ocrx_word' id='word_1_51' title='bbox 1537 547 1670 589; x_wconf 82' lang='grc' dir='ltr'><strong><em>Ἰλλυ-</em></strong></span> 
     </span>
    </p>

    <p class='ocr_par' dir='ltr' id='par_1_3' title="bbox 165 610 1810 946">
     <span class='ocr_line' id='line_1_6' title="bbox 165 610 1668 671; baseline 0.001 -14"><span class='ocrx_word' id='word_1_52' title='bbox 165 621 188 657; x_wconf 88' lang='grc'><strong>5</strong></span> <span class='ocrx_word' id='word_1_53' title='bbox 202 621 304 670; x_wconf 88' lang='grc' dir='ltr'><strong><em>ριοΐς</em></strong></span> <span class='ocrx_word' id='word_1_54' title='bbox 321 616 593 671; x_wconf 74' lang='grc' dir='ltr'><strong><em>προσεπέχων.</em></strong></span> <span class='ocrx_word' id='word_1_55' title='bbox 664 617 731 658; x_wconf 80' lang='grc' dir='ltr'><strong>καὶ</strong></span> <span class='ocrx_word' id='word_1_56' title='bbox 749 615 797 658; x_wconf 80' lang='grc' dir='ltr'><strong><em>τὸ</em></strong></span> <span class='ocrx_word' id='word_1_57' title='bbox 820 610 1124 669; x_wconf 72' lang='grc' dir='ltr'><strong><em>ναυτικὸν.ἦγεν</em></strong></span> <span class='ocrx_word' id='word_1_58' title='bbox 1139 614 1244 670; x_wconf 79' lang='grc' dir='ltr'><strong><em>ἀνὴρ</em></strong></span> <span class='ocrx_word' id='word_1_59' title='bbox 1265 622 1447 670; x_wconf 77' lang='grc' dir='ltr'><em>γενναῖος</em></span> <span class='ocrx_word' id='word_1_60' title='bbox 1470 614 1491 658; x_wconf 81' lang='grc' dir='ltr'><strong><em>ὅ</em></strong></span> <span class='ocrx_word' id='word_1_61' title='bbox 1513 620 1668 658; x_wconf 80' lang='grc' dir='ltr'><strong><em>Φιλαν-</em></strong></span> 
     </span>
     <span class='ocr_line' id='line_1_7' title="bbox 196 681 1671 740; baseline 0 -13"><span class='ocrx_word' id='word_1_62' title='bbox 196 682 444 739; x_wconf 78' lang='grc' dir='ltr'><strong><em>θρωπηνός,</em></strong></span> <span class='ocrx_word' id='word_1_63' title='bbox 482 682 817 740; x_wconf 86' lang='grc' dir='ltr'><strong><em>πρωτοστράτωρ</em></strong></span> <span class='ocrx_word' id='word_1_64' title='bbox 835 684 911 738; x_wconf 84' lang='grc' dir='ltr'><strong><em>μέν</em></strong></span> <span class='ocrx_word' id='word_1_65' title='bbox 929 685 972 734; x_wconf 90' lang='grc' dir='ltr'><strong>ἐξ</strong></span> <span class='ocrx_word' id='word_1_66' title='bbox 991 683 1132 737; x_wconf 80' lang='grc' dir='ltr'><strong><em>ἀξίας,</em></strong></span> <span class='ocrx_word' id='word_1_67' title='bbox 1167 688 1244 726; x_wconf 73' lang='grc' dir='ltr'><strong><em>τοῦ</em></strong></span> <span class='ocrx_word' id='word_1_68' title='bbox 1265 685 1310 726; x_wconf 80' lang='grc' dir='ltr'><strong><em>δέ</em></strong></span> <span class='ocrx_word' id='word_1_69' title='bbox 1327 681 1506 739; x_wconf 81' lang='grc' dir='ltr'><strong><em>μεγάλου</em></strong></span> <span class='ocrx_word' id='word_1_70' title='bbox 1524 685 1671 735; x_wconf 75' lang='grc' dir='ltr'><strong><em>ὄουκὸς</em></strong></span> 
     </span>
     <span class='ocr_line' id='line_1_8' title="bbox 196 751 1670 810; baseline 0.001 -15"><span class='ocrx_word' id='word_1_71' title='bbox 196 751 398 809; x_wconf 85' lang='grc' dir='ltr'><strong><em>Λάσκαρι</em></strong></span> <span class='ocrx_word' id='word_1_72' title='bbox 418 751 572 810; x_wconf 79' lang='grc' dir='ltr'><strong><em>ἐξώρου</em></strong></span> <span class='ocrx_word' id='word_1_73' title='bbox 589 752 708 803; x_wconf 71' lang='grc' dir='ltr'><strong><em>ὄντος</em></strong></span> <span class='ocrx_word' id='word_1_74' title='bbox 724 752 805 808; x_wconf 72' lang='grc' dir='ltr'><strong>ἤδη</strong></span> <span class='ocrx_word' id='word_1_75' title='bbox 825 755 891 794; x_wconf 75' lang='grc' dir='ltr'><strong>καὶ</strong></span> <span class='ocrx_word' id='word_1_76' title='bbox 906 752 967 808; x_wconf 88' lang='grc' dir='ltr'><strong>μὴ</strong></span> <span class='ocrx_word' id='word_1_77' title='bbox 979 753 1068 795; x_wconf 73' lang='lat' dir='ltr'><strong>o‘a&#39;ov</strong></span> <span class='ocrx_word' id='word_1_78' title='bbox 1086 769 1129 795; x_wconf 82' lang='grc' dir='ltr'><strong><em>τε</em></strong></span> <span class='ocrx_word' id='word_1_79' title='bbox 1146 753 1337 807; x_wconf 71' lang='grc' dir='ltr'><strong><em>πολέμοις</em></strong></span> <span class='ocrx_word' id='word_1_80' title='bbox 1357 753 1670 807; x_wconf 79' lang='grc' dir='ltr'><strong><em>ἐνασχολεΐσθαι</em></strong></span> 
     </span>
     <span class='ocr_line' id='line_1_9' title="bbox 197 820 1810 878; baseline 0.001 -15"><span class='ocrx_word' id='word_1_81' title='bbox 197 824 265 863; x_wconf 81' lang='grc' dir='ltr'><strong>καὶ</strong></span> <span class='ocrx_word' id='word_1_82' title='bbox 295 821 447 877; x_wconf 81' lang='grc' dir='ltr'><strong><em>μάχαις</em></strong></span> <span class='ocrx_word' id='word_1_83' title='bbox 474 823 522 866; x_wconf 83' lang='grc' dir='ltr'><strong><em>τὸ</em></strong></span> <span class='ocrx_word' id='word_1_84' title='bbox 552 826 679 878; x_wconf 76' lang='grc' dir='ltr'><strong><em>γῆρας</em></strong></span> <span class='ocrx_word' id='word_1_85' title='bbox 712 821 866 876; x_wconf 76' lang='grc' dir='ltr'><strong><em>ἀνέχων</em></strong></span> <span class='ocrx_word' id='word_1_86' title='bbox 893 823 961 864; x_wconf 80' lang='grc' dir='ltr'><strong>καὶ</strong></span> <span class='ocrx_word' id='word_1_87' title='bbox 993 821 1068 877; x_wconf 86' lang='grc' dir='ltr'><strong>τὴν</strong></span> <span class='ocrx_word' id='word_1_88' title='bbox 1090 821 1242 864; x_wconf 75' lang='grc' dir='ltr'><strong><em>ἐκείνου</em></strong></span> <span class='ocrx_word' id='word_1_89' title='bbox 1262 820 1377 871; x_wconf 80' lang='grc' dir='ltr'><em>τάξιν</em></span> <span class='ocrx_word' id='word_1_90' title='bbox 1401 821 1664 876; x_wconf 81' lang='grc' dir='ltr'><em>ἀναπληρῶν.</em></span> <span class='ocrx_word' id='word_1_91' title='bbox 1688 834 1718 868; x_wconf 89' lang='grc' dir='ltr'>Ρ</span> <span class='ocrx_word' id='word_1_92' title='bbox 1740 834 1810 869; x_wconf 80' lang='lat'><strong>209</strong></span> 
     </span>
     <span class='ocr_line' id='line_1_10' title="bbox 197 889 1670 946; baseline 0 -14"><span class='ocrx_word' id='word_1_93' title='bbox 197 893 263 932; x_wconf 79' lang='grc' dir='ltr'><strong>καὶ</strong></span> <span class='ocrx_word' id='word_1_94' title='bbox 291 889 312 934; x_wconf 83' lang='grc' dir='ltr'>ὅ</span> <span class='ocrx_word' id='word_1_95' title='bbox 345 892 420 944; x_wconf 78' lang='grc' dir='ltr'><strong><em>μὲν</em></strong></span> <span class='ocrx_word' id='word_1_96' title='bbox 454 891 813 946; x_wconf 76' lang='grc' dir='ltr'><strong><em>Φιλανθρωπηνός</em></strong></span> <span class='ocrx_word' id='word_1_97' title='bbox 837 889 1054 946; x_wconf 67' lang='grc' dir='ltr'><strong><em>ἐπεφέρετο</em></strong></span> <span class='ocrx_word' id='word_1_98' title='bbox 1086 890 1338 946; x_wconf 51' lang='grc' dir='ltr'><strong><em>τᾶιπρωτεῖα</em></strong></span> <span class='ocrx_word' id='word_1_99' title='bbox 1356 891 1423 932; x_wconf 75' lang='grc' dir='ltr'><strong>καὶ</strong></span> <span class='ocrx_word' id='word_1_100' title='bbox 1447 897 1533 940; x_wconf 84' lang='grc' dir='ltr'><strong><em>τοῖς</em></strong></span> <span class='ocrx_word' id='word_1_101' title='bbox 1560 889 1670 941; x_wconf 84' lang='grc' dir='ltr'><strong><em>ὅλοις</em></strong></span> 
     </span>
    </p>

    <p class='ocr_par' dir='ltr' id='par_1_4' title="bbox 145 957 1671 1292">
     <span class='ocr_line' id='line_1_11' title="bbox 145 957 1671 1017; baseline 0.001 -17"><span class='ocrx_word' id='word_1_102' title='bbox 145 968 188 1001; x_wconf 88' lang='grc'><strong>10</strong></span> <span class='ocrx_word' id='word_1_103' title='bbox 202 958 431 1012; x_wconf 88' lang='grc' dir='ltr'><strong><em>ἐπεστάτει,</em></strong></span> <span class='ocrx_word' id='word_1_104' title='bbox 470 960 508 1002; x_wconf 77' lang='grc' dir='ltr'><strong>οἱ</strong></span> <span class='ocrx_word' id='word_1_105' title='bbox 529 959 572 1002; x_wconf 80' lang='grc' dir='ltr'><strong>δ’</strong></span> <span class='ocrx_word' id='word_1_106' title='bbox 592 957 671 1001; x_wconf 72' lang='grc' dir='ltr'><strong><em>ὕπ’</em></strong></span> <span class='ocrx_word' id='word_1_107' title='bbox 701 960 838 1017; x_wconf 82' lang='grc' dir='ltr'><strong><em>ἐκείνῳ</em></strong></span> <span class='ocrx_word' id='word_1_108' title='bbox 865 960 1015 1001; x_wconf 79' lang='grc' dir='ltr'><strong><em>πολλοί</em></strong></span> <span class='ocrx_word' id='word_1_109' title='bbox 1040 975 1083 1000; x_wconf 85' lang='grc' dir='ltr'><strong><em>τε</em></strong></span> <span class='ocrx_word' id='word_1_110' title='bbox 1102 957 1215 1008; x_wconf 66' lang='grc' dir='ltr'><strong><em>ὄντες</em></strong></span> <span class='ocrx_word' id='word_1_111' title='bbox 1232 960 1300 1000; x_wconf 83' lang='grc' dir='ltr'><strong>καὶ</strong></span> <span class='ocrx_word' id='word_1_112' title='bbox 1320 959 1502 1014; x_wconf 82' lang='grc' dir='ltr'><strong><em>με’γιστοι</em></strong></span> <span class='ocrx_word' id='word_1_113' title='bbox 1523 961 1577 1008; x_wconf 79' lang='grc' dir='ltr'><strong>εἷς</strong></span> <span class='ocrx_word' id='word_1_114' title='bbox 1597 963 1671 1002; x_wconf 88' lang='grc' dir='ltr'><strong>λο-</strong></span> 
     </span>
     <span class='ocr_line' id='line_1_12' title="bbox 191 1024 1666 1084; baseline 0.001 -14"><span class='ocrx_word' id='word_1_115' title='bbox 191 1028 347 1084; x_wconf 70' lang='grc' dir='ltr'><strong><em>χαγοὺς</em></strong></span> <span class='ocrx_word' id='word_1_116' title='bbox 374 1029 439 1070; x_wconf 76' lang='grc' dir='ltr'><strong>καὶ</strong></span> <span class='ocrx_word' id='word_1_117' title='bbox 470 1025 766 1083; x_wconf 80' lang='grc' dir='ltr'><strong><em>ταγματάρχας</em></strong></span> <span class='ocrx_word' id='word_1_118' title='bbox 791 1029 858 1070; x_wconf 82' lang='grc' dir='ltr'><strong>καὶ</strong></span> <span class='ocrx_word' id='word_1_119' title='bbox 886 1025 1071 1083; x_wconf 83' lang='grc' dir='ltr'><strong><em>κόμητας</em></strong></span> <span class='ocrx_word' id='word_1_120' title='bbox 1094 1028 1161 1070; x_wconf 81' lang='grc' dir='ltr'><strong>καὶ</strong></span> <span class='ocrx_word' id='word_1_121' title='bbox 1180 1024 1414 1083; x_wconf 81' lang='grc' dir='ltr'><strong><em>ναυάρχους</em></strong></span> <span class='ocrx_word' id='word_1_122' title='bbox 1434 1025 1666 1072; x_wconf 86' lang='grc' dir='ltr'><strong><em>ἐτάττοντο.</em></strong></span> 
     </span>
     <span class='ocr_line' id='line_1_13' title="bbox 195 1093 1669 1153; baseline -0.001 -14"><span class='ocrx_word' id='word_1_123' title='bbox 195 1095 217 1139; x_wconf 81' lang='grc' dir='ltr'>ὁ</span> <span class='ocrx_word' id='word_1_124' title='bbox 237 1096 315 1153; x_wconf 77' lang='grc' dir='ltr'><strong>γὰρ</strong></span> <span class='ocrx_word' id='word_1_125' title='bbox 336 1095 484 1146; x_wconf 84' lang='grc' dir='ltr'><strong><em>στόλος</em></strong></span> <span class='ocrx_word' id='word_1_126' title='bbox 502 1097 632 1147; x_wconf 85' lang='grc' dir='ltr'><strong><em>πολύς</em></strong></span> <span class='ocrx_word' id='word_1_127' title='bbox 651 1099 718 1138; x_wconf 80' lang='grc' dir='ltr'><strong>καὶ</strong></span> <span class='ocrx_word' id='word_1_128' title='bbox 736 1100 907 1147; x_wconf 82' lang='grc' dir='ltr'><strong><em>πολλαῖς</em></strong></span> <span class='ocrx_word' id='word_1_129' title='bbox 928 1097 1072 1139; x_wconf 82' lang='grc' dir='ltr'><strong><em>ναυσὶν</em></strong></span> <span class='ocrx_word' id='word_1_130' title='bbox 1089 1093 1329 1152; x_wconf 81' lang='grc' dir='ltr'><strong><em>ἐξηρτύετο,</em></strong></span> <span class='ocrx_word' id='word_1_131' title='bbox 1367 1096 1443 1146; x_wconf 79' lang='grc' dir='ltr'><strong><em>τὰς</em></strong></span> <span class='ocrx_word' id='word_1_132' title='bbox 1463 1096 1604 1150; x_wconf 87' lang='grc' dir='ltr'><strong><em>με’ντοι</em></strong></span> <span class='ocrx_word' id='word_1_133' title='bbox 1626 1114 1669 1152; x_wconf 76' lang='grc' dir='ltr'><strong>γε</strong></span> 
     </span>
     <span class='ocr_line' id='line_1_14' title="bbox 192 1163 1669 1222; baseline -0.001 -14"><span class='ocrx_word' id='word_1_134' title='bbox 192 1170 296 1214; x_wconf 82' lang='grc' dir='ltr'><strong><em>ναῦς</em></strong></span> <span class='ocrx_word' id='word_1_135' title='bbox 324 1165 471 1222; x_wconf 76' lang='grc' dir='ltr'><strong><em>ἄνδρες</em></strong></span> <span class='ocrx_word' id='word_1_136' title='bbox 498 1163 702 1221; x_wconf 73' lang='grc' dir='ltr'><strong>ἐπλήρουν</strong></span> <span class='ocrx_word' id='word_1_137' title='bbox 733 1166 932 1218; x_wconf 77' lang='grc' dir='ltr'><strong><em>νεανικοί,</em></strong></span> <span class='ocrx_word' id='word_1_138' title='bbox 979 1165 1056 1214; x_wconf 79' lang='grc' dir='ltr'><strong><em>τὰς</em></strong></span> <span class='ocrx_word' id='word_1_139' title='bbox 1084 1163 1217 1218; x_wconf 81' lang='grc' dir='ltr'><strong><em>ὅρμάς</em></strong></span> <span class='ocrx_word' id='word_1_140' title='bbox 1239 1167 1306 1207; x_wconf 79' lang='grc' dir='ltr'><strong>καὶ</strong></span> <span class='ocrx_word' id='word_1_141' title='bbox 1334 1165 1409 1215; x_wconf 85' lang='grc' dir='ltr'><strong><em>τὰς</em></strong></span> <span class='ocrx_word' id='word_1_142' title='bbox 1429 1167 1669 1219; x_wconf 72' lang='grc' dir='ltr'><strong><em>προθυμίας</em></strong></span> 
     </span>
     <span class='ocr_line' id='line_1_15' title="bbox 193 1231 1671 1292; baseline 0 -16"><span class='ocrx_word' id='word_1_143' title='bbox 193 1235 460 1291; x_wconf 74' lang='grc' dir='ltr'><strong><em>λαφυκτικοῖ,</em></strong></span> <span class='ocrx_word' id='word_1_144' title='bbox 511 1234 551 1277; x_wconf 78' lang='grc' dir='ltr'><strong>οἱ</strong></span> <span class='ocrx_word' id='word_1_145' title='bbox 582 1234 661 1277; x_wconf 76' lang='grc' dir='ltr'><strong><em>ἀνὰ</em></strong></span> <span class='ocrx_word' id='word_1_146' title='bbox 687 1234 761 1290; x_wconf 74' lang='grc' dir='ltr'><strong>τὴν</strong></span> <span class='ocrx_word' id='word_1_147' title='bbox 794 1231 913 1277; x_wconf 84' lang='grc' dir='ltr'><strong><em>πόλιν</em></strong></span> <span class='ocrx_word' id='word_1_148' title='bbox 939 1237 982 1277; x_wconf 93' lang='grc' dir='ltr'><em>Γ</em></span> <span class='ocrx_word' id='word_1_149' title='bbox 978 1237 1179 1288; x_wconf 85' lang='grc' dir='ltr'><strong><em>ασμοῦλοι</em></strong></span> <span class='ocrx_word' id='word_1_150' title='bbox 1212 1232 1311 1292; x_wconf 74' lang='grc' dir='ltr'><strong>(οὓς</strong></span> <span class='ocrx_word' id='word_1_151' title='bbox 1341 1233 1391 1275; x_wconf 74' lang='grc' dir='ltr'><strong><em>ἂν</em></strong></span> <span class='ocrx_word' id='word_1_152' title='bbox 1424 1232 1446 1276; x_wconf 79' lang='grc' dir='ltr'><strong><em>ὃ</em></strong></span> <span class='ocrx_word' id='word_1_153' title='bbox 1471 1232 1671 1288; x_wconf 75' lang='grc' dir='ltr'><strong><em>Ῥωμαῖος</em></strong></span> 
     </span>
    </p>

    <p class='ocr_par' dir='ltr' id='par_1_5' title="bbox 139 1301 1716 1636">
     <span class='ocr_line' id='line_1_16' title="bbox 139 1301 1716 1359; baseline 0.001 -15"><span class='ocrx_word' id='word_1_154' title='bbox 139 1309 181 1344; x_wconf 90' lang='grc'><strong>15</strong></span> <span class='ocrx_word' id='word_1_155' title='bbox 196 1305 359 1359; x_wconf 73' lang='grc' dir='ltr'><strong><em>διγενεΐς</em></strong></span> <span class='ocrx_word' id='word_1_156' title='bbox 388 1301 510 1359; x_wconf 76' lang='grc' dir='ltr'><strong><em>εἴποι)</em></strong></span> <span class='ocrx_word' id='word_1_157' title='bbox 543 1304 586 1345; x_wconf 87' lang='grc' dir='ltr'><strong>ἐκ</strong></span> <span class='ocrx_word' id='word_1_158' title='bbox 610 1301 821 1357; x_wconf 73' lang='grc' dir='ltr'><strong><em>Ῥωμαίων</em></strong></span> <span class='ocrx_word' id='word_1_159' title='bbox 850 1307 1055 1358; x_wconf 80' lang='grc' dir='ltr'><strong><em>γυναικῶν</em></strong></span> <span class='ocrx_word' id='word_1_160' title='bbox 1082 1303 1344 1358; x_wconf 70' lang='grc' dir='ltr'><strong><em>γεννηθέντες</em></strong></span> <span class='ocrx_word' id='word_1_161' title='bbox 1372 1309 1458 1352; x_wconf 79' lang='grc' dir='ltr'><strong><em>τοῖς</em></strong></span> <span class='ocrx_word' id='word_1_162' title='bbox 1476 1302 1662 1355; x_wconf 83' lang='grc' dir='ltr'><strong><em>Ἰταλοῖς,</em></strong></span> <span class='ocrx_word' id='word_1_163' title='bbox 1687 1319 1716 1352; x_wconf 89' lang='lat' dir='ltr'>B</span> 
     </span>
     <span class='ocr_line' id='line_1_17' title="bbox 192 1368 1666 1427; baseline -0.001 -13"><span class='ocrx_word' id='word_1_164' title='bbox 192 1371 310 1415; x_wconf 74' lang='grc' dir='ltr'><strong><em>ἄλλοι</em></strong></span> <span class='ocrx_word' id='word_1_165' title='bbox 343 1389 386 1414; x_wconf 90' lang='grc' dir='ltr'><strong><em>τε</em></strong></span> <span class='ocrx_word' id='word_1_166' title='bbox 417 1375 598 1414; x_wconf 82' lang='grc' dir='ltr'><strong><em>πλεῖστοι</em></strong></span> <span class='ocrx_word' id='word_1_167' title='bbox 628 1373 671 1413; x_wconf 84' lang='grc' dir='ltr'><strong>ἐκ</strong></span> <span class='ocrx_word' id='word_1_168' title='bbox 700 1377 784 1414; x_wconf 83' lang='grc' dir='ltr'><strong>τῶν</strong></span> <span class='ocrx_word' id='word_1_169' title='bbox 810 1369 1054 1423; x_wconf 83' lang='grc' dir='ltr'><strong><em>Λακώνων,</em></strong></span> <span class='ocrx_word' id='word_1_170' title='bbox 1091 1370 1163 1421; x_wconf 78' lang='grc' dir='ltr'><strong>οὓς</strong></span> <span class='ocrx_word' id='word_1_171' title='bbox 1185 1373 1252 1413; x_wconf 82' lang='grc' dir='ltr'><strong>καὶ</strong></span> <span class='ocrx_word' id='word_1_172' title='bbox 1286 1368 1509 1422; x_wconf 82' lang='grc' dir='ltr'><strong><em>Τζάκωνας</em></strong></span> <span class='ocrx_word' id='word_1_173' title='bbox 1529 1388 1666 1427; x_wconf 89' lang='grc' dir='ltr'><strong><em>παρα-</em></strong></span> 
     </span>
     <span class='ocr_line' id='line_1_18' title="bbox 191 1439 1665 1497; baseline -0.001 -14"><span class='ocrx_word' id='word_1_174' title='bbox 191 1442 436 1497; x_wconf 70' lang='grc' dir='ltr'><strong><em>φθείροντες</em></strong></span> <span class='ocrx_word' id='word_1_175' title='bbox 457 1440 618 1496; x_wconf 66' lang='grc' dir='ltr'><strong><em>ἔλεγον,</em></strong></span> <span class='ocrx_word' id='word_1_176' title='bbox 656 1439 729 1490; x_wconf 80' lang='grc' dir='ltr'><strong>οὓς</strong></span> <span class='ocrx_word' id='word_1_177' title='bbox 760 1439 804 1482; x_wconf 62' lang='grc' dir='ltr'><strong>ἐκ</strong></span> <span class='ocrx_word' id='word_1_178' title='bbox 832 1457 876 1482; x_wconf 85' lang='grc' dir='ltr'><strong><em>τε</em></strong></span> <span class='ocrx_word' id='word_1_179' title='bbox 904 1440 1079 1496; x_wconf 74' lang='grc' dir='ltr'><strong><em>Μορέου</em></strong></span> <span class='ocrx_word' id='word_1_180' title='bbox 1107 1441 1175 1481; x_wconf 79' lang='grc' dir='ltr'><strong>καὶ</strong></span> <span class='ocrx_word' id='word_1_181' title='bbox 1206 1443 1288 1482; x_wconf 86' lang='grc' dir='ltr'><strong>τῶν</strong></span> <span class='ocrx_word' id='word_1_182' title='bbox 1317 1441 1495 1481; x_wconf 79' lang='grc' dir='ltr'><strong><em>δυσικῶν</em></strong></span> <span class='ocrx_word' id='word_1_183' title='bbox 1512 1444 1665 1495; x_wconf 78' lang='grc' dir='ltr'><strong><em>μερῶν,</em></strong></span> 
     </span>
     <span class='ocr_line' id='line_1_19' title="bbox 192 1506 1668 1563; baseline -0.001 -12"><span class='ocrx_word' id='word_1_184' title='bbox 192 1508 280 1563; x_wconf 76' lang='grc' dir='ltr'><strong>ἅμα</strong></span> <span class='ocrx_word' id='word_1_185' title='bbox 300 1509 376 1563; x_wconf 72' lang='grc' dir='ltr'><strong><em>μὲν</em></strong></span> <span class='ocrx_word' id='word_1_186' title='bbox 396 1509 574 1559; x_wconf 75' lang='grc' dir='ltr'><strong><em>πολλοὺς</em></strong></span> <span class='ocrx_word' id='word_1_187' title='bbox 595 1507 682 1562; x_wconf 78' lang='grc' dir='ltr'><strong>ἅμα</strong></span> <span class='ocrx_word' id='word_1_188' title='bbox 705 1509 750 1551; x_wconf 80' lang='grc' dir='ltr'><strong><em>δέ</em></strong></span> <span class='ocrx_word' id='word_1_189' title='bbox 779 1510 845 1550; x_wconf 74' lang='grc' dir='ltr'><strong>καὶ</strong></span> <span class='ocrx_word' id='word_1_190' title='bbox 878 1511 1105 1563; x_wconf 70' lang='grc' dir='ltr'><strong><em>μαχίμους,</em></strong></span> <span class='ocrx_word' id='word_1_191' title='bbox 1143 1506 1231 1561; x_wconf 78' lang='grc' dir='ltr'><strong>ἅμα</strong></span> <span class='ocrx_word' id='word_1_192' title='bbox 1249 1509 1406 1562; x_wconf 79' lang='grc' dir='ltr'><strong><em>γυναιξὶ</em></strong></span> <span class='ocrx_word' id='word_1_193' title='bbox 1425 1509 1491 1550; x_wconf 80' lang='grc' dir='ltr'><strong>καὶ</strong></span> <span class='ocrx_word' id='word_1_194' title='bbox 1513 1508 1668 1559; x_wconf 69' lang='grc' dir='ltr'><strong><em>τέκνοις</em></strong></span> 
     </span>
     <span class='ocr_line' id='line_1_20' title="bbox 193 1569 1666 1636; baseline -0.001 -16"><span class='ocrx_word' id='word_1_195' title='bbox 193 1580 249 1627; x_wconf 78' lang='grc' dir='ltr'><strong>εἷς</strong></span> <span class='ocrx_word' id='word_1_196' title='bbox 269 1575 707 1621; x_wconf 82' lang='grc' dir='ltr'><strong><em>Κωνσταντινούπολιν</em></strong></span> <span class='ocrx_word' id='word_1_197' title='bbox 725 1575 940 1636; x_wconf 74' lang='grc' dir='ltr'><strong><em>μετῴκιζεν</em></strong></span> <span class='ocrx_word' id='word_1_198' title='bbox 958 1575 979 1620; x_wconf 85' lang='grc' dir='ltr'><strong><em>ὁ</em></strong></span> <span class='ocrx_word' id='word_1_199' title='bbox 1003 1581 1179 1633; x_wconf 86' lang='grc' dir='ltr'><strong><em>κρατῶν.</em></strong></span> <span class='ocrx_word' id='word_1_200' title='bbox 1241 1569 1347 1631; x_wconf 76' lang='grc' dir='ltr'><strong><em>ἦσαν</em></strong></span> <span class='ocrx_word' id='word_1_201' title='bbox 1366 1576 1411 1618; x_wconf 74' lang='grc' dir='ltr'><strong>δ’</strong></span> <span class='ocrx_word' id='word_1_202' title='bbox 1435 1576 1576 1627; x_wconf 64' lang='grc' dir='ltr'><strong><em>αὐτοῖς</em></strong></span> <span class='ocrx_word' id='word_1_203' title='bbox 1597 1580 1666 1620; x_wconf 81' lang='grc' dir='ltr'><strong>καὶ</strong></span> 
     </span>
    </p>

    <p class='ocr_par' dir='ltr' id='par_1_6' title="bbox 136 1643 1719 1841">
     <span class='ocr_line' id='line_1_21' title="bbox 136 1643 1666 1702; baseline 0 -14"><span class='ocrx_word' id='word_1_204' title='bbox 136 1649 248 1697; x_wconf 81' lang='grc' dir='ltr'><strong><em>2οεῗς</em></strong></span> <span class='ocrx_word' id='word_1_205' title='bbox 266 1645 481 1702; x_wconf 75' lang='grc' dir='ltr'><strong><em>ὑπηρετῶν</em></strong></span> <span class='ocrx_word' id='word_1_206' title='bbox 510 1644 626 1697; x_wconf 85' lang='grc' dir='ltr'><strong><em>τάξιν</em></strong></span> <span class='ocrx_word' id='word_1_207' title='bbox 652 1647 693 1688; x_wconf 81' lang='grc' dir='ltr'><strong>οἳ</strong></span> <span class='ocrx_word' id='word_1_208' title='bbox 722 1643 986 1700; x_wconf 71' lang='grc' dir='ltr'><strong><em>πανταχόθεν</em></strong></span> <span class='ocrx_word' id='word_1_209' title='bbox 1017 1649 1315 1701; x_wconf 83' lang='grc' dir='ltr'><strong><em>προσελῶντες,</em></strong></span> <span class='ocrx_word' id='word_1_210' title='bbox 1354 1643 1410 1694; x_wconf 82' lang='grc' dir='ltr'><strong>ὦς</strong></span> <span class='ocrx_word' id='word_1_211' title='bbox 1428 1645 1540 1695; x_wconf 75' lang='grc' dir='ltr'><strong><em>εἴτις</em></strong></span> <span class='ocrx_word' id='word_1_212' title='bbox 1561 1646 1666 1688; x_wconf 71' lang='grc' dir='ltr'><strong><em>εἴποι</em></strong></span> 
     </span>
     <span class='ocr_line' id='line_1_22' title="bbox 191 1705 1719 1771; baseline -0.001 -12"><span class='ocrx_word' id='word_1_213' title='bbox 191 1720 302 1771; x_wconf 84' lang='grc' dir='ltr'><strong><em>νηῶν</em></strong></span> <span class='ocrx_word' id='word_1_214' title='bbox 323 1716 378 1765; x_wconf 78' lang='grc' dir='ltr'><strong>εἷς</strong></span> <span class='ocrx_word' id='word_1_215' title='bbox 398 1715 445 1758; x_wconf 86' lang='grc' dir='ltr'><strong><em>τὸ</em></strong></span> <span class='ocrx_word' id='word_1_216' title='bbox 467 1713 652 1771; x_wconf 78' lang='grc' dir='ltr'><strong><em>πρόσθεν</em></strong></span> <span class='ocrx_word' id='word_1_217' title='bbox 672 1712 837 1767; x_wconf 80' lang='grc' dir='ltr'><strong><em>ἐλάται,</em></strong></span> <span class='ocrx_word' id='word_1_218' title='bbox 869 1714 943 1765; x_wconf 79' lang='grc' dir='ltr'><strong>οὓς</strong></span> <span class='ocrx_word' id='word_1_219' title='bbox 967 1705 1179 1769; x_wconf 70' lang='grc' dir='ltr'><strong><em>πανταχοῧ</em></strong></span> <span class='ocrx_word' id='word_1_220' title='bbox 1208 1718 1291 1757; x_wconf 87' lang='grc' dir='ltr'><strong>τῶν</strong></span> <span class='ocrx_word' id='word_1_221' title='bbox 1323 1713 1422 1756; x_wconf 74' lang='grc' dir='ltr'><strong><em>κατ’</em></strong></span> <span class='ocrx_word' id='word_1_222' title='bbox 1453 1714 1663 1770; x_wconf 73' lang='grc' dir='ltr'><strong><em>αἷγιαλοῦς</em></strong></span> <span class='ocrx_word' id='word_1_223' title='bbox 1687 1727 1719 1762; x_wconf 85' lang='lat' dir='ltr'><strong>c</strong></span> 
     </span>
     <span class='ocr_line' id='line_1_23' title="bbox 187 1779 1664 1841; baseline -0.001 -13"><span class='ocrx_word' id='word_1_224' title='bbox 187 1789 336 1841; x_wconf 86' lang='grc' dir='ltr'><strong><em>χωρῶν</em></strong></span> <span class='ocrx_word' id='word_1_225' title='bbox 352 1781 504 1834; x_wconf 76' lang='grc' dir='ltr'><strong><em>καλούς</em></strong></span> <span class='ocrx_word' id='word_1_226' title='bbox 524 1801 566 1827; x_wconf 86' lang='grc' dir='ltr'><strong><em>τε.</em></strong></span> <span class='ocrx_word' id='word_1_227' title='bbox 595 1785 663 1827; x_wconf 87' lang='grc' dir='ltr'><strong>καὶ</strong></span> <span class='ocrx_word' id='word_1_228' title='bbox 693 1784 910 1835; x_wconf 75' lang='grc' dir='ltr'><strong><em>πλείστους</em></strong></span> <span class='ocrx_word' id='word_1_229' title='bbox 941 1783 1138 1836; x_wconf 77' lang='grc' dir='ltr'><strong><em>ἀπέταξεν</em></strong></span> <span class='ocrx_word' id='word_1_230' title='bbox 1168 1780 1194 1826; x_wconf 80' lang='grc' dir='ltr'><em>ὃ</em></span> <span class='ocrx_word' id='word_1_231' title='bbox 1210 1787 1397 1841; x_wconf 85' lang='grc' dir='ltr'><strong><em>κρατῶν·</em></strong></span> <span class='ocrx_word' id='word_1_232' title='bbox 1434 1782 1483 1826; x_wconf 80' lang='grc' dir='ltr'><strong>οὗ</strong></span> <span class='ocrx_word' id='word_1_233' title='bbox 1506 1783 1586 1841; x_wconf 76' lang='grc' dir='ltr'><strong>γὰρ</strong></span> <span class='ocrx_word' id='word_1_234' title='bbox 1611 1779 1664 1840; x_wconf 74' lang='grc' dir='ltr'><strong><em>ἦν</em></strong></span> 
     </span>
    </p>
   </div>
   <div class='ocr_carea' id='block_1_3' title="bbox 167 1904 1666 2923">
    <p class='ocr_par' dir='ltr' id='par_1_7' title="bbox 167 1904 1666 2923">
     <span class='ocr_line' id='line_1_24' title="bbox 190 1904 1664 1954; baseline 0.001 -15"><span class='ocrx_word' id='word_1_235' title='bbox 190 1904 397 1948; x_wconf 88' lang='lat' dir='ltr'><strong>constituta,</strong></span> <span class='ocrx_word' id='word_1_236' title='bbox 421 1907 460 1940; x_wconf 86' lang='lat' dir='ltr'><strong>et</strong></span> <span class='ocrx_word' id='word_1_237' title='bbox 480 1904 576 1951; x_wconf 88' lang='lat' dir='ltr'><strong>quies</strong></span> <span class='ocrx_word' id='word_1_238' title='bbox 600 1905 645 1940; x_wconf 91' lang='lat' dir='ltr'><strong>ab</strong></span> <span class='ocrx_word' id='word_1_239' title='bbox 668 1904 735 1940; x_wconf 87' lang='lat' dir='ltr'><strong>hac</strong></span> <span class='ocrx_word' id='word_1_240' title='bbox 756 1906 891 1952; x_wconf 88' lang='lat' dir='ltr'><strong>quidem</strong></span> <span class='ocrx_word' id='word_1_241' title='bbox 912 1909 1014 1953; x_wconf 87' lang='lat' dir='ltr'><strong>parte</strong></span> <span class='ocrx_word' id='word_1_242' title='bbox 1035 1907 1270 1954; x_wconf 67' lang='lat' dir='ltr'>securitasque</span> <span class='ocrx_word' id='word_1_243' title='bbox 1291 1919 1358 1942; x_wconf 90' lang='lat' dir='ltr'><strong>non</strong></span> <span class='ocrx_word' id='word_1_244' title='bbox 1380 1905 1506 1951; x_wconf 82' lang='lat' dir='ltr'><strong>exigua</strong></span> <span class='ocrx_word' id='word_1_245' title='bbox 1527 1905 1664 1941; x_wconf 79' lang='lat' dir='ltr'><strong>firmata</strong></span> 
     </span>
     <span class='ocr_line' id='line_1_25' title="bbox 188 1951 1666 2000; baseline 0 -14"><span class='ocrx_word' id='word_1_246' title='bbox 188 1952 351 1986; x_wconf 87' lang='lat' dir='ltr'><strong>Romanis</strong></span> <span class='ocrx_word' id='word_1_247' title='bbox 385 1956 439 1986; x_wconf 80' lang='lat' dir='ltr'><strong>est</strong></span> <span class='ocrx_word' id='word_1_248' title='bbox 472 1951 691 1989; x_wconf 81' lang='lat' dir='ltr'>exercitibus,</span> <span class='ocrx_word' id='word_1_249' title='bbox 737 1953 800 1987; x_wconf 84' lang='lat' dir='ltr'><strong>sed</strong></span> <span class='ocrx_word' id='word_1_250' title='bbox 830 1965 895 1988; x_wconf 85' lang='lat' dir='ltr'><strong>nec</strong></span> <span class='ocrx_word' id='word_1_251' title='bbox 924 1954 1057 2000; x_wconf 84' lang='lat' dir='ltr'><strong>reliqua</strong></span> <span class='ocrx_word' id='word_1_252' title='bbox 1090 1966 1212 1989; x_wconf 87' lang='lat' dir='ltr'><strong>curare</strong></span> <span class='ocrx_word' id='word_1_253' title='bbox 1245 1954 1434 2000; x_wconf 86' lang='lat' dir='ltr'><strong>imperator</strong></span> <span class='ocrx_word' id='word_1_254' title='bbox 1456 1952 1666 1997; x_wconf 76' lang='lat' dir='ltr'><strong>negligebat,</strong></span> 
     </span>
     <span class='ocr_line' id='line_1_26' title="bbox 189 1997 1664 2045; baseline 0 -13"><span class='ocrx_word' id='word_1_255' title='bbox 189 1997 268 2032; x_wconf 84' lang='lat' dir='ltr'><strong>hinc</strong></span> <span class='ocrx_word' id='word_1_256' title='bbox 290 1997 427 2044; x_wconf 88' lang='lat' dir='ltr'><strong>quidem</strong></span> <span class='ocrx_word' id='word_1_257' title='bbox 450 1998 486 2032; x_wconf 88' lang='lat' dir='ltr'><strong>in</strong></span> <span class='ocrx_word' id='word_1_258' title='bbox 511 1998 593 2032; x_wconf 84' lang='lat' dir='ltr'><strong>mari</strong></span> <span class='ocrx_word' id='word_1_259' title='bbox 616 2003 755 2033; x_wconf 91' lang='lat' dir='ltr'><strong>strenue</strong></span> <span class='ocrx_word' id='word_1_260' title='bbox 779 1999 889 2034; x_wconf 86' lang='lat' dir='ltr'><strong>classe</strong></span> <span class='ocrx_word' id='word_1_261' title='bbox 910 2011 981 2034; x_wconf 88' lang='lat' dir='ltr'><strong>rem</strong></span> <span class='ocrx_word' id='word_1_262' title='bbox 1013 2012 1156 2045; x_wconf 87' lang='lat' dir='ltr'><strong>gerens,</strong></span> <span class='ocrx_word' id='word_1_263' title='bbox 1189 2000 1269 2035; x_wconf 86' lang='lat' dir='ltr'><strong>inde</strong></span> <span class='ocrx_word' id='word_1_264' title='bbox 1300 2001 1336 2033; x_wconf 90' lang='lat' dir='ltr'><strong>in</strong></span> <span class='ocrx_word' id='word_1_265' title='bbox 1366 1998 1561 2033; x_wconf 85' lang='lat' dir='ltr'><strong>continente</strong></span> <span class='ocrx_word' id='word_1_266' title='bbox 1594 2010 1664 2033; x_wconf 88' lang='lat' dir='ltr'><strong>non</strong></span> 
     </span>
     <span class='ocr_line' id='line_1_27' title="bbox 189 2043 1663 2093; baseline 0.001 -16"><span class='ocrx_word' id='word_1_267' title='bbox 189 2043 326 2088; x_wconf 86' lang='lat' dir='ltr'><strong>segnius</strong></span> <span class='ocrx_word' id='word_1_268' title='bbox 349 2043 571 2079; x_wconf 76' lang='lat' dir='ltr'><strong>terrestribus</strong></span> <span class='ocrx_word' id='word_1_269' title='bbox 595 2044 700 2090; x_wconf 90' lang='lat' dir='ltr'><strong>copiis</strong></span> <span class='ocrx_word' id='word_1_270' title='bbox 722 2044 898 2080; x_wconf 87' lang='lat' dir='ltr'><strong>Triballos</strong></span> <span class='ocrx_word' id='word_1_271' title='bbox 920 2046 1124 2093; x_wconf 85' lang='lat' dir='ltr'><strong>Illyriosque</strong></span> <span class='ocrx_word' id='word_1_272' title='bbox 1147 2046 1331 2081; x_wconf 79' lang='lat' dir='ltr'><strong>observans</strong></span> <span class='ocrx_word' id='word_1_273' title='bbox 1353 2049 1390 2079; x_wconf 79' lang='lat' dir='ltr'><strong>et</strong></span> <span class='ocrx_word' id='word_1_274' title='bbox 1423 2045 1558 2079; x_wconf 86' lang='lat' dir='ltr'><strong>admoto</strong></span> <span class='ocrx_word' id='word_1_275' title='bbox 1581 2044 1663 2078; x_wconf 91' lang='lat' dir='ltr'><strong>mali</strong></span> 
     </span>
     <span class='ocr_line' id='line_1_28' title="bbox 188 2090 1661 2139; baseline -0.001 -15"><span class='ocrx_word' id='word_1_276' title='bbox 188 2093 281 2124; x_wconf 89' lang='lat' dir='ltr'><strong>metu</strong></span> <span class='ocrx_word' id='word_1_277' title='bbox 317 2090 351 2125; x_wconf 90' lang='lat' dir='ltr'><strong>in</strong></span> <span class='ocrx_word' id='word_1_278' title='bbox 383 2090 498 2125; x_wconf 78' lang='lat' dir='ltr'><strong>officio</strong></span> <span class='ocrx_word' id='word_1_279' title='bbox 528 2090 714 2125; x_wconf 86' lang='lat' dir='ltr'><strong>continens.</strong></span> <span class='ocrx_word' id='word_1_280' title='bbox 774 2092 877 2126; x_wconf 77' lang='lat' dir='ltr'><strong>classi</strong></span> <span class='ocrx_word' id='word_1_281' title='bbox 906 2099 1068 2139; x_wconf 82' lang='lat' dir='ltr'><strong>praeerat</strong></span> <span class='ocrx_word' id='word_1_282' title='bbox 1102 2092 1429 2137; x_wconf 85' lang='lat' dir='ltr'><strong>Pbilantbropenus,</strong></span> <span class='ocrx_word' id='word_1_283' title='bbox 1462 2090 1517 2125; x_wconf 84' lang='lat' dir='ltr'><strong>vir</strong></span> <span class='ocrx_word' id='word_1_284' title='bbox 1547 2090 1661 2135; x_wconf 85' lang='lat' dir='ltr'><strong>fortis,</strong></span> 
     </span>
     <span class='ocr_line' id='line_1_29' title="bbox 189 2136 1661 2184; baseline 0.001 -15"><span class='ocrx_word' id='word_1_285' title='bbox 189 2136 356 2180; x_wconf 82' lang='lat' dir='ltr'><strong>dignitate</strong></span> <span class='ocrx_word' id='word_1_286' title='bbox 376 2136 515 2171; x_wconf 87' lang='lat' dir='ltr'><strong>interim</strong></span> <span class='ocrx_word' id='word_1_287' title='bbox 538 2141 770 2181; x_wconf 76' lang='lat' dir='ltr'><strong>protostrator</strong></span> <span class='ocrx_word' id='word_1_288' title='bbox 783 2163 794 2181; x_wconf 89' lang='lat'>,</span> <span class='ocrx_word' id='word_1_289' title='bbox 817 2142 989 2173; x_wconf 86' lang='lat' dir='ltr'><strong>caeterum</strong></span> <span class='ocrx_word' id='word_1_290' title='bbox 1012 2139 1126 2184; x_wconf 84' lang='lat' dir='ltr'><strong>magni</strong></span> <span class='ocrx_word' id='word_1_291' title='bbox 1148 2139 1244 2173; x_wconf 88' lang='lat' dir='ltr'><strong>ducis</strong></span> <span class='ocrx_word' id='word_1_292' title='bbox 1266 2137 1450 2178; x_wconf 73' lang='lat' dir='ltr'><strong>Lascaris„</strong></span> <span class='ocrx_word' id='word_1_293' title='bbox 1484 2147 1571 2170; x_wconf 82' lang='lat' dir='ltr'><strong>aevo</strong></span> <span class='ocrx_word' id='word_1_294' title='bbox 1593 2137 1661 2171; x_wconf 88' lang='lat' dir='ltr'><strong>iam</strong></span> 
     </span>
     <span class='ocr_line' id='line_1_30' title="bbox 190 2181 1661 2231; baseline 0.002 -17"><span class='ocrx_word' id='word_1_295' title='bbox 190 2181 286 2215; x_wconf 82' lang='lat' dir='ltr'><strong>effeti</strong></span> <span class='ocrx_word' id='word_1_296' title='bbox 319 2193 382 2216; x_wconf 88' lang='lat' dir='ltr'><strong>nec</strong></span> <span class='ocrx_word' id='word_1_297' title='bbox 413 2194 476 2228; x_wconf 88' lang='lat' dir='ltr'><strong>per</strong></span> <span class='ocrx_word' id='word_1_298' title='bbox 501 2186 649 2217; x_wconf 87' lang='lat' dir='ltr'><strong>aetatem</strong></span> <span class='ocrx_word' id='word_1_299' title='bbox 681 2184 755 2218; x_wconf 86' lang='lat' dir='ltr'><strong>fere</strong></span> <span class='ocrx_word' id='word_1_300' title='bbox 786 2184 995 2230; x_wconf 86' lang='lat' dir='ltr'><strong>decrepitam</strong></span> <span class='ocrx_word' id='word_1_301' title='bbox 1030 2185 1174 2231; x_wconf 87' lang='lat' dir='ltr'><strong>amplius</strong></span> <span class='ocrx_word' id='word_1_302' title='bbox 1203 2184 1275 2230; x_wconf 87' lang='lat' dir='ltr'><strong>apti</strong></span> <span class='ocrx_word' id='word_1_303' title='bbox 1307 2184 1396 2217; x_wconf 89' lang='lat' dir='ltr'><strong>curis</strong></span> <span class='ocrx_word' id='word_1_304' title='bbox 1418 2182 1661 2228; x_wconf 79' lang='lat' dir='ltr'><strong>laboribusque</strong></span> 
     </span>
     <span class='ocr_line' id='line_1_31' title="bbox 190 2227 1661 2275; baseline 0.002 -15"><span class='ocrx_word' id='word_1_305' title='bbox 190 2227 321 2261; x_wconf 77' lang='lat' dir='ltr'><strong>bellicis</strong></span> <span class='ocrx_word' id='word_1_306' title='bbox 337 2253 347 2270; x_wconf 88' lang='lat'>‚</span> <span class='ocrx_word' id='word_1_307' title='bbox 375 2227 410 2262; x_wconf 92' lang='lat' dir='ltr'><strong>in</strong></span> <span class='ocrx_word' id='word_1_308' title='bbox 434 2228 492 2262; x_wconf 88' lang='lat' dir='ltr'><strong>illo</strong></span> <span class='ocrx_word' id='word_1_309' title='bbox 515 2229 653 2262; x_wconf 84' lang='lat' dir='ltr'><strong>maximi</strong></span> <span class='ocrx_word' id='word_1_310' title='bbox 675 2229 814 2265; x_wconf 88' lang='lat' dir='ltr'><strong>honoris</strong></span> <span class='ocrx_word' id='word_1_311' title='bbox 838 2231 935 2265; x_wconf 86' lang='lat' dir='ltr'><strong>titulo</strong></span> <span class='ocrx_word' id='word_1_312' title='bbox 958 2232 1206 2266; x_wconf 77' lang='lat' dir='ltr'><strong>successionem</strong></span> <span class='ocrx_word' id='word_1_313' title='bbox 1230 2235 1434 2275; x_wconf 86' lang='lat' dir='ltr'><strong>expectans,</strong></span> <span class='ocrx_word' id='word_1_314' title='bbox 1458 2228 1661 2274; x_wconf 83' lang='lat' dir='ltr'><strong>intereaque</strong></span> 
     </span>
     <span class='ocr_line' id='line_1_32' title="bbox 188 2272 1663 2323; baseline 0.001 -16"><span class='ocrx_word' id='word_1_315' title='bbox 188 2273 298 2307; x_wconf 89' lang='lat' dir='ltr'><strong>locum</strong></span> <span class='ocrx_word' id='word_1_316' title='bbox 329 2272 403 2307; x_wconf 88' lang='lat' dir='ltr'><strong>eius</strong></span> <span class='ocrx_word' id='word_1_317' title='bbox 434 2286 475 2308; x_wconf 87' lang='lat' dir='ltr'><strong>ac</strong></span> <span class='ocrx_word' id='word_1_318' title='bbox 507 2274 602 2309; x_wconf 84' lang='lat' dir='ltr'><strong>vices</strong></span> <span class='ocrx_word' id='word_1_319' title='bbox 632 2275 760 2310; x_wconf 88' lang='lat' dir='ltr'><strong>obiens.</strong></span> <span class='ocrx_word' id='word_1_320' title='bbox 817 2289 859 2312; x_wconf 89' lang='lat' dir='ltr'><strong>ac</strong></span> <span class='ocrx_word' id='word_1_321' title='bbox 891 2277 1201 2323; x_wconf 85' lang='lat' dir='ltr'><strong>Philanthropenus</strong></span> <span class='ocrx_word' id='word_1_322' title='bbox 1235 2276 1370 2321; x_wconf 81' lang='lat' dir='ltr'><strong>quidem</strong></span> <span class='ocrx_word' id='word_1_323' title='bbox 1403 2285 1562 2319; x_wconf 88' lang='lat' dir='ltr'><strong>suprema</strong></span> <span class='ocrx_word' id='word_1_324' title='bbox 1584 2277 1663 2309; x_wconf 81' lang='lat' dir='ltr'><strong>erat</strong></span> 
     </span>
     <span class='ocr_line' id='line_1_33' title="bbox 167 2319 1659 2368; baseline 0.001 -15"><span class='ocrx_word' id='word_1_325' title='bbox 167 2322 363 2366; x_wconf 81' lang='lat' dir='ltr'><strong>&#39;potestate</strong></span> <span class='ocrx_word' id='word_1_326' title='bbox 386 2319 517 2354; x_wconf 86' lang='lat' dir='ltr'><strong>cunctis</strong></span> <span class='ocrx_word' id='word_1_327' title='bbox 541 2321 717 2356; x_wconf 89' lang='lat' dir='ltr'><strong>navalibus</strong></span> <span class='ocrx_word' id='word_1_328' title='bbox 741 2323 850 2368; x_wconf 89' lang='lat' dir='ltr'><strong>copiis</strong></span> <span class='ocrx_word' id='word_1_329' title='bbox 873 2325 1091 2368; x_wconf 78' lang='lat' dir='ltr'><strong>praefectus,</strong></span> <span class='ocrx_word' id='word_1_330' title='bbox 1116 2324 1179 2357; x_wconf 89' lang='lat' dir='ltr'><strong>sub</strong></span> <span class='ocrx_word' id='word_1_331' title='bbox 1203 2334 1241 2356; x_wconf 89' lang='lat' dir='ltr'><strong>se</strong></span> <span class='ocrx_word' id='word_1_332' title='bbox 1263 2327 1376 2356; x_wconf 84' lang='lat' dir='ltr'><strong>autem</strong></span> <span class='ocrx_word' id='word_1_333' title='bbox 1398 2321 1550 2355; x_wconf 77' lang='lat' dir='ltr'><strong>habebat</strong></span> <span class='ocrx_word' id='word_1_334' title='bbox 1571 2321 1659 2355; x_wconf 88' lang='lat' dir='ltr'><strong>mul-</strong></span> 
     </span>
     <span class='ocr_line' id='line_1_34' title="bbox 187 2365 1659 2412; baseline 0.001 -13"><span class='ocrx_word' id='word_1_335' title='bbox 187 2372 243 2399; x_wconf 89' lang='lat' dir='ltr'><strong>tos</strong></span> <span class='ocrx_word' id='word_1_336' title='bbox 266 2370 303 2399; x_wconf 90' lang='lat' dir='ltr'><strong>et</strong></span> <span class='ocrx_word' id='word_1_337' title='bbox 325 2366 488 2400; x_wconf 84' lang='lat' dir='ltr'><strong>maximos</strong></span> <span class='ocrx_word' id='word_1_338' title='bbox 508 2365 618 2400; x_wconf 88' lang='lat' dir='ltr'><strong>titulis</strong></span> <span class='ocrx_word' id='word_1_339' title='bbox 640 2369 935 2412; x_wconf 78' lang='lat' dir='ltr'><strong>praefecturarum</strong></span> <span class='ocrx_word' id='word_1_340' title='bbox 955 2368 1174 2404; x_wconf 79' lang='lat' dir='ltr'><strong>inferioribus</strong></span> <span class='ocrx_word' id='word_1_341' title='bbox 1197 2368 1369 2412; x_wconf 84' lang='lat' dir='ltr'><strong>insignes,</strong></span> <span class='ocrx_word' id='word_1_342' title='bbox 1391 2366 1570 2409; x_wconf 79' lang='lat' dir='ltr'><strong>tribunos,</strong></span> <span class='ocrx_word' id='word_1_343' title='bbox 1600 2378 1659 2401; x_wconf 89' lang='lat' dir='ltr'><strong>or-</strong></span> 
     </span>
     <span class='ocr_line' id='line_1_35' title="bbox 190 2411 1658 2460; baseline 0.001 -15"><span class='ocrx_word' id='word_1_344' title='bbox 190 2411 304 2446; x_wconf 87' lang='lat' dir='ltr'><strong>dinum</strong></span> <span class='ocrx_word' id='word_1_345' title='bbox 328 2412 510 2455; x_wconf 83' lang='lat' dir='ltr'><strong>ductores,</strong></span> <span class='ocrx_word' id='word_1_346' title='bbox 533 2412 676 2447; x_wconf 82' lang='lat' dir='ltr'><strong>comites</strong></span> <span class='ocrx_word' id='word_1_347' title='bbox 691 2438 703 2455; x_wconf 86' lang='lat'><strong>‚</strong></span> <span class='ocrx_word' id='word_1_348' title='bbox 725 2416 930 2450; x_wconf 73' lang='lat' dir='ltr'><strong>navarchus.</strong></span> <span class='ocrx_word' id='word_1_349' title='bbox 975 2416 1093 2450; x_wconf 87' lang='lat' dir='ltr'><strong>classis</strong></span> <span class='ocrx_word' id='word_1_350' title='bbox 1114 2415 1240 2460; x_wconf 86' lang='lat' dir='ltr'><strong>quippe</strong></span> <span class='ocrx_word' id='word_1_351' title='bbox 1262 2425 1385 2459; x_wconf 81' lang='lat' dir='ltr'><strong>magna</strong></span> <span class='ocrx_word' id='word_1_352' title='bbox 1408 2418 1503 2456; x_wconf 88' lang='lat' dir='ltr'><strong>erat,</strong></span> <span class='ocrx_word' id='word_1_353' title='bbox 1525 2413 1658 2457; x_wconf 81' lang='lat' dir='ltr'><strong>ingenti</strong></span> 
     </span>
     <span class='ocr_line' id='line_1_36' title="bbox 187 2458 1658 2506; baseline 0 -14"><span class='ocrx_word' id='word_1_354' title='bbox 187 2462 349 2492; x_wconf 80' lang='lat' dir='ltr'><strong>constans</strong></span> <span class='ocrx_word' id='word_1_355' title='bbox 387 2469 526 2491; x_wconf 90' lang='lat' dir='ltr'><strong>numero</strong></span> <span class='ocrx_word' id='word_1_356' title='bbox 560 2458 697 2493; x_wconf 85' lang='lat' dir='ltr'><strong>navium</strong></span> <span class='ocrx_word' id='word_1_357' title='bbox 730 2461 904 2505; x_wconf 86' lang='lat' dir='ltr'><strong>plenarum</strong></span> <span class='ocrx_word' id='word_1_358' title='bbox 941 2460 1028 2495; x_wconf 89' lang='lat' dir='ltr'><strong>flore</strong></span> <span class='ocrx_word' id='word_1_359' title='bbox 1062 2462 1225 2506; x_wconf 84' lang='lat' dir='ltr'><strong>pugnacis</strong></span> <span class='ocrx_word' id='word_1_360' title='bbox 1248 2463 1285 2494; x_wconf 85' lang='lat' dir='ltr'><strong>et</strong></span> <span class='ocrx_word' id='word_1_361' title='bbox 1307 2460 1429 2495; x_wconf 86' lang='lat' dir='ltr'><strong>avidae</strong></span> <span class='ocrx_word' id='word_1_362' title='bbox 1452 2459 1658 2504; x_wconf 86' lang='lat' dir='ltr'><strong>praedarum</strong></span> 
     </span>
     <span class='ocr_line' id='line_1_37' title="bbox 186 2503 1658 2552; baseline 0 -14"><span class='ocrx_word' id='word_1_363' title='bbox 186 2503 386 2538; x_wconf 80' lang='lat' dir='ltr'><strong>iuventutis.</strong></span> <span class='ocrx_word' id='word_1_364' title='bbox 433 2515 514 2549; x_wconf 85' lang='lat' dir='ltr'><strong>pars</strong></span> <span class='ocrx_word' id='word_1_365' title='bbox 536 2503 636 2538; x_wconf 82' lang='lat' dir='ltr'><strong>huius</strong></span> <span class='ocrx_word' id='word_1_366' title='bbox 660 2516 702 2539; x_wconf 82' lang='lat' dir='ltr'><strong>ex</strong></span> <span class='ocrx_word' id='word_1_367' title='bbox 724 2508 811 2541; x_wconf 89' lang='lat' dir='ltr'><strong>urbe</strong></span> <span class='ocrx_word' id='word_1_368' title='bbox 834 2507 1010 2549; x_wconf 86' lang='lat' dir='ltr'><strong>Gasmuli,</strong></span> <span class='ocrx_word' id='word_1_369' title='bbox 1032 2519 1116 2552; x_wconf 89' lang='lat' dir='ltr'><strong>quos</strong></span> <span class='ocrx_word' id='word_1_370' title='bbox 1138 2507 1311 2541; x_wconf 85' lang='lat' dir='ltr'><strong>Romanus</strong></span> <span class='ocrx_word' id='word_1_371' title='bbox 1332 2506 1493 2551; x_wconf 86' lang='lat' dir='ltr'><strong>Digenes‚</strong></span> <span class='ocrx_word' id='word_1_372' title='bbox 1516 2506 1580 2539; x_wconf 89' lang='lat' dir='ltr'><strong>hoc</strong></span> <span class='ocrx_word' id='word_1_373' title='bbox 1604 2508 1658 2539; x_wconf 88' lang='lat' dir='ltr'><strong>est</strong></span> 
     </span>
     <span class='ocr_line' id='line_1_38' title="bbox 186 2550 1655 2604; baseline 0.001 -21"><span class='ocrx_word' id='word_1_374' title='bbox 186 2550 316 2604; x_wconf 82' lang='lat' dir='ltr'><strong>duplici</strong></span> <span class='ocrx_word' id='word_1_375' title='bbox 335 2550 459 2584; x_wconf 85' lang='lat' dir='ltr'><strong>mixtos</strong></span> <span class='ocrx_word' id='word_1_376' title='bbox 481 2561 607 2595; x_wconf 84' lang='lat' dir='ltr'><strong>genere</strong></span> <span class='ocrx_word' id='word_1_377' title='bbox 630 2551 780 2593; x_wconf 88' lang='lat' dir='ltr'><strong>diceret,</strong></span> <span class='ocrx_word' id='word_1_378' title='bbox 804 2564 824 2586; x_wconf 86' lang='lat' dir='ltr'><strong>e</strong></span> <span class='ocrx_word' id='word_1_379' title='bbox 845 2552 1010 2587; x_wconf 85' lang='lat' dir='ltr'><strong>Romanis</strong></span> <span class='ocrx_word' id='word_1_380' title='bbox 1031 2553 1228 2588; x_wconf 87' lang='lat' dir='ltr'><strong>mulieribus</strong></span> <span class='ocrx_word' id='word_1_381' title='bbox 1251 2556 1287 2587; x_wconf 83' lang='lat' dir='ltr'><strong>et</strong></span> <span class='ocrx_word' id='word_1_382' title='bbox 1317 2553 1402 2587; x_wconf 84' lang='lat' dir='ltr'><strong>viris</strong></span> <span class='ocrx_word' id='word_1_383' title='bbox 1426 2551 1521 2586; x_wconf 85' lang='lat' dir='ltr'><strong>Italis</strong></span> <span class='ocrx_word' id='word_1_384' title='bbox 1544 2555 1655 2592; x_wconf 86' lang='lat' dir='ltr'><strong>natos,</strong></span> 
     </span>
     <span class='ocr_line' id='line_1_39' title="bbox 185 2596 1656 2646; baseline 0.001 -17"><span class='ocrx_word' id='word_1_385' title='bbox 185 2596 242 2631; x_wconf 77' lang='lat' dir='ltr'><strong>alin</strong></span> <span class='ocrx_word' id='word_1_386' title='bbox 266 2596 423 2642; x_wconf 87' lang='lat' dir='ltr'><strong>plerique</strong></span> <span class='ocrx_word' id='word_1_387' title='bbox 445 2607 486 2630; x_wconf 88' lang='lat' dir='ltr'><strong>ex</strong></span> <span class='ocrx_word' id='word_1_388' title='bbox 512 2596 706 2631; x_wconf 86' lang='lat' dir='ltr'><strong>Laconibus</strong></span> <span class='ocrx_word' id='word_1_389' title='bbox 729 2598 809 2641; x_wconf 87' lang='lat' dir='ltr'><strong>(hos</strong></span> <span class='ocrx_word' id='word_1_390' title='bbox 840 2600 962 2643; x_wconf 85' lang='lat' dir='ltr'><strong>vulgus</strong></span> <span class='ocrx_word' id='word_1_391' title='bbox 992 2604 1152 2645; x_wconf 82' lang='lat' dir='ltr'><strong>corrupte</strong></span> <span class='ocrx_word' id='word_1_392' title='bbox 1182 2599 1362 2634; x_wconf 83' lang='lat' dir='ltr'><strong>Tzaconas</strong></span> <span class='ocrx_word' id='word_1_393' title='bbox 1393 2599 1531 2646; x_wconf 71' lang='lat' dir='ltr'><strong>vocat),</strong></span> <span class='ocrx_word' id='word_1_394' title='bbox 1568 2607 1656 2642; x_wconf 85' lang='lat' dir='ltr'><strong>quos</strong></span> 
     </span>
     <span class='ocr_line' id='line_1_40' title="bbox 185 2641 1657 2690; baseline 0 -15"><span class='ocrx_word' id='word_1_395' title='bbox 185 2641 236 2675; x_wconf 87' lang='lat' dir='ltr'><strong>uti</strong></span> <span class='ocrx_word' id='word_1_396' title='bbox 260 2654 303 2676; x_wconf 89' lang='lat' dir='ltr'><strong>ex</strong></span> <span class='ocrx_word' id='word_1_397' title='bbox 325 2642 467 2684; x_wconf 88' lang='lat' dir='ltr'><strong>Moreo‚</strong></span> <span class='ocrx_word' id='word_1_398' title='bbox 490 2641 539 2677; x_wconf 87' lang='lat' dir='ltr'><strong>sic</strong></span> <span class='ocrx_word' id='word_1_399' title='bbox 562 2642 647 2677; x_wconf 88' lang='lat' dir='ltr'><strong>alios</strong></span> <span class='ocrx_word' id='word_1_400' title='bbox 675 2654 718 2676; x_wconf 89' lang='lat' dir='ltr'><strong>ex</strong></span> <span class='ocrx_word' id='word_1_401' title='bbox 749 2643 913 2679; x_wconf 89' lang='lat' dir='ltr'><strong>Occiduis</strong></span> <span class='ocrx_word' id='word_1_402' title='bbox 941 2646 1117 2690; x_wconf 86' lang='lat' dir='ltr'><strong>partibus,</strong></span> <span class='ocrx_word' id='word_1_403' title='bbox 1149 2645 1271 2680; x_wconf 89' lang='lat' dir='ltr'><strong>multos</strong></span> <span class='ocrx_word' id='word_1_404' title='bbox 1302 2644 1549 2688; x_wconf 86' lang='lat' dir='ltr'><strong>bellicososque</strong></span> <span class='ocrx_word' id='word_1_405' title='bbox 1581 2653 1657 2676; x_wconf 88' lang='lat' dir='ltr'><strong>cum</strong></span> 
     </span>
     <span class='ocr_line' id='line_1_41' title="bbox 187 2688 1656 2737; baseline -0.001 -15"><span class='ocrx_word' id='word_1_406' title='bbox 187 2688 350 2722; x_wconf 86' lang='lat' dir='ltr'><strong>uxoribus</strong></span> <span class='ocrx_word' id='word_1_407' title='bbox 374 2692 409 2722; x_wconf 87' lang='lat' dir='ltr'><strong>et</strong></span> <span class='ocrx_word' id='word_1_408' title='bbox 427 2689 544 2723; x_wconf 83' lang='lat' dir='ltr'><strong>liberis</strong></span> <span class='ocrx_word' id='word_1_409' title='bbox 577 2688 902 2735; x_wconf 80' lang='lat' dir='ltr'><strong>Constantinopolim</strong></span> <span class='ocrx_word' id='word_1_410' title='bbox 934 2691 978 2725; x_wconf 87' lang='lat' dir='ltr'><strong>ad</strong></span> <span class='ocrx_word' id='word_1_411' title='bbox 1009 2692 1129 2726; x_wconf 87' lang='lat' dir='ltr'><strong>urbem</strong></span> <span class='ocrx_word' id='word_1_412' title='bbox 1158 2691 1439 2737; x_wconf 85' lang='lat' dir='ltr'><strong>frequentandam</strong></span> <span class='ocrx_word' id='word_1_413' title='bbox 1470 2690 1656 2734; x_wconf 85' lang='lat' dir='ltr'><strong>imperator</strong></span> 
     </span>
     <span class='ocr_line' id='line_1_42' title="bbox 185 2734 1655 2783; baseline 0 -16"><span class='ocrx_word' id='word_1_414' title='bbox 185 2735 419 2769; x_wconf 84' lang='lat' dir='ltr'><strong>transtulerat.</strong></span> <span class='ocrx_word' id='word_1_415' title='bbox 465 2734 608 2769; x_wconf 87' lang='lat' dir='ltr'><strong>aderant</strong></span> <span class='ocrx_word' id='word_1_416' title='bbox 631 2734 686 2769; x_wconf 89' lang='lat' dir='ltr'><strong>bis</strong></span> <span class='ocrx_word' id='word_1_417' title='bbox 707 2737 844 2770; x_wconf 88' lang='lat' dir='ltr'><strong>abunde</strong></span> <span class='ocrx_word' id='word_1_418' title='bbox 864 2736 923 2783; x_wconf 84' lang='lat' dir='ltr'><strong>qui</strong></span> <span class='ocrx_word' id='word_1_419' title='bbox 950 2738 1119 2773; x_wconf 85' lang='lat' dir='ltr'><strong>servirent</strong></span> <span class='ocrx_word' id='word_1_420' title='bbox 1149 2737 1345 2773; x_wconf 86' lang='lat' dir='ltr'><strong>ministeriis</strong></span> <span class='ocrx_word' id='word_1_421' title='bbox 1373 2736 1520 2770; x_wconf 76' lang='lat' dir='ltr'><strong>nauticis</strong></span> <span class='ocrx_word' id='word_1_422' title='bbox 1545 2734 1655 2768; x_wconf 87' lang='lat' dir='ltr'><strong>unde-</strong></span> 
     </span>
     <span class='ocr_line' id='line_1_43' title="bbox 186 2780 1655 2830; baseline 0 -17"><span class='ocrx_word' id='word_1_423' title='bbox 186 2791 319 2825; x_wconf 91' lang='lat' dir='ltr'><strong>cunque</strong></span> <span class='ocrx_word' id='word_1_424' title='bbox 343 2780 478 2824; x_wconf 86' lang='lat' dir='ltr'><strong>coacti,</strong></span> <span class='ocrx_word' id='word_1_425' title='bbox 513 2792 600 2826; x_wconf 88' lang='lat' dir='ltr'><strong>quos</strong></span> <span class='ocrx_word' id='word_1_426' title='bbox 637 2781 855 2817; x_wconf 88' lang='lat' dir='ltr'><strong>Proselontas</strong></span> <span class='ocrx_word' id='word_1_427' title='bbox 878 2785 978 2828; x_wconf 82' lang='lat' dir='ltr'><strong>vulgo</strong></span> <span class='ocrx_word' id='word_1_428' title='bbox 1001 2789 1148 2827; x_wconf 86' lang='lat' dir='ltr'><strong>vocant,</strong></span> <span class='ocrx_word' id='word_1_429' title='bbox 1178 2784 1278 2830; x_wconf 85' lang='lat' dir='ltr'><strong>quasi</strong></span> <span class='ocrx_word' id='word_1_430' title='bbox 1304 2783 1438 2816; x_wconf 86' lang='lat' dir='ltr'><strong>diceres</strong></span> <span class='ocrx_word' id='word_1_431' title='bbox 1461 2780 1596 2815; x_wconf 81' lang='lat' dir='ltr'><strong>navium</strong></span> <span class='ocrx_word' id='word_1_432' title='bbox 1619 2780 1655 2814; x_wconf 93' lang='lat' dir='ltr'><strong>in</strong></span> 
     </span>
     <span class='ocr_line' id='line_1_44' title="bbox 185 2827 1655 2875; baseline 0 -16"><span class='ocrx_word' id='word_1_433' title='bbox 185 2827 357 2860; x_wconf 82' lang='lat' dir='ltr'><strong>anteriora</strong></span> <span class='ocrx_word' id='word_1_434' title='bbox 387 2827 630 2872; x_wconf 84' lang='lat' dir='ltr'><strong>propulsores,</strong></span> <span class='ocrx_word' id='word_1_435' title='bbox 662 2828 884 2863; x_wconf 81' lang='lat' dir='ltr'><strong>valentissimi</strong></span> <span class='ocrx_word' id='word_1_436' title='bbox 915 2829 1080 2875; x_wconf 84' lang='lat' dir='ltr'><strong>remiges,</strong></span> <span class='ocrx_word' id='word_1_437' title='bbox 1114 2841 1197 2873; x_wconf 86' lang='lat' dir='ltr'><strong>quos</strong></span> <span class='ocrx_word' id='word_1_438' title='bbox 1227 2842 1248 2864; x_wconf 86' lang='lat' dir='ltr'><strong>e</strong></span> <span class='ocrx_word' id='word_1_439' title='bbox 1280 2833 1404 2864; x_wconf 87' lang='lat' dir='ltr'><strong>cuncta</strong></span> <span class='ocrx_word' id='word_1_440' title='bbox 1434 2827 1560 2861; x_wconf 89' lang='lat' dir='ltr'><strong>circum</strong></span> <span class='ocrx_word' id='word_1_441' title='bbox 1593 2837 1655 2860; x_wconf 86' lang='lat' dir='ltr'><strong>ora</strong></span> 
     </span>
     <span class='ocr_line' id='line_1_45' title="bbox 184 2871 1654 2923; baseline 0.001 -18"><span class='ocrx_word' id='word_1_442' title='bbox 184 2871 351 2908; x_wconf 83' lang='lat' dir='ltr'><strong>maritima</strong></span> <span class='ocrx_word' id='word_1_443' title='bbox 373 2873 629 2908; x_wconf 84' lang='lat' dir='ltr'><strong>robustissimos</strong></span> <span class='ocrx_word' id='word_1_444' title='bbox 652 2879 690 2909; x_wconf 88' lang='lat' dir='ltr'><strong>et</strong></span> <span class='ocrx_word' id='word_1_445' title='bbox 711 2875 874 2921; x_wconf 84' lang='lat' dir='ltr'><strong>plurimos</strong></span> <span class='ocrx_word' id='word_1_446' title='bbox 896 2876 1099 2923; x_wconf 82' lang='lat' dir='ltr'><strong>congregari</strong></span> <span class='ocrx_word' id='word_1_447' title='bbox 1122 2880 1306 2911; x_wconf 81' lang='lat' dir='ltr'><strong>curaverat</strong></span> <span class='ocrx_word' id='word_1_448' title='bbox 1330 2879 1503 2919; x_wconf 76' lang='lat' dir='ltr'><strong>Augustus</strong></span> <span class='ocrx_word' id='word_1_449' title='bbox 1518 2898 1529 2916; x_wconf 89' lang='lat'>,</span> <span class='ocrx_word' id='word_1_450' title='bbox 1552 2872 1654 2907; x_wconf 88' lang='lat' dir='ltr'><strong>intel-</strong></span> 
     </span>
    </p>
   </div>
  </div>
 </body>
</html>
