1884 3262
389 232 465 274 DE
498 229 774 273 MICHAELE
807 226 1179 271 PALAEOLOGO
1208 227 1254 272 L.
1290 226 1366 269 VI.
1521 224 1622 271 457

164 346 245 395 δὼς
273 345 515 396 ἐξαπιναίως
541 340 798 393 ἀκούσαντας
838 339 1263 399 θορυβηθησομένους
1292 341 1361 382 καὶ
1392 338 1491 389 τοῦς
1521 338 1624 388 τέως

162 413 324 470 εῗρήνην
353 412 527 469 ἄγοντας
539 446 551 465 ,
583 412 751 466 πέμψας
774 415 1057 465 μετακαλεῖται
1080 411 1146 452 καὶ
1167 409 1362 465 ἀρχιερεῖς
1378 410 1445 453 καὶ
1465 411 1615 464 κλῆρον
1636 417 1670 452 Ι)

163 482 326 526 ἅπαντα
337 515 350 534 ,
386 483 452 524 καὶ
477 486 587 539 σφᾶς
614 480 710 522 κατ’
745 482 853 522 ἰδίαν
886 479 1026 533 λαβὼν
1058 481 1290 532 (κοσμικοΐς
1317 477 1395 532 γὰρ
1427 476 1620 532 ἀπείρητο

163 551 222 605 μὴ
244 549 456 605 παρεῖναι)
526 547 648 607 (15)
698 553 727 572 “
739 548 791 590 τὰ
811 549 885 600 μὲν
906 552 989 589 τῶν
1011 544 1225 601 παρόντων
1236 546 1261 565 ”
1296 543 1425 597 εἶπεν,
1463 550 1492 569 “
1508 544 1619 594 ὅπως
1637 549 1667 583 Ρ
1691 548 1759 585 313

132 621 231 661 ὁκαὶ
260 616 527 673 κατεπράχθη
555 619 622 658 καὶ
647 616 750 670 μεθ’
781 614 879 670 ἱῗσης
905 619 978 669 τῆς
1004 615 1237 669 δυσχερείας
1258 611 1446 668 ἠνύσθη,
1483 613 1621 656 οἴδατε

165 685 348 738 πάντως,
384 688 466 728 ἐπεὶ
494 684 589 728 οὐδ’
624 686 712 738 ἐμοὶ
742 682 863 726 τόσον
890 681 1128 738 ἀναλγήτως
1154 681 1283 736 ἕχοντι
1303 679 1400 723 τάδ’
1427 683 1618 737 ἐφῆπται.

166 753 258 797 οἶδα
286 754 364 810 γὰρ
396 756 462 796 καὶ
493 751 748 809 πατριάρχην
781 753 970 794 ἐντεῦθεν
1002 748 1208 806 παριδών,
1235 749 1306 792 τὸν
1326 749 1478 804 Ἰωσὴφ
1500 749 1618 804 λέγω,

165 824 211 866 ὃν
245 823 294 878 δὴ
324 823 393 865 ἴσα
426 824 491 864 καὶ
525 822 596 864 τὸν
630 819 922 876 γεννησᾶμενον
954 819 1165 874 ἔστεργον,
1202 822 1361 872 μᾶλλον
1394 819 1438 860 δὲ
1467 819 1536 859 καὶ
1564 817 1623 860 ἔτι

166 891 309 943 πλέον,
342 892 424 932 ἐπεὶ
453 891 598 938 ἐκεῖνος
625 890 700 942 μὲν
728 893 803 942 τῆς
822 890 878 938 εἰς
896 893 1007 944 σφᾶς
1024 886 1228 943 προόδου,
1268 880 1389 935 οὗτος
1409 887 1454 928 δὲ
1474 890 1548 940 τῆς
1565 887 1623 935 εἷς

115 960 214 1002 10τὸ
234 966 413 1015 κρεῖττον
432 955 723 1006 ἐπανελεύσεως
744 957 872 1006 αἴτιος
890 957 1060 1012 γέγονεν.
1130 953 1222 997 οἶδα
1243 957 1309 995 καὶ
1330 954 1506 1003 πολλοὺς
1523 959 1618 1006 βια-
1641 965 1674 999 Β

165 1025 343 1081 σάμενος
365 1030 432 1068 καὶ
458 1026 554 1075 τούς
575 1027 720 1081 φίλους
739 1026 1035 1075 σκανδαλίσας,
1067 1022 1170 1078 πρὸς
1201 1023 1245 1064 δὲ
1269 1017 1334 1064 καὶ
1362 1023 1457 1072 τοὺς
1477 1021 1623 1077 ἢμετέ-

168 1112 266 1150 ρους
297 1093 494 1148 λυπήσας.
564 1095 629 1135 καὶ
650 1090 992 1176 μαρτυρήσουσιν
1016 1091 1054 1133 οἱ
1078 1092 1119 1133 ἓν
1143 1096 1344 1147 φυλακαῖς
1374 1098 1620 1146 προσγενεῖς,

168 1161 229 1213 οις
259 1162 361 1218 παρ’
386 1162 514 1244 οὐδὲν.
522 1160 661 1204 α’λλο
645 1160 670 1216 ἠ
693 1161 740 1204 τὸ
763 1160 866 1241 πρὸς
881 1159 1060 1209 Ἰταλους
1081 1159 1396 1214 πραῃιατευθὲν
1414 1161 1479 1200 καὶ
1497 1157 1625 1213 μόνον

1077 1226 1090 1241 ἶ
1131 1227 1143 1242 )
1188 1227 1200 1243 >
1244 1225 1256 1240 C

115 1308 157 1343 15
169 1301 319 1355 σφίσιν.
391 1297 496 1352 ειχον
526 1299 600 1352 μέν
625 1315 698 1340 ουν
727 1299 790 1339 ἐπὶ
819 1301 1021 1352 λογισμῶν
1053 1293 1199 1338 ἀνύσαι
1230 1295 1276 1337 τὸ
1307 1299 1388 1336 πᾶν
1417 1297 1621 1348 ἐντεῦθεν,

170 1366 224 1417 ὥς
257 1367 385 1422 μηδὲν
417 1367 537 1408 πλέον
569 1363 824 1420 ζητησόντων
853 1369 934 1408 τῶν
961 1365 1151 1406 Ἰταλῶν·
1187 1362 1296 1406 οὕτω
1322 1362 1400 1419 γὰρ
1430 1366 1496 1405 καὶ
1520 1364 1624 1419 πρὸς

168 1434 276 1488 ὑμᾶς
297 1432 516 1489 ἐποιούμην
533 1434 608 1484 τὰς
625 1434 860 1486 συνθεσίας,
898 1434 964 1475 καὶ
986 1431 1007 1475 ὁ
1026 1434 1067 1474 ἓν
1087 1438 1138 1490 τῇ
1157 1432 1346 1491 ἐκκλησίᾳ
1362 1431 1620 1487 χρυσοβούλ-
1643 1443 1676 1478 c

171 1507 273 1553 λειος
296 1501 414 1557 λόγος
437 1509 519 1551 τοῖς
543 1500 677 1558 λόγοις
707 1519 787 1544 που
812 1499 1078 1556 μαρτυρήσει.
1147 1501 1228 1542 ἐπεὶ
1251 1500 1296 1542 δὲ
1316 1504 1398 1541 τῶν
1418 1498 1624 1555 ἡμετέρων

172 1573 295 1622 τινές,
328 1569 383 1620 ὥς
414 1572 642 1624 πέπυσμαι,
682 1572 747 1613 καὶ
767 1574 926 1623 μᾶλλον
946 1567 1004 1618 οἷς
1027 1566 1186 1611 ἁνδάνει
1211 1568 1256 1610 τὸ
1279 1569 1511 1621 σχίζεσθαι,
1550 1569 1626 1612 οὐκ

114 1651 160 1684 20
173 1638 256 1682 οἶδ’
285 1638 308 1682 ὅ
335 1656 375 1682 τι
400 1637 625 1691 παθόντες,
658 1639 693 1681 εἴ
721 1636 780 1694 μή
811 1655 870 1688 τις
897 1635 1040 1694 πεῖράν
1068 1636 1117 1680 θ’
1145 1635 1261 1690 ἡμῶν
1291 1636 1413 1678 ταῦτ’
1435 1637 1536 1680 εἴποι
1558 1639 1626 1680 καὶ

170 1819 268 1849 tenus
291 1815 380 1849 actis
402 1817 582 1860 utcumque
603 1815 669 1849 iam
689 1815 970 1870 acquiescebant,
1007 1814 1171 1849 eiusmodi
1195 1814 1311 1849 audita
1346 1814 1499 1849 oratione
1530 1814 1629 1860 lega-

170 1866 281 1895 torum
305 1861 418 1895 statim
443 1861 727 1902 tumuhuatums,
762 1861 870 1895 missis
892 1872 1162 1907 quoquoversum
1186 1861 1291 1895 certis
1313 1860 1500 1895 hominibus
1523 1861 1564 1894 ad
1588 1872 1629 1895 se

170 1907 368 1941 convocavit
391 1907 567 1953 episcopos
590 1913 628 1942 et
650 1908 775 1941 clerum
797 1907 999 1948 universum,
1019 1907 1154 1952 illisque
1175 1918 1328 1941 seorsum
1351 1907 1509 1941 adhibitis
1532 1907 1628 1951 (nam

170 1952 363 1986 saeculares
385 1955 503 1987 adesse
524 1953 682 1997 vetuit)
673 1965 706 1987 ιιι
731 1954 814 1987 haec
837 1954 944 1986 verba
963 1953 1095 1987 locutus
1113 1957 1177 1987 est.
1225 1953 1321 1996 (15)
1345 1953 1520 1997 “quaein
1535 1956 1628 1986 statu

171 1998 343 2050 praesenti
365 1999 526 2033 ecclesiae
549 2005 741 2042 cernuntur,
763 1999 1038 2044 quemadmodum
1062 2002 1140 2032 acta
1162 1999 1230 2032 sint
1253 2004 1288 2032 et
1311 2002 1438 2044 quanta
1460 2010 1534 2032 cum
1559 1998 1628 2031 dif-

171 2043 325 2078 ficultate
345 2046 518 2089 perfecta,
541 2046 636 2079 scitis
660 2046 814 2086 omnin03
847 2056 968 2098 neque
978 2044 1057 2078 mihi
1082 2045 1166 2078 adeo
1190 2045 1294 2078 hebes
1317 2045 1358 2077 ad
1383 2044 1523 2077 molesta
1545 2055 1626 2078 sen-

172 2099 230 2123 sus
260 2093 332 2132 est,
370 2094 408 2123 ιιι
430 2096 499 2124 tam
522 2091 590 2125 cito
613 2091 772 2125 memoria
800 2089 1010 2124 evolaverint
1039 2101 1081 2123 ea
1109 2101 1250 2143 quorum
1283 2095 1425 2123 eventus
1456 2089 1527 2122 acri
1550 2100 1625 2123 meo

171 2135 288 2168 dolore
317 2136 511 2180 redemptus
541 2141 604 2171 est.
651 2137 764 2170 recolo
796 2136 883 2170 enim
904 2148 958 2170 me
980 2147 1023 2169 ne
1045 2135 1234 2169 tenerrimis
1265 2135 1398 2187 quidem
1431 2134 1622 2176 affectibus,

172 2184 212 2213 ut
241 2190 283 2212 ea
313 2181 534 2225 conficerem,
571 2182 774 2235 pepercisse.
821 2193 941 2223 unum,
979 2184 1018 2215 ιιι
1046 2181 1165 2222 scitis,
1205 2180 1308 2214 habui
1333 2179 1387 2213 cui
1411 2180 1490 2213 nihil
1513 2179 1624 2213 minus

140 2256 143 2261 .
171 2224 311 2270 pietatis
340 2230 377 2259 et
408 2227 534 2261 amoris
564 2239 663 2272 quam
695 2227 840 2271 genitori
861 2228 1060 2260 tribuerem·
1099 2227 1197 2259 immo
1221 2225 1393 2279 aliquanto
1415 2226 1490 2270 plus
1515 2225 1546 2259 ei
1569 2236 1624 2259 me

174 2271 300 2304 debere
320 2272 442 2313 rebar,
470 2274 622 2316 quoniam
646 2285 720 2306 cum
744 2276 844 2317 pater
866 2273 901 2306 in
925 2274 1010 2306 hanc
1032 2284 1085 2305 me
1108 2272 1212 2305 lucem
1237 2270 1435 2312 eduxerint,
1467 2271 1522 2305 hic
1544 2271 1626 2304 mihi

173 2315 283 2349 exorti
309 2323 593 2351 sacramentorum
625 2318 796 2362 religionis
827 2329 961 2351 usuram
984 2322 1020 2350 et
1042 2317 1302 2350 communionem
1334 2316 1499 2370 ecclesiae
1519 2316 1626 2350 resti-

173 2361 258 2402 tuit,
293 2362 382 2406 quod
410 2362 606 2396 beneficium
638 2364 783 2398 arbitror
814 2363 930 2397 maius.
975 2363 1152 2407 Iosephum
1174 2367 1286 2396 tamen
1310 2361 1518 2396 carissimum
1541 2362 1625 2396 mihi

174 2411 279 2449 eaput
301 2408 365 2440 hac
386 2418 488 2441 causa
511 2408 687 2453 despicere
708 2409 861 2444 sustinui.
910 2408 1023 2442 multis
1052 2413 1231 2453 praeterea
1261 2407 1328 2441 vim
1361 2407 1446 2448 feci,
1486 2419 1629 2443 securus

174 2452 368 2486 offensionis
395 2454 587 2487 amicorum.
633 2466 654 2488 e
680 2458 792 2488 vestro
822 2466 956 2499 quoque
979 2465 1121 2507 corpore
1142 2464 1208 2487 ιιοιι
1212 2465 1358 2508 paucos
1381 2454 1470 2487 haud
1503 2454 1628 2488 leviter

174 2498 308 2532 vexavi.
354 2503 461 2532 testes
483 2499 551 2532 sint
572 2499 631 2544 qui
653 2511 674 2533 e
696 2500 820 2533 nostris
844 2511 977 2544 quoque
1001 2499 1198 2544 propinquis
1212 2499 1246 2533 in
1262 2499 1423 2533 custodiis
1438 2500 1626 2544 squallent3

174 2543 297 2589 quibus
326 2544 394 2577 ista
421 2555 496 2577 cum
527 2545 624 2578 Italis
657 2545 834 2579 conventio
867 2556 969 2578 causa
996 2545 1061 2578 fuit
1091 2545 1189 2579 unica
1212 2548 1247 2578 et
1269 2545 1456 2579 obsistendi
1487 2551 1626 2579 nostrae

174 2589 340 2623 voluntati
363 2592 397 2623 et
420 2590 492 2623 irae
513 2590 655 2635 yicissim
678 2596 815 2624 nostrae
838 2590 1042 2624 subeundae.
1086 2590 1138 2624 sic
1160 2595 1270 2624 autem
1292 2602 1366 2625 eum
1389 2591 1448 2624 illa
1469 2601 1622 2635 gererem

174 2635 346 2679 putabam,
370 2627 590 2670 constiturum
611 2636 704 2670 intra
726 2637 788 2670 hos
808 2635 967 2670 terminos
989 2635 1172 2680 negotium,
1200 2648 1262 2670 nec
1284 2638 1360 2681 plus
1382 2637 1426 2670 ad
1450 2637 1520 2669 eius
1544 2647 1625 2680 per-

173 2680 351 2715 sectionem
374 2682 477 2715 Italos
500 2693 613 2726 quaes
607 2684 722 2716 '·.turos
770 2681 821 2715 ita
844 2682 929 2714 enim
956 2681 1094 2726 promisi
1117 2682 1240 2715 dudum
1263 2682 1384 2725 vobis,
1418 2687 1452 2714 et
1475 2685 1570 2715 extat
1591 2681 1626 2715 in

176 2725 321 2760 ecclesia
343 2732 479 2760 nostrae
503 2727 600 2761 huius
624 2727 850 2782 persuasionis
872 2726 1004 2761 illustre
1026 2728 1280 2770 documentum,
1314 2727 1460 2772 diploma
1482 2727 1515 2760 in
1539 2727 1625 2760 hanc

175 2772 374 2806 “atentiam
405 2772 566 2807 disertum
598 2785 672 2807 cum
704 2773 916 2827 appositione
949 2773 1059 2807 bullae
1094 2784 1229 2808 aureae.
1275 2777 1427 2818 quoniam
1458 2783 1539 2806 vero
1563 2783 1625 2806 ιιο-

176 2818 322 2850 strorum
354 2818 514 2862 quidam,
551 2819 672 2863 quibus
710 2818 862 2852 nimirum
895 2819 1066 2854 discidium
1089 2820 1183 2853 cordi
1206 2823 1280 2860 est,
1319 2820 1430 2852 nescio
1453 2829 1521 2863 qua
1543 2817 1625 2852 moti

176 2872 280 2896 causa
301 2862 393 2907 (nisi
414 2864 492 2909 quis
514 2864 637 2899 dixerit
659 2865 702 2899 ad
729 2864 959 2911 probationem
980 2865 1065 2900 haec
1089 2870 1239 2900 nostram
1261 2870 1297 2898 et
1320 2875 1482 2910 angorum
1508 2874 1625 2898 cumu-
