1884 3262
319 195 413 238 302
737 191 970 235 GEORGII
1012 192 1358 237 PACHYMERIS

321 304 543 359 ἕκκλησία”
578 299 744 361 (ἐδήλου
765 303 900 359 δὲτὴν
917 301 1291 362 Ἀδριανοῦπολιν),
1331 308 1432 351 “niv
1465 307 1561 362 ἕμόν
1585 307 1770 364 ἀρχιερέα

320 375 578 424 πλουτοῦσα,
617 371 692 425 ἔχει
710 372 870 429 τρέφειν
886 374 952 415 καὶ
972 373 1121 430 ἄμφω,
1159 372 1323 427 συνάμα
1342 377 1409 417 καὶ
1438 380 1773 434 θεῷχορηγοῦν-

320 441 400 483 τι.”
454 443 586 482 ταῦτα
602 440 675 494 μὲν
700 436 772 483 οὖν
792 439 884 484 τότε
905 439 925 483 ὅ
948 442 1160 497 Γερμανὸς
1187 443 1251 484 ἐπὶ
1273 446 1371 484 πᾶσι
1401 450 1487 493 τοῖς
1502 449 1774 499 προβληθεῒσι

321 505 648 564 παραιτούμενος
671 507 812 565 ἔλεγεν.
881 505 932 564 ἦν
955 510 997 552 δ’
1023 509 1070 553 ὃν
1089 509 1216 566 ἔλεγεν
1235 509 1383 553 ἑαυτοῦ
1407 516 1456 567 τῇ
1479 509 1775 567 Ἀδριανουπό-

271 585 302 618 D
329 581 386 619 λει
418 576 738 632 ἐπικηρυχθέντα
770 576 863 631 μετ’
901 577 1026 620 αὐτὸν
1066 578 1178 634 παρ’,
1199 578 1330 621 αὐτοῦ
1367 577 1388 621 ὅ
1423 579 1588 634 ἀνεψιὸς
1625 580 1808 623 ἐκείνουό

323 644 532 700 Βαρλαὰμ
560 645 632 687 εἴτ’
666 641 737 688 οὖν
763 646 1000 698 Βασίλειος,
1037 645 1083 696 ὃς
1107 646 1211 702 πρὸς
1236 647 1311 699 μὲν
1341 646 1393 689 τοὶ
1420 649 1476 696 εἷς
1506 647 1778 701 πνευματικὴν

187 721 214 754 Ρ
238 718 305 755 204
328 714 529 756 πολιτείαν
546 715 612 755 καὶ
642 714 732 757 λίαν
760 713 920 766 ἀμελῶς
948 713 1072 768 εἶχεν,
1145 714 1271 772 (22)
1308 714 1442 765 ἄλλως
1470 716 1514 757 δὲ
1531 713 1779 771 φιλόκοσμος

325 781 380 825 ὢν
394 784 533 830 ἵπποις
558 782 702 836 ἐχρῆτο
715 815 728 835 ,
767 782 850 824 ἔστι
869 783 912 824 δ’
941 782 1006 826 ὅτε
1025 785 1091 826 καὶ
1112 781 1274 835 ὅπλοις,
1314 785 1379 825 καὶ
1402 782 1776 840 προσεφιλοτιμεῒτο

324 848 449 904 ὁμόσε
479 856 565 900 τοῖς
600 851 806 903 πολεμίοις
830 855 991 908 χωρῶν.
1060 851 1184 894 ταῦτ’
1215 851 1296 908 ἄρα
1324 853 1391 893 καὶ
1428 854 1577 904 ζῶντος
1599 852 1674 905 μὲν
1702 854 1778 898 τοῦ

326 920 444 961 θείου
466 919 506 959 ἓν
524 918 772 974 καταγνώσει
799 924 930 962 ταῦτα
960 917 1151 975 πράττων
1178 917 1509 975 συνεγινώσκετο·
1542 918 1833 976 &crepanti-‘2⁴10

328 989 394 1030 καὶ
423 986 556 1030 ἄλλων
585 987 911 1042 προστριβέντων
939 988 1052 1046 αὐτῷ
1078 986 1448 1044 κατηγορημάτων,
1489 992 1564 1030 τοῦ
1589 988 1779 1044 γέροντος

329 1053 678 1109 μεταλλάξαντος,
716 1058 799 1098 ἐπεὶ
820 1057 1024 1108 εἷςκρίσιν
1051 1055 1298 1115 καλούμενος
1320 1057 1382 1098 ἐπὶ
1411 1054 1779 1112 πολλαῖς»ιὴ”μέραις

279 1127 308 1159 Β
333 1124 402 1166 τὸν
424 1125 641 1178 ἐπίληπτον
662 1122 893 1179 ὑπεκρίνετο
914 1122 970 1174 ὥς
991 1129 1303 1178 προσποιεῖσθαι
1327 1125 1454 1179 μηδὲν
1470 1128 1552 1166 τῶν
1574 1123 1680 1166 καθ’
1702 1121 1779 1165 αὖ-

331 1192 404 1235 τόν
435 1193 607 1244 εἴδέναι,
646 1192 759 1242 τέλος
787 1191 989 1248 ὑφίστατο
1020 1193 1094 1247 τὴν
1125 1193 1205 1235 ἀπὸ
1235 1197 1310 1248 τῆς
1329 1191 1505 1235 συνόδου
1523 1193 1778 1248 καθαίρεσιν.

332 1262 398 1303 καὶ
419 1260 546 1309 εὐθὺς
565 1260 670 1314 μεθ’
692 1259 847 1315 ἡμέρας
865 1258 886 1303 ὃ
907 1260 1052 1310 ἐκστὰς
1074 1263 1202 1315 δῆθεν
1222 1260 1404 1317 ἔμφρων,
1440 1262 1507 1302 καὶ
1526 1259 1547 1303 ὅ
1566 1261 1670 1316 μηδὲ
1689 1260 1779 1316 περὶ
1792 1268 1833 1302 15

333 1328 480 1371 ἑαυτοῦ
506 1329 621 1377 εἲὸὠς
642 1327 662 1370 ‘o'
691 1345 729 1370 τι
749 1330 883 1382 ποιοίη
902 1331 967 1371 καὶ
997 1328 1059 1371 ὅτι
1079 1326 1251 1383 πάσχοι,
1291 1331 1380 1385 περὶ
1413 1323 1468 1371 ὧν
1498 1330 1631 1387 ἐκείνῳ
1652 1325 1782 1384 λόγος

333 1397 464 1446 οὐδεὶς
487 1397 692 1439 διετείνετο
705 1429 718 1448 ,
750 1398 816 1439 καὶ
837 1397 907 1439 τὸν
926 1396 1097 1451 βασιλέα
1118 1401 1297 1452 λιπαρῶς
1318 1397 1430 1452 ἠξίου
1452 1398 1606 1454 {marval
1624 1397 1670 1439 οἴ
1677 1401 1782 1452 χρῆ-

334 1470 438 1508 σθαι
457 1469 506 1521 τῇ
529 1465 601 1514 ἕξει
631 1466 696 1506 καὶ
714 1473 949 1520 στρατηγεῖν
980 1464 1035 1515 ὡς
1062 1467 1133 1524 οἵῳ
1162 1465 1202 1508 τ’
1232 1464 1318 1507 ὄντι
1350 1463 1473 1520 ὁμόσε
1505 1472 1590 1514 τοῖς
1618 1466 1784 1520 ἐχθροῖς

336 1534 435 1577 ἴέναι
465 1535 530 1576 καὶ
559 1533 687 1588 συχνὰ
720 1534 769 1576 τὰ
803 1535 959 1577 ἐκείνων
992 1535 1107 1577 ἱστᾶν
1137 1531 1326 1592 τρόπαια.
1395 1533 1442 1576 τὸ
1477 1533 1519 1576 δ’
1545 1532 1618 1591 ἄρ’
1643 1529 1690 1587 ἧν
1709 1536 1781 1575 τοῦ

336 1676 502 1711 ecclesia’'
528 1675 875 1722 (Adrianopolitanam
898 1676 1116 1722 designabat)
1142 1676 1226 1711 “illi
1249 1688 1345 1722 quem
1371 1677 1403 1710 ei
1426 1676 1608 1711 domestica
1630 1674 1708 1709 mihi
1724 1686 1786 1709 ne-

336 1723 540 1756 cessitudine
562 1723 740 1757 obnoxium
764 1724 949 1757 antistitem
973 1723 1143 1769 praefeci,
1175 1734 1235 1756 eas
1267 1723 1384 1768 copias
1406 1723 1599 1767 suppeditat
1632 1732 1720 1766 quae
1742 1721 1784 1754 ad

337 1780 398 1802 nos
421 1780 530 1813 aeque
552 1770 666 1802 ambos
692 1770 834 1814 alendos„
852 1770 986 1803 abunde
1016 1769 1093 1804 sint.
1105 1772 1123 1785 '³
1170 1769 1248 1802 talis
1278 1773 1360 1802 tunc
1382 1768 1546 1803 Germani
1575 1767 1642 1801 fuit
1663 1766 1786 1808 oratio,

340 1826 428 1858 quae
459 1814 524 1859 ipsi
559 1815 727 1848 obtulerat
757 1815 941 1860 imperator
971 1826 1135 1859 generose
1166 1815 1364 1851 recusantis.
1408 1815 1473 1848 fuit
1497 1818 1610 1848 autem
1634 1813 1664 1846 is
1685 1823 1785 1857 quem

339 1861 426 1893 dixit
459 1871 481 1893 a
511 1870 549 1893 se
582 1861 634 1893 sui
662 1864 734 1894 loco
769 1861 996 1905 praepositum
1037 1860 1202 1894 ecclesiae
1232 1859 1574 1904 Adrianopolitanae,
1609 1858 1714 1903 ipsius
1742 1868 1785 1891 ex

339 1907 447 1939 fratre
471 1905 524 1938 vel
547 1916 661 1939 sorore
682 1917 786 1951 nepos
809 1907 985 1946 Barlaami,
1009 1906 1074 1940 alio
1098 1906 1228 1940 nomine
1251 1905 1394 1938 Basilius
1417 1906 1537 1946 dictus,
1560 1915 1676 1938 eorum
1697 1914 1786 1948 quae

341 1952 385 1985 ad
414 1951 608 1995 religionem
645 1954 680 1985 et
719 1960 847 1985 sacram
886 1951 1093 1996 disciplinam
1133 1951 1348 1996 pertinebant
1388 1951 1563 1984 admodum
1602 1949 1786 1994 negligens.

316 2027 318 2029 .
342 1997 423 2041 (22)
447 2002 616 2031 caeterum
640 1997 756 2031 decori
777 1997 887 2031 cultus
909 1998 1079 2031 studiosus
1102 1997 1199 2041 equis
1221 1998 1392 2038 utebatur,
1413 1996 1581 2030 interdum
1605 2001 1641 2028 et
1662 1994 1787 2036 armis3

341 2044 376 2077 in
399 2054 465 2088 quo
490 2043 591 2077 etiam
613 2043 786 2077 ambitiose
807 2044 1069 2088 generositatem
1091 2047 1265 2076 ostentare
1287 2043 1442 2084 amabat,
1475 2043 1622 2076 cominus
1645 2052 1787 2084 congre-

343 2089 437 2122 diens
462 2100 535 2122 cum
559 2089 724 2123 hostibus.
771 2094 805 2122 et
826 2090 910 2123 haec
931 2089 1066 2134 quidem
1088 2088 1155 2122 iam
1183 2093 1253 2121 tum
1277 2091 1398 2133 patruo
1421 2088 1583 2130 vivente,
1605 2086 1786 2132 parvipen-

342 2135 426 2168 dens
458 2134 531 2167 eius
563 2140 731 2180 utcunque
764 2135 967 2170 contrarium
997 2135 1052 2168 vel
1072 2134 1230 2168 iudicium
1255 2134 1309 2166 vel
1331 2135 1535 2179 exemplum,
1568 2134 1679 2178 palam
1701 2130 1788 2166 acti'-

342 2183 419 2214 tare
442 2191 516 2213 cum
539 2187 744 2223 cerneretur,
766 2181 900 2226 impune
922 2181 1019 2224 tulit,
1046 2179 1179 2213 veniam
1199 2179 1338 2213 iuvenili
1363 2180 1495 2213 levitati
1515 2178 1628 2224 gravis
1651 2182 1686 2212 et
1699 2188 1786 2222 vgra-

343 2225 423 2259 tiosi
452 2226 540 2260 senis
572 2227 766 2261 conciliante
799 2226 1013 2261 verecundia.
1058 2231 1175 2271 postea
1207 2226 1450 2268 tamen‚⁴cum
1481 2227 1621 2259 aliorum
1652 2234 1787 2270 quoque
1836 2241 1850 2247 ἢ

342 2272 562 2316 impactorum
584 2273 652 2317 ipsi
676 2272 848 2306 criminum
869 2272 1042 2307 invidiosis
1076 2272 1345 2305 accusationibus
1367 2277 1594 2316 premeretur,
1618 2281 1706 2304 sene,>
1720 2269 1786 2303 iam

345 2317 503 2350 defuncto
536 2318 660 2352 citatus
691 2318 735 2352 ad
757 2318 931 2353 dicendam
962 2330 1118 2360 causam,
1154 2318 1265 2351 multis
1286 2318 1406 2351 diebus
1427 2318 1583 2351 simulata
1603 2316 1787 2350 insania-'et

344 2374 407 2407 per
429 2374 502 2396 eam
526 2375 644 2397 secura
676 2364 866 2408 ignorantia
895 2364 1097 2399 molitionum
1129 2375 1217 2408 quae
1245 2364 1282 2396 in
1304 2364 1410 2408 ipsum
1433 2365 1670 2403 struebantur,
1698 2360 1789 2395 ‘iudi-³

344 2408 430 2442 cium
454 2408 590 2442 eludere
618 2417 758 2443 conatus
779 2411 1002 2456 nequidquam
1037 2416 1111 2451 est,
1145 2410 1271 2453 synodo
1301 2409 1511 2444 nihilominus
1543 2407 1788 2454 depositionem

347 2454 418 2487 eius
441 2454 508 2488 rite
529 2455 751 2497 decernente3
774 2469 862 2501 quae
884 2468 939 2491 res
970 2455 1019 2489 illi
1041 2456 1284 2490 simulationem
1315 2455 1475 2490 excussit.
1519 2467 1596 2489 nam
1615 2455 1672 2488 iile
1695 2457 1789 2498 prius

345 2499 475 2533 scilicet
496 2501 604 2546 impos
625 2501 764 2544 mentis,
780 2510 858 2536 *nec
881 2508 941 2537 aut
961 2501 1071 2536 sciens
1102 2502 1182 2547 quid
1206 2503 1239 2535 in
1262 2513 1300 2535 se
1320 2503 1583 2547 pararetur-aut
1603 2500 1683 2545 quid
1707 2510 1790 2543 age-

350 2549 405 2579 ret
428 2546 552 2590 quidve
576 2552 771 2591 pateretur,
795 2554 834 2582 ut
855 2549 963 2582 videri
983 2549 1136 2588 volebat,
1159 2548 1254 2592 pensi
1277 2548 1414 2589 habens,
1437 2548 1551 2593 coepit
1572 2550 1712 2591 repente
1733 2557 1790 2579 sa-

347 2602 452 2644 pere,
476 2596 511 2625 et
533 2592 767 2637 imperatorem
798 2594 915 2628 adiens
943 2594 1074 2636 oravit,
1104 2594 1232 2627 sineret
1261 2605 1299 2627 se
1330 2594 1470 2639 obsequi
1487 2597 1632 2627 naturae
1651 2591 1800 2637 propria,

350 2647 459 2681 ipsum
482 2637 591 2671 indole
619 2637 654 2671 in
676 2649 746 2672 rem
768 2640 919 2673 bellicam
948 2639 1121 2681 trahenti;
1154 2644 1348 2674 auctoraret
1369 2651 1450 2683 ergo
1464 2650 1548 2673 sese
1571 2638 1682 2683 aliqua
1704 2637 1792 2671 mili-

352 2682 422 2716 tari
447 2685 684 2728 praefectura,
715 2695 783 2729 qua
815 2684 882 2730 ipsi
905 2685 1081 2730 praedito,
1110 2690 1154 2719 ut·
1173 2686 1296 2720 dudum
1318 2689 1518 2731 optaverat,
1541 2684 1661 2719 liceret
1681 2684 1793 2718 laces-

351 2739 428 2762 sere
459 2740 559 2763 manu
590 2730 704 2764 hostes
733 2734 769 2763 et
799 2731 842 2764 de
870 2731 912 2764 iis
943 2731 1026 2765 fusis
1049 2731 1223 2777 caesisque
1247 2732 1367 2766 crebra
1382 2736 1539 2765 statuere
1559 2733 1711 2776 tropaea.
1756 2728 1792 2762 id

351 2774 440 2818 quod
461 2775 656 2820 imperatori
678 2775 826 2810 audienti
858 2788 999 2820 gravem
1033 2782 1069 2811 et
1099 2779 1144 2812 ad
1173 2781 1356 2812 extremum
1375 2777 1588 2823 'supplicanti
1618 2776 1794 2810 exitiosam

352 2820 575 2866 suspicionem
597 2820 710 2856 movit.
757 2833 832 2856 nam
855 2826 1017 2868 reputans
1049 2826 1221 2868 Augustus
1250 2823 1333 2858 haec
1348 2823 1550 2868 >loquentem
1574 2823 1677 2857 facile
1706 2831 1793 2868 quae
