1884 3262
284 213 382 260 478
703 212 937 256 GEORGII
969 213 1225 258 PACHYME
1231 216 1314 259 RIS

284 322 438 378 συνάμ’
461 323 621 372 ε’κείνοις
638 325 704 366 καὶ
721 324 794 379 τὴν
814 326 1097 369 συνοίσουσαν.
1166 326 1209 368 τί
1229 326 1275 369 τὸ
1299 327 1510 382 ἔντεῦθενς
1543 325 1654 381 μάχη
1673 343 1733 376 τις

236 404 268 438 Ε
292 393 359 436 ἐπ’
392 392 440 434 οὐ
473 392 641 445 καιριόις
670 394 736 434 καὶ
773 396 993 448 φιλονεικία
1024 394 1275 436 συνίσταται.
1353 395 1399 437 τὸ
1426 397 1469 437 δὲ
1498 400 1571 449 τῆς
1598 394 1734 449 μάχης

289 458 508 516 κεφάλαιον
530 459 591 501 ὅτι
612 464 813 503 κινοῦνται
832 460 1029 517 δόγματα.
1097 461 1244 514 με’λεοι,
1283 459 1368 503 εἶτα
1388 460 1484 514 ῦμῖν
1502 465 1575 516 μέν
1597 466 1730 519 ἐφεῖτο

286 531 326 579 ἐς
351 527 412 571 ὅτι
435 526 651 583 χρήσασθε
678 526 876 584 δόγμασι,
918 532 984 572 καὶ
1016 529 1143 572 εἲσιτὰ
1178 530 1219 578 ἐς
1244 527 1354 571 οἷκον
1383 531 1545 583 κυρίου,
1581 531 1732 573 ταύτὸν

287 599 309 640 δ
325 596 335 611 ’
361 598 480 638 εἰπεῖν
501 598 564 637 καὶ
585 595 822 651 δογμάτων,
858 596 931 639 κᾶν
960 596 981 640 ὅ
1001 615 1038 640 τι
1061 598 1208 652 λέγοιτε
1222 610 1233 621 ·
1274 596 1411 647 ἄλλοις
1431 597 1473 639 δ’
1499 597 1572 641 οὐκ
1589 594 1639 653 ἦν
1655 615 1728 652 με·
1743 611 1764 646 5

283 669 470 719 μνῆσθαι
488 662 701 718 δογμάτων
719 665 1057 719 ἀπολογουμένοις
1080 667 1167 719 περὶ
1189 663 1418 720 δογμάτων,
1456 664 1531 707 κᾶν
1546 670 1730 720 μεμνῶν-

285 751 351 775 ται
384 731 719 788 ἀναγκαζόμενοι,
768 733 940 776 ἀδικοῖεν
970 733 1054 788 ἄνς
1101 733 1176 787 ἐγὼ
1211 735 1284 786 μὲν
1321 733 1394 775 οὐκ
1425 731 1550 786 οἶμαι.
1629 734 1733 788 πλὴν

283 801 399 855 μέχρι
418 803 482 842 καὶ
502 800 636 843 αὐτῶν
656 805 876 853 βασιλικῶν
894 802 1027 844 ἀκοῶν
1058 803 1160 850 τινὲς
1189 801 1337 855 ἀνῆγον
1360 800 1407 843 τὸ
1428 801 1602 856 ἔγκλημα
1614 833 1628 853 ,
1666 802 1737 843 καί

144 884 174 917 P
198 882 264 917 327
286 869 329 925 γ’
351 866 560 923 εἰρηνεύειν
577 867 859 923 ὑπισχνοῦντο,
889 872 923 912 εἲ
942 869 1133 922 βασιλεὺς
1155 868 1288 925 ῥητῶς
1303 866 1557 924 ιπροστάσσοι
1578 868 1637 924 μὴ
1657 873 1733 911 λα-

284 942 365 980 λεῖν
384 937 471 979 τινὰ
494 935 704 992 δόγματα,
750 936 823 979 κᾶν
843 935 909 979 οἶα
933 941 998 979 καὶ
1023 937 1132 986 ὅπως
1160 938 1278 992 λε’γοι.
1350 934 1371 978 ὅ
1392 937 1529 990 μέντοι
1546 954 1588 992 γε
1609 943 1732 991 βασι·
1745 947 1789 981 10

285 1006 375 1055 λεύς
402 1006 536 1047 θέλων
564 1006 638 1059 μὲν
671 1007 737 1046 καὶ
775 1006 846 1059 τὴν
877 1004 1036 1060 εἰρήνην
1067 1006 1245 1057 ἐκείνων,
1293 1006 1563 1060 δυσχεραίνων
1595 1006 1638 1047 δὲ
1667 1007 1733 1047 καὶ

283 1074 358 1127 τὴν
384 1073 564 1126 αἴτησιν,
611 1074 813 1115 ἐκτίθεται
845 1072 1030 1127 δόγματα
1054 1072 1288 1127 γράμμασι,
1327 1075 1475 1114 δοκοῦν
1500 1073 1573 1125 μὲν
1591 1073 1732 1129 ἀσφα-

286 1143 351 1190 λὲς
380 1143 519 1196 σφίσιν
545 1139 615 1196 ἐφ’
648 1135 755 1198 ᾧπερ
785 1143 962 1196 ζητοῖεν,
1002 1141 1132 1190 ἄλλως
1160 1140 1207 1181 δ’
1241 1139 1397 1195 ἔλεγχον
1424 1139 1729 1195 προϊσχόμενον.

285 1213 387 1252 θεοῦ
410 1207 501 1264 γάρ,
538 1208 657 1263 ἔλεγε,
691 1210 987 1263 μνημονευτέον
1006 1213 1162 1263 μᾶλλον
1183 1206 1207 1261 ἢ
1228 1207 1534 1251 ἀναπνευστέον.
1599 1208 1732 1264 δόγμα

284 1277 366 1334 ἄρα
385 1274 522 1331 μνήμη
546 1280 662 1320 θεοῦ.
733 1277 778 1319 τὸ
799 1277 937 1332 μέντοι
958 1294 1000 1332 γε
1032 1280 1112 1319 τῶν
1143 1279 1312 1332 γραφῶν
1350 1276 1621 1332 παρεκκλίνειν
1650 1294 1728 1319 κω·
1743 1286 1786 1321 15

373 1396 407 1431 4.
428 1394 665 1442 χρήσασθαιῒ

281 1511 359 1546 inde
388 1515 601 1545 consecutum
631 1512 709 1546 est?
743 1511 923 1546 conflatum
953 1522 1071 1555 nempe
1097 1513 1265 1544 certamen
1287 1509 1555 1555 intempestivum
1578 1508 1732 1544 commis-

281 1568 420 1602 sumque
441 1557 602 1601 iurgium,
626 1558 754 1591 acriter
777 1558 1041 1603 repugnantibus
1067 1557 1174 1590 Vecco
1199 1555 1369 1601 plurimis3
1403 1567 1542 1601 quorum
1565 1555 1599 1589 in
1620 1555 1730 1601 ipsum

226 1629 228 1632 .
279 1603 493 1648 querelarum
524 1603 588 1636 hoc
622 1608 725 1648 caput
753 1609 829 1637 erat
857 1603 946 1648 quod
978 1613 1039 1647 per
1073 1614 1147 1635 eum
1181 1607 1394 1635 moverentur
1425 1603 1599 1646 dogmata,
1641 1601 1730 1646 quod

280 1653 349 1682 tam
373 1648 446 1693 ipse
475 1660 574 1692 quam
609 1649 640 1682 ei
668 1649 891 1683 adhaerentes
923 1648 1012 1682 rixas
1042 1647 1160 1681 inanes
1195 1652 1358 1682 sererent.
1404 1647 1574 1682 addebant
1605 1646 1731 1680 “liceat
1771 1663 1774 1665 v

278 1706 361 1729 sane
384 1694 541 1738 privatim
562 1694 645 1728 istas
668 1694 756 1728 inter
778 1706 840 1728 vos
863 1695 906 1727 de
922 1694 1081 1738 dogmate
1104 1694 1235 1737 agitare
1255 1693 1512 1735 controversias,
1534 1692 1594 1727 sed
1620 1693 1731 1726 absti-

279 1744 360 1774 nete
383 1740 425 1773 ab
448 1739 501 1773 his
536 1739 619 1773 rixis
649 1739 900 1774 introducendis
922 1740 956 1773 in
980 1740 1110 1772 domum
1132 1738 1303 1781 domini‚''
1326 1739 1428 1783 quasi.
1445 1739 1598 1772 dicerent
1627 1741 1730 1771 “sen-

278 1786 345 1820 tire
377 1796 438 1818 vos
469 1790 504 1818 et
533 1785 625 1829 loqui
650 1786 805 1829 privatim
838 1786 880 1819 de
911 1786 1125 1828 dogmatibus
1156 1788 1195 1818 ut
1232 1783 1358 1825 vultis,
1404 1784 1509 1818 fuerit
1539 1783 1729 1817 tolerabile.

277 1830 360 1864 illud
384 1831 621 1873 deprecamur=
645 1834 834 1876 temperate
856 1831 899 1864 ab
923 1832 974 1864 bis
1006 1830 1306 1874 disceptationibus
1330 1829 1505 1874 vulgandis
1530 1835 1566 1863 et
1589 1830 1731 1863 turban-

277 1877 323 1910 da
345 1875 559 1919 simplicitate
581 1875 675 1909 rudis
698 1876 812 1920 populi
835 1877 921 1909 bona
943 1876 1011 1909 fide
1034 1875 1165 1909 traditis
1196 1875 1472 1920 acquiescentis.’'
1519 1875 1583 1908 hae
1606 1875 1730 1908 multo-

277 1933 351 1956 rum
381 1932 482 1955 voces
514 1921 736 1954 audiebantur
771 1922 947 1955 occasione
987 1921 1188 1965 scriptorum
1223 1920 1347 1962 Vecci,
1378 1920 1414 1953 in
1445 1920 1567 1965 quibus
1590 1925 1625 1953 et
1648 1919 1729 1952 illud

277 1967 415 2012 quidam
437 1967 746 2011 reprehendebant,
777 1967 866 2011 quod
889 1966 923 2000 in
946 1966 988 2000 iis
1011 1966 1124 2010 iniqua
1155 1965 1344 1999 conditione
1381 1970 1549 2000 certamen
1571 1976 1646 1999 cum
1668 1965 1731 1998 ad-

276 2011 438 2047 versariis
459 2017 673 2056 capesseret,
698 2012 887 2057 disceptans
908 2012 982 2056 ipse
1004 2012 1046 2045 de
1068 2013 1243 2055 dogmate,
1274 2022 1341 2055 qua
1372 2010 1416 2044 de
1447 2023 1485 2044 re
1506 2011 1636 2045 sciebat
1655 2009 1730 2044 aliis

280 2057 449 2094 silentium
470 2057 639 2092 indictum.
685 2058 721 2091 in
745 2069 811 2102 quo
834 2059 863 2091 si
887 2069 945 2091 eos
967 2057 1134 2091 lacessere
1158 2063 1325 2101 pergeret,
1349 2061 1384 2090 et
1406 2056 1431 2089 ii
1454 2068 1515 2101 pro
1538 2055 1730 2090 necessaria

280 2103 551 2149 propugnatione
572 2108 730 2149 receptae
755 2103 928 2137 doctrinae
954 2103 1151 2136 mentionem
1181 2102 1213 2135 in
1237 2102 1467 2147 respondendo
1490 2103 1605 2136 facere
1628 2113 1730 2146 coge-

278 2154 397 2183 rentur
430 2149 643 2192 dogmatum‚
676 2161 719 2183 an
751 2153 868 2183 contra
897 2148 1112 2182 interdictum
1143 2152 1283 2191 agerent
1305 2153 1341 2181 et
1363 2148 1435 2181 iure
1461 2146 1730 2185 mulctarentan

279 2195 433 2240 equidem
457 2195 546 2228 haud
569 2195 779 2228 crediderim.
824 2194 907 2228 illud
931 2193 1002 2228 scio
1020 2219 1030 2235 ,
1062 2193 1212 2238 perlatas
1242 2204 1349 2238 usque
1380 2193 1422 2227 ad
1447 2204 1547 2227 aures
1569 2191 1730 2238 principis

279 2240 511 2274 accusationes
544 2252 584 2274 eo
618 2242 747 2275 nomine
780 2239 941 2274 adversus
973 2241 1117 2273 Veccum
1152 2250 1173 2272 a
1193 2238 1381 2280 nonnullis,
1417 2239 1648 2284 pollicentibus
1671 2249 1730 2271 ac-

279 2285 454 2330 quieturos
477 2297 552 2319 sese
574 2297 673 2331 porro
695 2287 761 2320 iam
782 2286 921 2320 statutis
952 2290 987 2319 et
1018 2285 1052 2318 in
1073 2296 1157 2329 pace
1180 2284 1358 2330 tranquille
1387 2285 1610 2329 perstituros,
1632 2282 1729 2317 modo

279 2331 407 2364 diserte
437 2336 571 2365 vetaret
601 2332 786 2377 imperator
819 2342 862 2365 ne
891 2331 1067 2375 quisquam
1099 2330 1134 2364 in
1165 2331 1208 2364 iis
1240 2343 1327 2376 quae
1357 2330 1517 2375 deinceps
1549 2330 1730 2364 ederentur

279 2376 418 2420 scriptis
447 2377 566 2420 dogma
597 2377 705 2422 ipsum
731 2376 934 2421 attingeret,
967 2387 1084 2421 pacem
1115 2377 1203 2410 tueri
1235 2389 1276 2411 ac
1310 2379 1403 2409 recte
1434 2376 1589 2420 iusteque
1610 2375 1729 2409 initam

280 2421 545 2467 quibuscumque
568 2422 642 2456 aliis
665 2423 769 2456 vellet
794 2434 834 2457 ac
868 2430 983 2468 posset
1004 2422 1211 2465 argumentis
1233 2422 1417 2456 defendere
1445 2426 1631 2455 contentus.
1677 2420 1730 2454 his

277 2467 401 2502 auditis
431 2467 635 2512 imperator,
671 2469 729 2512 qui
764 2473 799 2502 et
828 2469 911 2503 istos
942 2479 980 2502 se
1012 2469 1318 2513 quomodocumque
1350 2467 1520 2501 continere
1551 2467 1586 2500 in
1608 2478 1671 2500 usu
1693 2470 1730 2500 et

278 2513 433 2558 amplexu
466 2513 558 2557 pacis
590 2525 790 2558 magnopere
824 2516 978 2558 optaret,
1010 2525 1073 2547 nec
1105 2516 1217 2547 tamen
1248 2513 1409 2558 probaret
1439 2513 1528 2557 quod
1556 2513 1730 2558 petebant,

278 2558 445 2602 ingratam
476 2558 670 2602 petitionem
703 2560 802 2593 elusit
825 2559 989 2603 vulgando
1022 2559 1175 2603 ambiguo
1208 2560 1338 2600 edicto,
1373 2571 1439 2604 quo
1461 2570 1536 2592 cum
1558 2557 1730 2592 videretur
1768 2585 1775 2591 .

278 2615 417 2639 securos
448 2614 506 2638 eos
529 2608 688 2648 quantum
711 2616 796 2648 opus
819 2611 894 2639 erat
916 2605 1058 2639 reddere
1080 2616 1183 2650 super
1202 2617 1242 2639 eo
1265 2604 1354 2650 quod
1378 2607 1634 2649 proposuerant,
1657 2603 1729 2637 cal-

277 2651 349 2684 lide
372 2660 410 2683 se
432 2654 544 2683 tamen
578 2650 788 2683 subducebat
819 2650 964 2684 invidiae
995 2651 1207 2696 querelisque
1227 2650 1338 2704 partis
1361 2650 1569 2691 contrariae3
1592 2648 1672 2693 quin
1694 2649 1729 2683 ei

277 2696 378 2730 etiam
401 2706 438 2729 se
461 2695 712 2729 commendabat
746 2706 870 2730 arcana
892 2697 1056 2730 submista
1087 2696 1303 2740 sugillatmne
1332 2696 1448 2729 horum
1469 2695 1616 2740 ipsorum
1642 2706 1729 2739 quos

278 2742 414 2786 placare
437 2744 518 2775 tunc
541 2740 628 2774 velle
650 2740 837 2774 videbatur.
884 2741 969 2775 haec
993 2742 1079 2776 enirn
1104 2745 1178 2776 erat
1201 2741 1304 2776 edicti
1325 2740 1511 2775 sententia:
1535 2740 1589 2774 dei
1611 2741 1734 2786 utique>

278 2786 477 2821 mentionem
500 2786 574 2831 pari
602 2796 675 2819 cum
697 2785 920 2830 respiratione
942 2787 1132 2832 frequentia
1150 2787 1270 2821 iterari
1291 2787 1345 2821 ius
1359 2787 1476 2831 fasque
1493 2797 1580 2821 esse.
1620 2797 1728 2832 quare

276 2833 464 2878 dogmatis,
496 2832 587 2878 quod
609 2830 664 2867 dei
694 2830 856 2866 memoria
884 2832 1112 2868 contineretur
1127 2856 1139 2875 ,
1170 2832 1410 2878 professionem
1441 2831 1526 2867 adeo
1549 2843 1616 2867 non
1646 2843 1668 2867 a
1689 2842 1728 2867 se
