1884 3262
282 213 405 261 ,766
486 210 726 256 OBSERV.
760 209 997 254 PACHYM.
1031 209 1136 253 ΠΒ.
1154 207 1231 253 111.
1261 200 1625 254 CHRONOLOG.

319 321 402 384 &2¹53
436 319 604 382 „Ruffissssxa
626 317 808 379 {ffiaggg'

436 387 531 416 Mart.
549 386 603 415 lv.
641 384 784 414 Palaeol.

304 424 410 469 1281

176 1359 425 1433 Μῶα-ἒξ

510 427 538 466 2

514 1368 606 1416 δβ

682 425 739 465 22

691 1379 746 1425 23

839 317 1068 357 Michaelem
1096 317 1258 358 intorsit
1290 318 1567 358 constitutione
1587 318 1767 372 promul·-

839 381 929 426 gata
951 375 1184 414 Urbeveteri
1197 374 1247 418 14
1263 375 1419 419 kalend.
1437 375 1657 417 Decembris
1674 376 1768 417 anni

841 432 903 470 sui
922 432 1174 484 pontificatus
1191 433 1321 484 primi,
1337 431 1415 471 hoc
1428 438 1488 471 est
1508 431 1625 471 huius
1646 435 1766 476 1281.

841 501 941 539 quae
976 494 1087 526 extat
1115 488 1222 540 apud
1254 489 1492 538 Odoricum,
1536 495 1576 527 et
1599 489 1643 527 in
1660 489 1768 532 Lect.

840 545 1002 595 Antiqu.
1033 545 1195 594 Canisii-,
1234 551 1274 584 et
1300 545 1343 584 in
1368 545 1542 587 Bullario
1569 550 1664 586 tom.
1684 548 1710 589 1
1726 545 1770 585 in

840 602 1014 641 Martino
1038 602 1102 642 IV.
1135 601 1319 654 Pachym.
1343 604 1368 644 6
1398 605 1475 650 30.‘

899 658 1061 696 Carolus
1088 670 1161 697 rex
1203 659 1355 697 Siciliae
1391 657 1556 699 detectis
1594 656 1772 710 pontifici

842 715 1016 754 artificiis
1043 715 1302 763 Graecorum,
1334 715 1561 753 facultatem
1588 714 1774 766 impetrat

839 772 988 811 bellum
1019 771 1215 810 inferendi
1242 770 1441 821 Michaeli‚
1487 771 1605 822 idque
1637 783 1774 822 aggre-

846 828 955 867 ditur
982 829 1212 878 infeliciter,
1252 828 1373 879 copiis
1403 828 1485 866 eius
1511 827 1618 880 apud
1641 826 1776 869 Bella-

841 885 963 938 grada
988 885 1217 937 profligatis,
1247 888 1272 926 6
1302 888 1367 926 32.

899 941 1013 980 Anna
1040 955 1145 980 uxor
1172 940 1388 980 Andronici
1406 939 1571 991 Augusti
1592 938 1774 981 moritur.

845 1001 869 1040 6
900 1000 966 1040 28.
1017 998 1231 1049 imperator
1250 997 1415 1036 Michael
1435 996 1640 1048 indignans
1659 996 1709 1035 ob
1727 1008 1776 1035 ea

845 1068 944 1105 quae
970 1055 1150 1093 audierat
1169 1056 1212 1093 in
1229 1068 1269 1092 se
1289 1054 1393 1092 dicta
1417 1055 1600 1104 factaque
1620 1066 1641 1090 a
1665 1051 1777 1091 Mar-

844 1111 931 1150 tino
964 1125 1085 1163 papa,
1127 1111 1209 1149 eius
1233 1112 1338 1149 inter
1359 1124 1469 1148 sacra
1492 1122 1778 1148 commemora-

846 1167 996 1205 tionem
1016 1167 1211 1218 prohibet.
1268 1164 1399 1206 t'amen
1424 1179 1467 1205 re
1489 1165 1627 1203 melius
1646 1165 1777 1203 consi-

849 1223 985 1261 derata
1000 1224 1207 1274 persistere
1224 1224 1325 1262 iniis
1344 1235 1442 1273 quae
1462 1222 1691 1261 decreverat
1699 1233 1777 1273 pro

848 1292 943 1332 pace
973 1280 1223 1318 ecclesiarum
1239 1279 1390 1323 statuit.
1422 1282 1447 1320 6
1481 1281 1546 1320 30.

905 1383 1098 1420 Lazorum
1128 1382 1308 1434 princeps
1336 1381 1501 1419 Ioannes
1523 1379 1697 1418 studiose
1712 1378 1782 1418 in-

848 1439 998 1479 vitatus
1029 1439 1076 1477 ab
1106 1438 1343 1490 imperatore
1374 1435 1584 1486 Michaele,
1626 1441 1666 1474 et
1684 1441 1781 1474 tan-

851 1496 940 1534 dem
969 1495 1166 1534 adductus
1198 1494 1248 1533 ad
1275 1494 1506 1533 affinitatem
1530 1507 1619 1531 cum
1641 1505 1686 1531 eo
1705 1491 1782 1535 ad·-

850 1552 1107 1602 mittendmn,
1144 1552 1265 1590 filiam
1300 1549 1496 1589 Michaelis
1531 1548 1782 1601 imperatoris

851 1610 961 1648 ducit
984 1622 1151 1647 uxorem
1181 1606 1522 1659 Constantinopoli
1554 1617 1687 1645 mense
1711 1606 1782 1645 Se-

849 1666 1054 1719 ptembriS.
1086 1669 1110 1708 6
1145 1665 1212 1707 34.

907 1723 1070 1775 Ioannes
1080 1722 1365 1761 sebastocrator
1375 1721 1417 1759 in
1427 1720 1703 1772 imperatorem
1716 1729 1788 1759 re·-

850 1779 998 1820 bellans
1010 1786 1136 1818 terras
1147 1779 1226 1817 eius
1237 1777 1525 1822 incursionibus
1535 1781 1668 1817 vexat.
1681 1777 1707 1816 6
1717 1774 1786 1817 35.

911 1837 1059 1875 Contra
1097 1849 1186 1874 eum
1213 1836 1426 1888 imperator
1461 1831 1661 1872 Tocharos
1689 1843 1788 1872 evo-

856 1899 930 1931 cat.
959 1893 1010 1930 ib.

912 1948 1045 1987 Mense
1074 1946 1286 1990 Novembri
1307 1952 1441 1986 movet
1465 1945 1680 1997 imperator
1695 1954 1787 1982 cum

859 2005 1039 2045 exercitu
1055 2017 1289 2042 occursurus
1311 2002 1498 2042 Tocharis
1523 2014 1621 2052 quos
1641 2012 1788 2039 evoca-

859 2067 995 2115 verat,
1034 2067 1074 2099 et
1106 2073 1243 2102 versus
1274 2059 1480 2098 Thraciam
1511 2052 1786 2110 progreditur,

861 2117 1036 2169 Augusta
1064 2118 1213 2159 frustra
1235 2117 1480 2155 reclamante.
1511 2127 1545 2156 c.
1569 2112 1635 2155 35.

918 2176 1134 2213 Conscensa
1176 2186 1277 2212 nave
1319 2172 1561 2225 periclitatus
1602 2168 1643 2207 in
1686 2165 1788 2208 mari

862 2231 1029 2271 Michael
1070 2231 1284 2283 imperator
1321 2243 1410 2268 cum
1449 2225 1676 2267 Andronico
1698 2223 1788 2263 'filio

865 2302 975 2340 aegre
1003 2288 1164 2327 tandem
1183 2286 1449 2325 Rhaedestum
1468 2282 1639 2337 appellit.
1694 2279 1807 2320 inde‘

865 2346 1024 2397 Allagen
1049 2351 1156 2383 terra
1176 2349 1390 2396 provectus
1417 2340 1554 2394 positis
1574 2339 1629 2378 ibi
1653 2336 1792 2376 castris

864 2403 1050 2454 languore
1081 2407 1284 2453 correptus
1311 2407 1370 2438 est
1388 2428 1398 2448 ,
1452 2411 1501 2436 ex
1531 2409 1608 2448 quo
1643 2393 1706 2434 die
1737 2395 1787 2437 11

867 2458 1084 2497 Decembris
1116 2459 1215 2497 feria
1248 2463 1359 2499 sexta
1384 2453 1546 2494 decessit
1563 2483 1575 2504 ,
1621 2451 1663 2490 in
1697 2459 1790 2502 agro·

865 2515 1064 2555 Pachumii
1092 2514 1218 2565 dicto,
1258 2520 1305 2552 ut
1332 2512 1430 2552 fides
1456 2515 1609 2563 pateret
1628 2505 1789 2555 oraculi,

867 2573 977 2611 cuius
997 2578 1180 2611 eventum
1201 2576 1378 2610 avertere
1395 2571 1620 2607 tentaverat
1637 2562 1791 2603 Pacho-

867 2630 944 2668 mio
965 2629 1223 2677 excaecando,
1252 2633 1299 2667 ut
1322 2625 1499 2680 superius
1513 2637 1548 2667 c.
1564 2621 1620 2666 24
1635 2618 1792 2672 Pachy-

867 2699 991 2725 meres
1013 2691 1258 2726 narraverat.
