1884 3262
212 205 309 249 326
630 198 863 243 GEORGII
895 197 1242 243 PACHYMERIS

75 323 103 356 P
128 323 194 357 220
217 313 494 369 λαμβάνοντες
522 309 673 361 τόπους
697 310 763 361 ὀἷς
792 311 918 353 αὐτὸν
943 309 1071 369 ᾤοντο
1105 308 1333 364 σώζεσθαι,
1380 312 1479 356 ὅθεν
1510 314 1576 354 καὶ
1603 313 1661 369 τιζ
1682 308 1685 311 ’

218 385 440 436 ἀποχωρεῖν
472 379 544 433 μὲν
574 384 773 435 προσῆγεν
802 380 999 431 ἐκείνους,
1045 383 1103 437 τῷ
1131 379 1179 421 δέ
1206 396 1248 434 γε
1271 381 1417 423 δειλίαν
1457 381 1663 438 ἐμφαίνειν

216 448 579 506 θαρραλεωῒὲρους
604 449 724 490 ἐποίει
749 446 1042 504 προσβάλλειν·
1085 452 1142 504 τῷ
1170 447 1247 504 γὰρ
1278 447 1425 502 πλήθει
1452 456 1662 507 περιῆσαν,

219 520 283 561 καὶ
317 516 568 571 κατημέλουν
598 514 821 565 διώκοντες.
892 514 947 565 ὡς
976 516 1020 557 δὲ
1050 512 1171 570 κόρον
1203 518 1348 566 ἐκεῖνος
1375 516 1575 572 ἐλάμβανε
1593 525 1666 575 τῆς

220 587 434 641 ἀποφυγῆς
453 586 520 627 καὶ
542 585 593 626 τὰ
613 585 691 635 ἔξω
711 581 1049 640 προσυπιόπτευεν
1071 583 1150 639 ἤδη
1173 588 1254 626 τῶν
1278 583 1467 629 ἁπάντων
1488 593 1699 643 καταλη-5

223 655 436 711 φθέντων,
474 653 574 708 ἴγνω
601 655 784 709 φρουρίῳ
816 651 961 694 ἑαυτὸν
990 656 1225 704 πιστεῦσαι,
1270 654 1336 697 καὶ
1364 654 1498 709 φέρων
1523 654 1668 699 ἑαυτὸν

173 732 201 764 Β
227 730 315 772 ταῖς
345 719 534 777 Πάτραις
565 720 693 779 ὀχυρᾷ
724 719 834 763 πόλει
865 722 930 761 καὶ
955 720 996 761 ἔκ
1021 716 1319 777 νέουσυστιὶσῃ
1345 723 1486 765 δίδωσι
1509 725 1575 765 καὶ
1603 743 1671 766 πι-

224 788 352 834 στεύει
383 787 764 846 φυλαχθησόμενος.
835 789 899 830 καὶ
922 787 942 830 ὃ
963 789 1037 840 μὲν
1057 789 1295 843 καταφυγὴν
1319 788 1468 846 ὀχυρὰν
1490 785 1577 846 εὗρε
1598 792 1673 841 τὰς

225 857 418 914 Πάτρας,
456 857 493 898 οἳ
522 857 561 898 δ’
599 857 705 912 ἀμφὶ
735 856 806 900 τὸν
833 853 1032 910 δεσπότην
1056 855 1262 909 μαθόντες
1289 857 1363 911 τὴν
1395 856 1511 901 πόλιν
1541 856 1673 917 κύκλῳ

225 927 566 981 azymae-ligamen
639 927 704 966 καὶ
735 926 876 977 συχναὶ
907 925 1008 979 πρὸς
1034 924 1132 973 ,τοὺς
1160 925 1272 974 ἐντὸς
1302 923 1563 980 διαμηνῦσεις
1591 928 1730 983 gyri-10

227 1012 344 1038 νοντο
371 998 443 1036 τοῦ
468 991 688 1044 δεσπότου,
726 991 884 1040 ἑαυτοῖς
902 993 974 1044 μὲν
995 999 1177 1048 προνοεΐν
1199 998 1279 1035 τῶν
1301 995 1545 1047 βελτίστων,
1575 997 1676 1038 ἐκεῖ-

228 1080 298 1105 νον
332 1063 375 1103 δὲ
404 1058 666 1113 παραδόντας
693 1059 918 1111 σώζεσθαι·
955 1059 1010 1114 μὴ
1041 1059 1117 1115 γὰρ
1147 1060 1370 1115 ἀποχωρεῖν
1399 1062 1572 1114 ἐκεῖθεν,
1616 1063 1676 1117 μὴ

234 1130 389 1173 ἄλλοθί
420 1146 498 1170 που
537 1130 792 1183 τραπέσθαι,
839 1128 897 1181 μὴ
939 1129 1152 1183 φροντίσαι
1187 1129 1239 1170 τὰ
1269 1129 1382 1183 πέριξ
1410 1132 1577 1172 καιόντα
1610 1134 1678 1173 καὶ

234 1197 383 1254 ἀγροὺς
414 1195 752 1238 κατασκάπτοντα
779 1198 843 1237 καὶ
873 1195 1112 1248 ἀμπελῶνας
1137 1196 1356 1250 τέμνοντα,
1391 1199 1458 1239 καὶ
1478 1199 1589 1248 τέλος
1612 1201 1678 1241 καὶ

183 1276 212 1310 C
239 1266 376 1315 αὐτοῖς
408 1263 462 1314 ὥς
490 1265 694 1319 πολεμίοις
719 1261 928 1320 χρώμενον
954 1262 1085 1306 τέλεον
1112 1264 1337 1320 ἀφανίζειν,
1375 1264 1448 1308 κᾶν
1467 1265 1545 1324 ὅπῃ
1567 1269 1634 1309 καὶ
1655 1265 1733 1311 ὃ15

236 1407 311 1431 eum
344 1394 502 1428 abscondi
536 1395 589 1428 vel
622 1394 742 1438 exigua
771 1393 916 1439 suspicio
951 1405 1026 1428 esse
1056 1396 1179 1439 posset.
1226 1395 1313 1429 uude
1343 1406 1418 1429 cuin
1448 1397 1504 1429 ille
1533 1395 1682 1431 latebras

235 1441 374 1476 subinde
404 1445 536 1473 mutans
569 1440 724 1473 continuo
755 1440 910 1483 fugeret,
939 1441 1097 1474 trahebat
1125 1443 1203 1485 post
1235 1453 1272 1475 se
1305 1442 1437 1483 hostes,
1468 1442 1611 1476 ulterius
1635 1442 1684 1476 sic

237 1498 368 1531 semper
389 1486 424 1519 in
448 1486 518 1519 eius
544 1485 681 1519 ditionis
704 1496 779 1519 sese
800 1491 1035 1530 promoventes
1055 1486 1193 1520 intima:
1217 1498 1302 1531 quos
1322 1487 1378 1521 ille
1400 1488 1474 1532 ipse
1500 1488 1685 1521 manifestis

238 1532 466 1578 deprehensus
490 1531 621 1565 indiciis
646 1530 740 1564 ducis
777 1531 938 1575 fugientis
969 1531 1069 1565 timor
1091 1532 1285 1566 audaciores
1309 1531 1438 1567 scilicet
1468 1532 1503 1566 in
1526 1544 1564 1566 se
1586 1533 1685 1567 inve-

239 1578 347 1612 hendo
381 1576 549 1618 faciebat,
580 1578 685 1610 fretos
717 1576 831 1621 utique
862 1588 928 1621 qua
963 1577 1053 1610 clare
1085 1578 1325 1621 praevalebant
1361 1577 1592 1621 multitudine,
1622 1589 1686 1612 nec

240 1633 443 1667 magnopere
476 1621 718 1655 formidandum
749 1621 929 1667 quidquam
960 1622 1166 1656 arbitrantes
1203 1624 1245 1657 ab
1278 1636 1318 1657 eo
1342 1623 1401 1668 qui
1424 1623 1553 1658 viribus
1577 1624 1686 1668 palam

241 1669 417 1707 diffidens,
450 1678 527 1712 spes
558 1668 676 1701 salutis
699 1678 811 1700 omnes
833 1671 867 1701 in
889 1669 970 1711 suga
1002 1672 1192 1713 reponeret.
1240 1672 1278 1702 ut
1302 1674 1413 1702 autem
1435 1669 1519 1702 satis
1542 1669 1688 1714 denique

240 1715 330 1748 illum
364 1713 540 1747 desultorii
572 1712 698 1746 erroris
732 1719 768 1746 et
800 1714 902 1757 fugae
923 1713 1074 1747 infinitae
1100 1714 1249 1748 taedium
1272 1714 1385 1759 cepit,
1415 1714 1577 1760 simulque
1605 1726 1688 1748 cun-

244 1759 409 1793 ctantium
431 1760 473 1791 ab
498 1758 624 1791 exteris
646 1758 843 1792 auxiliorum
865 1759 1056 1803 suspicatus
1078 1759 1273 1794 coniectura
1297 1771 1449 1802 causam,
1484 1761 1526 1797 ab
1553 1760 1690 1797 univer-

243 1806 289 1838 sis
313 1806 377 1838 iam
401 1815 437 1837 se
476 1804 577 1837 sociis
600 1803 796 1837 derelictum
826 1804 1011 1846 intellexit,
1045 1805 1115 1838 arci
1138 1805 1279 1849 cuipiam
1305 1805 1449 1839 munitae
1473 1809 1575 1850 caput
1597 1805 1690 1839 salu-

244 1857 379 1895 temque
411 1849 580 1882 confidere
609 1849 770 1882 decrevit.
819 1861 900 1892 ergo
938 1861 975 1883 se
997 1850 1122 1883 Patras
1156 1851 1329 1884 conferens
1363 1851 1572 1895 (praevalida
1606 1851 1690 1884 haec

247 1900 323 1929 erat
357 1898 394 1928 et
424 1894 681 1939 propugnaculis
704 1905 822 1928 recens
851 1895 990 1928 structis
1013 1895 1230 1929 munitissima
1253 1896 1389 1939 civitas)
1419 1907 1459 1929 eo
1482 1907 1520 1929 se
1542 1894 1690 1938 inclusit,

246 1942 401 1975 idoneum
424 1940 459 1972 id
484 1939 685 1984 praesidium
708 1944 802 1973 ratus
826 1940 878 1973 cui
903 1952 1061 1974 summam
1084 1951 1193 1974 rerum
1220 1945 1255 1974 ct
1286 1940 1444 1986 reliquias
1476 1942 1632 1975 fortunae
1654 1941 1692 1974 in

249 1993 398 2020 extremo
421 1985 609 2018 discrimine
633 1984 868 2018 custodiendas
892 1991 986 2028 recte
1008 1986 1193 2026 crederet„
1219 1989 1255 2019 at
1287 1986 1429 2031 despota
1459 1986 1602 2022 Ioannes
1633 1986 1693 2032 qui

248 2038 404 2077 tanquam
428 2031 582 2074 indagine
605 2031 750 2064 clausam
773 2032 877 2064 seram
900 2037 1041 2065 venator
1064 2031 1209 2076 undique
1232 2032 1403 2075 vestigans
1434 2032 1560 2066 nullum
1593 2033 1694 2066 finem

249 2076 431 2123 quaerendi
458 2076 591 2109 Ioannis
621 2076 714 2108 ducis
744 2076 845 2121 inque
876 2088 967 2110 suam
1002 2077 1200 2121 potestatem
1233 2077 1389 2121 redigere
1422 2078 1565 2111 conandi
1585 2077 1694 2112 facie-

249 2125 330 2164 bat,
362 2122 420 2156 ubi
452 2122 520 2155 cito
552 2121 706 2165 cognovit
728 2122 843 2155 Patris
866 2133 938 2155 eum
961 2122 1141 2163 inclusum,
1169 2133 1208 2155 eo
1234 2123 1408 2168 confestim
1432 2123 1613 2161 exercitum
1637 2135 1696 2157 ra·-

250 2169 344 2214 piens
378 2177 502 2201 corona
535 2168 651 2200 urbem
674 2166 916 2209 circumdedit,
940 2179 1044 2212 prono
1068 2169 1110 2201 ad
1133 2168 1166 2201 id
1191 2179 1267 2202 usus
1290 2169 1398 2202 studio
1423 2169 1542 2202 ducum
1565 2181 1606 2202 ac
1630 2169 1696 2203 mi-

250 2215 365 2255 liturn,
390 2224 472 2257 quos
497 2217 532 2246 ct
553 2213 648 2257 ipsos
681 2212 760 2246 belli
783 2224 848 2257 uno
879 2213 914 2247 in
948 2214 1059 2258 capite
1093 2213 1251 2258 patrandi
1285 2214 1486 2259 percupidos
1518 2214 1696 2248 alacritate

254 2259 453 2304 proliciebat
484 2259 526 2291 ad
558 2257 817 2292 contendendum
853 2259 934 2292 mira
962 2259 1038 2303 ipsa
1069 2270 1134 2292 non
1158 2259 1257 2292 dubia
1280 2259 1404 2294 vicinia
1437 2259 1611 2304 praedae,
1643 2259 1698 2293 cui

255 2304 377 2337 dudum
402 2303 630 2346 inhiaverant,
663 2315 761 2349 quam
785 2304 856 2338 suis
883 2304 999 2349 utique
1020 2306 1085 2338 iam
1118 2305 1266 2338 manibus
1290 2304 1376 2350 elabi
1399 2306 1568 2349 negabant
1586 2316 1698 2351 posse.

258 2350 386 2382 crebris
422 2353 499 2382 ante
531 2350 641 2383 omnia
677 2349 848 2394 colloquiis
882 2354 917 2384 et
949 2349 1218 2394 promissionibus
1255 2350 1377 2384 tentati
1409 2351 1618 2385 obsessorum
1653 2350 1696 2384 ab

261 2394 491 2428 obsidentibus
515 2394 613 2427 animi
631 2400 719 2428 sunt.
767 2396 1017 2440 proponebatur
1038 2395 1120 2440 ipsis
1142 2407 1205 2448 per
1228 2395 1368 2429 subinde
1391 2395 1507 2429 missos
1531 2395 1639 2441 pellax
1663 2399 1700 2428 et

260 2444 459 2485 quaestuosa
483 2439 652 2481 conditio,
684 2440 874 2485 paciscendi
895 2441 959 2475 sibi
985 2445 1121 2485 praeter
1141 2441 1400 2475 incolumitatem
1425 2452 1596 2481 securam,
1626 2451 1700 2474 am-

261 2485 413 2530 plissima
437 2485 690 2529 certissimaque
712 2486 881 2530 praemia,
907 2498 993 2532 quae
1014 2486 1200 2531 promereri
1223 2487 1335 2520 statim
1359 2491 1495 2531 possent
1525 2484 1617 2520 sacili
1640 2485 1701 2518 de-

264 2531 390 2564 ditione
420 2529 515 2562 unius
546 2530 707 2574 hominis,
741 2542 862 2567 causae
897 2536 949 2566 tot
981 2532 1139 2566 malorum
1170 2531 1224 2565 vel
1255 2532 1288 2565 in
1318 2542 1477 2577 praesens
1510 2530 1702 2574 urgentium

263 2577 317 2609 vel
340 2576 375 2609 in
399 2576 545 2618 futurum
567 2576 813 2611 imminentium.
859 2577 910 2612 sic
927 2578 1011 2612 enim
1035 2581 1127 2611 certo
1150 2578 1328 2611 haberent:
1353 2587 1518 2621 nunquam
1540 2575 1618 2609 inde
1640 2577 1703 2609 ab·

266 2632 448 2662 suessuros,
473 2627 531 2654 aut
554 2620 619 2653 alio
642 2622 758 2666 quovis
774 2627 938 2666 ¹respectu
962 2623 1162 2657 avertendos
1184 2623 1351 2656 Romanos
1373 2622 1434 2656 nisi
1461 2618 1614 2655 confecta
1643 2633 1700 2654 re:

265 2678 328 2700 nec
350 2666 482 2700 interim
505 2666 713 2711 parcituros,
738 2673 797 2700 aut
819 2668 888 2701 ulla
910 2668 1138 2703 misericordia
1168 2668 1376 2702 revocandos
1407 2667 1449 2702 ab
1472 2666 1608 2700 utendis
1628 2670 1706 2701 tota

265 2712 404 2754 regione
426 2712 578 2756 frugibus
601 2722 642 2745 ac
665 2712 764 2745 tectis
781 2737 791 2752 ‚
815 2713 906 2755 agris
931 2726 972 2748 ac
994 2714 1077 2748 satis
1101 2713 1324 2755 conculcando
1347 2711 1613 2756 corrumpendis,
1645 2724 1705 2745 ex·-

268 2757 418 2791 cidendis
452 2757 577 2798 vineis,
613 2757 757 2802 denique
788 2757 888 2802 ipsis,
921 2759 948 2792 si
981 2760 1134 2804 accipere
1167 2755 1280 2793 oblata
1300 2757 1515 2800 recusarent,
1546 2762 1706 2803 tanquam

269 2804 421 2838 hostibus
441 2802 693 2838 inexorabiliter
714 2802 871 2846 infensis,
904 2804 991 2838 omni
1013 2805 1092 2840 belli
1115 2805 1210 2853 clade
1231 2803 1430 2850 perdendis,
1453 2806 1708 2850 quantacunque
