1884 3262
258 204 354 250 276
671 197 905 242 GEORGII
939 196 1286 239 PACHYMERIS

262 315 384 365 ἕξειν,
410 311 459 366 ἤν
478 327 555 352 που
575 308 821 365 ἀβουλήτοις
842 310 907 351 καὶ
932 307 1158 363 περιπε’σοι,·
1195 307 1263 350 διὰ
1292 308 1355 362 τίς
1392 310 1458 351 καὶ
1477 305 1637 357 πάντως
1659 306 1706 349 οὗ

261 387 333 425 νῦν
353 382 406 428 εἷς
424 378 572 421 ταύτὸν
591 376 699 432 ὑμᾶς
719 381 873 431 συνῆξα
891 382 1053 419 σκοπῶν
1077 376 1187 425 ὅπως
1207 374 1256 417 ἂν
1274 375 1397 424 αὐτὸς
1416 381 1489 418 τοῦ
1512 374 1708 430 ἡμετέρου

262 446 435 504 κράτους
462 448 745 501 κατηγοροίην·
783 445 885 487 ἀλλὰ
913 445 988 489 τὴν
1022 445 1154 487 αἲτίαν
1192 443 1318 499 λέγω,
1352 445 1416 485 καὶ
1445 444 1517 485 οὐκ
1547 441 1710 498 ἐπικρύ-

210 534 241 568 1)
265 532 438 569 πτομαι,
476 518 549 556 τοῦ
571 511 628 568 μή
648 531 684 556 τι
704 511 909 569 τυγχάνειν
927 517 1007 556 τῶν
1026 508 1313 567 προσηκόντων
1331 511 1373 552 ἐκ
1390 515 1601 565 βασιλικῆς
1620 509 1710 552 νεύ-

238 599 360 631 -σεως
383 582 454 624 τὸν
477 581 610 631 ἐλέους
629 580 843 638 χρῄζοντα.
879 580 974 624 οἷῖτε
989 581 1070 636 γὰρ
1094 581 1227 637 ἐκείνῳ
1247 580 1297 622 τὰ
1322 579 1423 632 πρὸς
1442 577 1550 632 ἡμᾶς
1573 578 1744 629 doda&

261 648 496 704 κωλυούσης
522 654 594 702 τῆς
621 650 865 705 ἀπεχθείας,
902 649 1005 691 οὔθ’
1025 647 1122 703 ἡμῖν
1145 648 1202 701 μὴ
1225 646 1325 702 παρ’
1353 648 1501 688 ἐκείνου
1524 646 1711 699 ἀξιουμέ-

262 736 345 769 νοις
366 718 418 761 τὰ
438 722 511 772 τῆς
532 718 732 772 εὐμενείας
753 717 908 760 ἀνυστὰ
931 717 1032 772 πρὸς
1055 716 1124 758 τὸν
1146 714 1370 772 χρῄζοντα,
1409 713 1511 756 ὅπου
1532 731 1573 769 γε
1594 715 1659 755 καὶ
1679 715 1713 756 εἷ

261 788 390 842 ἠξίου,
427 786 501 828 οὐκ
519 785 566 827 ἂν
590 784 778 841 ἐτύγχανε
799 790 879 828 τῶν
899 784 1085 835 δεόντων,
1123 786 1188 826 καὶ
1210 785 1252 826 τί
1262 783 1339 839 γὰρ
1360 785 1423 824 δεῖ
1436 780 1711 837 ἒπικρύπτεινς

265 856 340 909 οὐχ
360 853 475 908 ἡμῶν
495 853 596 909 πρὸς
615 854 662 896 τὸ
685 850 728 896 εὖ
751 852 941 909 πράττειν
975 850 1319 909 ἀποπεφυκότων,
1356 850 1450 892 ἀλλ’
1479 851 1628 892 ἐκείνου
1654 849 1712 902 μὴ

264 925 570 976 οἲκονομοῦντος
591 926 641 978 τῇ
663 920 821 973 ἀξιώσει
841 921 886 963 τὸ
908 921 1058 975 εὔχαρι.
1116 922 1327 962 τίκτεσθαι
1346 919 1422 974 γὰρ
1442 916 1561 973 χάριν
1577 915 1711 973 χάριτι
1725 923 1768 965 10

210 1004 243 1039 Ε
266 988 586 1046 μεμαθήκαμεν,
626 992 691 1032 καὶ
721 990 794 1032 οὐκ
816 985 863 1043 ἦν
893 987 1076 1039 αὐξάνειν
1102 989 1174 1030 τὸν
1203 988 1334 1043 ἔρωτα
1358 987 1624 1042 γεννηθέντα,
1655 984 1712 1038 μὴ

263 1058 591 1114 ἐπιγεννηθὲντος
611 1059 677 1099 καὶ
700 1062 773 1100 τοῦ
797 1057 1035 1112 ἀντέρωτος.
1104 1055 1209 1109 τάχα
1230 1054 1278 1097 ἂν
1298 1053 1534 1109 μυθολόγων
1553 1071 1603 1107 με
1625 1054 1713 1107 οἰη-

262 1129 413 1182 θείητε.
485 1125 590 1167 ἀλλὰ
620 1125 666 1167 τὸ
697 1130 769 1168 τοῦ
793 1124 934 1178 μύθου
957 1123 1011 1173 ὥς
1035 1124 1210 1182 ἀληθείᾳ
1232 1129 1459 1177 προσπαῖον
1492 1120 1711 1163 ἐπαινετόν.

263 1194 386 1251 ἔφησε
417 1193 494 1249 γὰρ
524 1194 594 1235 καί
611 1210 672 1242 τις
691 1198 771 1236 τῶν
795 1193 873 1242 ἔξω
895 1194 1062 1249 ἐρημίας
1090 1193 1248 1247 γείτονα
1270 1191 1343 1245 τὴν
1370 1187 1620 1233 αὐθάδειαν·
1655 1192 1713 1246 τῷ

263 1263 339 1318 γὰρ
371 1259 547 1304 αὐθάδει
575 1261 706 1310 οὐδεὶς
734 1260 920 1315 προσέξοι
948 1258 1242 1315 προσβάλλων,
1289 1258 1511 1300 κάντεῦθεν
1551 1259 1711 1313 ἓρημω-
1725 1263 1767 1298 15

262 1331 375 1372 θίντι
400 1333 482 1371 τῶν
513 1327 647 1370 ἄλλων
668 1328 771 1370 καθ’
797 1326 921 1380 αὑτὸν
942 1327 1067 1370 αὐτὸν
1089 1325 1238 1382 διάγειν
1255 1329 1478 1380 ξυμβαίνει.
1547 1327 1588 1367 τί
1613 1328 1712 1380 γοῦν

261 1398 308 1440 τὸ
342 1396 535 1439 εῗσέπειτα
551 1414 564 1450 ,·
603 1395 778 1451 εἰδήσετε
810 1394 970 1445 πάντως
997 1397 1063 1437 καὶ
1086 1395 1287 1447 εὐμενείας
1307 1393 1402 1447 ὖμΐν
1425 1390 1714 1448 προσβαλλού-

263 1481 339 1515 σας
357 1464 535 1516 ἀκτῖνας,
572 1468 646 1506 τοῦ
669 1463 856 1519 ποιμένος
878 1468 1084 1513 κινοῦντος
1104 1463 1176 1518 τὴν
1195 1461 1391 1519 ἡμετέραν
1410 1459 1572 1518 γνώμην
1589 1458 1714 1517 ὕπερ-

264 1645 369 1674 strum
402 1638 546 1673 omnium
576 1638 689 1673 iuvari
718 1650 863 1684 unquam
896 1642 931 1673 et
960 1639 1123 1673 beneficio
1157 1639 1249 1673 affici
1281 1638 1450 1682 contigit?
1482 1649 1581 1683 quem
1613 1637 1714 1671 etiam

264 1687 380 1719 dolens
414 1684 658 1728 indignansque
689 1687 800 1718 recolo
828 1687 973 1719 fructum
1003 1689 1139 1718 nostrae
1163 1686 1196 1718 in
1219 1696 1280 1719 vos
1303 1696 1430 1729 pronae
1454 1696 1494 1717 ac
1516 1688 1659 1728 paratae
1681 1683 1715 1717 in

264 1729 517 1765 necessitatibus
551 1741 638 1774 quae
668 1730 856 1764 inciderant
894 1731 1107 1764 liberalitatis
1139 1730 1383 1764 intervertisse.
1431 1731 1605 1774 poenitens
1637 1729 1714 1771 hoc,

265 1777 421 1821 inquam,
447 1779 483 1808 et
505 1786 557 1808 me
580 1774 826 1818 reprehendens
849 1779 986 1820 reputo:
1020 1776 1098 1818 quin
1122 1776 1251 1809 idcirco
1274 1787 1335 1810 vos
1359 1776 1424 1809 huc
1447 1775 1647 1815 convocavi,
1676 1779 1715 1808 ut

266 1833 319 1855 me
352 1821 428 1865 ipse
460 1831 652 1854 accusarem
683 1822 772 1865 apud
802 1833 861 1855 vos
898 1821 1112 1863 benignitatis
1146 1822 1258 1855 rarius
1289 1833 1329 1855 ac
1360 1820 1496 1865 parcius
1529 1820 1711 1854 exercitae.

267 1866 362 1900 simul
390 1868 625 1899 tamen·clare
656 1865 763 1899 dicam
798 1867 868 1900 eius
902 1866 1008 1900 errati
1043 1878 1196 1907 causam,
1236 1878 1299 1900 nee
1325 1865 1540 1899 dissimulabo
1572 1865 1713 1909 amplius

266 1911 501 1957 impedimento
522 1911 628 1944 fuisse
651 1911 878 1956 patriarcham
900 1923 942 1945 ne
965 1911 1024 1956 qui
1048 1924 1090 1946 ex
1113 1913 1210 1945 vobis
1234 1917 1376 1956 egerent
1398 1923 1419 1945 a
1441 1915 1559 1945 nostra
1590 1911 1715 1944 libera-

265 1959 363 1991 litate
386 1968 452 2001 quo
476 1967 559 2001 opus
582 1957 750 1990 habebant
773 1962 1068 2002 consequerentur.
1115 1957 1236 1991 etenim
1266 1969 1341 1990 cum
1368 1969 1431 1990 nec
1451 1956 1508 1990 ille
1531 1956 1716 1990 ventitaret

268 2003 311 2037 ad
335 2012 418 2042 nos,
450 2002 648 2046 prohibente
670 2003 747 2036 odio
773 2014 839 2048 quo
863 2015 884 2036 a
907 2003 1001 2036 nobis
1023 2003 1211 2036 immaniter
1234 2004 1414 2042 abhorret,
1439 2013 1501 2035 nec
1523 2013 1584 2036 nos
1607 2002 1650 2035 ad
1672 2001 1716 2034 il-

267 2049 335 2084 lum
363 2047 525 2081 accedere
557 2059 749 2092 possemus,
784 2049 910 2093 quippe
943 2048 1001 2091 qui
1034 2049 1196 2082 sciremus
1219 2049 1306 2082 baud
1331 2048 1508 2082 admissum
1531 2047 1592 2087 iri,
1625 2046 1716 2080 nulla

270 2093 425 2127 restabat
447 2093 542 2127 nobis
564 2093 620 2126 via
643 2095 864 2138 cognoscendi
886 2094 1032 2138 legitimo
1056 2099 1091 2127 et
1114 2100 1273 2128 consueto
1298 2094 1405 2138 patris
1427 2092 1607 2126 communis
1629 2092 1715 2126 indi-

272 2139 322 2172 cio
345 2139 563 2173 necessitates
586 2150 787 2183 pauperum,
808 2139 915 2183 iisque
938 2139 1145 2183 providendi.
1191 2151 1390 2184 quamquam
1413 2139 1576 2182 (fatebor
1598 2137 1714 2181 enim)

271 2195 380 2229 neque
402 2183 431 2216 si
452 2184 595 2218 maxime
614 2184 779 2218 indicaret
805 2185 861 2218 ille
884 2189 1103 2230 rogaretque,
1135 2185 1275 2218 idoneus
1305 2184 1527 2218 interveniret
1552 2184 1716 2228 depreea-

271 2236 327 2263 tor
358 2228 455 2262 nobis
487 2230 530 2264 ad
562 2230 826 2264 misericordiam
856 2230 1053 2272 flectendis,
1095 2235 1154 2264 aut
1184 2231 1365 2275 quidquam
1398 2230 1615 2274 impetraret,
1647 2240 1715 2263 nou

272 2274 362 2318 quod
392 2278 515 2309 natura
545 2275 620 2308 duri
653 2276 754 2310 simus
777 2279 812 2309 et
834 2288 855 2310 a
877 2277 986 2310 dando
1018 2277 1151 2318 aversi,
1181 2277 1240 2310 sed
1265 2276 1356 2320 quod
1380 2275 1413 2309 in
1433 2286 1561 2309 summa
1582 2274 1640 2308 illa
1661 2274 1715 2308 di-

273 2320 403 2364 gnitate
424 2319 682 2364 ingratissimum
704 2333 786 2365 erga
808 2333 868 2355 nos
891 2333 927 2355 se
950 2323 1116 2367 praebens
1148 2322 1319 2366 indignum
1352 2333 1390 2355 se
1421 2320 1627 2363 reddiderit,
1660 2319 1715 2353 cui

275 2364 463 2410 gratificari
486 2367 573 2399 tanti
598 2366 805 2402 duceremus.
849 2369 959 2412 gratia
981 2369 1124 2412 quippe,
1148 2373 1187 2401 ut
1209 2380 1312 2414 saepe
1335 2367 1401 2401 dici
1423 2366 1630 2407 audivimus,
1662 2364 1716 2409 gi-

275 2410 348 2455 gnit
377 2410 542 2454 gratiam,
574 2423 637 2446 nec
663 2416 778 2457 potest
807 2424 897 2447 amor
920 2419 1018 2447 natus
1051 2414 1262 2455 adolescere,
1294 2413 1375 2458 quin
1397 2411 1536 2457 paribus
1557 2412 1715 2454 assurgat

273 2455 487 2490 incrementis
510 2456 594 2490 alius
616 2463 693 2502 post
713 2458 860 2502 priorem
881 2459 1032 2503 genitus,
1063 2465 1196 2492 mutuus
1219 2470 1330 2500 amor,
1361 2461 1528 2498 Anteros,
1559 2459 1711 2490 vocatus.

273 2502 359 2535 haec
392 2512 445 2535 me
479 2503 670 2546 loquentem
691 2515 809 2548 parum
832 2505 941 2538 aberit
963 2506 1043 2549 quin
1063 2505 1284 2538 fabulatorem
1311 2502 1498 2549 opinemini.
1544 2504 1712 2536 caeterum

274 2546 408 2588 fabula,
441 2551 478 2580 ut
501 2546 537 2580 in
559 2559 694 2592 scopum
716 2550 871 2583 veritatis
893 2556 988 2584 recta
1010 2550 1210 2591 colfineans,
1232 2562 1297 2583 non
1319 2561 1397 2583 raro
1421 2547 1516 2582 utilis
1536 2551 1572 2580 et
1593 2546 1713 2580 lauda-

275 2592 352 2626 bilis
374 2592 531 2626 habetur.
576 2605 643 2627 non
662 2594 747 2628 male
769 2595 902 2639 quidam
925 2601 1139 2631 externorum
1160 2595 1246 2629 dixit
1267 2594 1437 2629 solitudini
1459 2592 1632 2626 finitimam
1653 2602 1715 2625 su-

275 2636 428 2683 perbiam
449 2648 545 2682 esse,
577 2638 703 2673 idcirco
726 2640 814 2684 quod
841 2642 1020 2684 superbum
1042 2653 1137 2676 nemo
1160 2645 1276 2682 curat,
1305 2651 1400 2674 nemo
1425 2638 1519 2679 adit,
1542 2637 1630 2671 unde
1653 2648 1716 2671 ne-

276 2693 372 2717 cesse
402 2682 445 2716 fit
472 2694 548 2718 eum
579 2687 738 2718 semotam
763 2697 784 2719 a
805 2687 1046 2721 consuetudine
1075 2687 1241 2721 hominum
1264 2690 1300 2720 et
1319 2684 1501 2719 solitariam
1527 2683 1630 2716 vitam
1653 2682 1716 2716 de-

275 2740 369 2773 gere.
414 2727 496 2773 qnid
527 2733 639 2764 autem
669 2730 703 2763 in
732 2732 933 2775 posterum?
965 2733 1017 2766 aio
1050 2738 1085 2766 et
1118 2733 1277 2766 confirmo
1297 2730 1410 2765 vobis:
1441 2728 1656 2764 mutationem
1679 2727 1716 2761 in

275 2773 390 2807 melius
412 2784 564 2818 magnam
587 2775 811 2821 experiemini.
858 2777 1056 2820 pervenient
1078 2781 1120 2812 ad
1142 2789 1204 2811 vos
1225 2775 1362 2820 benigni
1388 2775 1478 2809 radii
1499 2773 1596 2808 nobis
1619 2773 1716 2807 inna-

274 2823 333 2853 tae
373 2819 636 2863 beneficentiae‚
679 2821 769 2856 nulla
805 2821 871 2855 iam
910 2822 1089 2868 intercepti
1120 2824 1209 2858 nube
1239 2820 1473 2867 patriarchalis
1503 2818 1717 2853 offensionin
