<?xml version="1.0" encoding="UTF-8"?>
<!DOCTYPE html PUBLIC "-//W3C//DTD XHTML 1.0 Transitional//EN"
    "http://www.w3.org/TR/xhtml1/DTD/xhtml1-transitional.dtd">
<html xmlns="http://www.w3.org/1999/xhtml" xml:lang="en" lang="en">
 <head>
  <title>
</title>
<meta http-equiv="Content-Type" content="text/html;charset=utf-8" />
  <meta name='ocr-system' content='tesseract 3.04.00' />
  <meta name='ocr-capabilities' content='ocr_page ocr_carea ocr_par ocr_line ocrx_word'/>
</head>
<body>
  <div class='ocr_page' id='page_1' title='image "./corpusscriptorum17niebuoft_0343.png"; bbox 0 0 1884 3262; ppageno 0'>
   <div class='ocr_carea' id='block_1_1' title="bbox 433 208 1649 257">
    <p class='ocr_par' dir='ltr' id='par_1_1' title="bbox 433 208 1649 257">
     <span class='ocr_line' id='line_1_1' title="bbox 433 208 1649 257; baseline 0.006 -7"><span class='ocrx_word' id='word_1_1' title='bbox 433 209 507 250; x_wconf 92' lang='lat' dir='ltr'><strong>DE</strong></span> <span class='ocrx_word' id='word_1_2' title='bbox 540 208 817 251; x_wconf 84' lang='lat' dir='ltr'>MICHAELE</span> <span class='ocrx_word' id='word_1_3' title='bbox 843 209 1217 254; x_wconf 79' lang='lat' dir='ltr'>PALAEOLOGO</span> <span class='ocrx_word' id='word_1_4' title='bbox 1252 211 1300 255; x_wconf 91' lang='lat' dir='ltr'><strong>L.</strong></span> <span class='ocrx_word' id='word_1_5' title='bbox 1325 210 1401 255; x_wconf 91' lang='lat' dir='ltr'><strong>IV.</strong></span> <span class='ocrx_word' id='word_1_6' title='bbox 1554 213 1649 257; x_wconf 68' lang='lat'><strong>3⁴25</strong></span> 
     </span>
    </p>
   </div>
   <div class='ocr_carea' id='block_1_2' title="bbox 127 317 1698 1608">
    <p class='ocr_par' dir='ltr' id='par_1_2' title="bbox 127 317 1698 1608">
     <span class='ocr_line' id='line_1_2' title="bbox 196 317 1698 380; baseline 0.001 -15"><span class='ocrx_word' id='word_1_7' title='bbox 196 317 342 365; x_wconf 73' lang='grc' dir='ltr'><strong><em>στόλον</em></strong></span> <span class='ocrx_word' id='word_1_8' title='bbox 363 318 688 379; x_wconf 73' lang='grc' dir='ltr'><strong><em>ἔξαρτυσάμενος</em></strong></span> <span class='ocrx_word' id='word_1_9' title='bbox 704 322 843 365; x_wconf 81' lang='grc' dir='ltr'><strong><em>ἱκανόν</em></strong></span> <span class='ocrx_word' id='word_1_10' title='bbox 863 323 908 365; x_wconf 77' lang='grc' dir='ltr'><strong>ἔκ</strong></span> <span class='ocrx_word' id='word_1_11' title='bbox 928 321 1082 373; x_wconf 77' lang='grc' dir='ltr'><strong><em>πόλεως</em></strong></span> <span class='ocrx_word' id='word_1_12' title='bbox 1100 325 1166 365; x_wconf 78' lang='grc' dir='ltr'><strong><em>καὶ</em></strong></span> <span class='ocrx_word' id='word_1_13' title='bbox 1189 327 1272 366; x_wconf 80' lang='grc' dir='ltr'><strong>τῶν</strong></span> <span class='ocrx_word' id='word_1_14' title='bbox 1290 321 1544 380; x_wconf 74' lang='grc' dir='ltr'>ὁπουδήποτε</span> <span class='ocrx_word' id='word_1_15' title='bbox 1558 342 1643 379; x_wconf 80' lang='grc' dir='ltr'><strong><em>χω·</em></strong></span> <span class='ocrx_word' id='word_1_16' title='bbox 1668 330 1698 362; x_wconf 86' lang='lat' dir='ltr'>C</span> 
     </span>
     <span class='ocr_line' id='line_1_3' title="bbox 195 389 1646 449; baseline 0.002 -16"><span class='ocrx_word' id='word_1_17' title='bbox 195 394 277 447; x_wconf 86' lang='grc' dir='ltr'><strong>ρῶν</strong></span> <span class='ocrx_word' id='word_1_18' title='bbox 297 408 339 434; x_wconf 82' lang='grc' dir='ltr'><strong>τε</strong></span> <span class='ocrx_word' id='word_1_19' title='bbox 355 393 421 433; x_wconf 80' lang='grc' dir='ltr'><strong>καὶ</strong></span> <span class='ocrx_word' id='word_1_20' title='bbox 438 393 636 448; x_wconf 78' lang='grc' dir='ltr'><strong><em>νεωρίων,</em></strong></span> <span class='ocrx_word' id='word_1_21' title='bbox 675 389 731 441; x_wconf 79' lang='grc' dir='ltr'><strong>ὥς</strong></span> <span class='ocrx_word' id='word_1_22' title='bbox 747 390 845 433; x_wconf 80' lang='grc' dir='ltr'><strong><em>εἶναι</em></strong></span> <span class='ocrx_word' id='word_1_23' title='bbox 865 391 940 440; x_wconf 76' lang='grc' dir='ltr'><strong><em>τὰς</em></strong></span> <span class='ocrx_word' id='word_1_24' title='bbox 955 390 1092 442; x_wconf 87' lang='grc' dir='ltr'><strong><em>πάσας</em></strong></span> <span class='ocrx_word' id='word_1_25' title='bbox 1110 396 1210 442; x_wconf 76' lang='grc' dir='ltr'><strong><em>ναῦς</em></strong></span> <span class='ocrx_word' id='word_1_26' title='bbox 1226 391 1388 449; x_wconf 86' lang='grc' dir='ltr'><strong><em>μακράς</em></strong></span> <span class='ocrx_word' id='word_1_27' title='bbox 1409 409 1450 436; x_wconf 90' lang='grc' dir='ltr'><strong>τε</strong></span> <span class='ocrx_word' id='word_1_28' title='bbox 1472 392 1559 447; x_wconf 79' lang='grc' dir='ltr'><strong>ἅμα</strong></span> <span class='ocrx_word' id='word_1_29' title='bbox 1578 395 1646 436; x_wconf 77' lang='grc' dir='ltr'><strong>καὶ</strong></span> 
     </span>
     <span class='ocr_line' id='line_1_4' title="bbox 192 457 1645 517; baseline 0.001 -14"><span class='ocrx_word' id='word_1_30' title='bbox 192 458 527 515; x_wconf 64' lang='grc' dir='ltr'><strong><em>ταχυναυτούσας</em></strong></span> <span class='ocrx_word' id='word_1_31' title='bbox 548 466 654 516; x_wconf 86' lang='grc' dir='ltr'><strong><em>τρεῖς</em></strong></span> <span class='ocrx_word' id='word_1_32' title='bbox 678 459 780 515; x_wconf 82' lang='grc' dir='ltr'><strong><em>πρὸς</em></strong></span> <span class='ocrx_word' id='word_1_33' title='bbox 803 465 894 508; x_wconf 82' lang='grc' dir='ltr'><strong><em>ταῖς</em></strong></span> <span class='ocrx_word' id='word_1_34' title='bbox 922 457 1224 515; x_wconf 69' lang='grc' dir='ltr'><strong><em>ἑβδομήκοντα,</em></strong></span> <span class='ocrx_word' id='word_1_35' title='bbox 1257 461 1471 517; x_wconf 74' lang='grc' dir='ltr'><strong><em>παραὸοῧς</em></strong></span> <span class='ocrx_word' id='word_1_36' title='bbox 1490 459 1645 512; x_wconf 76' lang='grc' dir='ltr'><strong><em>ταύτας</em></strong></span> 
     </span>
     <span class='ocr_line' id='line_1_5' title="bbox 191 525 1643 586; baseline 0.001 -15"><span class='ocrx_word' id='word_1_37' title='bbox 191 533 250 586; x_wconf 78' lang='grc' dir='ltr'><strong><em>τῷ</em></strong></span> <span class='ocrx_word' id='word_1_38' title='bbox 281 525 614 584; x_wconf 86' lang='grc' dir='ltr'><strong><em>πρωτοστράτορι</em></strong></span> <span class='ocrx_word' id='word_1_39' title='bbox 652 531 995 585; x_wconf 74' lang='grc' dir='ltr'><strong><em>Φιλανθρωπηνῷ</em></strong></span> <span class='ocrx_word' id='word_1_40' title='bbox 1029 531 1095 570; x_wconf 77' lang='grc' dir='ltr'><strong>καὶ</strong></span> <span class='ocrx_word' id='word_1_41' title='bbox 1135 529 1261 571; x_wconf 75' lang='grc' dir='ltr'><strong><em>αὐτὸν</em></strong></span> <span class='ocrx_word' id='word_1_42' title='bbox 1296 529 1507 583; x_wconf 67' lang='grc' dir='ltr'><strong><em>ἐκπέμπει,</em></strong></span> <span class='ocrx_word' id='word_1_43' title='bbox 1554 538 1643 580; x_wconf 80' lang='grc' dir='ltr'><strong><em>ταῖς</em></strong></span> 
     </span>
     <span class='ocr_line' id='line_1_6' title="bbox 159 594 1641 653; baseline 0.003 -16"><span class='ocrx_word' id='word_1_44' title='bbox 159 600 436 646; x_wconf 85' lang='grc' dir='ltr'><strong><em>5Λατινικαΐς</em></strong></span> <span class='ocrx_word' id='word_1_45' title='bbox 448 595 601 652; x_wconf 80' lang='grc' dir='ltr'><strong><em>χώραις</em></strong></span> <span class='ocrx_word' id='word_1_46' title='bbox 620 594 912 652; x_wconf 70' lang='grc' dir='ltr'><strong><em>προστάσσων,</em></strong></span> <span class='ocrx_word' id='word_1_47' title='bbox 949 596 992 638; x_wconf 79' lang='grc' dir='ltr'><strong>εἶ’</strong></span> <span class='ocrx_word' id='word_1_48' title='bbox 1004 613 1074 638; x_wconf 84' lang='grc' dir='ltr'><strong>ποι</strong></span> <span class='ocrx_word' id='word_1_49' title='bbox 1100 598 1304 652; x_wconf 79' lang='grc' dir='ltr'><strong><em>παρείκοι,</em></strong></span> <span class='ocrx_word' id='word_1_50' title='bbox 1342 596 1613 653; x_wconf 77' lang='grc' dir='ltr'><strong><em>προσβάλλειν</em></strong></span> <span class='ocrx_word' id='word_1_51' title='bbox 1629 612 1641 624; x_wconf 89' lang='grc'><em>·</em></span> 
     </span>
     <span class='ocr_line' id='line_1_7' title="bbox 190 663 1641 724; baseline 0.001 -17"><span class='ocrx_word' id='word_1_52' title='bbox 190 663 298 707; x_wconf 74' lang='grc' dir='ltr'><strong><em>οὕτω</em></strong></span> <span class='ocrx_word' id='word_1_53' title='bbox 314 665 391 720; x_wconf 79' lang='grc' dir='ltr'><strong>γὰρ</strong></span> <span class='ocrx_word' id='word_1_54' title='bbox 407 669 566 719; x_wconf 81' lang='grc' dir='ltr'><strong><em>μᾶλλον</em></strong></span> <span class='ocrx_word' id='word_1_55' title='bbox 582 664 734 707; x_wconf 73' lang='grc' dir='ltr'><strong><em>εὐοδεῖν</em></strong></span> <span class='ocrx_word' id='word_1_56' title='bbox 750 664 821 707; x_wconf 79' lang='grc' dir='ltr'><strong>τὸν</strong></span> <span class='ocrx_word' id='word_1_57' title='bbox 847 664 951 706; x_wconf 80' lang='grc' dir='ltr'><strong><em>κατὰ</em></strong></span> <span class='ocrx_word' id='word_1_58' title='bbox 978 668 1050 720; x_wconf 72' lang='grc' dir='ltr'><strong>γῆν</strong></span> <span class='ocrx_word' id='word_1_59' title='bbox 1071 663 1246 719; x_wconf 80' lang='grc' dir='ltr'><strong><em>πόλεμον</em></strong></span> <span class='ocrx_word' id='word_1_60' title='bbox 1268 663 1394 724; x_wconf 71' lang='grc' dir='ltr'><strong><em>ᾤετο,</em></strong></span> <span class='ocrx_word' id='word_1_61' title='bbox 1429 667 1464 708; x_wconf 84' lang='grc' dir='ltr'><strong><em>εἶ</em></strong></span> <span class='ocrx_word' id='word_1_62' title='bbox 1485 666 1641 720; x_wconf 60' lang='grc' dir='ltr'><strong><em>ἔχοντες</em></strong></span> 
     </span>
     <span class='ocr_line' id='line_1_8' title="bbox 188 731 1640 790; baseline 0.001 -15"><span class='ocrx_word' id='word_1_63' title='bbox 188 733 291 775; x_wconf 74' lang='grc' dir='ltr'><strong><em>καθ’</em></strong></span> <span class='ocrx_word' id='word_1_64' title='bbox 325 732 473 782; x_wconf 74' lang='grc' dir='ltr'><strong><em>αῧτοῦς</em></strong></span> <span class='ocrx_word' id='word_1_65' title='bbox 506 734 545 775; x_wconf 78' lang='grc' dir='ltr'><strong>οἱ</strong></span> <span class='ocrx_word' id='word_1_66' title='bbox 579 735 759 776; x_wconf 81' lang='grc' dir='ltr'><strong><em>Λατῖνοι</em></strong></span> <span class='ocrx_word' id='word_1_67' title='bbox 793 731 863 775; x_wconf 77' lang='grc' dir='ltr'><strong>τὸν</strong></span> <span class='ocrx_word' id='word_1_68' title='bbox 896 734 985 788; x_wconf 81' lang='grc' dir='ltr'><strong><em>περὶ</em></strong></span> <span class='ocrx_word' id='word_1_69' title='bbox 1019 734 1134 790; x_wconf 65' lang='grc' dir='ltr'><strong><em>σφίσι</em></strong></span> <span class='ocrx_word' id='word_1_70' title='bbox 1164 733 1297 790; x_wconf 76' lang='grc' dir='ltr'><strong><em>φόβον</em></strong></span> <span class='ocrx_word' id='word_1_71' title='bbox 1328 738 1402 789; x_wconf 83' lang='grc' dir='ltr'><strong><em>τῆς</em></strong></span> <span class='ocrx_word' id='word_1_72' title='bbox 1426 734 1529 788; x_wconf 80' lang='grc' dir='ltr'><strong><em>πρὸς</em></strong></span> <span class='ocrx_word' id='word_1_73' title='bbox 1569 735 1640 777; x_wconf 81' lang='grc' dir='ltr'><strong>τὸν</strong></span> 
     </span>
     <span class='ocr_line' id='line_1_9' title="bbox 183 799 1684 861; baseline -0.001 -18"><span class='ocrx_word' id='word_1_74' title='bbox 183 799 370 856; x_wconf 76' lang='grc' dir='ltr'><strong><em>Ἰωάννην</em></strong></span> <span class='ocrx_word' id='word_1_75' title='bbox 401 802 601 856; x_wconf 76' lang='grc' dir='ltr'><strong><em>βοηθείας</em></strong></span> <span class='ocrx_word' id='word_1_76' title='bbox 625 799 880 855; x_wconf 83' lang='grc' dir='ltr'><strong><em>ἀπόσχοιντο.</em></strong></span> <span class='ocrx_word' id='word_1_77' title='bbox 950 802 1015 843; x_wconf 79' lang='grc' dir='ltr'><strong>καὶ</strong></span> <span class='ocrx_word' id='word_1_78' title='bbox 1046 801 1098 856; x_wconf 79' lang='grc' dir='ltr'><strong>δὴ</strong></span> <span class='ocrx_word' id='word_1_79' title='bbox 1127 802 1200 856; x_wconf 72' lang='grc' dir='ltr'><strong>τὴν</strong></span> <span class='ocrx_word' id='word_1_80' title='bbox 1227 803 1420 856; x_wconf 76' lang='grc' dir='ltr'><strong><em>ταχίστην</em></strong></span> <span class='ocrx_word' id='word_1_81' title='bbox 1439 806 1498 861; x_wconf 76' lang='grc' dir='ltr'><strong><em>τῷ</em></strong></span> <span class='ocrx_word' id='word_1_82' title='bbox 1519 800 1630 861; x_wconf 76' lang='grc' dir='ltr'><strong><em>τόπῳ</em></strong></span> <span class='ocrx_word' id='word_1_83' title='bbox 1654 809 1684 842; x_wconf 88' lang='grc' dir='ltr'><strong>Ι)</strong></span> 
     </span>
     <span class='ocr_line' id='line_1_10' title="bbox 187 867 1636 926; baseline 0.001 -14"><span class='ocrx_word' id='word_1_84' title='bbox 187 874 269 912; x_wconf 77' lang='grc' dir='ltr'><strong>τῶν</strong></span> <span class='ocrx_word' id='word_1_85' title='bbox 294 870 394 913; x_wconf 74' lang='grc' dir='ltr'><strong><em>νέων</em></strong></span> <span class='ocrx_word' id='word_1_86' title='bbox 421 873 603 925; x_wconf 80' lang='grc' dir='ltr'><strong><em>Πατρῶν</em></strong></span> <span class='ocrx_word' id='word_1_87' title='bbox 638 867 876 918; x_wconf 76' lang='grc' dir='ltr'><strong><em>ἐπιστάντος</em></strong></span> <span class='ocrx_word' id='word_1_88' title='bbox 911 874 986 911; x_wconf 84' lang='grc' dir='ltr'><strong><em>τοῦ</em></strong></span> <span class='ocrx_word' id='word_1_89' title='bbox 1024 868 1223 913; x_wconf 78' lang='grc' dir='ltr'><strong><em>δεσπότου</em></strong></span> <span class='ocrx_word' id='word_1_90' title='bbox 1258 870 1443 925; x_wconf 64' lang='grc' dir='ltr'><strong><em>ἔκπληξις</em></strong></span> <span class='ocrx_word' id='word_1_91' title='bbox 1482 878 1636 926; x_wconf 76' lang='grc' dir='ltr'><strong><em>κατεῖχε</em></strong></span> 
     </span>
     <span class='ocr_line' id='line_1_11' title="bbox 133 935 1636 997; baseline 0.003 -20"><span class='ocrx_word' id='word_1_92' title='bbox 133 945 175 977; x_wconf 92' lang='grc'><strong>10</strong></span> <span class='ocrx_word' id='word_1_93' title='bbox 187 935 342 987; x_wconf 80' lang='grc' dir='ltr'><strong><em>πάντας</em></strong></span> <span class='ocrx_word' id='word_1_94' title='bbox 363 939 427 979; x_wconf 77' lang='grc' dir='ltr'><strong>καὶ</strong></span> <span class='ocrx_word' id='word_1_95' title='bbox 444 935 626 992; x_wconf 85' lang='grc' dir='ltr'><strong><em>ταραχή,</em></strong></span> <span class='ocrx_word' id='word_1_96' title='bbox 666 935 721 986; x_wconf 80' lang='grc' dir='ltr'><strong>ὥς</strong></span> <span class='ocrx_word' id='word_1_97' title='bbox 739 945 987 992; x_wconf 83' lang='grc' dir='ltr'><strong><em>προσχωρεῖν</em></strong></span> <span class='ocrx_word' id='word_1_98' title='bbox 1002 938 1076 989; x_wconf 69' lang='grc' dir='ltr'><strong>μέν</strong></span> <span class='ocrx_word' id='word_1_99' title='bbox 1096 940 1285 981; x_wconf 76' lang='grc' dir='ltr'><strong><em>ἐντεῦθεν</em></strong></span> <span class='ocrx_word' id='word_1_100' title='bbox 1306 938 1438 997; x_wconf 80' lang='grc' dir='ltr'><strong><em>ε’κείνῳ</em></strong></span> <span class='ocrx_word' id='word_1_101' title='bbox 1457 939 1530 988; x_wconf 79' lang='grc' dir='ltr'><strong><em>τὰς</em></strong></span> <span class='ocrx_word' id='word_1_102' title='bbox 1550 938 1636 992; x_wconf 76' lang='grc' dir='ltr'><strong><em>χώ-</em></strong></span> 
     </span>
     <span class='ocr_line' id='line_1_12' title="bbox 186 1003 1634 1061; baseline 0.001 -14"><span class='ocrx_word' id='word_1_103' title='bbox 186 1023 282 1060; x_wconf 87' lang='grc' dir='ltr'><strong><em>ρας,</em></strong></span> <span class='ocrx_word' id='word_1_104' title='bbox 318 1012 584 1061; x_wconf 77' lang='grc' dir='ltr'><strong><em>γνωσιμαχεΐν</em></strong></span> <span class='ocrx_word' id='word_1_105' title='bbox 614 1005 658 1047; x_wconf 74' lang='grc' dir='ltr'><strong>δὲ</strong></span> <span class='ocrx_word' id='word_1_106' title='bbox 688 1005 740 1047; x_wconf 80' lang='grc' dir='ltr'><strong><em>τὰ</em></strong></span> <span class='ocrx_word' id='word_1_107' title='bbox 769 1003 948 1061; x_wconf 70' lang='grc' dir='ltr'><strong><em>φρούρια</em></strong></span> <span class='ocrx_word' id='word_1_108' title='bbox 981 1003 1035 1054; x_wconf 77' lang='grc' dir='ltr'><strong>ὥς</strong></span> <span class='ocrx_word' id='word_1_109' title='bbox 1062 1006 1205 1060; x_wconf 82' lang='grc' dir='ltr'><strong><em>μικρὸν</em></strong></span> <span class='ocrx_word' id='word_1_110' title='bbox 1234 1004 1498 1061; x_wconf 81' lang='grc' dir='ltr'><strong><em>ἀντισχόντα,</em></strong></span> <span class='ocrx_word' id='word_1_111' title='bbox 1537 1006 1634 1050; x_wconf 83' lang='grc' dir='ltr'><strong><em>ὅσον</em></strong></span> 
     </span>
     <span class='ocr_line' id='line_1_13' title="bbox 183 1071 1633 1131; baseline 0.001 -15"><span class='ocrx_word' id='word_1_112' title='bbox 183 1071 503 1130; x_wconf 74' lang='grc' dir='ltr'><strong><em>ἀφοσιώσασθαι</em></strong></span> <span class='ocrx_word' id='word_1_113' title='bbox 535 1074 610 1126; x_wconf 77' lang='grc' dir='ltr'><strong>τὴν</strong></span> <span class='ocrx_word' id='word_1_114' title='bbox 636 1073 770 1115; x_wconf 88' lang='grc' dir='ltr'><strong><em>πίστιν</em></strong></span> <span class='ocrx_word' id='word_1_115' title='bbox 793 1078 851 1131; x_wconf 76' lang='grc' dir='ltr'><strong><em>τῷ</em></strong></span> <span class='ocrx_word' id='word_1_116' title='bbox 875 1071 1063 1130; x_wconf 78' lang='grc' dir='ltr'><strong><em>Ἰωάννῃ,</em></strong></span> <span class='ocrx_word' id='word_1_117' title='bbox 1101 1077 1324 1129; x_wconf 63' lang='grc' dir='ltr'><strong><em>προδοῦναι</em></strong></span> <span class='ocrx_word' id='word_1_118' title='bbox 1345 1074 1402 1129; x_wconf 83' lang='grc' dir='ltr'><strong>μὴ</strong></span> <span class='ocrx_word' id='word_1_119' title='bbox 1425 1072 1633 1130; x_wconf 66' lang='grc' dir='ltr'><strong><em>ἐνεγκόντα</em></strong></span> 
     </span>
     <span class='ocr_line' id='line_1_14' title="bbox 180 1140 1631 1199; baseline 0.001 -15"><span class='ocrx_word' id='word_1_120' title='bbox 180 1141 256 1195; x_wconf 84' lang='grc' dir='ltr'><strong>τὴν</strong></span> <span class='ocrx_word' id='word_1_121' title='bbox 280 1142 448 1198; x_wconf 61' lang='grc' dir='ltr'><strong><em>ἔφοδον·</em></strong></span> <span class='ocrx_word' id='word_1_122' title='bbox 486 1145 566 1183; x_wconf 82' lang='grc' dir='ltr'><strong><em>ποῦ</em></strong></span> <span class='ocrx_word' id='word_1_123' title='bbox 597 1141 675 1197; x_wconf 73' lang='grc' dir='ltr'><strong>γὰρ</strong></span> <span class='ocrx_word' id='word_1_124' title='bbox 706 1140 756 1183; x_wconf 73' lang='grc' dir='ltr'><strong>ἄν</strong></span> <span class='ocrx_word' id='word_1_125' title='bbox 785 1158 846 1191; x_wconf 85' lang='grc' dir='ltr'><strong>τις</strong></span> <span class='ocrx_word' id='word_1_126' title='bbox 866 1143 933 1183; x_wconf 79' lang='grc' dir='ltr'><strong>καὶ</strong></span> <span class='ocrx_word' id='word_1_127' title='bbox 949 1141 1114 1196; x_wconf 72' lang='grc' dir='ltr'><strong><em>ἤλπισεν</em></strong></span> <span class='ocrx_word' id='word_1_128' title='bbox 1134 1144 1176 1193; x_wconf 75' lang='grc' dir='ltr'><strong>ἐξ</strong></span> <span class='ocrx_word' id='word_1_129' title='bbox 1195 1142 1322 1185; x_wconf 72' lang='grc' dir='ltr'><strong><em>ἄλλου</em></strong></span> <span class='ocrx_word' id='word_1_130' title='bbox 1341 1142 1450 1192; x_wconf 81' lang='grc' dir='ltr'><strong><em>τινὸς</em></strong></span> <span class='ocrx_word' id='word_1_131' title='bbox 1476 1141 1631 1199; x_wconf 80' lang='grc' dir='ltr'><strong><em>τρόπου</em></strong></span> 
     </span>
     <span class='ocr_line' id='line_1_15' title="bbox 180 1207 1688 1266; baseline 0.001 -14"><span class='ocrx_word' id='word_1_132' title='bbox 180 1211 247 1252; x_wconf 79' lang='grc' dir='ltr'><strong>καὶ</strong></span> <span class='ocrx_word' id='word_1_133' title='bbox 265 1214 452 1265; x_wconf 79' lang='grc' dir='ltr'><strong><em>μηχανῆς</em></strong></span> <span class='ocrx_word' id='word_1_134' title='bbox 468 1208 697 1264; x_wconf 78' lang='grc' dir='ltr'><strong><em>σώζεσθαι,·</em></strong></span> <span class='ocrx_word' id='word_1_135' title='bbox 734 1207 754 1252; x_wconf 81' lang='grc' dir='ltr'><strong><em>ὅ</em></strong></span> <span class='ocrx_word' id='word_1_136' title='bbox 774 1210 910 1263; x_wconf 83' lang='grc' dir='ltr'><strong><em>με’ντοι</em></strong></span> <span class='ocrx_word' id='word_1_137' title='bbox 930 1227 971 1266; x_wconf 75' lang='grc' dir='ltr'><strong><em>γε</em></strong></span> <span class='ocrx_word' id='word_1_138' title='bbox 990 1208 1179 1265; x_wconf 80' lang='grc' dir='ltr'><strong><em>Ἰωάννης</em></strong></span> <span class='ocrx_word' id='word_1_139' title='bbox 1197 1210 1292 1260; x_wconf 76' lang='grc' dir='ltr'><strong>τούς</strong></span> <span class='ocrx_word' id='word_1_140' title='bbox 1312 1213 1401 1266; x_wconf 85' lang='grc' dir='ltr'><strong><em>περὶ</em></strong></span> <span class='ocrx_word' id='word_1_141' title='bbox 1422 1210 1547 1253; x_wconf 75' lang='grc' dir='ltr'><strong><em>αὐτὸν</em></strong></span> <span class='ocrx_word' id='word_1_142' title='bbox 1565 1213 1632 1254; x_wconf 79' lang='grc' dir='ltr'><strong><em>καὶ</em></strong></span> <span class='ocrx_word' id='word_1_143' title='bbox 1658 1221 1688 1255; x_wconf 80' lang='lat' dir='ltr'>E</span> 
     </span>
     <span class='ocr_line' id='line_1_16' title="bbox 127 1276 1631 1335; baseline 0.001 -16"><span class='ocrx_word' id='word_1_144' title='bbox 127 1277 330 1333; x_wconf 84' lang='grc' dir='ltr'><strong><em>15μόνους</em></strong></span> <span class='ocrx_word' id='word_1_145' title='bbox 353 1279 476 1333; x_wconf 63' lang='grc' dir='ltr'><strong><em>ἔχων,</em></strong></span> <span class='ocrx_word' id='word_1_146' title='bbox 515 1282 572 1335; x_wconf 80' lang='grc' dir='ltr'><strong><em>τῷ</em></strong></span> <span class='ocrx_word' id='word_1_147' title='bbox 595 1276 743 1333; x_wconf 71' lang='grc' dir='ltr'><strong><em>πλήθει</em></strong></span> <span class='ocrx_word' id='word_1_148' title='bbox 773 1278 876 1320; x_wconf 80' lang='grc' dir='ltr'><strong><em>κατὰ</em></strong></span> <span class='ocrx_word' id='word_1_149' title='bbox 913 1278 1015 1320; x_wconf 77' lang='grc' dir='ltr'><strong><em>πολὺ</em></strong></span> <span class='ocrx_word' id='word_1_150' title='bbox 1050 1278 1303 1332; x_wconf 83' lang='grc' dir='ltr'><strong><em>λειπόμενος,</em></strong></span> <span class='ocrx_word' id='word_1_151' title='bbox 1336 1286 1425 1329; x_wconf 80' lang='grc' dir='ltr'><strong><em>ταῖς</em></strong></span> <span class='ocrx_word' id='word_1_152' title='bbox 1441 1280 1631 1329; x_wconf 70' lang='grc' dir='ltr'><strong><em>ἐπινοίαις</em></strong></span> 
     </span>
     <span class='ocr_line' id='line_1_17' title="bbox 178 1344 1632 1404; baseline 0 -15"><span class='ocrx_word' id='word_1_153' title='bbox 178 1348 363 1402; x_wconf 74' lang='grc' dir='ltr'><strong><em>ἐπεχείρει</em></strong></span> <span class='ocrx_word' id='word_1_154' title='bbox 393 1344 610 1398; x_wconf 71' lang='grc' dir='ltr'><strong><em>σώζεσθαι.</em></strong></span> <span class='ocrx_word' id='word_1_155' title='bbox 680 1344 778 1388; x_wconf 80' lang='grc' dir='ltr'><strong><em>ὅθεν</em></strong></span> <span class='ocrx_word' id='word_1_156' title='bbox 805 1348 870 1387; x_wconf 79' lang='grc' dir='ltr'><strong>καὶ</strong></span> <span class='ocrx_word' id='word_1_157' title='bbox 900 1350 971 1388; x_wconf 84' lang='grc' dir='ltr'><strong>νῦν</strong></span> <span class='ocrx_word' id='word_1_158' title='bbox 1001 1347 1075 1399; x_wconf 74' lang='grc' dir='ltr'><strong>μὲν</strong></span> <span class='ocrx_word' id='word_1_159' title='bbox 1096 1346 1199 1389; x_wconf 68' lang='grc' dir='ltr'><strong><em>ἔνθα</em></strong></span> <span class='ocrx_word' id='word_1_160' title='bbox 1221 1352 1293 1389; x_wconf 73' lang='grc' dir='ltr'><strong>νῦν</strong></span> <span class='ocrx_word' id='word_1_161' title='bbox 1315 1346 1359 1389; x_wconf 77' lang='grc' dir='ltr'><strong>δ’</strong></span> <span class='ocrx_word' id='word_1_162' title='bbox 1381 1349 1504 1389; x_wconf 78' lang='grc' dir='ltr'><strong><em>ἐκεῖσε</em></strong></span> <span class='ocrx_word' id='word_1_163' title='bbox 1526 1365 1632 1404; x_wconf 90' lang='grc' dir='ltr'><strong><em>προ-</em></strong></span> 
     </span>
     <span class='ocr_line' id='line_1_18' title="bbox 175 1409 1629 1471; baseline 0 -14"><span class='ocrx_word' id='word_1_164' title='bbox 175 1417 354 1470; x_wconf 82' lang='grc' dir='ltr'><strong><em>βαίνων,</em></strong></span> <span class='ocrx_word' id='word_1_165' title='bbox 393 1412 446 1463; x_wconf 79' lang='grc' dir='ltr'><strong>ὥς</strong></span> <span class='ocrx_word' id='word_1_166' title='bbox 465 1412 550 1456; x_wconf 80' lang='grc' dir='ltr'><strong><em>οἷόν</em></strong></span> <span class='ocrx_word' id='word_1_167' title='bbox 570 1430 611 1455; x_wconf 86' lang='grc' dir='ltr'><strong>τε</strong></span> <span class='ocrx_word' id='word_1_168' title='bbox 630 1409 693 1467; x_wconf 67' lang='grc' dir='ltr'><strong>ἦν,</strong></span> <span class='ocrx_word' id='word_1_169' title='bbox 728 1413 1046 1470; x_wconf 74' lang='grc' dir='ltr'><strong><em>κάτησφαλίζετο</em></strong></span> <span class='ocrx_word' id='word_1_170' title='bbox 1070 1414 1119 1457; x_wconf 78' lang='grc' dir='ltr'><strong><em>τὰ</em></strong></span> <span class='ocrx_word' id='word_1_171' title='bbox 1140 1414 1266 1457; x_wconf 78' lang='grc' dir='ltr'><strong><em>αὐτοῦ</em></strong></span> <span class='ocrx_word' id='word_1_172' title='bbox 1282 1428 1291 1438; x_wconf 93' lang='grc'>·</span> <span class='ocrx_word' id='word_1_173' title='bbox 1325 1415 1372 1457; x_wconf 82' lang='grc' dir='ltr'><strong><em>τὸ</em></strong></span> <span class='ocrx_word' id='word_1_174' title='bbox 1388 1415 1463 1470; x_wconf 78' lang='grc' dir='ltr'><strong>γὰρ</strong></span> <span class='ocrx_word' id='word_1_175' title='bbox 1481 1422 1629 1471; x_wconf 80' lang='grc' dir='ltr'><strong><em>χωρεῖν</em></strong></span> 
     </span>
     <span class='ocr_line' id='line_1_19' title="bbox 177 1480 1626 1537; baseline 0.001 -12"><span class='ocrx_word' id='word_1_176' title='bbox 177 1485 232 1532; x_wconf 79' lang='grc' dir='ltr'><strong><em>εἷς</em></strong></span> <span class='ocrx_word' id='word_1_177' title='bbox 249 1480 385 1537; x_wconf 79' lang='grc' dir='ltr'><strong><em>μάχην</em></strong></span> <span class='ocrx_word' id='word_1_178' title='bbox 414 1481 455 1524; x_wconf 69' lang='grc' dir='ltr'><strong>ἓν</strong></span> <span class='ocrx_word' id='word_1_179' title='bbox 483 1499 521 1524; x_wconf 87' lang='grc' dir='ltr'><strong>τι</strong></span> <span class='ocrx_word' id='word_1_180' title='bbox 552 1486 633 1524; x_wconf 85' lang='grc' dir='ltr'><strong>τῶν</strong></span> <span class='ocrx_word' id='word_1_181' title='bbox 666 1480 879 1524; x_wconf 78' lang='grc' dir='ltr'><strong><em>ἆὸυνάτων</em></strong></span> <span class='ocrx_word' id='word_1_182' title='bbox 908 1480 1046 1525; x_wconf 73' lang='grc' dir='ltr'><strong><em>ἐδόκει.</em></strong></span> <span class='ocrx_word' id='word_1_183' title='bbox 1117 1481 1215 1524; x_wconf 71' lang='grc' dir='ltr'><strong>ἀλλ’</strong></span> <span class='ocrx_word' id='word_1_184' title='bbox 1251 1483 1289 1525; x_wconf 78' lang='grc' dir='ltr'><strong>οἱ</strong></span> <span class='ocrx_word' id='word_1_185' title='bbox 1324 1487 1396 1525; x_wconf 83' lang='grc' dir='ltr'><strong><em>τοῦ</em></strong></span> <span class='ocrx_word' id='word_1_186' title='bbox 1425 1481 1626 1526; x_wconf 78' lang='grc' dir='ltr'><strong><em>δεσπότου</em></strong></span> 
     </span>
     <span class='ocr_line' id='line_1_20' title="bbox 175 1547 1624 1608; baseline 0.001 -16"><span class='ocrx_word' id='word_1_187' title='bbox 175 1553 485 1606; x_wconf 78' lang='grc' dir='ltr'><strong><em>ἰχνηλατοῦντες</em></strong></span> <span class='ocrx_word' id='word_1_188' title='bbox 515 1547 600 1592; x_wconf 74' lang='grc' dir='ltr'><strong><em>οἷον</em></strong></span> <span class='ocrx_word' id='word_1_189' title='bbox 629 1551 773 1593; x_wconf 81' lang='grc' dir='ltr'><strong><em>ἐκεῖνον</em></strong></span> <span class='ocrx_word' id='word_1_190' title='bbox 803 1551 1013 1608; x_wconf 78' lang='grc' dir='ltr'><strong><em>ἐπέτρεχον</em></strong></span> <span class='ocrx_word' id='word_1_191' title='bbox 1042 1550 1323 1608; x_wconf 74' lang='grc' dir='ltr'><strong><em>συνεχέστερον</em></strong></span> <span class='ocrx_word' id='word_1_192' title='bbox 1342 1584 1356 1604; x_wconf 94' lang='grc'><strong><em>,</em></strong></span> <span class='ocrx_word' id='word_1_193' title='bbox 1415 1568 1624 1608; x_wconf 86' lang='grc' dir='ltr'><strong><em>προκατα-</em></strong></span> 
     </span>
    </p>
   </div>
   <div class='ocr_carea' id='block_1_3' title="bbox 154 1692 1621 2879">
    <p class='ocr_par' dir='ltr' id='par_1_3' title="bbox 154 1692 1621 2879">
     <span class='ocr_line' id='line_1_21' title="bbox 172 1692 1621 1738; baseline 0 -10"><span class='ocrx_word' id='word_1_194' title='bbox 172 1698 298 1728; x_wconf 84' lang='lat' dir='ltr'><strong>terram</strong></span> <span class='ocrx_word' id='word_1_195' title='bbox 322 1692 410 1727; x_wconf 85' lang='lat' dir='ltr'><strong>haud</strong></span> <span class='ocrx_word' id='word_1_196' title='bbox 433 1692 536 1727; x_wconf 85' lang='lat' dir='ltr'><strong>dubie</strong></span> <span class='ocrx_word' id='word_1_197' title='bbox 557 1704 595 1727; x_wconf 82' lang='lat' dir='ltr'><strong>se</strong></span> <span class='ocrx_word' id='word_1_198' title='bbox 629 1703 864 1726; x_wconf 83' lang='lat' dir='ltr'>concussurum</span> <span class='ocrx_word' id='word_1_199' title='bbox 888 1692 1057 1726; x_wconf 83' lang='lat' dir='ltr'><strong>confidere</strong></span> <span class='ocrx_word' id='word_1_200' title='bbox 1087 1692 1280 1734; x_wconf 86' lang='lat' dir='ltr'><strong>videretur,</strong></span> <span class='ocrx_word' id='word_1_201' title='bbox 1312 1693 1494 1727; x_wconf 73' lang='lat' dir='ltr'><strong>destinavit</strong></span> <span class='ocrx_word' id='word_1_202' title='bbox 1515 1693 1621 1738; x_wconf 81' lang='lat' dir='ltr'><strong>impe-</strong></span> 
     </span>
     <span class='ocr_line' id='line_1_22' title="bbox 172 1738 1619 1784; baseline -0.001 -10"><span class='ocrx_word' id='word_1_203' title='bbox 172 1744 267 1774; x_wconf 85' lang='lat' dir='ltr'><strong>rator</strong></span> <span class='ocrx_word' id='word_1_204' title='bbox 288 1740 405 1773; x_wconf 89' lang='lat' dir='ltr'><strong>eodem</strong></span> <span class='ocrx_word' id='word_1_205' title='bbox 426 1750 559 1784; x_wconf 86' lang='lat' dir='ltr'><strong>quoque</strong></span> <span class='ocrx_word' id='word_1_206' title='bbox 596 1738 736 1772; x_wconf 82' lang='lat' dir='ltr'><strong>classem</strong></span> <span class='ocrx_word' id='word_1_207' title='bbox 768 1742 920 1773; x_wconf 84' lang='lat' dir='ltr'><strong>ornatam</strong></span> <span class='ocrx_word' id='word_1_208' title='bbox 943 1745 1184 1783; x_wconf 79' lang='lat' dir='ltr'><strong>oneratamque</strong></span> <span class='ocrx_word' id='word_1_209' title='bbox 1213 1739 1448 1783; x_wconf 88' lang='lat' dir='ltr'><strong>superbissimo</strong></span> <span class='ocrx_word' id='word_1_210' title='bbox 1472 1739 1619 1781; x_wconf 86' lang='lat' dir='ltr'><strong>delectu,</strong></span> 
     </span>
     <span class='ocr_line' id='line_1_23' title="bbox 173 1783 1619 1830; baseline 0 -11"><span class='ocrx_word' id='word_1_211' title='bbox 173 1797 255 1820; x_wconf 86' lang='lat' dir='ltr'><strong>cum.</strong></span> <span class='ocrx_word' id='word_1_212' title='bbox 269 1797 311 1820; x_wconf 87' lang='lat' dir='ltr'><strong>ex</strong></span> <span class='ocrx_word' id='word_1_213' title='bbox 334 1786 419 1818; x_wconf 88' lang='lat' dir='ltr'><strong>urbe</strong></span> <span class='ocrx_word' id='word_1_214' title='bbox 441 1790 511 1818; x_wconf 89' lang='lat' dir='ltr'><strong>tum</strong></span> <span class='ocrx_word' id='word_1_215' title='bbox 533 1796 576 1818; x_wconf 85' lang='lat' dir='ltr'><strong>ex</strong></span> <span class='ocrx_word' id='word_1_216' title='bbox 598 1784 729 1818; x_wconf 85' lang='lat' dir='ltr'><strong>cunctis</strong></span> <span class='ocrx_word' id='word_1_217' title='bbox 750 1783 932 1829; x_wconf 84' lang='lat' dir='ltr'><strong>provinciis</strong></span> <span class='ocrx_word' id='word_1_218' title='bbox 952 1795 992 1818; x_wconf 90' lang='lat' dir='ltr'><strong>ac</strong></span> <span class='ocrx_word' id='word_1_219' title='bbox 1013 1785 1189 1818; x_wconf 86' lang='lat' dir='ltr'><strong>navalibus</strong></span> <span class='ocrx_word' id='word_1_220' title='bbox 1211 1784 1467 1830; x_wconf 67' lang='lat' dir='ltr'>diligentissime</span> <span class='ocrx_word' id='word_1_221' title='bbox 1490 1786 1619 1826; x_wconf 86' lang='lat' dir='ltr'><strong>habito,</strong></span> 
     </span>
     <span class='ocr_line' id='line_1_24' title="bbox 170 1830 1619 1874; baseline 0 -10"><span class='ocrx_word' id='word_1_222' title='bbox 170 1832 220 1864; x_wconf 89' lang='lat' dir='ltr'><strong>ita</strong></span> <span class='ocrx_word' id='word_1_223' title='bbox 243 1835 280 1864; x_wconf 84' lang='lat' dir='ltr'><strong>ut</strong></span> <span class='ocrx_word' id='word_1_224' title='bbox 303 1842 460 1864; x_wconf 86' lang='lat' dir='ltr'><strong>numerus</strong></span> <span class='ocrx_word' id='word_1_225' title='bbox 489 1830 626 1864; x_wconf 87' lang='lat' dir='ltr'><strong>navium</strong></span> <span class='ocrx_word' id='word_1_226' title='bbox 660 1830 780 1874; x_wconf 85' lang='lat' dir='ltr'><strong>partim</strong></span> <span class='ocrx_word' id='word_1_227' title='bbox 815 1830 986 1874; x_wconf 85' lang='lat' dir='ltr'><strong>longarum</strong></span> <span class='ocrx_word' id='word_1_228' title='bbox 1016 1830 1143 1874; x_wconf 85' lang='lat' dir='ltr'><strong>partim</strong></span> <span class='ocrx_word' id='word_1_229' title='bbox 1175 1830 1320 1864; x_wconf 86' lang='lat' dir='ltr'><strong>celerum</strong></span> <span class='ocrx_word' id='word_1_230' title='bbox 1343 1831 1387 1865; x_wconf 86' lang='lat' dir='ltr'><strong>ad</strong></span> <span class='ocrx_word' id='word_1_231' title='bbox 1410 1836 1480 1864; x_wconf 81' lang='lat' dir='ltr'><strong>tres</strong></span> <span class='ocrx_word' id='word_1_232' title='bbox 1506 1835 1542 1864; x_wconf 88' lang='lat' dir='ltr'><strong>et</strong></span> <span class='ocrx_word' id='word_1_233' title='bbox 1562 1842 1619 1864; x_wconf 90' lang='lat' dir='ltr'><strong>se-</strong></span> 
     </span>
     <span class='ocr_line' id='line_1_25' title="bbox 169 1875 1618 1923; baseline 0.001 -13"><span class='ocrx_word' id='word_1_234' title='bbox 169 1875 347 1923; x_wconf 84' lang='lat' dir='ltr'><strong>ptuaginta</strong></span> <span class='ocrx_word' id='word_1_235' title='bbox 367 1877 583 1918; x_wconf 81' lang='lat' dir='ltr'><strong>ascenderet3</strong></span> <span class='ocrx_word' id='word_1_236' title='bbox 605 1886 689 1921; x_wconf 85' lang='lat' dir='ltr'><strong>quas</strong></span> <span class='ocrx_word' id='word_1_237' title='bbox 712 1877 946 1910; x_wconf 83' lang='lat' dir='ltr'><strong>commendans</strong></span> <span class='ocrx_word' id='word_1_238' title='bbox 965 1876 1203 1920; x_wconf 86' lang='lat' dir='ltr'><strong>protostratori</strong></span> <span class='ocrx_word' id='word_1_239' title='bbox 1221 1877 1521 1921; x_wconf 84' lang='lat' dir='ltr'><strong>Philanthropeno,</strong></span> <span class='ocrx_word' id='word_1_240' title='bbox 1544 1876 1618 1911; x_wconf 88' lang='lat' dir='ltr'><strong>ius-</strong></span> 
     </span>
     <span class='ocr_line' id='line_1_26' title="bbox 168 1921 1615 1967; baseline -0.001 -10"><span class='ocrx_word' id='word_1_241' title='bbox 168 1923 216 1957; x_wconf 79' lang='lat' dir='ltr'><strong>sit</strong></span> <span class='ocrx_word' id='word_1_242' title='bbox 237 1934 310 1956; x_wconf 90' lang='lat' dir='ltr'><strong>eum</strong></span> <span class='ocrx_word' id='word_1_243' title='bbox 335 1933 407 1956; x_wconf 91' lang='lat' dir='ltr'><strong>cum</strong></span> <span class='ocrx_word' id='word_1_244' title='bbox 430 1934 470 1955; x_wconf 86' lang='lat' dir='ltr'><strong>ea</strong></span> <span class='ocrx_word' id='word_1_245' title='bbox 493 1922 603 1956; x_wconf 85' lang='lat' dir='ltr'><strong>classe</strong></span> <span class='ocrx_word' id='word_1_246' title='bbox 625 1933 703 1955; x_wconf 86' lang='lat' dir='ltr'><strong>oras</strong></span> <span class='ocrx_word' id='word_1_247' title='bbox 725 1922 840 1965; x_wconf 84' lang='lat' dir='ltr'><strong>legere</strong></span> <span class='ocrx_word' id='word_1_248' title='bbox 862 1921 1090 1955; x_wconf 84' lang='lat' dir='ltr'><strong>Latinicarum</strong></span> <span class='ocrx_word' id='word_1_249' title='bbox 1113 1921 1298 1966; x_wconf 81' lang='lat' dir='ltr'><strong>regionum,</strong></span> <span class='ocrx_word' id='word_1_250' title='bbox 1321 1922 1530 1967; x_wconf 59' lang='lat' dir='ltr'><strong>infestasque</strong></span> <span class='ocrx_word' id='word_1_251' title='bbox 1552 1923 1615 1956; x_wconf 82' lang='lat' dir='ltr'><strong>ba-</strong></span> 
     </span>
     <span class='ocr_line' id='line_1_27' title="bbox 167 1966 1615 2013; baseline -0.001 -11"><span class='ocrx_word' id='word_1_252' title='bbox 167 1969 269 2011; x_wconf 88' lang='lat' dir='ltr'><strong>bere,</strong></span> <span class='ocrx_word' id='word_1_253' title='bbox 300 1980 340 2002; x_wconf 86' lang='lat' dir='ltr'><strong>ac</strong></span> <span class='ocrx_word' id='word_1_254' title='bbox 370 1967 478 2002; x_wconf 78' lang='lat' dir='ltr'>sicubi</span> <span class='ocrx_word' id='word_1_255' title='bbox 505 1979 559 2001; x_wconf 87' lang='lat' dir='ltr'><strong>res</strong></span> <span class='ocrx_word' id='word_1_256' title='bbox 590 1968 698 2001; x_wconf 80' lang='lat' dir='ltr'><strong>ferret</strong></span> <span class='ocrx_word' id='word_1_257' title='bbox 728 1967 932 2001; x_wconf 88' lang='lat' dir='ltr'><strong>exscendere</strong></span> <span class='ocrx_word' id='word_1_258' title='bbox 962 1966 1273 2013; x_wconf 85' lang='lat' dir='ltr'><strong>incursionibusque</strong></span> <span class='ocrx_word' id='word_1_259' title='bbox 1295 1979 1418 2009; x_wconf 88' lang='lat' dir='ltr'><strong>urere,</strong></span> <span class='ocrx_word' id='word_1_260' title='bbox 1450 1969 1499 2001; x_wconf 87' lang='lat' dir='ltr'><strong>sic</strong></span> <span class='ocrx_word' id='word_1_261' title='bbox 1522 1968 1615 2002; x_wconf 86' lang='lat' dir='ltr'><strong>arbi-</strong></span> 
     </span>
     <span class='ocr_line' id='line_1_28' title="bbox 166 2013 1613 2059; baseline -0.001 -11"><span class='ocrx_word' id='word_1_262' title='bbox 166 2018 276 2049; x_wconf 82' lang='lat' dir='ltr'><strong>tratus</strong></span> <span class='ocrx_word' id='word_1_263' title='bbox 299 2014 425 2048; x_wconf 83' lang='lat' dir='ltr'><strong>certius</strong></span> <span class='ocrx_word' id='word_1_264' title='bbox 448 2014 648 2058; x_wconf 79' lang='lat' dir='ltr'><strong>faciliusque</strong></span> <span class='ocrx_word' id='word_1_265' title='bbox 674 2024 892 2058; x_wconf 79' lang='lat' dir='ltr'><strong>processuras</strong></span> <span class='ocrx_word' id='word_1_266' title='bbox 923 2013 965 2046; x_wconf 87' lang='lat' dir='ltr'><strong>ad</strong></span> <span class='ocrx_word' id='word_1_267' title='bbox 996 2024 1088 2057; x_wconf 85' lang='lat' dir='ltr'><strong>spem</strong></span> <span class='ocrx_word' id='word_1_268' title='bbox 1111 2013 1231 2059; x_wconf 82' lang='lat' dir='ltr'>plenae</span> <span class='ocrx_word' id='word_1_269' title='bbox 1253 2013 1414 2048; x_wconf 83' lang='lat' dir='ltr'><strong>victoriae</strong></span> <span class='ocrx_word' id='word_1_270' title='bbox 1438 2013 1515 2046; x_wconf 89' lang='lat' dir='ltr'><strong>belli</strong></span> <span class='ocrx_word' id='word_1_271' title='bbox 1538 2013 1613 2047; x_wconf 87' lang='lat' dir='ltr'><strong>uni-</strong></span> 
     </span>
     <span class='ocr_line' id='line_1_29' title="bbox 166 2058 1613 2105; baseline -0.001 -13"><span class='ocrx_word' id='word_1_272' title='bbox 166 2059 255 2094; x_wconf 86' lang='lat' dir='ltr'><strong>versi</strong></span> <span class='ocrx_word' id='word_1_273' title='bbox 278 2059 448 2100; x_wconf 81' lang='lat' dir='ltr'><strong>rationes,</strong></span> <span class='ocrx_word' id='word_1_274' title='bbox 479 2058 509 2093; x_wconf 91' lang='lat' dir='ltr'><strong>si</strong></span> <span class='ocrx_word' id='word_1_275' title='bbox 538 2058 674 2103; x_wconf 88' lang='lat' dir='ltr'><strong>proprio</strong></span> <span class='ocrx_word' id='word_1_276' title='bbox 704 2059 857 2105; x_wconf 76' lang='lat' dir='ltr'><strong>impliciti</strong></span> <span class='ocrx_word' id='word_1_277' title='bbox 890 2058 1037 2104; x_wconf 84' lang='lat' dir='ltr'><strong>periculo</strong></span> <span class='ocrx_word' id='word_1_278' title='bbox 1069 2058 1180 2092; x_wconf 82' lang='lat' dir='ltr'><strong>Latini</strong></span> <span class='ocrx_word' id='word_1_279' title='bbox 1204 2060 1353 2103; x_wconf 83' lang='lat' dir='ltr'><strong>cogitare</strong></span> <span class='ocrx_word' id='word_1_280' title='bbox 1376 2059 1419 2092; x_wconf 90' lang='lat' dir='ltr'><strong>de</strong></span> <span class='ocrx_word' id='word_1_281' title='bbox 1441 2058 1613 2092; x_wconf 77' lang='lat' dir='ltr'><strong>mittendis</strong></span> 
     </span>
     <span class='ocr_line' id='line_1_30' title="bbox 164 2103 1612 2150; baseline 0 -12"><span class='ocrx_word' id='word_1_282' title='bbox 164 2105 281 2139; x_wconf 83' lang='lat' dir='ltr'><strong>Ioanni</strong></span> <span class='ocrx_word' id='word_1_283' title='bbox 313 2105 446 2140; x_wconf 77' lang='lat' dir='ltr'><strong>auxiliis</strong></span> <span class='ocrx_word' id='word_1_284' title='bbox 467 2104 735 2150; x_wconf 78' lang='lat' dir='ltr'><strong>prohiberentur.</strong></span> <span class='ocrx_word' id='word_1_285' title='bbox 782 2115 857 2138; x_wconf 86' lang='lat' dir='ltr'><strong>cum</strong></span> <span class='ocrx_word' id='word_1_286' title='bbox 888 2116 970 2149; x_wconf 85' lang='lat' dir='ltr'><strong>ergo</strong></span> <span class='ocrx_word' id='word_1_287' title='bbox 1002 2103 1209 2139; x_wconf 85' lang='lat' dir='ltr'><strong>velocissime</strong></span> <span class='ocrx_word' id='word_1_288' title='bbox 1238 2106 1382 2149; x_wconf 83' lang='lat' dir='ltr'>despota</span> <span class='ocrx_word' id='word_1_289' title='bbox 1412 2104 1555 2137; x_wconf 85' lang='lat' dir='ltr'><strong>Ioannes</strong></span> <span class='ocrx_word' id='word_1_290' title='bbox 1576 2103 1612 2138; x_wconf 83' lang='lat' dir='ltr'><strong>in</strong></span> 
     </span>
     <span class='ocr_line' id='line_1_31' title="bbox 164 2150 1611 2195; baseline -0.001 -11"><span class='ocrx_word' id='word_1_291' title='bbox 164 2150 272 2184; x_wconf 87' lang='lat' dir='ltr'><strong>locum</strong></span> <span class='ocrx_word' id='word_1_292' title='bbox 295 2155 385 2184; x_wconf 86' lang='lat' dir='ltr'><strong>esset</strong></span> <span class='ocrx_word' id='word_1_293' title='bbox 414 2156 593 2195; x_wconf 82' lang='lat' dir='ltr'><strong>pervectus</strong></span> <span class='ocrx_word' id='word_1_294' title='bbox 625 2161 786 2184; x_wconf 86' lang='lat' dir='ltr'><strong>novarum</strong></span> <span class='ocrx_word' id='word_1_295' title='bbox 817 2151 1014 2193; x_wconf 86' lang='lat' dir='ltr'><strong>Patrarum,</strong></span> <span class='ocrx_word' id='word_1_296' title='bbox 1050 2150 1169 2194; x_wconf 80' lang='lat' dir='ltr'><strong>ingens</strong></span> <span class='ocrx_word' id='word_1_297' title='bbox 1202 2151 1248 2184; x_wconf 86' lang='lat' dir='ltr'><strong>ibi</strong></span> <span class='ocrx_word' id='word_1_298' title='bbox 1279 2155 1417 2183; x_wconf 85' lang='lat' dir='ltr'><strong>cunctos</strong></span> <span class='ocrx_word' id='word_1_299' title='bbox 1439 2154 1552 2182; x_wconf 87' lang='lat' dir='ltr'><strong>terror</strong></span> <span class='ocrx_word' id='word_1_300' title='bbox 1574 2154 1611 2183; x_wconf 85' lang='lat' dir='ltr'><strong>et</strong></span> 
     </span>
     <span class='ocr_line' id='line_1_32' title="bbox 165 2195 1609 2242; baseline -0.001 -13"><span class='ocrx_word' id='word_1_301' title='bbox 165 2196 390 2230; x_wconf 76' lang='lat' dir='ltr'><strong>consternatio</strong></span> <span class='ocrx_word' id='word_1_302' title='bbox 411 2196 577 2238; x_wconf 84' lang='lat' dir='ltr'><strong>turbavit,</strong></span> <span class='ocrx_word' id='word_1_303' title='bbox 604 2196 688 2230; x_wconf 88' lang='lat' dir='ltr'><strong>adeo</strong></span> <span class='ocrx_word' id='word_1_304' title='bbox 712 2201 751 2230; x_wconf 87' lang='lat' dir='ltr'><strong>ut</strong></span> <span class='ocrx_word' id='word_1_305' title='bbox 773 2196 806 2229; x_wconf 85' lang='lat' dir='ltr'><strong>ei</strong></span> <span class='ocrx_word' id='word_1_306' title='bbox 830 2195 952 2242; x_wconf 89' lang='lat' dir='ltr'><strong>passim</strong></span> <span class='ocrx_word' id='word_1_307' title='bbox 977 2196 1054 2241; x_wconf 80' lang='lat' dir='ltr'><strong>pagi</strong></span> <span class='ocrx_word' id='word_1_308' title='bbox 1078 2203 1114 2230; x_wconf 87' lang='lat' dir='ltr'><strong>et</strong></span> <span class='ocrx_word' id='word_1_309' title='bbox 1137 2195 1262 2241; x_wconf 86' lang='lat' dir='ltr'><strong>oppida</strong></span> <span class='ocrx_word' id='word_1_310' title='bbox 1284 2207 1322 2229; x_wconf 89' lang='lat' dir='ltr'><strong>se</strong></span> <span class='ocrx_word' id='word_1_311' title='bbox 1343 2195 1526 2237; x_wconf 81' lang='lat' dir='ltr'><strong>dederent,</strong></span> <span class='ocrx_word' id='word_1_312' title='bbox 1549 2206 1609 2228; x_wconf 88' lang='lat' dir='ltr'><strong>ar-</strong></span> 
     </span>
     <span class='ocr_line' id='line_1_33' title="bbox 163 2239 1608 2286; baseline -0.001 -11"><span class='ocrx_word' id='word_1_313' title='bbox 163 2241 252 2275; x_wconf 85' lang='lat' dir='ltr'><strong>cium</strong></span> <span class='ocrx_word' id='word_1_314' title='bbox 282 2252 363 2275; x_wconf 86' lang='lat' dir='ltr'><strong>vero</strong></span> <span class='ocrx_word' id='word_1_315' title='bbox 396 2241 567 2286; x_wconf 79' lang='lat' dir='ltr'><strong>praesidia</strong></span> <span class='ocrx_word' id='word_1_316' title='bbox 594 2241 683 2275; x_wconf 88' lang='lat' dir='ltr'><strong>inter</strong></span> <span class='ocrx_word' id='word_1_317' title='bbox 717 2241 882 2285; x_wconf 86' lang='lat' dir='ltr'><strong>ancipites</strong></span> <span class='ocrx_word' id='word_1_318' title='bbox 906 2242 1092 2275; x_wconf 84' lang='lat' dir='ltr'><strong>sententias</strong></span> <span class='ocrx_word' id='word_1_319' title='bbox 1125 2241 1342 2275; x_wconf 83' lang='lat' dir='ltr'><strong>fluctuarent.</strong></span> <span class='ocrx_word' id='word_1_320' title='bbox 1388 2239 1509 2284; x_wconf 83' lang='lat' dir='ltr'><strong>exigua</strong></span> <span class='ocrx_word' id='word_1_321' title='bbox 1543 2251 1608 2274; x_wconf 89' lang='lat' dir='ltr'><strong>nec</strong></span> 
     </span>
     <span class='ocr_line' id='line_1_34' title="bbox 160 2285 1611 2331; baseline 0 -11"><span class='ocrx_word' id='word_1_322' title='bbox 160 2286 315 2330; x_wconf 87' lang='lat' dir='ltr'><strong>longum,</strong></span> <span class='ocrx_word' id='word_1_323' title='bbox 337 2290 376 2320; x_wconf 86' lang='lat' dir='ltr'><strong>ut</strong></span> <span class='ocrx_word' id='word_1_324' title='bbox 397 2287 605 2331; x_wconf 69' lang='lat' dir='ltr'><strong>apparebat,</strong></span> <span class='ocrx_word' id='word_1_325' title='bbox 632 2287 775 2321; x_wconf 76' lang='lat' dir='ltr'><strong>valitura</strong></span> <span class='ocrx_word' id='word_1_326' title='bbox 797 2287 877 2321; x_wconf 83' lang='lat' dir='ltr'><strong>fidei</strong></span> <span class='ocrx_word' id='word_1_327' title='bbox 898 2287 1014 2321; x_wconf 86' lang='lat' dir='ltr'><strong>Ioanni</strong></span> <span class='ocrx_word' id='word_1_328' title='bbox 1036 2287 1137 2321; x_wconf 85' lang='lat' dir='ltr'><strong>datae</strong></span> <span class='ocrx_word' id='word_1_329' title='bbox 1158 2285 1349 2321; x_wconf 85' lang='lat' dir='ltr'><strong>reverentia</strong></span> <span class='ocrx_word' id='word_1_330' title='bbox 1365 2286 1539 2320; x_wconf 78' lang='lat' dir='ltr'><strong>cohibente</strong></span> <span class='ocrx_word' id='word_1_331' title='bbox 1562 2286 1611 2320; x_wconf 79' lang='lat' dir='ltr'><strong>ab</strong></span> 
     </span>
     <span class='ocr_line' id='line_1_35' title="bbox 161 2331 1605 2377; baseline 0 -12"><span class='ocrx_word' id='word_1_332' title='bbox 161 2332 234 2376; x_wconf 89' lang='lat' dir='ltr'><strong>ipso</strong></span> <span class='ocrx_word' id='word_1_333' title='bbox 258 2332 301 2365; x_wconf 86' lang='lat' dir='ltr'><strong>ad</strong></span> <span class='ocrx_word' id='word_1_334' title='bbox 324 2331 462 2376; x_wconf 83' lang='lat' dir='ltr'><strong>primam</strong></span> <span class='ocrx_word' id='word_1_335' title='bbox 486 2331 602 2366; x_wconf 86' lang='lat' dir='ltr'><strong>statim</strong></span> <span class='ocrx_word' id='word_1_336' title='bbox 637 2331 855 2377; x_wconf 78' lang='lat' dir='ltr'><strong>irruptionem</strong></span> <span class='ocrx_word' id='word_1_337' title='bbox 888 2332 1079 2376; x_wconf 79' lang='lat' dir='ltr'><strong>prodendo:</strong></span> <span class='ocrx_word' id='word_1_338' title='bbox 1114 2344 1190 2366; x_wconf 88' lang='lat' dir='ltr'><strong>nam</strong></span> <span class='ocrx_word' id='word_1_339' title='bbox 1222 2331 1265 2366; x_wconf 88' lang='lat' dir='ltr'><strong>ad</strong></span> <span class='ocrx_word' id='word_1_340' title='bbox 1289 2339 1473 2365; x_wconf 87' lang='lat' dir='ltr'><strong>extremum</strong></span> <span class='ocrx_word' id='word_1_341' title='bbox 1497 2331 1605 2365; x_wconf 84' lang='lat' dir='ltr'><strong>vitare</strong></span> 
     </span>
     <span class='ocr_line' id='line_1_36' title="bbox 161 2376 1605 2423; baseline 0 -13"><span class='ocrx_word' id='word_1_342' title='bbox 161 2390 199 2410; x_wconf 80' lang='lat' dir='ltr'><strong>se</strong></span> <span class='ocrx_word' id='word_1_343' title='bbox 223 2388 321 2422; x_wconf 85' lang='lat' dir='ltr'><strong>posse</strong></span> <span class='ocrx_word' id='word_1_344' title='bbox 342 2377 520 2411; x_wconf 76' lang='lat' dir='ltr'><strong>deditionis</strong></span> <span class='ocrx_word' id='word_1_345' title='bbox 539 2377 772 2412; x_wconf 85' lang='lat' dir='ltr'><strong>necessitatem</strong></span> <span class='ocrx_word' id='word_1_346' title='bbox 795 2377 1079 2422; x_wconf 81' lang='lat' dir='ltr'><strong>desperaverant,</strong></span> <span class='ocrx_word' id='word_1_347' title='bbox 1100 2379 1216 2423; x_wconf 89' lang='lat' dir='ltr'><strong>utique</strong></span> <span class='ocrx_word' id='word_1_348' title='bbox 1239 2389 1312 2412; x_wconf 90' lang='lat' dir='ltr'><strong>cum</strong></span> <span class='ocrx_word' id='word_1_349' title='bbox 1335 2376 1605 2422; x_wconf 83' lang='lat' dir='ltr'><strong>circumspicien-</strong></span> 
     </span>
     <span class='ocr_line' id='line_1_37' title="bbox 160 2422 1604 2468; baseline -0.001 -11"><span class='ocrx_word' id='word_1_350' title='bbox 160 2424 252 2457; x_wconf 85' lang='lat' dir='ltr'><strong>tibus</strong></span> <span class='ocrx_word' id='word_1_351' title='bbox 284 2427 431 2463; x_wconf 86' lang='lat' dir='ltr'><strong>cuncta,</strong></span> <span class='ocrx_word' id='word_1_352' title='bbox 462 2422 582 2456; x_wconf 85' lang='lat' dir='ltr'><strong>salutis</strong></span> <span class='ocrx_word' id='word_1_353' title='bbox 612 2422 679 2457; x_wconf 87' lang='lat' dir='ltr'><strong>alia</strong></span> <span class='ocrx_word' id='word_1_354' title='bbox 715 2423 771 2456; x_wconf 89' lang='lat' dir='ltr'><strong>via</strong></span> <span class='ocrx_word' id='word_1_355' title='bbox 805 2424 1033 2467; x_wconf 87' lang='lat' dir='ltr'><strong>expediendae</strong></span> <span class='ocrx_word' id='word_1_356' title='bbox 1070 2422 1159 2457; x_wconf 85' lang='lat' dir='ltr'><strong>ratio</strong></span> <span class='ocrx_word' id='word_1_357' title='bbox 1191 2422 1382 2457; x_wconf 86' lang='lat' dir='ltr'><strong>humanitus</strong></span> <span class='ocrx_word' id='word_1_358' title='bbox 1421 2427 1604 2468; x_wconf 71' lang='lat' dir='ltr'><strong>appareret</strong></span> 
     </span>
     <span class='ocr_line' id='line_1_38' title="bbox 160 2467 1602 2514; baseline 0 -12"><span class='ocrx_word' id='word_1_359' title='bbox 160 2469 261 2503; x_wconf 85' lang='lat' dir='ltr'><strong>nulla.</strong></span> <span class='ocrx_word' id='word_1_360' title='bbox 307 2467 398 2502; x_wconf 85' lang='lat' dir='ltr'><strong>inter</strong></span> <span class='ocrx_word' id='word_1_361' title='bbox 421 2469 504 2502; x_wconf 84' lang='lat' dir='ltr'><strong>baec</strong></span> <span class='ocrx_word' id='word_1_362' title='bbox 525 2468 669 2502; x_wconf 85' lang='lat' dir='ltr'><strong>Ioannes</strong></span> <span class='ocrx_word' id='word_1_363' title='bbox 689 2468 763 2513; x_wconf 87' lang='lat' dir='ltr'><strong>ipse</strong></span> <span class='ocrx_word' id='word_1_364' title='bbox 785 2469 910 2513; x_wconf 84' lang='lat' dir='ltr'><strong>passim</strong></span> <span class='ocrx_word' id='word_1_365' title='bbox 932 2469 1087 2502; x_wconf 87' lang='lat' dir='ltr'><strong>desertus</strong></span> <span class='ocrx_word' id='word_1_366' title='bbox 1109 2480 1130 2502; x_wconf 89' lang='lat' dir='ltr'><strong>a</strong></span> <span class='ocrx_word' id='word_1_367' title='bbox 1153 2468 1343 2514; x_wconf 80' lang='lat' dir='ltr'><strong>plerisque,</strong></span> <span class='ocrx_word' id='word_1_368' title='bbox 1367 2480 1430 2502; x_wconf 87' lang='lat' dir='ltr'><strong>nec</strong></span> <span class='ocrx_word' id='word_1_369' title='bbox 1452 2469 1518 2502; x_wconf 90' lang='lat' dir='ltr'><strong>alio</strong></span> <span class='ocrx_word' id='word_1_370' title='bbox 1537 2468 1602 2502; x_wconf 85' lang='lat' dir='ltr'><strong>iam</strong></span> 
     </span>
     <span class='ocr_line' id='line_1_39' title="bbox 159 2513 1602 2559; baseline 0.001 -12"><span class='ocrx_word' id='word_1_371' title='bbox 159 2515 232 2548; x_wconf 78' lang='lat' dir='ltr'><strong>sere</strong></span> <span class='ocrx_word' id='word_1_372' title='bbox 254 2525 353 2559; x_wconf 87' lang='lat' dir='ltr'><strong>quam</strong></span> <span class='ocrx_word' id='word_1_373' title='bbox 377 2513 586 2548; x_wconf 76' lang='lat' dir='ltr'><strong>familiarium</strong></span> <span class='ocrx_word' id='word_1_374' title='bbox 607 2513 860 2548; x_wconf 87' lang='lat' dir='ltr'><strong>domesticorum</strong></span> <span class='ocrx_word' id='word_1_375' title='bbox 892 2519 1009 2559; x_wconf 86' lang='lat' dir='ltr'><strong>septus</strong></span> <span class='ocrx_word' id='word_1_376' title='bbox 1032 2514 1212 2557; x_wconf 84' lang='lat' dir='ltr'><strong>comitatu,</strong></span> <span class='ocrx_word' id='word_1_377' title='bbox 1245 2519 1321 2549; x_wconf 87' lang='lat' dir='ltr'><strong>arte</strong></span> <span class='ocrx_word' id='word_1_378' title='bbox 1342 2517 1446 2559; x_wconf 80' lang='lat' dir='ltr'><strong>atque</strong></span> <span class='ocrx_word' id='word_1_379' title='bbox 1468 2513 1602 2559; x_wconf 86' lang='lat' dir='ltr'><strong>ingenio</strong></span> 
     </span>
     <span class='ocr_line' id='line_1_40' title="bbox 159 2559 1602 2605; baseline 0 -13"><span class='ocrx_word' id='word_1_380' title='bbox 159 2559 316 2605; x_wconf 86' lang='lat' dir='ltr'><strong>supplere</strong></span> <span class='ocrx_word' id='word_1_381' title='bbox 338 2559 504 2593; x_wconf 83' lang='lat' dir='ltr'><strong>defectum</strong></span> <span class='ocrx_word' id='word_1_382' title='bbox 528 2570 625 2604; x_wconf 89' lang='lat' dir='ltr'><strong>opum</strong></span> <span class='ocrx_word' id='word_1_383' title='bbox 650 2563 683 2594; x_wconf 85' lang='lat' dir='ltr'><strong>et</strong></span> <span class='ocrx_word' id='word_1_384' title='bbox 707 2559 807 2604; x_wconf 86' lang='lat' dir='ltr'><strong>capiti</strong></span> <span class='ocrx_word' id='word_1_385' title='bbox 834 2571 874 2593; x_wconf 86' lang='lat' dir='ltr'><strong>ac</strong></span> <span class='ocrx_word' id='word_1_386' title='bbox 896 2571 1043 2594; x_wconf 86' lang='lat' dir='ltr'><strong>summae</strong></span> <span class='ocrx_word' id='word_1_387' title='bbox 1075 2571 1185 2594; x_wconf 88' lang='lat' dir='ltr'><strong>rerum</strong></span> <span class='ocrx_word' id='word_1_388' title='bbox 1205 2571 1340 2595; x_wconf 78' lang='lat' dir='ltr'><strong>auarum</strong></span> <span class='ocrx_word' id='word_1_389' title='bbox 1362 2571 1463 2605; x_wconf 86' lang='lat' dir='ltr'><strong>quam</strong></span> <span class='ocrx_word' id='word_1_390' title='bbox 1487 2565 1602 2604; x_wconf 85' lang='lat' dir='ltr'><strong>posset</strong></span> 
     </span>
     <span class='ocr_line' id='line_1_41' title="bbox 157 2604 1599 2652; baseline -0.001 -14"><span class='ocrx_word' id='word_1_391' title='bbox 157 2609 281 2650; x_wconf 84' lang='lat' dir='ltr'><strong>optime</strong></span> <span class='ocrx_word' id='word_1_392' title='bbox 307 2605 479 2639; x_wconf 89' lang='lat' dir='ltr'><strong>consulere</strong></span> <span class='ocrx_word' id='word_1_393' title='bbox 504 2604 687 2645; x_wconf 89' lang='lat' dir='ltr'><strong>nitebatur,</strong></span> <span class='ocrx_word' id='word_1_394' title='bbox 709 2604 783 2639; x_wconf 79' lang='lat' dir='ltr'><strong>loca</strong></span> <span class='ocrx_word' id='word_1_395' title='bbox 805 2616 848 2639; x_wconf 88' lang='lat' dir='ltr'><strong>ex</strong></span> <span class='ocrx_word' id='word_1_396' title='bbox 870 2604 952 2639; x_wconf 91' lang='lat' dir='ltr'><strong>locis</strong></span> <span class='ocrx_word' id='word_1_397' title='bbox 973 2609 1117 2649; x_wconf 78' lang='lat' dir='ltr'><strong>mutans,</strong></span> <span class='ocrx_word' id='word_1_398' title='bbox 1140 2617 1301 2652; x_wconf 86' lang='lat' dir='ltr'><strong>nusquam</strong></span> <span class='ocrx_word' id='word_1_399' title='bbox 1323 2605 1378 2639; x_wconf 90' lang='lat' dir='ltr'><strong>diu</strong></span> <span class='ocrx_word' id='word_1_400' title='bbox 1402 2606 1599 2643; x_wconf 78' lang='lat' dir='ltr'><strong>consistens,</strong></span> 
     </span>
     <span class='ocr_line' id='line_1_42' title="bbox 157 2650 1597 2697; baseline 0 -14"><span class='ocrx_word' id='word_1_401' title='bbox 157 2661 244 2684; x_wconf 87' lang='lat' dir='ltr'><strong>nunc</strong></span> <span class='ocrx_word' id='word_1_402' title='bbox 267 2650 340 2691; x_wconf 79' lang='lat' dir='ltr'><strong>hic,</strong></span> <span class='ocrx_word' id='word_1_403' title='bbox 371 2661 448 2685; x_wconf 85' lang='lat' dir='ltr'><strong>mox</strong></span> <span class='ocrx_word' id='word_1_404' title='bbox 468 2650 536 2685; x_wconf 87' lang='lat' dir='ltr'><strong>illic</strong></span> <span class='ocrx_word' id='word_1_405' title='bbox 567 2650 747 2694; x_wconf 83' lang='lat' dir='ltr'><strong>improviso</strong></span> <span class='ocrx_word' id='word_1_406' title='bbox 781 2652 992 2696; x_wconf 85' lang='lat' dir='ltr'><strong>apparendo,</strong></span> <span class='ocrx_word' id='word_1_407' title='bbox 1023 2656 1164 2686; x_wconf 86' lang='lat' dir='ltr'><strong>conatus</strong></span> <span class='ocrx_word' id='word_1_408' title='bbox 1198 2650 1462 2697; x_wconf 81' lang='lat' dir='ltr'><strong>insequentium,</strong></span> <span class='ocrx_word' id='word_1_409' title='bbox 1484 2650 1597 2695; x_wconf 85' lang='lat' dir='ltr'><strong>quoad</strong></span> 
     </span>
     <span class='ocr_line' id='line_1_43' title="bbox 156 2695 1598 2741; baseline -0.001 -11"><span class='ocrx_word' id='word_1_410' title='bbox 156 2700 309 2739; x_wconf 84' lang='lat' dir='ltr'><strong>poterat,</strong></span> <span class='ocrx_word' id='word_1_411' title='bbox 334 2697 510 2732; x_wconf 77' lang='lat' dir='ltr'><strong>frustrans.</strong></span> <span class='ocrx_word' id='word_1_412' title='bbox 555 2708 630 2730; x_wconf 85' lang='lat' dir='ltr'><strong>nam</strong></span> <span class='ocrx_word' id='word_1_413' title='bbox 656 2707 787 2729; x_wconf 86' lang='lat' dir='ltr'><strong>manum</strong></span> <span class='ocrx_word' id='word_1_414' title='bbox 807 2707 1009 2739; x_wconf 79' lang='lat' dir='ltr'><strong>conserere,</strong></span> <span class='ocrx_word' id='word_1_415' title='bbox 1032 2701 1067 2731; x_wconf 83' lang='lat' dir='ltr'><strong>et</strong></span> <span class='ocrx_word' id='word_1_416' title='bbox 1099 2698 1205 2732; x_wconf 84' lang='lat' dir='ltr'><strong>aleam</strong></span> <span class='ocrx_word' id='word_1_417' title='bbox 1227 2697 1339 2732; x_wconf 86' lang='lat' dir='ltr'><strong>iacere</strong></span> <span class='ocrx_word' id='word_1_418' title='bbox 1365 2695 1507 2741; x_wconf 88' lang='lat' dir='ltr'><strong>praelii,</strong></span> <span class='ocrx_word' id='word_1_419' title='bbox 1536 2695 1598 2728; x_wconf 91' lang='lat' dir='ltr'><strong>de-</strong></span> 
     </span>
     <span class='ocr_line' id='line_1_44' title="bbox 155 2741 1598 2796; baseline 0 -22"><span class='ocrx_word' id='word_1_420' title='bbox 155 2741 307 2776; x_wconf 84' lang='lat' dir='ltr'><strong>stitutum</strong></span> <span class='ocrx_word' id='word_1_421' title='bbox 331 2742 457 2796; x_wconf 86' lang='lat' dir='ltr'><strong>copiis,</strong></span> <span class='ocrx_word' id='word_1_422' title='bbox 480 2742 570 2776; x_wconf 89' lang='lat' dir='ltr'><strong>ultra</strong></span> <span class='ocrx_word' id='word_1_423' title='bbox 594 2753 722 2776; x_wconf 87' lang='lat' dir='ltr'><strong>omnem</strong></span> <span class='ocrx_word' id='word_1_424' title='bbox 745 2746 783 2775; x_wconf 84' lang='lat' dir='ltr'><strong>ut</strong></span> <span class='ocrx_word' id='word_1_425' title='bbox 804 2742 1016 2786; x_wconf 83' lang='lat' dir='ltr'><strong>facultatem,</strong></span> <span class='ocrx_word' id='word_1_426' title='bbox 1034 2742 1082 2777; x_wconf 82' lang='lat' dir='ltr'><strong>ita</strong></span> <span class='ocrx_word' id='word_1_427' title='bbox 1104 2743 1340 2789; x_wconf 82' lang='lat' dir='ltr'><strong>cogitationem</strong></span> <span class='ocrx_word' id='word_1_428' title='bbox 1363 2747 1450 2777; x_wconf 86' lang='lat' dir='ltr'><strong>erat.</strong></span> <span class='ocrx_word' id='word_1_429' title='bbox 1494 2751 1598 2785; x_wconf 82' lang='lat' dir='ltr'><strong>porro</strong></span> 
     </span>
     <span class='ocr_line' id='line_1_45' title="bbox 154 2785 1598 2834; baseline -0.001 -15"><span class='ocrx_word' id='word_1_430' title='bbox 154 2785 258 2820; x_wconf 82' lang='lat' dir='ltr'><strong>duces</strong></span> <span class='ocrx_word' id='word_1_431' title='bbox 279 2799 321 2820; x_wconf 89' lang='lat' dir='ltr'><strong>ac</strong></span> <span class='ocrx_word' id='word_1_432' title='bbox 342 2787 465 2821; x_wconf 75' lang='lat' dir='ltr'><strong>milites</strong></span> <span class='ocrx_word' id='word_1_433' title='bbox 487 2788 649 2832; x_wconf 81' lang='lat' dir='ltr'><strong>despotae</strong></span> <span class='ocrx_word' id='word_1_434' title='bbox 671 2788 740 2821; x_wconf 85' lang='lat' dir='ltr'><strong>late</strong></span> <span class='ocrx_word' id='word_1_435' title='bbox 758 2799 817 2833; x_wconf 86' lang='lat' dir='ltr'><strong>per</strong></span> <span class='ocrx_word' id='word_1_436' title='bbox 838 2787 1007 2832; x_wconf 78' lang='lat' dir='ltr'><strong>regionem</strong></span> <span class='ocrx_word' id='word_1_437' title='bbox 1031 2790 1140 2834; x_wconf 85' lang='lat' dir='ltr'><strong>sparsi</strong></span> <span class='ocrx_word' id='word_1_438' title='bbox 1162 2790 1281 2823; x_wconf 86' lang='lat' dir='ltr'><strong>ducem</strong></span> <span class='ocrx_word' id='word_1_439' title='bbox 1303 2787 1446 2822; x_wconf 82' lang='lat' dir='ltr'><strong>bostium</strong></span> <span class='ocrx_word' id='word_1_440' title='bbox 1465 2785 1524 2819; x_wconf 86' lang='lat' dir='ltr'><strong>ubi</strong></span> <span class='ocrx_word' id='word_1_441' title='bbox 1546 2785 1598 2819; x_wconf 88' lang='lat' dir='ltr'><strong>la-</strong></span> 
     </span>
     <span class='ocr_line' id='line_1_46' title="bbox 155 2831 1600 2879; baseline 0 -14"><span class='ocrx_word' id='word_1_442' title='bbox 155 2836 244 2866; x_wconf 87' lang='lat' dir='ltr'><strong>teret</strong></span> <span class='ocrx_word' id='word_1_443' title='bbox 267 2833 416 2867; x_wconf 74' lang='lat' dir='ltr'><strong>omnibus</strong></span> <span class='ocrx_word' id='word_1_444' title='bbox 438 2833 591 2879; x_wconf 85' lang='lat' dir='ltr'><strong>vestigiis</strong></span> <span class='ocrx_word' id='word_1_445' title='bbox 614 2833 842 2877; x_wconf 78' lang='lat' dir='ltr'><strong>indagabant:</strong></span> <span class='ocrx_word' id='word_1_446' title='bbox 867 2839 1056 2869; x_wconf 78' lang='lat' dir='ltr'><strong>scrutantes</strong></span> <span class='ocrx_word' id='word_1_447' title='bbox 1079 2834 1212 2870; x_wconf 80' lang='lat' dir='ltr'><strong>assidue</strong></span> <span class='ocrx_word' id='word_1_448' title='bbox 1234 2834 1309 2868; x_wconf 87' lang='lat' dir='ltr'><strong>loca</strong></span> <span class='ocrx_word' id='word_1_449' title='bbox 1332 2837 1454 2867; x_wconf 86' lang='lat' dir='ltr'><strong>cuncta</strong></span> <span class='ocrx_word' id='word_1_450' title='bbox 1475 2831 1600 2877; x_wconf 84' lang='lat' dir='ltr'><strong>quibus</strong></span> 
     </span>
    </p>
   </div>
  </div>
 </body>
</html>
