1884 3262
231 185 326 232 294
645 183 879 228 GEORGII
913 183 1263 227 PACHYMERIS
1285 218 1287 220 .

235 294 549 356 παρασκευάσας
569 296 619 338 τὰ
643 292 836 351 συνήθως
855 293 1048 351 λεγόμενα
1070 293 1284 350 ε’πικόμπια
1304 299 1370 339 καὶ
1388 294 1533 349 αὐτός,
1568 296 1685 350 μέχρι

238 370 304 410 καὶ
324 370 406 408 τῶν
426 361 729 420 τεσσαράκοντα
750 361 970 420 μαρτύρων
988 363 1062 419 τὴν
1091 364 1204 418 λιτὴν
1232 366 1496 417 κατατείνων,
1535 363 1687 420 ῥιπτεῖν

240 434 390 477 ἐκέλευε
410 436 466 490 τῷ
487 435 587 490 λαῷ.
656 433 722 474 καὶ
742 431 900 474 τοιαῦτ’
922 427 1027 484 ἦσαν
1045 432 1096 474 τὰ
1117 431 1218 486 πρὸς
1235 433 1382 474 ἐκεῖνον
1399 431 1688 485 τοῦβασιλέως

239 498 570 554 ἒπικαλύμματα,
607 499 676 557 ἐφ’
713 494 746 558 ᾧ
776 499 834 556 μὴ
861 501 1064 556 γνωσθείη
1092 499 1194 554 μηδ’
1226 499 1408 556 ἀμηγέπη
1440 499 1514 554 τὴν
1540 501 1689 542 ἐκείνου

239 570 373 613 θέλων
394 568 602 618 ἐξέλευσιν.
1508 593 1530 606 -,
1647 599 1649 603 ⁴
1702 575 1723 609 5

193 642 222 675 C
385 636 462 682 19.
535 634 596 678 Οὗ
614 640 748 690 χεῖρον
768 635 812 676 δὲ
828 633 950 689 λέγειν
974 637 1040 677 καὶ
1060 636 1110 677 τὰ
1136 636 1224 691 περὶ
1241 632 1464 676 ’Ῡακίνθου
1484 635 1550 676 καὶ
1569 633 1695 687 αὐτῆς

223 705 295 760 ’δὴ
327 704 551 753 Θευδοσίας
584 706 650 746 καὶ
679 699 868 745 Ἰωάννου
889 705 955 745 καὶ
977 708 1050 758 τῆς
1067 702 1202 746 αὐτῶν
1223 701 1496 756 ἕτεροθαλοῦς
1516 706 1590 756 τῆς
1613 704 1696 744 Νε-

246 773 546 828 στογγονίσσης.
613 769 636 814 ὁ
665 771 738 823 μὲν
760 766 830 812 οὗν
845 769 1067 821 ζΥοίκινθος
1086 771 1264 825 μοναχός
1285 766 1334 825 ἦν
1358 772 1400 813 ἐκ
1421 769 1592 822 δύσεως,
1630 770 1700 812 καί

247 858 288 897 γε
314 841 516 883 Νικαίαθι
547 838 718 895 γεγονὼς
745 838 786 881 ἕν
813 856 889 880 τινι
910 844 982 882 τοῦ
1002 836 1324 895 ἀρχιστρατήγου
1347 843 1456 896 ναῷ,
1494 836 1699 893 ἓγγῦςτοῦ

250 909 371 951 {ustae
389 907 674 966 πατριαρχείου
698 908 984 962 προσκαθίσας
1011 908 1121 958 ξένος
1141 925 1182 949 τε
1205 909 1270 948 καὶ
1289 906 1418 960 ἀγνὼς
1440 905 1492 948 τὰ
1513 909 1696 957 πλεῖστα,
1712 912 1755 946 10

251 974 401 1026 παῖδάς
431 993 473 1019 τε
503 972 755 1030 ἐπισυνάγει,
794 977 861 1016 καὶ
888 974 1059 1025 τούτους
1089 973 1247 1030 ἀνάγων
1275 974 1325 1016 τὰ
1357 976 1411 1023 εἷς
1434 974 1700 1030 προπαιδείαν

202 1048 233 1082 D
258 1044 458 1101 ἐπορίζετο
489 1043 564 1093 τὰς
588 1040 758 1099 τροφάς.
829 1042 934 1085 ἀλλὰ
960 1048 1018 1101 τῷ
1048 1041 1276 1100 πατριάρχῃ
1292 1043 1631 1098 προσαγγέλλεται,
1649 1038 1704 1090 ὥς

256 1115 387 1167 δῆθεν
403 1112 589 1154 ἀτακτῶν
607 1110 786 1165 μοναχός
804 1113 954 1160 παῖδας
971 1109 1238 1153 ἐκδιδάσκων·
1275 1111 1340 1152 καὶ
1358 1110 1401 1159 ὃς
1420 1113 1703 1166 προσεκαλεῖτο

257 1182 324 1223 καὶ
357 1178 572 1235 ἀνηρώτα,
609 1180 676 1221 καὶ
705 1179 787 1221 ἐπεὶ
816 1179 944 1229 δεξιὸν
973 1177 1081 1234 ἑώρα
1111 1178 1181 1220 τὸν
1209 1177 1340 1234 ἄνδρα
1362 1180 1426 1220 καὶ
1449 1178 1582 1227 ἄλλως
1604 1177 1704 1231 ἀδεῆ

259 1265 302 1291 τε
323 1250 389 1290 καὶ
408 1247 449 1297 ἒς
469 1248 699 1303 παρρησίαν
720 1247 878 1299 ἕτοιμον
887 1279 901 1298 ,
938 1241 989 1300 ἦν
1010 1248 1034 1288 δ
1040 1246 1052 1261 ²
1077 1244 1131 1295 ὡς
1155 1246 1259 1301 ἔλεγε
1280 1248 1346 1288 καὶ
1366 1250 1447 1288 τῶν
1467 1245 1704 1301 ἱερωμένων,
1719 1253 1761 1287 15

261 1313 567 1372 προσλαμβάνει
587 1331 628 1356 τε
652 1317 798 1356 τοῦτον
821 1315 888 1356 καὶ
913 1312 968 1363 ὥς
992 1315 1120 1371 οῗκείῳ
1147 1315 1305 1369 ἐχρῆτο.
1352 1312 1437 1356 εἶτα
1463 1311 1709 1366 συμβάντων

263 1387 345 1426 τῶν
373 1383 478 1426 κατὰ
505 1379 758 1438 πατριάρχην
772 1414 784 1432 ,
821 1382 901 1424 ἐπεὶ
929 1383 994 1424 καὶ
1023 1381 1145 1430 αὐτὸς
1170 1379 1336 1435 δόκιμος
1355 1379 1491 1437 -ἔφάνη
1510 1379 1613 1437 ὑπὲρ.
1628 1385 1710 1423 τῶν

266 1450 414 1494 ἐκείνου
442 1451 591 1505 ζηλῶν,
631 1449 688 1491 ἔτι
707 1453 863 1503 μᾶλλον
883 1450 934 1491 τὰ
957 1452 1011 1499 εἷς
1033 1450 1168 1504 φιλίαν
1189 1450 1319 1507 ἐκείνῳ
1338 1446 1574 1503 συνήπτετο.
1645 1450 1711 1491 καὶ

127 1524 153 1559 Ρ
180 1525 243 1558 199
269 1519 350 1566 ἐπεὶ
379 1519 421 1562 ἓν
448 1522 499 1577 τῇ
527 1518 839 1562 Κωνσταντίιου
871 1516 988 1560 πάλιν
1022 1515 1042 1560 ὅ
1072 1514 1323 1574 πατριάρχης
1352 1515 1542 1572 ἀνήγετο,
1588 1518 1712 1572 συνῆν

361 1678 415 1711 17.
440 1676 515 1711 τῶν
537 1675 665 1711 deerat.
716 1696 719 1699 ,

276 1822 345 1856 qua
374 1811 433 1844 ille
465 1823 553 1856 quae
576 1811 678 1855 vulgo
702 1814 826 1845 vocant
849 1812 1034 1856 epicompia
1059 1811 1249 1846 concinnari
1273 1822 1394 1845 curans
1418 1821 1458 1844 ea
1481 1809 1601 1844 iactari
1623 1809 1721 1843 iussit

277 1857 311 1890 in
334 1856 489 1901 populum
516 1859 587 1891 toto
608 1856 717 1901 spatio
741 1868 806 1902 quo
828 1869 950 1902 pompa
972 1858 1226 1902 supplicantium
1249 1857 1434 1902 processit,
1466 1856 1508 1889 ad
1532 1861 1721 1889 sanctorum

279 1902 504 1947 quadraginta
533 1907 716 1945 martyrum
745 1903 902 1945 templum
931 1914 1038 1947 usque
1068 1903 1243 1947 producta.
1288 1902 1349 1935 tali
1379 1901 1516 1935 callidus
1538 1901 1721 1945 imperator

280 1951 413 1981 astutae
444 1947 711 1981 dissimuiationis
742 1947 886 1981 artificio
916 1949 1028 1981 fucum
1059 1948 1208 1981 faciebat
1238 1947 1368 1980 nimium
1397 1947 1533 1980 credulo
1565 1945 1722 1987 antistiti,

279 2004 322 2025 ne
345 1992 499 2026 subolere
520 1993 586 2041 ipsi
607 1992 785 2038 quidquam
811 1996 927 2037 posset
956 2005 1099 2027 arcanae
1125 1993 1306 2027 voluntatis
1319 2017 1328 2035 ,
1361 2003 1429 2036 qua
1451 1992 1608 2036 cupiebat
1630 2002 1724 2026 amo-

279 2036 353 2071 veri
375 2049 450 2072 eum
470 2049 493 2071 a
515 2039 597 2072 sede
616 2039 842 2083 patriarchali.

373 2084 426 2117 19.
472 2082 552 2117 Non
574 2083 863 2129 intempestivum,
887 2083 1023 2129 opinor,
1045 2083 1149 2117 fuerit
1171 2083 1336 2127 quaedam
1357 2082 1413 2116 hic
1436 2082 1550 2115 dicere
1571 2081 1613 2114 de
1626 2081 1723 2124 Hya-

283 2127 395 2162 cintho
418 2128 526 2173 deque
547 2128 827 2173 ipsa·Theodosia
851 2133 886 2162 et
906 2130 1032 2162 Ioanne
1054 2140 1236 2173 sororeque
1259 2129 1373 2163 horum
1398 2139 1440 2160 ex
1462 2131 1559 2171 patre
1573 2127 1726 2160 Nostan-

282 2173 426 2217 gonissa.
473 2174 684 2218 Hyacinthus
709 2174 887 2208 monachus
909 2174 974 2208 fuit
995 2185 1038 2207 ex
1056 2174 1254 2215 Occidente,
1278 2173 1337 2218 qui
1359 2173 1521 2207 Nicaeam
1544 2173 1727 2216 profectus,

282 2219 319 2251 in
352 2218 496 2262 quodam
529 2220 637 2253 sancti
673 2220 826 2253 coelestis
855 2220 994 2254 militiae
1015 2219 1177 2263 principis
1199 2219 1345 2263 templo,
1379 2217 1491 2251 vicino
1515 2217 1642 2262 palatio
1665 2228 1729 2262 pa*

284 2263 456 2297 triarchali
486 2266 574 2309 quod
595 2265 632 2299 in
654 2277 695 2299 ea
726 2266 812 2298 urbe
845 2269 915 2309 est,
949 2265 1096 2309 degens,
1131 2265 1228 2298 homo
1259 2263 1458 2309 peregrinus
1493 2267 1529 2296 et
1560 2262 1730 2307 plerisque

285 2309 418 2352 ignotus
443 2321 565 2354 pueros
585 2311 620 2343 in
643 2309 1150 2355 contubernium·congregavit,
1173 2310 1293 2355 quibus
1316 2321 1381 2343 non
1403 2311 1535 2342 tantum
1556 2307 1730 2341 literarum

288 2353 451 2387 elementa
473 2360 508 2388 et
531 2355 684 2389 liberales
716 2361 807 2390 artes
829 2368 891 2401 per
913 2369 950 2390 se
972 2356 1144 2399 traderet,
1178 2355 1237 2389 sed
1260 2355 1359 2388 etiam
1390 2353 1546 2387 alimenta
1569 2352 1731 2397 suppedi-

288 2401 390 2433 taret.
434 2399 471 2432 id
494 2401 572 2433 dum
594 2401 665 2444 agit
690 2402 820 2435 delatus
843 2402 886 2436 ad
908 2401 1153 2446 patriarcham,
1187 2400 1284 2446 quasi
1306 2402 1425 2434 contra
1460 2398 1608 2432 ordinem
1630 2396 1731 2433 disci·

288 2444 402 2489 plinae
423 2455 522 2489 quam
544 2447 764 2489 profiteretur
786 2449 965 2481 monachus
982 2457 1112 2492 >pueros
1135 2448 1292 2486 doceret,
1311 2445 1456 2489 ideoque
1479 2444 1601 2477 citatus
1625 2443 1668 2476 ab
1690 2453 1730 2477 eo

288 2492 325 2523 et
349 2500 509 2534 praesens
531 2490 776 2535 interrogatus,
807 2505 935 2536 gnavus
964 2492 1217 2537 industriusque
1246 2491 1298 2525 vir
1320 2494 1373 2524 est
1395 2489 1507 2530 visus,
1536 2490 1731 2533 praetereu-

290 2545 357 2579 que
380 2535 581 2580 intrepidus,
617 2540 651 2569 et
674 2538 716 2570 ad
739 2539 827 2584 quod
854 2549 937 2583 opus
961 2543 1052 2573 esset
1075 2538 1182 2572 libere
1206 2536 1370 2579 agendum
1394 2538 1430 2568 et
1450 2533 1649 2578 loquendum
1670 2543 1731 2568 ex-

289 2579 434 2623 peditus.
479 2592 585 2625 quare
607 2594 678 2616 cum
701 2582 732 2616 is
754 2586 930 2625 praeterea
952 2595 990 2619 se
1011 2583 1202 2618 sacerdotio
1231 2581 1399 2616 initiatum
1416 2579 1571 2620 ¹diceret,
1603 2588 1733 2612 assum—

292 2625 363 2669 psit
382 2625 433 2659 adss
449 2635 485 2659 se
508 2626 598 2660 illum
620 2632 656 2661 et
677 2627 712 2661 in
735 2629 944 2663 familiarium
967 2641 1103 2663 numero
1126 2629 1254 2663 habuit.
1301 2626 1420 2660 deinde
1443 2635 1515 2658 cum
1534 2622 1735 2657 *incidissent

293 2681 334 2703 ea
356 2670 572 2714 patriarchae
593 2677 747 2716 tempora
769 2673 811 2706 de
835 2674 953 2717 quibus
976 2675 1141 2716 diximus,
1174 2686 1248 2708 cum
1271 2673 1309 2708 iu
1330 2671 1372 2706 iis
1395 2668 1614 2713 Hyacinthus.
1635 2668 1735 2702 fidem

292 2719 495 2750 constantem
518 2721 553 2750 et
571 2718 716 2752 studi-um
739 2722 880 2763 patrono
904 2719 1024 2752 ardens
1047 2722 1242 2764 probasset,
1277 2716 1408 2752 artiori-
1426 2714 1457 2748 e'i
1487 2713 1654 2748 amicitiae
1677 2724 1737 2746 ne—

291 2761 494 2796 censitudine
508 2762 657 2798 ciunctus
686 2770 749 2797 est.
798 2774 838 2797 ac
860 2764 918 2797 ubi
942 2764 1232 2810 Constantinopoli
1253 2772 1370 2798 rursus
1393 2759 1586 2805 patriarcha
1609 2757 1737 2802 reposi-

292 2810 346 2840 tus
369 2805 404 2842 in
427 2808 580 2846 thronum
602 2816 680 2851 est,
703 2808 812 2844 adfuit
834 2808 880 2842 illi
903 2809 1113 2848 familiarium
1137 2810 1295 2853 intimus,
1319 2810 1356 2842 et
1377 2805 1432 2840 oui
1454 2804 1630 2852 plurimum
1653 2803 1739 2838 fide.—
