1884 3262
694 197 800 241 ΠΒ.
819 197 874 241 11.
919 197 1121 242 NOTAE.
1541 200 1638 246 633

169 309 282 360 ferri
303 321 443 346 massa
466 315 504 346 et
526 310 570 346 in
599 321 712 346 mare
729 309 887 347 iactata
904 310 1126 362 protestari
1140 322 1379 348 mansuram
1403 311 1505 362 ipsis
1521 312 1642 349 iura-

179 373 316 403 torum
333 365 487 416 fidem,
525 364 666 416 quoad
695 364 745 403 id
765 365 931 418 pondus·
961 381 981 404 e
1001 368 1112 410 mari
1136 368 1348 405 emerserit.
1405 367 1515 418 quod
1530 381 1641 406 nun-

179 434 299 472 quam
319 421 466 459 scilicet
487 422 669 460 futurum
686 421 749 460 sit.
805 422 862 460 ita
888 422 974 473 ille;
1011 423 1123 474 quod
1149 423 1246 461 sen-i
1269 428 1402 475 posset
1427 423 1460 461 si
1491 420 1643 477 μύδρος

179 491 261 518 non
284 478 538 528 significaret,
567 484 616 517 ut
638 478 722 530 ipse
750 478 890 528 docet,
926 478 1287 532 πεπυρακτωμένον
1312 481 1490 532 σίδηρον.
1545 494 1640 519 nam

178 533 278 584 quid
296 534 416 573 ardor
435 534 503 572 hic
521 535 689 584 faceret,
717 535 787 573 ubi
806 535 963 587 pondus
987 536 1115 574 solum
1131 535 1174 573 in
1190 549 1316 573 massa
1344 536 1442 575 ferri
1459 536 1642 586 require-

177 590 326 628 bat-ur?
360 603 482 642 quare
509 592 643 630 verior
672 597 734 630 est
754 591 895 641 altera,
934 605 1054 643 quam
1080 604 1177 630 mox
1218 592 1397 642 subiicit,
1433 594 1641 634 sententia.

178 643 352 688 εἰωθασι
373 645 428 688 δὲ
426 643 654 699 ὀμνύοντες
673 646 741 688 καὶ
761 648 914 695 πίστεις
941 644 1119 696 διδόντες
1139 645 1318 716 μύδρους
1339 646 1546 701 βαστάζειν
1569 649 1640 691 καὶ

176 706 259 756 πῦρ
279 701 559 774 ὑπερβαίνειν·
589 720 686 753 τους
703 701 781 758 γαρ
806 701 861 758 μὴ
882 701 1041 757 ἐνόχους
1067 708 1124 760 τῷ
1147 702 1399 758 ἆμαρτηματι
1424 703 1554 759 ᾤοντο
1572 706 1643 747 καὶ

177 759 221 801 ἕν
238 755 394 808 τούτοις
418 757 472 812 μή
496 756 640 814 ἀλγεῖν.
696 762 810 799 soliti
828 768 926 799 sunt
946 763 1128 799 iurantes
1145 769 1183 799 et
1191 762 1231 813 s
1217 760 1323 799 dem
1343 747 1640 812 dictorumfa-

178 830 261 859 cere
287 816 493 854 studentes
501 818 615 867 ferri
632 831 793 856 massas
817 819 974 870 ignitas
982 825 1151 870 portare
1170 825 1206 856 et
1228 832 1349 870 super
1362 833 1524 870 prunas·
1543 834 1637 857 am-

177 873 337 920 halare,
377 875 651 912 existimantes
677 876 784 913 citra
809 888 973 913 sensum
997 874 1152 914 doloris
1176 874 1226 913 id
1237 876 1435 927 facturos
1464 889 1532 913 eoa
1562 877 1638 928 qui

175 930 335 967 nullius
349 930 430 968 sibi
448 930 782 981 consclifraudis
800 933 895 971 sint.

285 1008 325 1036 v.
346 999 385 1038 8.
443 996 556 1050 quod
578 1006 766 1037 sanctum
789 999 1001 1038 vocabant.
1058 998 1176 1036 etiam
1195 997 1419 1049 Acropolita
1436 998 1525 1037 loco
1544 999 1637 1037 lau-

175 1052 291 1101 (lato,
319 1067 358 1105 p.
379 1053 446 1103 53,
481 1055 628 1092 serrum
654 1055 824 1093 candens
852 1069 932 1106 quo
963 1055 1015 1093 ad
1043 1054 1233 1093 eiusmodi
1263 1055 1516 1106 purgationes
1541 1062 1636 1093 ute-

173 1109 322 1147 bantur
351 1124 468 1163 αγιον
495 1118 686 1149 sanctum
712 1112 848 1150 vocari
874 1111 1034 1150 solitum
1061 1111 1226 1152 indicat.
1281 1111 1326 1148 in
1354 1111 1479 1149 Gallia
1501 1117 1636 1150 tamen

174 1164 378 1203 iudicium
399 1166 692 1218 appellabatur,
720 1174 768 1205 ut
794 1169 1044 1220 intelligimus
1071 1181 1123 1206 ex
1150 1167 1321 1206 formula
1348 1167 1518 1218 quadam
1535 1181 1639 1219 pur-

172 1221 340 1273 gationis
365 1221 587 1262 istiusmodi
612 1224 693 1263 illic
718 1225 909 1274 usitatae,
949 1238 1065 1276 quam
1092 1225 1245 1276 profert
1278 1224 1419 1262 Petrus
1447 1225 1638 1276 Loyerius

173 1291 226 1316 ex
244 1279 282 1316 S.
301 1278 475 1317 Mam-itii
491 1279 782 1332 Andegavensis
802 1281 1011 1330 tabulario,
1028 1287 1068 1319 et
1087 1293 1136 1318 ex
1159 1293 1205 1318 eo
1216 1280 1360 1318 recitat
1377 1281 1508 1319 Delrio
1528 1286 1638 1320 tomo

172 1337 201 1376 2
221 1334 326 1385 Disq.
341 1334 440 1386 Mag.
463 1335 490 1375 1.
506 1335 534 1377 4
552 1350 585 1378 c.
606 1337 634 1378 4
653 1350 690 1388 q.
704 1339 731 1377 4
749 1343 840 1376 sect,
861 1340 899 1379 3.
928 1338 996 1376 ubi
1017 1337 1180 1388 legitur:
1210 1343 1349 1388 sponte
1365 1350 1443 1375 sua
1459 1351 1501 1374 se
1516 1336 1636 1375 iudi-

172 1392 280 1428 cium
291 1398 558 1442 portaturum
572 1407 700 1431 manu
717 1408 797 1431 saa
821 1394 977 1444 obtulit,
1009 1401 1049 1432 et
1064 1394 1186 1431 infra:
1208 1400 1307 1445 post
1323 1392 1528 1431 iudicium
1539 1408 1639 1446 por-

171 1453 306 1484 tatum
333 1447 550 1486 Tetbaldus
566 1450 657 1500 ille,
687 1449 760 1488 deo
779 1452 1051 1502 propitiante,
1079 1450 1249 1487 illae-ms
1269 1456 1307 1487 ct
1325 1463 1455 1488 sanus·
1474 1452 1637 1488 omnino

173 1506 381 1555 apparuit.
438 1504 624 1543 viderunt
655 1514 792 1544 autem
828 1506 1030 1545 iudicium
1049 1508 1213 1558 portari
1239 1507 1304 1544 vel
1324 1520 1494 1544 manum
1513 1509 1637 1545 tertia

173 1559 240 1597 die
254 1559 304 1597 (le
321 1574 429 1598 more
444 1561 790 1615 regnardarc'fire
807 1565 987 1602 universi
1003 1563 1183 1601 homines
1211 1569 1282 1601 etc.

283 1640 324 1667 v.
346 1630 384 1669 9.
441 1627 580 1667 triduo
603 1631 728 1681 prius
747 1629 974 1669 custoditus
995 1638 1032 1668 et
1063 1644 1188 1668 manu
1217 1630 1403 1667 involuta
1422 1636 1496 1669 etc.
1554 1629 1633 1668 hoc

170 1682 300 1734 ipsum
322 1690 381 1722 est
399 1685 505 1735 quod
523 1686 642 1724 modo
660 1687 848 1726 innuebat
871 1687 1042 1725 formula
1066 1686 1381 1738 Andegavensis,
1409 1686 1484 1725 illis
1501 1687 1633 1725 verbis

171 1754 338 1778 manum
360 1747 418 1778 tet
419 1743 481 1779 tia
498 1741 563 1779 die
579 1741 628 1780 de
649 1757 756 1781 more
773 1743 1026 1796 reguardari.

283 1811 407 1849 v.13.
463 1811 642 1861 ignitum
671 1811 854 1863 globum.
910 1811 965 1849 sic
990 1805 1145 1864 μυδρον
1169 1809 1235 1848 hic
1265 1809 1391 1859 verti,
1421 1809 1530 1860 quod
1547 1824 1630 1849 non

169 1863 296 1902 solum
325 1865 526 1904 materiam
553 1867 714 1916 ignitam
740 1867 809 1906 sed
826 1867 992 1918 figuram
1020 1867 1279 1906 orbicularem
1297 1872 1366 1904 aut
1386 1866 1631 1918 sphaericam

169 1932 215 1957 ea
235 1933 335 1959 voce
351 1920 517 1971 indicari
537 1922 698 1973 quidam
716 1930 895 1962 veterum
912 1924 1152 1976 significent,
1186 1929 1233 1961 ut
1250 1923 1501 1974 Anaxagoras
1520 1923 1629 1975 apud

170 1977 373 2015 Laertium
394 1977 420 2016 l.
445 1981 486 2027 2,
518 1978 614 2017 dum
642 1979 763 2018 solem
779 1981 949 2019 vocabat
971 1977 1126 2033 μύδρον
1145 1976 1356 2031 διάπυρον.
1388 1952 1521 2017 2³unde
1538 1992 1628 2017 cre-

170 2024 338 2071 (liderim
359 2047 501 2072 massas
526 2035 620 2074 istas
640 2035 710 2074 ubi
738 2033 887 2090 μύδροι
912 2037 1183 2086 vocabantur,
1212 2048 1352 2086 nempe
1380 2035 1423 2072 in
1448 2035 1626 2084 Graecia,

169 2088 349 2139 globosae
367 2091 515 2129 formae
530 2092 670 2142 fuisse,
698 2107 781 2131 non
802 2106 955 2132 nesmus
972 2093 1086 2140 alibi,
1114 2097 1162 2129 ut
1181 2092 1222 2129 in
1250 2090 1459 2129 Germania
1480 2104 1626 2129 massas

170 2144 382 2183 candentes
400 2147 560 2186 alterius
575 2148 723 2200 figurae
744 2149 797 2187 ad
815 2149 1006 2188 eiusmodi
1024 2147 1295 2200 probationem
1312 2145 1532 2197 adhibitas,
1560 2147 1628 2186 ni-

171 2200 315 2239 mirum
331 2215 530 2252 vomeres3
559 2204 733 2254 qualium
751 2218 821 2244 sex
838 2205 1091 2244 candentium
1118 2209 1282 2254 arreptu
1295 2208 1538 2254 portatuque
1559 2204 1625 2242 in—
1648 2213 1678 2249 Ρ
1700 2215 1768 2251 442

169 2257 291 2295 noxio
311 2259 350 2296 S.
371 2257 699 2310 Chunegundem,
728 2275 894 2301 uxorem
911 2264 949 2300 S.
967 2260 1129 2300 Hemici
1153 2259 1427 2311 imperatoris,
1459 2259 1628 2312 virgini-

167 2319 292 2351 tatem
282 2315 494 2420 vprobasse
512 2324 732 2356 memorant
749 2318 920 2358 Annales
938 2318 1125 2356 Boiorum
1143 2316 1170 2354 1.
1187 2318 1226 2358 9

345 2383 410 2425 14.
465 2382 583 2421 nuda
600 2398 736 2424 manu.
792 2386 941 2438 Supina
957 2385 1115 2424 scilicet.
1171 2382 1279 2435 quod
1308 2382 1530 2434 significans
1547 2384 1626 2423 Pa-

171 2437 374 2490 chymeres
390 2439 568 2490 superius
583 2442 716 2492 posuit
733 2441 833 2495 χειρι
851 2439 1066 2494 κύψαντες.

281 2518 320 2544 v.
343 2506 405 2548 15.
463 2509 509 2544 in
524 2514 693 2546 aetatem
708 2510 794 2546 iam
811 2516 899 2546 tum
911 2509 1100 2560 puberem
1129 2506 1312 2547 adultus.
1367 2505 1626 2557 Pachymeres

168 2562 238 2601 ubi
270 2559 647 2615 Constantinopolim
676 2565 807 2615 venit,
847 2565 983 2603 statim
1010 2565 1058 2603 ab
1086 2578 1130 2603 ea
1155 2578 1177 2603 e
1202 2563 1347 2603 Latinis
1377 2570 1623 2614 recuperata,

167 2618 414 2669 undeviginti
431 2632 555 2658 annos
570 2626 656 2659 erat
669 2626 801 2670 natus,
828 2627 876 2659 ut
894 2621 977 2673 ipse
994 2622 1051 2661 ait
1066 2622 1093 2661 l.
1114 2625 1134 2663 1
1152 2635 1185 2660 c.
1204 2625 1241 2664 1.
1271 2619 1433 2671 contigit
1450 2620 1493 2657 id
1515 2632 1621 2657 anno

170 2678 292 2724 1261,
313 2681 360 2714 ut
377 2676 402 2713 l.
422 2677 450 2718 3
472 2676 658 2716 dicemus.
714 2683 885 2728 quatuor
913 2684 983 2717 aut
1003 2679 1175 2729 quinque
1197 2684 1288 2716 ante
1316 2676 1394 2715 hoc
1410 2675 1522 2713 annis
1538 2675 1618 2713 im-

168 2738 331 2781 perante
360 2731 570 2772 Theodoro
603 2733 679 2772 hae
705 2733 954 2785 probationes
975 2747 1046 2787 per
1081 2735 1232 2774 ferrum
1260 2732 1432 2772 candens
1457 2731 1618 2770 Nicaeae

165 2787 538 2840 frequentabantur,
565 2789 635 2829 ubi
665 2803 729 2829 eas
749 2790 816 2829 ille
837 2791 891 2834 14
911 2797 984 2831 aut
1012 2789 1062 2833 15
1084 2791 1162 2830 iam
1179 2803 1375 2830 annorum
1393 2787 1617 2827 adolescens

167 2850 341 2895 spectare
354 2844 498 2898 potuit.
