1884 3262
442 185 517 227 DE
550 184 824 228 MICHAELE
862 181 1232 226 PALAEOLOGO
1262 183 1309 225 L.
1337 182 1390 224 V.
1547 178 1645 225 413

190 304 274 356 χῶν
308 297 497 355 ἔμπειρον
522 302 580 355 τῷ
610 296 712 354 παρ’
738 298 880 340 ἐλπίδα
906 297 1128 351 πταίσματι
1145 295 1344 352 ἀνδρικῶς
1365 292 1644 349 καταγωνισά-

191 385 312 421 μενος
331 366 455 418 δόξαν
476 366 652 415 εὐκλείας
678 366 922 421 ἀποφέρεται
946 370 1018 419 τῆς
1035 366 1236 420 μεγίστης.
1305 364 1353 406 τὸ
1377 363 1424 405 δέ
1439 380 1482 419 γε
1503 381 1642 406 ναυτι-

193 437 264 480 κὸν
286 439 352 479 καὶ
376 435 471 480 ὅσον
492 437 532 478 ἓν
551 435 694 484 αὐταῖς
712 436 854 476 ναυσὶν
871 429 921 488 ἦν
941 432 1098 487 ἀζήμιοι
1118 432 1447 487 διατηρηθέντες,
1483 430 1508 486 ἢ
1534 436 1640 484 μᾶλ-
1665 441 1693 474 Β

192 510 262 548 λον
298 507 363 548 καὶ
390 505 487 560 γε’ρα
519 502 653 558 μάχης
685 500 984 557 ἔπενεγκάμενοι
1015 501 1112 548 τοὺς
1141 503 1229 555 περὶ
1255 501 1324 542 τὸν
1350 501 1475 555 μέγαν
1505 498 1642 555 κύριον

157 571 402 628 5Ἷωάννην,
434 570 604 630 εὖθύμῳ
629 572 775 630 καρδίᾳ
795 570 897 624 πρὸς
918 569 989 612 τὸν
1009 574 1238 622 κρατοῖντα
1257 571 1448 623 γίνονται.
1519 570 1586 610 καὶ
1607 569 1646 611 οἳ

188 644 262 698 μὲν
281 643 385 698 ἀμφὶ
406 641 477 684 τὸν
497 642 622 696 με’γαν
643 638 780 695 κύριον
798 637 876 680 ὑπὸ
896 640 1058 690 δεσμοῖς
1087 641 1251 695 φρουρᾷ
1279 639 1458 678 δίδονται
1472 669 1483 687 ,
1522 641 1644 690 τιμᾶ-

188 729 257 753 ται
291 712 334 753 δὲ
362 709 383 753 ὅ
412 707 581 762 Ἰκάριος
610 708 820 751 ἀντίποινα
853 711 934 749 τῶν
961 705 1127 761 ἀγώνων
1154 710 1213 762 τῷ
1241 709 1313 746 τοῦ
1331 703 1507 759 μεγάλου
1527 723 1644 748 κονο-

189 778 368 821 σταύλου
403 775 616 831 ἀξιώματι,
687 774 708 819 ὅ
738 776 874 829 μέντοι
903 792 945 830 γε
972 779 1052 817 τῶν
1080 776 1232 828 Θηβῶν
1260 772 1357 822 λαὸς
1378 773 1447 815 τὸν
1468 773 1644 828 ἀδελφὸν

183 845 374 890 Ἰωάννου
415 850 455 889 Γ
453 847 661 899 ουλίελμον
704 844 831 899 με’γαν
881 840 1019 898 κύριον
1067 842 1418 884 ἇντικαθιστᾶσιν.
1488 843 1634 884 ἐκεῖνον
1660 857 1689 890 c

138 928 180 962 10
193 915 238 958 δ’
264 913 415 971 ἇγήλας
436 913 457 957 ὖ
474 912 664 966 βασιλεὺς
685 915 750 954 καὶ
775 909 999 964 δοκιμάσας
1020 907 1241 965 λαμβάνειν
1259 910 1445 966 γαμβρὸν
1464 908 1539 966 ὕφ’
1567 910 1639 966 ὅρ-

192 1001 276 1033 κοις
306 983 529 1039 ἀσφαλέσιν
559 981 719 1024 ἀπέλυε.
786 979 979 1035 μετέωροι
1009 980 1052 1021 δ’
1075 977 1181 1033 ἦσαν
1203 980 1239 1020 οἱ
1263 977 1384 1031 γάμοι
1408 979 1512 1021 καθ’
1536 978 1641 1022 ὖπο-

191 1053 344 1106 σχέσεις
363 1053 429 1093 καὶ
450 1048 593 1104 μόνας.
641 1047 735 1090 ἀλλ’
764 1048 909 1097 ἐκεῖνος
933 1045 1010 1099 ἅμ’
1035 1047 1177 1100 ἐπιβὰς
1197 1051 1269 1101 τῆς
1290 1048 1508 1100 πατρίδος,
1532 1045 1640 1105 νόσῳ

190 1119 413 1175 περιπεσών
442 1122 619 1176 τελευτᾷ.
691 1118 916 1170 διαδέχεται
946 1117 990 1157 δὲ
1021 1113 1042 1157 ὃ
1076 1115 1251 1170 ἀδελφὸς
1282 1116 1431 1156 ἐκείνου
1450 1119 1491 1158 Γ
1488 1117 1642 1158 ουλίελ-

189 1204 289 1241 μος,
326 1187 373 1231 ὃν
401 1188 467 1230 καὶ
496 1185 680 1242 γαμβρὸν
703 1183 892 1227 Ἰωάννου
915 1182 934 1226 ὅ
961 1182 1078 1239 λόγος
1099 1186 1305 1237 παρίστα,
1344 1181 1540 1234 ὃλοτελῶς
1569 1184 1643 1238 τὴν

137 1268 179 1304 15
190 1261 263 1300 τοῦ
286 1253 532 1311 τεθνηκότος
559 1252 790 1309 κυριότητα.
860 1254 925 1295 καὶ
948 1248 997 1307 ἦν
1017 1252 1117 1308 πρὸς
1133 1250 1358 1305 Ῥωμαίους
1374 1250 1636 1309 ἀντιφερόμε-
1660 1264 1691 1297 D

190 1343 283 1379 νος,
311 1327 345 1368 εἲ
366 1327 431 1368 καὶ
453 1323 547 1367 κατ’
571 1323 660 1371 ἔτος
680 1321 700 1365 ὅ
725 1320 868 1371 στόλος
887 1323 1008 1364 ἐκεῖσε
1039 1318 1310 1376 προσβάλλων
1337 1319 1482 1362 ἐκάκου
1509 1321 1640 1364 τάκεί-

189 1411 263 1436 νου
293 1395 358 1436 καὶ
391 1393 509 1436 οὐδὲν
535 1391 597 1434 εἷά
625 1388 777 1442 ἀνίειν,
813 1390 1134 1446 περιζωσαμένου
1158 1388 1232 1443 τὴν
1251 1392 1324 1431 τοῦ
1344 1388 1520 1445 μεγάλου
1543 1391 1642 1432 δου-

191 1462 260 1512 κός
281 1462 397 1513 ἀξίαν
417 1466 490 1504 τοῦ
504 1460 676 1516 Ἰκαρίου
697 1461 761 1501 καὶ
781 1459 851 1501 τὸν
872 1456 1016 1501 στόλον
1034 1457 1217 1513 ἄγοντος.

329 1552 406 1596 28.
463 1555 551 1594 Τοῦ
569 1550 717 1606 Ἰωσὴφ
739 1551 783 1593 δὲ
804 1549 1038 1603 καθημένου
1061 1550 1101 1591 ἔν
1122 1552 1171 1605 τῇ
1194 1547 1298 1590 κατὰ
1321 1548 1391 1590 τὸν
1410 1546 1633 1591 Ἀνάπλουν
1656 1554 1688 1587 Ε

135 1625 319 1678 ΞΟμονῇ,
356 1618 477 1670 νόσος
508 1620 750 1662 ἐπεισπίπτει
784 1623 841 1676 τῷ
867 1616 1033 1674 Ἰωάννῃ
1063 1621 1380 1672 πατριαρχοῢντι
1422 1615 1554 1671 δεινή·
1590 1613 1640 1671 ἦν

191 1689 234 1732 δ’
257 1689 381 1739 αἰτὸς
411 1686 432 1731 ὅ
462 1688 615 1737 Βέκκος
641 1685 661 1730 ὁ
683 1688 749 1729 καὶ
774 1683 971 1743 πρότερον
998 1684 1279 1742 χαρτοφύλαξ.
1350 1688 1416 1726 καὶ
1437 1687 1487 1740 δὴ
1507 1686 1638 1728 πολλὰ

189 1869 245 1900 tas
267 1863 373 1911 primo
395 1863 551 1910 perculit,
573 1874 650 1898 mox
667 1862 885 1908 impressione
906 1862 1095 1896 vehementi
1120 1861 1253 1896 disiecit
1274 1860 1474 1905 stravitque,
1497 1859 1636 1904 gloriam

189 1923 250 1946 suo
273 1911 394 1945 nomini
415 1910 591 1945 maximam
613 1909 674 1943 tali
695 1909 844 1943 facinore
867 1908 1020 1954 adeptus.
1067 1911 1103 1942 at
1125 1908 1257 1942 navalis
1276 1907 1446 1942 exercitus
1460 1907 1635 1940 universus

189 1956 379 1999 incolumis,
413 1957 537 2002 quippe
559 1956 735 1989 incruenta
756 1954 900 1989 victoria
924 1955 1072 1999 potitus,
1095 1954 1231 1999 insuper
1255 1954 1370 1999 spoliis
1393 1952 1512 1994 dives,
1536 1952 1638 1985 Ioan-

189 2015 264 2037 nem
288 2014 362 2036 cum
386 2005 454 2036 suis
476 2001 562 2035 bello
586 2006 718 2044 captum
742 2001 887 2041 ducens,
910 2001 1032 2045 gaudio
1056 2004 1092 2034 et
1113 2000 1336 2044 gratulatione
1358 1998 1485 2043 ingenti
1508 1998 1550 2031 ad
1573 1997 1636 2031 im-

189 2056 380 2094 peratorem
403 2048 518 2082 rediit.
567 2052 604 2081 at
625 2047 767 2081 Ioannes
790 2047 924 2091 quidem
946 2058 1020 2080 cnm
1044 2046 1143 2080 sociis
1165 2046 1271 2079 vincti
1294 2044 1464 2079 custodiae
1493 2043 1637 2076 tradun-

190 2099 264 2128 tun
302 2093 412 2128 Icario
445 2105 523 2127 vero
557 2105 684 2127 merces
708 2104 831 2137 operae
853 2092 942 2126 bello
966 2091 1112 2125 feliciter
1142 2096 1285 2125 navatae
1308 2093 1561 2134 repraesentata
1583 2094 1637 2124 est

189 2139 302 2183 magni
324 2139 509 2173 conostauli
531 2139 695 2173 attributa
717 2139 891 2183 dignitate.
937 2139 999 2172 sub
1024 2138 1107 2172 haec
1129 2137 1270 2181 populus
1286 2137 1477 2170 Thebarum
1495 2136 1636 2169 fratrem

190 2184 326 2218 Ioannis
359 2185 559 2219 Gulielmum
591 2197 744 2229 magnum
777 2184 942 2218 dominum
964 2195 1026 2229 pro
1049 2195 1089 2216 eo
1113 2181 1298 2218 constituit.
1343 2191 1458 2215 verum
1480 2180 1636 2214 Ioannem

190 2230 297 2275 ipsum
319 2230 501 2276 imperator
528 2231 710 2265 honorifice
741 2234 945 2270 tractatum,
987 2228 1124 2274 propria
1148 2227 1180 2261 ei
1210 2228 1280 2261 filia
1302 2226 1335 2260 in
1358 2226 1532 2270 coniugem
1580 2238 1637 2260 ro-

191 2276 292 2310 missa
306 2301 316 2317 ,
354 2279 432 2321 post
453 2276 620 2310 firmatum
642 2276 853 2310 iureiurando
876 2275 994 2310 foedus
1017 2275 1155 2308 liberum
1178 2273 1326 2315 dimisit,
1364 2275 1506 2306 nutante
1526 2283 1546 2305 a
1569 2272 1636 2306 huc

191 2321 337 2365 coniugii
367 2333 448 2366 spe,
486 2322 610 2366 quippe
633 2333 700 2356 non
721 2323 809 2356 ultra
833 2325 956 2367 pacta,
991 2325 1028 2355 et
1050 2318 1219 2364 sponsalia
1241 2317 1422 2364 progressi.
1468 2322 1637 2351 caeterum

190 2367 378 2401 destinatus
400 2378 542 2411 sponsus
564 2367 659 2401 simul
682 2368 822 2412 patriam
846 2367 977 2411 attigit,
999 2367 1114 2400 morbo
1138 2370 1311 2409 correptus
1333 2363 1440 2405 obiit,
1463 2374 1638 2397 successo-

189 2424 262 2446 rem
285 2412 492 2457 principatus
514 2414 550 2446 in
573 2413 712 2447 solidum
735 2414 880 2447 universi
903 2413 1089 2455 relinquens
1113 2410 1310 2444 Gulielmum
1341 2411 1499 2450 fratrem,
1537 2420 1636 2453 quem

191 2458 346 2502 superius
370 2458 512 2492 diximus
534 2458 667 2492 Ioannis
689 2459 784 2492 nothi
806 2459 908 2492 filiam
931 2458 1087 2498 duxisse,
1109 2456 1234 2501 quique
1255 2456 1331 2490 ideo
1353 2455 1461 2490 soceri
1482 2455 1636 2500 partibus

190 2504 347 2538 addictus
367 2503 516 2537 infensus
541 2504 699 2538 Romanis
721 2506 860 2538 mansit:
898 2515 1004 2549 quare
1027 2502 1141 2537 classis
1162 2501 1198 2536 in
1218 2502 1288 2537 eius
1311 2505 1436 2536 terram
1458 2500 1636 2546 quotannis

189 2549 326 2583 invecta
349 2561 421 2583 eam
444 2551 623 2591 vastabat,
652 2550 779 2583 damnis
802 2550 954 2584 afficiens
976 2548 1191 2591 ingentibus;
1214 2559 1276 2582 nec
1300 2547 1465 2582 Gulielmo
1489 2546 1633 2591 spatium

190 2606 353 2640 prospere
372 2595 553 2639 quidquam
577 2595 699 2640 agendi
721 2607 762 2629 ac
783 2607 827 2629 ne
847 2595 1035 2640 respirandi
1057 2594 1189 2638 quidem
1212 2594 1316 2628 dabat
1339 2592 1444 2627 hostis
1469 2592 1502 2626 ei
1524 2602 1633 2636 oppo-

189 2641 276 2674 situs
296 2641 437 2686 impiger
458 2641 606 2683 Icarius,
636 2641 748 2685 magni
773 2641 840 2675 iam
862 2642 957 2675 ducis
977 2643 1147 2686 potestate
1169 2640 1306 2674 classem
1330 2640 1482 2673 ductans.

280 2710 336 2744 28.
381 2709 586 2745 Diversante
617 2723 738 2757 porro,
780 2714 819 2744 ut
848 2709 971 2744 dictum
1009 2712 1082 2751 est,
1115 2708 1258 2754 Iosepho
1287 2708 1322 2742 in
1354 2705 1553 2741 monasterio
1589 2704 1632 2738 ad

193 2751 354 2799 Anaplum
377 2755 461 2797 sito,
493 2759 608 2792 morbo
635 2756 819 2802 corripitur
852 2755 952 2800 gravi
973 2755 1116 2790 Ioannes
1139 2754 1329 2799 patriarcha
1344 2779 1354 2796 ,
1380 2753 1511 2786 Veccus
1533 2749 1629 2785 nimi-

193 2807 281 2843 rum,
303 2800 388 2834 idem
412 2803 471 2847 qui
493 2804 735 2851 chartophylax
756 2801 848 2848 prins
868 2803 990 2837 fuerat.
1035 2811 1097 2848 per
1119 2811 1195 2834 eum
1214 2800 1408 2845 languorem
1431 2809 1505 2832 cum
1525 2797 1629 2831 multa
