1884 3262
465 203 539 246 DE
568 201 847 245 MICHAELE
874 201 1247 246 PALAEOLOGO
1277 201 1325 245 L.
1354 201 1411 244 V.
1568 199 1664 244 395

214 321 360 361 veneat
378 314 539 372 ἦμερῶν
556 313 601 366 ’ἐξ
617 315 721 358 κατὰ
739 315 812 371 τὴν
833 320 960 370 νῆσον
977 313 1305 369 μεταλλάξαντος
1315 347 1329 367 ,
1367 308 1533 357 εἴτ’-οὗν
1550 330 1667 370 τρια-

214 389 341 441 κοστῇ
370 388 636 438 Γαμηλιῶνος
665 382 807 439 μηνός.
879 384 918 426 οἱ
943 385 988 426 δὲ
1010 389 1086 427 τοῦ
1106 381 1257 439 κλήρου
1278 383 1350 427 τὸν
1367 384 1550 426 κίνδυνον
1569 383 1670 438 σφί-

215 469 283 496 σιν
312 451 588 508 αἰωρούμενον
628 452 844 506 βλέποντες
870 452 1130 494 καθικέτευον
1155 452 1226 494 τὸν
1253 455 1482 507 κρατοῦντα
1518 450 1670 493 ἀνεῖναι

216 520 368 571 αὖτοὺς
397 525 471 575 τῆς
500 520 622 576 ὀργῆς
649 519 718 576 ἔφ’
744 514 776 578 ᾧ
806 518 969 573 ἡσύχως
989 524 1232 574 καθῆσθαι,
1268 519 1386 574 μέχρι
1415 518 1466 561 ἂν
1501 519 1540 562 οἱ
1570 518 1670 573 πρέ-

182 601 205 636 5
219 594 330 642 σβεις
345 589 388 630 ἔκ
404 586 561 643 Ῥώμης
578 587 895 640 ἓπαναζεύξωσιν
907 601 918 611 ·
951 587 1047 629 ἀλλ’
1068 587 1118 629 οὖ
1135 591 1279 630 πεῖθον
1297 587 1429 630 πολλοὶ
1446 591 1670 642 λιπαροῦν-
1690 597 1719 631 Β

216 674 305 710 τες,
344 656 440 699 ἀλλ’
475 656 664 711 ἄντικρυς
690 657 893 712 ἐκρίνοντο
929 659 1004 709 τῆς
1030 656 1133 712 πρὸς
1159 655 1331 709 βασιλέα
1359 653 1665 706 καθοσιώσεως,

217 724 269 780 ἢν
285 722 344 779 μή
365 742 408 780 γε
431 724 482 767 τὰ
500 729 574 779 τῆς
592 723 836 781 ὑπογραφῆς
849 727 1010 766 τελοῖεν.
1080 721 1136 772 ὥς
1164 724 1212 765 δέ
1237 740 1340 773 τινες
1366 725 1423 772 εἲς
1442 721 1575 778 φόβον
1590 740 1668 765 κα-

216 794 409 849 τέφευγον
424 797 497 835 τοῦ
519 790 578 847 μή
596 808 635 834 τι
653 794 720 834 καὶ
738 792 857 834 πλέον
874 796 1208 847 προσβιασθῆναι
1219 823 1232 843 ,
1270 790 1293 834 ὃ
1311 791 1502 845 βασιλεὺς
1520 790 1668 833 αὐτίκα

218 859 488 917 προστάσσει,
533 862 597 902 καὶ
626 858 744 916 λόγος
773 861 976 902 ἐκτίθεται
998 858 1366 915 χρυσοβούλλειος,
1410 857 1568 914 πλήρης
1593 859 1668 912 μέν

162 943 206 977 10
218 926 555 986 φρικωδεστάτων
584 927 696 983 ἀρῶν
725 926 883 984 πλήρης
899 929 945 970 δὲ
963 930 1030 970 καὶ
1052 926 1183 983 ὅρκων
1214 924 1605 981 παλαμναιοτάτων,
1642 921 1669 981 ἦ
1692 941 1724 975 c

214 997 297 1052 μὴν
315 996 373 1050 μὴ
394 993 668 1050 ἔκβιάσασθαι
688 996 830 1047 πλέον,
865 995 922 1050 μὴ
953 994 1287 1051 διαπράξασθαι»,
1321 995 1379 1050 μὴ
1405 999 1670 1050 παρεγχειρῆ-

214 1081 284 1107 σαι
302 1062 406 1118 μηδ’
430 1065 486 1113 εἷς
507 1068 604 1106 νοῦν
623 1068 761 1117 βαλεῖν
781 1063 899 1118 μέχρι
927 1066 992 1105 καὶ
1018 1064 1061 1112 ἐς
1080 1064 1242 1119 κεραίαν
1261 1064 1361 1118 μίαν
1382 1065 1448 1106 καὶ
1469 1065 1572 1106 ἰῶτα
1594 1066 1667 1105 τοῦ

213 1130 424 1186 συμβόλου
456 1138 722 1187 παραγαγεῖν,
758 1130 817 1186 μή
848 1131 971 1174 πλέον
998 1136 1082 1174 τῶν
1106 1135 1231 1187 τριῶν
1260 1132 1517 1188 κεφαλαίων,
1554 1147 1670 1181 πρω-

213 1202 322 1243 τειόυ
348 1201 414 1242 καὶ
441 1198 636 1255 ἓκκλήτου
660 1202 727 1242 καὶ
745 1197 1010 1254 μνημοσύνου
1022 1231 1036 1251 ,
1071 1201 1139 1242 καὶ
1157 1197 1314 1243 τούτων
1334 1201 1398 1241 ἐπὶ
1416 1203 1554 1253 ψιλοῖς
1575 1197 1670 1242 ὀνό-

161 1277 204 1312 15
213 1284 316 1323 μασι
337 1267 433 1310 κατ’
455 1269 701 1322 οἴκονομιάν,
741 1269 923 1322 ζητῆσαι,
961 1269 996 1309 εἶ
1015 1267 1061 1309 δ’
1084 1263 1171 1320 οὖν,
1207 1266 1335 1322 ἐξώλη
1354 1269 1485 1310 τεκαὶ
1503 1265 1668 1322 προῶλη

213 1337 402 1393 γενέσθαι
420 1338 486 1378 καὶ
508 1336 560 1378 τὰ
579 1334 840 1392 φοβερώτερα
857 1334 1061 1390 ὑποσχεῖν.
1129 1339 1263 1379 ταῦτα
1288 1333 1455 1391 γράψας
1473 1337 1540 1377 καὶ
1559 1334 1664 1378 ὖπο-
1686 1344 1719 1379 Ι)

187 1428 189 1431 ·
212 1403 400 1461 γράψας,
436 1404 601 1459 προσέτι
627 1405 673 1446 δὲ
699 1406 765 1446 καὶ
780 1402 937 1460 βούλλῃ
953 1407 1086 1460 χρυσῇ
1104 1401 1534 1460 κατασφαλισᾶμενος,
1562 1403 1665 1456 πίμ-

214 1490 278 1514 πει
302 1476 354 1528 τῇ
382 1473 572 1530 ἐκκλησίᾳ
601 1471 669 1514 διὰ
696 1475 771 1514 τοῦ
805 1476 1145 1527 πρωτασηκρῆτις
1170 1469 1549 1528 Νεοκαισαρειῶτου
1573 1474 1666 1514 Μι-

211 1538 333 1595 χαήλ.
403 1533 436 1600 ᾧ
457 1539 507 1595 δὴ
526 1541 592 1582 καὶ
608 1540 906 1594 βεβαιωθέντες
922 1538 1252 1598 ὗπογράφουσιν,
1289 1539 1384 1583 ἄνευ
1403 1541 1470 1582 καὶ
1488 1537 1580 1585 τότε
1601 1556 1664 1582 τι·

214 1750 275 1775 sex
306 1739 401 1786 prins
435 1739 554 1775 diebus
585 1751 685 1786 quam
704 1751 758 1775 ea
788 1741 911 1776 fierent
931 1740 966 1774 in
995 1740 1104 1776 insula
1136 1743 1285 1774 mortum
1325 1751 1481 1786 suprema
1507 1740 1595 1776 enim
1616 1741 1665 1776 illi

214 1785 288 1820 dies
321 1786 386 1820 suit
412 1786 586 1829 trigesima
615 1786 739 1821 mensis
760 1787 981 1832 Septembris.
1026 1798 1129 1832 porro
1153 1785 1268 1820 clerici
1290 1786 1350 1820 tali
1373 1787 1462 1821 edito
1485 1787 1665 1832 specimine

213 1831 286 1865 irae
307 1831 541 1876 imperatoris,
565 1833 694 1877 proprii
715 1833 804 1866 haud
828 1844 915 1867 vana
936 1833 1081 1876 imagine
1103 1831 1243 1878 periculi
1267 1831 1395 1874 territi,
1419 1839 1583 1875 rogarunt
1603 1834 1667 1867 im-

214 1882 405 1922 peratorem
429 1878 551 1912 breves
573 1878 743 1921 inducias,
774 1883 811 1912 et
831 1890 874 1912 ne
894 1878 928 1911 in
950 1878 1044 1923 ipsos
1067 1883 1128 1912 aut
1148 1877 1349 1911 decerneret
1377 1878 1502 1923 aliquid
1525 1878 1666 1923 gravius

214 1926 275 1956 aut
302 1923 432 1957 omnino
462 1929 622 1968 urgeret,
655 1924 764 1969 quoad
795 1924 854 1970 qui
875 1924 1015 1958 Romam
1042 1923 1134 1966 missi
1163 1924 1299 1957 fuerant
1320 1923 1397 1958 inde
1418 1924 1525 1968 legati
1546 1924 1667 1957 rediis-

214 1972 301 2002 sent.
348 1969 408 2002 sed
431 1968 513 2002 nibil
537 1970 783 2014 impetrarunt,
819 1969 1031 2015 quantumvis
1059 1970 1219 2003 ardenter
1240 1973 1386 2003 orarent.
1432 1970 1514 2014 quin
1538 1969 1588 2003 eis
1609 1981 1666 2003 se·-

212 2025 295 2048 vere
316 2014 546 2048 denuntiatum
570 2020 623 2049 est
644 2015 894 2050 inexorabiliter
912 2015 1132 2048 damnandum
1154 2016 1268 2049 laesae
1290 2014 1487 2057 maiestatis,
1511 2015 1668 2060 quicum-

214 2071 282 2104 que
313 2059 462 2104 ipsorum
495 2072 559 2094 non
589 2061 703 2095 statim
734 2061 964 2095 subscriberet
987 2060 1140 2105 capitulis
1163 2060 1360 2094 concordiae
1382 2072 1470 2105 quae
1493 2061 1668 2094 tractaba-

213 2111 281 2139 tur.
327 2116 468 2148 quarum
491 2109 602 2140 terror
626 2106 788 2140 minarum
812 2117 884 2141 cum
909 2106 1068 2152 quosdam
1091 2106 1127 2139 in
1150 2107 1265 2148 fugam
1288 2105 1432 2148 egisset,
1470 2105 1600 2139 veritos
1621 2117 1666 2139 ue

214 2150 248 2183 vi
277 2150 395 2184 maiori
418 2158 617 2195 cogerentur
638 2153 752 2186 facere
774 2153 866 2198 quod
889 2153 1158 2193 aversabantur,
1191 2150 1286 2184 iussu
1312 2149 1524 2194 imperatoris
1546 2151 1668 2194 vulga-

215 2197 285 2228 tum
307 2195 419 2229 statim
443 2197 514 2230 eins
536 2197 681 2242 diploma
704 2202 777 2239 est,
811 2209 915 2232 aurea
938 2197 1097 2231 munitum
1130 2196 1246 2236 bulla,
1276 2207 1343 2240 quo
1367 2197 1430 2230 sub
1452 2196 1668 2241 imprecatio·

215 2240 314 2274 nibus
336 2240 510 2275 dirissimis
534 2247 569 2276 et
590 2242 786 2277 iuramentis
817 2243 982 2277 horrificis
1010 2243 1266 2277 contestabatur
1296 2241 1384 2275 haud
1407 2241 1442 2275 iu
1465 2242 1574 2276 animo
1597 2241 1667 2276 sibi

214 2296 310 2328 esse,
347 2297 388 2319 ac
411 2298 453 2320 ne
474 2287 583 2331 prima
606 2288 737 2332 quidem
768 2289 971 2333 cogitatione
993 2292 1089 2322 tenus
1113 2287 1248 2320 venisse
1270 2286 1304 2320 in
1328 2290 1489 2329 mentem,
1528 2287 1668 2331 adigere

214 2331 356 2365 ulterius
378 2343 576 2376 quemqnam
606 2342 665 2367 aut
687 2345 811 2377 urgere
845 2334 1047 2367 inducereve
1070 2333 1113 2367 ad
1138 2332 1377 2366 admittendam
1401 2333 1455 2366 vel
1476 2333 1574 2367 unius
1596 2333 1667 2368 iota

214 2375 493 2422 minutissimique
523 2377 629 2422 apicis
665 2379 883 2414 adiectionem
914 2379 956 2413 ad
984 2378 1178 2423 symbolum.
1215 2383 1417 2412 ,contentum
1454 2389 1493 2412 se
1532 2378 1666 2413 omnino

215 2423 291 2456 sore
323 2433 462 2456 assensu
495 2429 688 2457 cunctorum
717 2423 750 2458 in
781 2425 849 2458 tria
870 2425 1043 2458 dumtaxat
1065 2422 1212 2468 capitula
1232 2422 1396 2467 primatus
1417 2424 1665 2469 provocationis

215 2473 253 2502 et
275 2468 616 2511 commemorationis,
655 2480 743 2514 quae
765 2475 801 2503 et
822 2470 896 2514 ipsa
919 2470 1051 2503 nomine
1072 2469 1177 2502 solum
1199 2473 1318 2510 tenus,
1346 2469 1536 2504 necessaria
1556 2469 1664 2514 quieti

215 2525 259 2547 ac
290 2513 463 2547 securitati
490 2513 646 2558 publicae
676 2515 997 2556 accommodatione,
1027 2514 1163 2549 concedi
1185 2517 1335 2559 cuperet.
1380 2514 1415 2548 in
1438 2515 1522 2549 baec
1543 2515 1578 2548 ni
1601 2515 1664 2549 ob·

215 2563 463 2603 temperarent,
495 2559 778 2604 perniciosissima
808 2560 875 2594 sibi
906 2572 1061 2606 quaeque
1083 2571 1125 2594 ac
1147 2571 1284 2605 prorsus
1306 2559 1457 2595 exitialia
1480 2571 1556 2594 mox
1579 2571 1601 2593 a
1623 2571 1662 2595 se

215 2603 301 2649 ipsis
324 2611 489 2650 eventura
512 2610 639 2638 certum
662 2605 834 2639 haberent.
880 2617 965 2651 quas
987 2605 1093 2640 minas
1114 2616 1214 2650 quam
1235 2605 1531 2650 exaggeratissime
1559 2610 1662 2650 atque

215 2650 526 2684 asseverantissime
546 2650 716 2684 inculcans
736 2650 926 2685 intentabat
946 2651 982 2685 in
1001 2652 1058 2686 illo
1082 2651 1282 2696 diplomate,
1315 2651 1404 2696 quod
1435 2651 1594 2696 scriptum
1626 2654 1662 2684 et

215 2695 441 2741 subscriptum
455 2721 465 2738 ,
498 2700 534 2729 et
555 2707 659 2730 aurea
680 2700 860 2741 praeterea
881 2697 1042 2731 munitum
1064 2697 1174 2740 bulla,
1197 2697 1301 2731 mittit
1321 2696 1484 2730 ecclesiae
1507 2708 1569 2741 per
1590 2696 1664 2742 pri-

214 2751 304 2773 mum
338 2752 359 2774 a
391 2741 531 2775 secretis
554 2741 873 2776 Neocaesariensem
895 2742 1107 2777 michaelem.
1155 2754 1195 2776 eo
1217 2742 1370 2787 plerique
1392 2741 1544 2786 persuasi
1566 2753 1663 2776 secu-

215 2785 311 2830 rique
333 2786 447 2820 effecti
468 2787 722 2832 subscripsere,
745 2786 944 2832 quibusdam
966 2794 1078 2822 tamen
1100 2787 1210 2822 adhuc
1232 2793 1313 2822 tunc
1334 2798 1469 2832 quoque
1490 2787 1525 2820 id
1548 2788 1662 2822 facere

215 2830 470 2875 recusantibus3
507 2832 567 2878 qui
591 2837 772 2878 propterea
793 2832 830 2868 in
852 2832 986 2868 exilium
1006 2834 1121 2878 missi,
1157 2838 1236 2879 post
1261 2832 1395 2879 aliquod
1424 2838 1557 2880 tempus
1578 2833 1662 2868 resi-
