1884 3262
415 261 490 303 DE
525 260 802 304 MIGHAELE
838 259 1213 304 PALAEOLOGO
1235 261 1296 303 ι.
1320 241 1400 302 iv.
1542 260 1638 304 305

162 378 261 431 γοῦν
288 371 478 417 τοιούτου
511 376 843 428 καταδεξαμένου
875 374 951 430 τὴν
980 379 1151 431 ψῆφον,
1209 372 1231 418 ὃ
1265 373 1461 428 βασιλεῦς
1483 376 1538 424 εἷς
1558 393 1640 417 ποι-

162 441 361 498 τριάρχην
392 448 541 486 τοῦτον
582 443 883 499 προβάλλεται,
936 443 1068 498 μηνὸς
1108 448 1443 500 Σκιροφοριῶνος
1479 446 1641 500 εἰκοστῇ

165 509 289 569 ὀγδόῃ
311 516 385 567 τῆς
407 511 579 567 δεκάτης
598 511 868 568 ἔπινεμήσεως
886 517 962 555 τοῦ
991 510 1122 571 ‘ymos'
1154 511 1271 562 ἔτους
1282 545 1294 565 ,
1327 510 1640 567 Ἑκατομβαιῶ-

165 597 234 630 νος
253 582 297 623 δὲ
317 583 518 640 νουμηνίᾳ
532 583 838 637 χειροτονηθεὶς
857 583 913 630 εἷς
938 581 1147 637 ἀρχιερέας
1163 581 1407 623 τετέλεσται.
1478 583 1567 636 περὶ
1596 582 1644 624 δέ

130 666 208 705 5γε
233 649 308 704 τὴν
321 652 576 706 χειροτονίαν
594 652 660 692 καὶ
683 647 871 693 τοιοῦτόν
894 667 931 692 τι
950 651 1114 705 γίνεται.
1188 648 1312 707 (24)
1350 647 1371 692 ὅ
1398 649 1476 705 γὰρ
1496 653 1633 693 Πινα-
1657 662 1686 696 Ρ
1707 665 1776 700 206

165 722 241 775 κᾶς
265 719 448 773 μοναχός
478 719 590 775 παρὰ
620 722 836 774 Γερμανοῦ
865 719 941 773 τὴν
966 718 1222 774 χειροτονίαν
1265 715 1486 771 δεξάμενος
1511 717 1645 775 Ἡρα-

164 788 300 837 κλείας
331 793 404 843 τῆς
431 788 537 830 κατὰ
570 786 741 847 Θρᾴκην
771 782 821 842 ἦν
851 787 1125 844 ἀρχιποιίιην,
1169 781 1202 845 ᾧ
1237 786 1289 840 δὴ
1323 788 1391 828 καὶ
1421 785 1646 843 προνόμιόν

165 857 275 899 ἔστιν
308 858 351 899 ἐκ
380 861 558 899 παλαιοῦ
591 856 862 915 δικαιουμένῳ
894 858 938 898 ἐκ
968 857 1226 908 Βυζαντίου,
1265 853 1321 905 ὦς
1352 854 1554 900 ἀνέκαθεν
1577 875 1644 900 τε-

165 929 338 975 λοῦντος
357 923 436 968 ὕπὸ
458 925 532 980 τὴν
546 923 790 979 Ἡράκλειαν
804 958 818 978 ,
857 926 929 967 τὸν
947 922 1206 980 πατριάρχην
1224 931 1477 980 χειροτονεῖν.
1543 925 1644 969 ἀπε-

111 1009 156 1044 10
167 1001 427 1050 προσποιεΐτο
449 997 548 1049 γοῦν
573 994 649 1048 τὴν
675 993 751 1036 ἀπ’
785 995 938 1036 ἐκείνου
964 994 1221 1049 χειροτονίαν
1245 990 1266 1035 ὃ
1290 991 1458 1050 Ἰωσήφ.
1532 997 1599 1036 καὶ
1624 993 1646 1038 ὃ

165 1068 329 1118 κρατῶν
351 1061 483 1119 σοφόν
501 1079 539 1104 τι
563 1066 692 1105 ποιῶν
710 1063 859 1105 ἐκεῖνον
880 1059 971 1104 τότε
996 1065 1287 1118 προσκαλεῖται
1308 1061 1411 1118 πρὸς
1449 1061 1502 1104 τοὶ
1543 1062 1648 1106 ἀνά-

166 1149 319 1187 κτορα,
356 1132 398 1173 ἔν
419 1135 477 1189 τῷ
497 1130 595 1173 κατ’
629 1132 758 1173 ἐκεῖνα
771 1132 864 1189 ’ναῷ
887 1127 1243 1186 λειτουργῆσοντα.
1318 1131 1385 1172 καὶ
1416 1130 1468 1185 δὴ
1497 1132 1646 1183 ἐκεῖνος
1669 1144 1698 1178 Β

164 1201 238 1255 μὲν
258 1199 338 1243 ὕπὸ
359 1203 498 1259 πολλῷ
515 1204 660 1258 μισθῷ
681 1200 754 1254 τὴν
773 1201 1027 1256 λειτουργίαν
1048 1197 1244 1255 ἐπλήρου,
1284 1196 1305 1242 ὃ
1327 1199 1376 1241 δέ
1391 1216 1432 1255 γε
1450 1199 1649 1256 Μιτυλνζ-

165 1286 239 1324 νης
254 1273 295 1312 Γ
292 1267 482 1325 ρηγόριος
506 1270 550 1311 ἐκ
569 1273 747 1312 παλαιοῦ
779 1268 916 1327 φέρων
935 1267 1012 1324 τὴν
1029 1268 1287 1326 χειροτονίαν
1302 1276 1547 1326 χειροτονεῖν
1575 1270 1649 1315 τὸν

111 1353 154 1389 15
166 1337 423 1397 πατριάρχην
441 1337 654 1394 ἐκλέγεται.

294 1407 422 1451 ’Όλου
451 1411 550 1463 γοῦν
579 1410 655 1450 τοῦ
682 1406 814 1461 μηνὸς
850 1405 1002 1448 ἐκείνου
1034 1403 1054 1447 ὃ
1091 1401 1313 1459 βασιλεύς,
1371 1406 1454 1448 ἐπεὶ
1494 1406 1567 1449 οῧκ
1599 1402 1649 1461 ἦν

166 1477 303 1534 ἐκείνῳ
337 1480 414 1531 τῆς
449 1479 524 1517 τοῦ
559 1475 795 1535 ἀφορισμοῢ
824 1472 979 1523 λύσεως
1008 1475 1370 1531 προυργιαίτερον,
1417 1474 1555 1517 ἐδίδου
1587 1481 1647 1535 τῷ

160 1542 400 1601 ’πατριάρχῃ
434 1543 576 1598 καιρὸν
605 1544 681 1586 σὺν
715 1550 801 1593 τοῖς
833 1542 1062 1600 ἀρχιερεῦσι
1098 1542 1350 1585 σκέπτεσθαι
1378 1547 1465 1593 πῶς
1495 1542 1546 1586 ἂν
1579 1546 1648 1587 καὶ

166 1613 272 1656 κατὰ
302 1610 458 1670 τρόπον
492 1613 681 1669 γένηται,
728 1610 1037 1669 προλαμβάνων
1077 1610 1205 1661 αὐτὸς
1246 1608 1422 1665 ἑκάστης
1464 1612 1532 1656 διὰ
1571 1618 1647 1656 τοῦ

256 1710 291 1746 4.
316 1705 512 1756 οἷρχιερέαῒ

165 1803 241 1837 aliis
273 1802 433 1849 petendi,
465 1814 532 1837 non
563 1803 724 1846 refugere
747 1801 791 1836 ad
816 1801 980 1837 delicatas
1002 1812 1156 1845 mensas,
1182 1813 1256 1837 cum
1282 1800 1369 1837 vinis
1393 1801 1484 1836 varii
1509 1802 1648 1847 generis

167 1853 203 1884 et
227 1849 393 1891 bellariis,
418 1850 540 1883 multos
564 1849 669 1883 etiam
692 1849 842 1894 vulgaris
864 1850 967 1883 sortis
990 1849 1162 1888 adhibere,
1185 1848 1385 1894 praesertim
1413 1848 1536 1894 quibus
1559 1849 1647 1884 ratio

165 1896 277 1929 victus
300 1895 335 1928 in
361 1899 436 1930 arto
461 1899 554 1929 esset
577 1907 640 1929 nec
664 1906 726 1941 per
749 1907 787 1929 se
809 1895 1014 1929 habentibus
1037 1907 1102 1930 nec
1117 1906 1242 1941 parare
1263 1894 1399 1929 aliunde
1420 1895 1646 1938 gnarisideo-

165 1954 234 1988 que
258 1941 492 1986 indigentibus
516 1941 676 1988 hospitali
699 1941 912 1986 benignitate
935 1941 1126 1976 amicorum.
1174 1942 1264 1975 hunc
1286 1941 1389 1974 talem
1406 1940 1499 1975 iusto
1523 1941 1650 1976 suffra-

166 1989 297 2032 giorum
322 1989 577 2033 comprobatum
600 1999 739 2022 numero
771 1989 815 2022 ad
845 1987 1115 2033 patriarchatum
1147 1987 1336 2033 imperator
1367 1987 1502 2029 evexit,
1525 1987 1650 2022 mensis

167 2032 366 2068 Decembris
388 2034 444 2068 die
475 2040 598 2068 octava
628 2045 732 2079 supra
754 2034 974 2078 vigesimam,
1011 2033 1215 2069 Indictionis
1238 2033 1412 2075 decimae,
1444 2033 1524 2067 anni
1542 2034 1647 2069 6775.

168 2092 245 2114 mox
269 2080 425 2114 kalendis
448 2080 617 2114 Ianuariis
639 2080 884 2114 ordinationem
914 2080 1003 2114 idem
1026 2079 1252 2125 episcopalem
1284 2078 1358 2113 rite>
1377 2079 1534 2123 accepit;
1558 2080 1651 2113 circa

168 2138 268 2172 quam
303 2126 527 2161 ceremoniam
560 2126 631 2160 tale
657 2126 819 2172 quiddam
854 2126 1007 2170 contigit.
1067 2126 1146 2170 (24)
1178 2126 1325 2160 Pinacas
1353 2126 1557 2166 monachus,
1588 2124 1649 2170 qui

169 2172 416 2206 ordinationem
449 2184 470 2206 a
501 2173 676 2207 Germano
708 2177 912 2218 acceperat,
949 2173 1141 2206 Heracleae
1170 2171 1344 2205 Thraciae
1367 2170 1649 2216 archiepiscopus

170 2223 267 2258 erat,
289 2221 324 2251 et
358 2218 392 2252 ei
427 2223 467 2252 ut
501 2219 562 2253 tali
594 2221 810 2264 competebat
842 2230 885 2253 ex
919 2218 1061 2264 antiquo
1084 2220 1138 2252 ius
1162 2216 1382 2251 consecrandi
1408 2217 1651 2250 Constantino-

168 2263 311 2308 politani
334 2264 574 2309 patriarchae,
609 2264 690 2298 inde
724 2266 828 2298 ducta
852 2265 986 2299 ratione
1020 2263 1215 2319 privilegii,
1237 2262 1329 2308 quod
1352 2262 1435 2295 urbs
1457 2262 1651 2306 Byzantina

167 2309 284 2354 primis
308 2309 474 2344 ecclesiae
494 2311 703 2355 temporibus
724 2311 798 2345 sedi
814 2311 1040 2345 Heracleensi
1050 2310 1172 2344 suisset
1187 2308 1337 2344 subdita.
1383 2308 1522 2342 nolebat
1538 2313 1652 2343 autern

167 2355 334 2400 Iosephus
355 2354 602 2400 impositionem
625 2367 779 2390 manuum
815 2358 858 2391 ab
891 2357 959 2392 isto
991 2356 1162 2402 accipere.
1209 2354 1309 2388 huius
1341 2354 1544 2399 expediendi
1570 2355 1651 2390 nodi

168 2401 333 2435 rationem
366 2406 592 2447 opportunam
627 2402 837 2447 excogitavit
866 2402 1074 2448 imperator:
1109 2402 1269 2436 Pinacam
1291 2399 1451 2434 videlicet
1479 2400 1515 2434 in
1547 2402 1650 2436 aedes

170 2446 412 2492 imperatorias
436 2447 580 2481 accitum
603 2448 766 2493 palatinis
788 2448 896 2482 sacris
919 2448 1102 2495 praeficit,
1126 2447 1250 2481 missae
1272 2446 1345 2480 illic
1366 2446 1568 2481 sacrificium
1593 2460 1650 2482 so-

169 2494 271 2528 lemni
303 2493 372 2527 ritu
403 2498 639 2538 peracturum;
680 2505 781 2539 quem
811 2494 871 2528 ille
899 2495 1058 2528 honorem
1091 2498 1238 2538 quaestu
1275 2492 1405 2537 ingenti
1436 2493 1650 2528 coniunctum

170 2544 315 2584 propter
338 2538 506 2573 ditissima
532 2538 704 2585 stipendia
727 2540 890 2575 eiusmodi
913 2540 1068 2584 fungenti
1091 2539 1205 2573 officio
1237 2538 1377 2573 decreta
1400 2539 1478 2573 dum
1502 2539 1650 2574 libenter

169 2585 343 2630 accipiens
365 2585 412 2619 ibi
441 2584 615 2627 celebrat,
646 2585 885 2628 Mitylenensis
909 2586 1123 2630 Gregorius,
1153 2585 1316 2620 adversus
1339 2584 1436 2619 cuius
1460 2585 1649 2620 ordinatio-

169 2642 246 2665 nem
274 2635 414 2711 ιιιηροῐε,
433 2631 608 2678 antiquam
643 2631 735 2666 nulla
765 2635 844 2667 erat
873 2633 1055 2678 exceptio,
1090 2631 1230 2678 eligitur
1262 2632 1308 2666 ad
1341 2631 1562 2666 ordinandum
1585 2643 1650 2677 pa-

166 2677 273 2711 triarc
298 2689 363 2712 arn.

262 2723 390 2757 Totum
420 2715 524 2769 porr'o
560 2723 727 2769 reliquum
750 2723 946 2758 Ianuarium
969 2735 1117 2758 mensem
1141 2724 1351 2770 imperator,
1386 2722 1440 2758 cui
1464 2722 1547 2757 nihil
1571 2727 1650 2757 erat

170 2767 278 2812 magis
308 2773 461 2814 optatum
497 2781 599 2815 quam
637 2768 838 2804 solutionem
873 2769 1122 2814 anathematis,
1161 2771 1216 2804 cui
1249 2771 1470 2810 subiacebut,
1510 2768 1577 2802 rite
1609 2780 1651 2804 ac

170 2815 270 2848 modo
305 2815 389 2848 nulli
426 2815 614 2850 calumniae
645 2816 791 2850 obnoxio
823 2816 1012 2862 consequi,
1045 2817 1215 2851 concessit
1247 2828 1334 2850 novo
1370 2814 1588 2861 patriarchae
1609 2819 1650 2849 ut

126 2867 129 2870 ⁴
170 2871 234 2905 per
257 2860 361 2908 otium
385 2873 459 2896 cum
483 2861 629 2896 caeteris
656 2862 825 2908 episcopis
848 2863 1083 2898 consideraret
1105 2874 1251 2909 quanam
1285 2862 1343 2896 illa
1374 2866 1493 2906 posset
1515 2861 1649 2895 ratione

171 2905 300 2952 optima
323 2907 461 2948 confici,
491 2907 652 2947 interim,
686 2909 777 2953 quod
800 2908 844 2944 ad
868 2921 907 2944 se
930 2908 1113 2951 attineret,
1138 2909 1231 2944 nulla
1254 2907 1309 2942 die
1333 2908 1492 2942 omittens
1517 2906 1649 2941 studio-

227 2958 403 3004 Georgius
432 2960 661 3006 Packymeres
691 2961 721 2995 I.
1312 2958 1368 2998 20
