1884 3262
276 198 374 244 452
693 197 929 240 GEORGII
962 197 1315 242 PACHYMERIS

142 324 168 357 P
191 323 256 358 309
280 311 384 355 κατὰ
410 310 456 351 τὸ
485 308 659 351 δυνατὸν
685 306 958 352 amasinum.
1031 310 1153 364 (11)
1189 312 1397 367 προβαίνει
1414 311 1492 367 γὰρ
1508 311 1633 366 νεαρὰ
1653 314 1736 364 βα-

276 381 422 427 σίλειος
445 376 540 418 ἄλλ’
566 372 672 418 ἅττα
695 380 863 419 πλεῖστα
888 377 1141 432 διοριζομένη
1167 381 1233 420 καὶ
1262 377 1491 432 τάττουσα,
1530 381 1595 422 καὶ
1615 378 1663 421 τὸ
1684 379 1736 422 τὰ

275 446 587 498 ὁπουδηποτοῦν
607 443 894 500 πατριαρχικὰ,
931 444 1009 489 ὅσα
1028 448 1070 488 ἐν
1085 444 1239 501 χώραις
1259 448 1325 488 καὶ
1342 454 1499 500 μοναῒς,
1536 445 1617 490 ὑπὸ
1640 447 1736 495 τούς

274 511 516 562 ἐπισκόπους
537 507 592 555 ὧν
617 512 659 555 αἱ
679 512 830 569 ἔνορίαι
849 518 987 557 τελεῖν.
1042 513 1219 569 ἔγκλημα
1238 513 1314 570 γὰρ
1334 515 1517 569 ἐφαίνετο
1539 516 1605 558 καὶ
1625 515 1736 571 παρὰ

274 579 448 631 κανόνας
466 581 511 623 τὸ
536 581 579 623 ἔκ
599 585 774 624 παλαιοῦ
796 580 1018 638 γινόμενον,
1049 580 1264 637 ὑπερόριον
1281 586 1504 636 κεκτῆσθαι
1524 583 1595 625 τὸν
1614 586 1734 626 Κων-
1748 593 1770 628 5

275 647 648 698 σταντινουπόλεως
676 652 854 702 δίκαιον,
890 651 995 704 μηδὲ
1014 650 1132 693 τοῦτ’
1161 648 1317 699 εἰδότος
1339 655 1412 693 τοῦ
1436 650 1644 705 λέγοντος,
1683 649 1737 700 ὥς

223 727 252 760 Β
277 715 434 762 κολούει
462 722 521 776 τῷ
551 715 781 774 πατριάρχῃ
812 718 856 760 τὸ
892 717 1188 771 οἷκουμενικόν,
1225 718 1337 767 ἐντὸς
1358 718 1483 761 αὐτὸν
1505 722 1737 775 περιορίζων

273 791 348 841 τῆς
378 787 718 838 Κωνσταντίνου,
757 786 860 840 μηδ’
883 788 1043 839 ἐνορίαν
1064 786 1141 829 ὅσα
1167 789 1232 828 καὶ
1258 791 1332 829 τοῦ
1360 784 1551 840 τυχόντος
1576 785 1738 829 ἐπισκό-

274 873 354 898 που
382 854 635 910 προσνέμων.
708 854 800 896 ἀλλ’
828 852 1004 897 ὃἸσαὰκ
1026 853 1116 898 τότε
1146 854 1218 897 τὸν
1249 854 1388 910 καιρὸν
1414 859 1488 909 τῆς
1518 854 1738 909 ἀπεχθείας

276 921 467 979 ἁρπάσας
491 920 545 971 ὥς
575 922 765 977 ἕρμαιον,
803 925 1017 977 περιεποίει
1041 930 1126 972 τοῖς
1146 922 1377 972 ἐπισκόποις
1397 923 1549 975 αὐτοῦ,
1587 923 1738 966 ταύτὸν
1753 934 1795 967 10

277 992 322 1034 δὲ
344 993 410 1033 καὶ
432 989 563 1048 ἑαυτῷ
585 990 730 1045 λέγειν,
770 990 821 1032 τὰ
849 995 922 1044 τῆς
951 989 1422 1041 Κωνσταντινουπόλεως
1449 993 1598 1035 δίκαια.
1668 991 1738 1033 τὸν

276 1060 456 1114 με’ντοιγε
478 1056 733 1114 πατριάρχην
761 1058 834 1100 οὒκ
861 1058 958 1101 ἀνίει
990 1059 1093 1115 παρ)
1118 1058 1239 1108 ὅλους
1261 1057 1333 1101 δύο
1352 1065 1485 1113 μῆνας
1505 1058 1525 1102 ὃ
1549 1058 1742 1112 βασιλεύς

278 1128 377 1170 ποτὲ
397 1128 470 1181 μέν
491 1129 545 1176 εἷς
566 1128 714 1182 κρίσεις
744 1127 997 1181 ἓγκαθιστῶν
1009 1160 1022 1179 ,
1058 1128 1155 1169 ποτὲ
1177 1129 1219 1169 δὲ
1241 1128 1307 1169 καὶ
1328 1125 1428 1181 ὑπὲρ
1451 1129 1599 1170 ἐκείνου
1624 1125 1741 1170 ἱστά-

228 1203 258 1238 C
281 1213 401 1251 μενος
424 1196 490 1237 καὶ
509 1198 591 1237 τῶν
613 1192 874 1250 ἐγκλημάτων
891 1193 1082 1238 ἀπολύων
1105 1193 1160 1245 ὥς
1178 1193 1543 1251 συκοφαντούντων
1560 1199 1644 1238 τῶν
1665 1213 1741 1238 κα-

278 1261 461 1319 τηγόρων
490 1262 693 1318 ἄντικρυς.
764 1257 815 1316 ἦν
837 1262 881 1304 δὲ
901 1263 1017 1305 διττὰ
1039 1263 1250 1319 στρέφων,
1287 1270 1371 1313 τοῖς
1398 1264 1472 1318 μὲν
1499 1260 1740 1318 κατηγόροις
1753 1270 1794 1307 15

279 1331 383 1374 κατὰ
407 1327 628 1387 πρόσωπον
650 1332 827 1385 ἐγκαλεῖν
846 1331 968 1387 ἐφιεὶς
988 1333 1054 1373 καὶ
1081 1334 1209 1386 δῆθεν
1230 1332 1413 1387 ἐλέγχειν,
1438 1332 1585 1374 ἐκεῖνον
1605 1331 1639 1374 δ’
1663 1327 1740 1374 αὗ·-

279 1404 350 1450 θις
370 1399 416 1442 τὸ
438 1398 561 1456 μέρος
581 1402 781 1454 καταψῶν
800 1414 842 1440 τε
865 1401 932 1441 καὶ
954 1398 1285 1457 περιποιούμενος
1309 1404 1366 1458 τῷ
1387 1399 1428 1456 γ’
1453 1400 1665 1456 ἐπικρίνειν
1686 1397 1741 1449 ὥς

282 1558 317 1587 et
339 1555 414 1586 tota
436 1562 498 1586 sua
519 1551 638 1586 fovens
661 1551 825 1596 potentia.
872 1551 964 1596 (11)
989 1551 1114 1596 prodiit
1137 1551 1224 1586 enim
1246 1551 1464 1596 imperatoria
1487 1551 1651 1593 Novella,
1673 1563 1742 1597 qua

283 1610 355 1633 cum
380 1597 448 1632 alia
471 1597 742 1631 decernebantur
765 1597 949 1642 quaedam,
973 1600 1043 1630 tum
1063 1597 1144 1631 illud
1169 1597 1202 1631 in
1224 1597 1360 1642 primis,
1381 1601 1420 1631 ut
1442 1609 1530 1642 quae
1550 1597 1742 1642 ubicunque

283 1646 337 1678 vel
374 1643 625 1688 cuiusquemodi
660 1643 734 1677 loca
769 1643 826 1676 vel
861 1643 1066 1677 monasteria
1099 1644 1314 1688 patriarchae
1336 1643 1393 1677 uni
1416 1644 1566 1677 subiecta
1599 1648 1742 1678 eatenus

282 1691 523 1731 censebantur,
561 1701 602 1722 ea
633 1688 792 1733 deinceps
825 1688 1013 1734 episcopis,
1049 1700 1188 1733 quorum
1210 1689 1289 1722 illae
1313 1690 1471 1734 propriae
1492 1688 1665 1723 dioeceses
1687 1699 1743 1722 es-

284 1741 378 1776 sent,
413 1734 488 1768 iure
519 1734 689 1768 ordinario
723 1734 945 1768 subiacerent.
993 1734 1182 1768 addebatur
1205 1735 1334 1768 decreti
1357 1734 1471 1775 ratio,
1510 1746 1572 1780 per
1602 1735 1742 1768 abusum

285 1781 394 1814 videri
428 1784 464 1813 et
498 1784 615 1813 contra
646 1791 818 1813 sacrorum
851 1791 1012 1814 canonum
1037 1781 1272 1814 auctoritatem
1304 1784 1505 1814 attentatum
1527 1780 1562 1814 id
1587 1780 1675 1825 quod
1700 1790 1743 1814 ex

284 1827 383 1869 longo
413 1826 575 1858 hactenus
606 1829 756 1869 tempore
784 1826 977 1859 factitatum
1010 1826 1143 1869 fuerat,
1179 1829 1218 1859 ut
1253 1837 1372 1870 nempe
1404 1825 1619 1870 patriarchae
1650 1825 1743 1860 Con·-

285 1870 586 1915 stantinopolitano
619 1871 708 1903 ultra
741 1870 826 1903 fines
858 1871 1020 1904 dioecesis
1045 1871 1206 1915 propriae
1228 1871 1281 1904 ius
1306 1875 1525 1915 competeret.
1570 1870 1659 1916 quod
1683 1869 1743 1916 qui

286 1917 434 1958 dicebat,
456 1927 522 1949 non
544 1915 754 1958 intelligebat
777 1915 910 1959 eripere
933 1926 971 1949 se
993 1917 1204 1959 patriarchae
1226 1917 1358 1950 titulum
1379 1916 1591 1956 oecumenici,
1615 1915 1743 1962 quippe

287 1974 387 2009 quem
410 1961 687 1995 circumcluderet
707 1961 792 1994 urbe
813 1961 1123 2006 Constantinopoli,
1147 1974 1209 1995 nec
1231 1962 1350 1995 saltem
1373 1961 1404 1995 ei
1427 1962 1628 1996 concederet
1649 1962 1743 2004 dioe-

289 2009 393 2043 cesim
426 2011 553 2052 quanta
582 2009 616 2040 et
648 2007 756 2050 qualis
787 2006 894 2040 cuivis
926 2006 1027 2040 etiam
1054 2007 1186 2051 vulgari
1214 2007 1378 2040 tribuitur
1407 2007 1578 2053 episcopio.
1624 2018 1743 2042 verum

290 2054 326 2088 id
349 2058 420 2086 tum
444 2052 576 2097 quidem
599 2051 682 2085 nihil
703 2052 798 2097 pensi
824 2052 950 2086 habens
973 2052 1092 2094 Isaac,
1124 2058 1159 2085 et
1181 2053 1215 2085 in
1240 2052 1323 2086 lucri
1349 2057 1447 2097 parte
1471 2064 1648 2088 numerans
1680 2053 1742 2086 ob-

288 2100 390 2133 latam
417 2097 629 2132 occasionem
650 2098 863 2141 gratificandi
886 2097 1192 2143 quomodocumque
1216 2098 1328 2132 amicis
1352 2098 1420 2132 suis
1444 2099 1627 2143 episcopis,
1657 2109 1743 2144 quos

290 2145 412 2179 multos
438 2143 656 2177 offendebant
676 2143 764 2177 istae
785 2143 820 2177 in
844 2143 989 2188 propriis
1021 2144 1230 2177 dioecesibus
1253 2144 1469 2188 exceptiones
1490 2145 1638 2178 locorum
1661 2145 1747 2178 sub-¹

290 2194 477 2224 tractorum
509 2188 698 2222 ordinariae
731 2189 876 2234 ipsorum
912 2189 1074 2234 potestati
1106 2201 1146 2223 ac
1177 2189 1391 2234 patriarchae
1413 2189 1608 2224 auctoritati
1631 2189 1745 2224 subie-

292 2240 433 2276 ctorum,
458 2238 494 2268 et
514 2234 639 2279 passim
663 2234 908 2268 contendebant
930 2245 995 2268 non
1018 2235 1091 2279 plus
1114 2235 1197 2268 iuris
1220 2235 1589 2280 Constantinopolitano
1607 2235 1643 2270 in
1660 2234 1745 2270 alie-

292 2292 354 2315 nas
378 2280 550 2314 dioeceses
573 2291 672 2325 quam
696 2280 816 2326 cuique
837 2280 986 2325 ipsorum
1010 2280 1044 2314 in
1069 2281 1472 2325 Constantinopolitanam
1495 2292 1582 2317 esse.
1629 2284 1745 2315 caete-

294 2337 367 2360 rum
403 2326 631 2370 patriarcham
664 2326 847 2371 imperator
878 2336 921 2359 ex
947 2336 1007 2360 suo
1030 2330 1109 2361 voto
1134 2326 1185 2359 his
1208 2326 1380 2361 calumniis
1401 2326 1539 2371 egregie
1560 2326 1743 2361 exercitum

295 2382 358 2416 per
381 2370 464 2404 duos
486 2374 577 2405 totos
610 2382 741 2406 menses
775 2370 912 2413 habuit,
951 2382 1038 2405 nunc
1069 2372 1244 2406 sententiis
1266 2383 1340 2406 eum
1362 2372 1508 2406 iudicum
1530 2372 1742 2418 permittens,

296 2427 385 2450 nunc
410 2416 441 2449 ei
464 2416 558 2450 visus
581 2417 762 2461 suffragari
784 2416 1043 2462 criminibusque
1064 2417 1172 2462 ipsum
1194 2418 1343 2458 solvere,
1375 2417 1507 2452 mentiri
1528 2421 1743 2452 accusatores

298 2464 333 2496 et
364 2461 447 2495 nihil
480 2461 545 2494 nisi
572 2473 680 2496 meras
712 2462 838 2497 afferre
867 2462 1046 2497 calumnias
1067 2474 1232 2498 asserens.
1279 2463 1469 2497 sustinebat
1491 2467 1600 2498 autem
1620 2461 1655 2496 in
1677 2462 1743 2496 hac

299 2506 396 2553 quasi
417 2517 517 2540 scena
540 2518 715 2550 personam
738 2508 918 2553 duplicem.
944 2508 1020 2542 hinc
1042 2509 1179 2553 quidem
1201 2509 1310 2554 palam
1329 2508 1581 2543 accusatoribus
1627 2507 1744 2542 ermit-

298 2560 375 2587 tens
398 2551 565 2585 criminari
588 2553 812 2596 patriarcham
834 2558 870 2587 et
893 2553 924 2587 ei
946 2554 1054 2588 dicam
1077 2554 1112 2587 in
1136 2566 1174 2589 os
1196 2566 1308 2588 coram
1331 2554 1532 2600 impingere,
1561 2553 1595 2588 in
1619 2564 1639 2588 e
1666 2563 1742 2586 rur-

299 2609 356 2633 sus
386 2597 525 2631 eundem
554 2609 702 2632 seorsum
736 2603 933 2633 conventum
964 2600 1141 2642 deliniens,
1177 2600 1353 2634 condolere
1378 2600 1427 2634 illi
1455 2599 1611 2633 simulans
1644 2598 1744 2642 quasi

302 2654 363 2689 per
387 2642 582 2677 calumniam
602 2642 815 2677 iniustissime
837 2648 971 2679 vexato.
1016 2645 1050 2679 in
1073 2657 1139 2690 quo
1162 2657 1261 2691 quam
1286 2645 1370 2680 male
1400 2645 1619 2679 cohaererent
1641 2643 1744 2677 dictis

299 2691 392 2722 sacta
422 2688 530 2733 palam
562 2692 647 2722 erat.
693 2688 723 2722 si
747 2690 834 2723 enim
855 2694 924 2724 tam
947 2695 1023 2726 erat
1044 2691 1091 2724 illi
1113 2694 1308 2736 perspecta,
1338 2701 1437 2736 quam
1465 2689 1573 2723 videri
1594 2689 1743 2731 volebat,

298 2733 489 2768 innocentia
512 2733 632 2776 delati,
655 2745 714 2767 cur
738 2734 906 2769 delatores
928 2739 995 2770 tam
1019 2737 1162 2771 licenter
1183 2737 1380 2782 obstrepere
1401 2739 1497 2769 tanto
1519 2738 1672 2781 tempore
1695 2733 1744 2768 si-
1765 2741 1771 2750 ·

300 2781 423 2820 nebat,
458 2790 542 2824 quos
574 2779 704 2813 latebat
726 2780 887 2814 neminem
910 2792 953 2815 ne
977 2781 1109 2816 hiscere
1131 2781 1266 2828 quidem
1289 2790 1448 2823 ausuroS,
1483 2780 1513 2814 si
1536 2780 1584 2814 eis
1608 2780 1663 2814 vel
1688 2791 1745 2814 se-

303 2825 366 2859 mel
398 2824 602 2860 declarasset
627 2824 811 2871 imperator
842 2825 908 2861 sibi
943 2826 1125 2872 displicere
1153 2827 1243 2873 quod
1283 2826 1334 2860 illi
1373 2825 1542 2871 agerent?
1586 2825 1648 2861 sed
1681 2825 1745 2860 hoc
