1884 3262
457 233 532 275 DE
566 230 844 275 MICHAELE
877 231 1253 276 PALAEOLOGO
1288 233 1336 275 L.
1369 232 1425 276 V.
1584 231 1679 278 341

218 347 271 390 τὰ
293 346 380 402 εἴδη
401 347 467 389 καὶ
490 343 599 401 μόνα
623 350 706 390 τῶν
726 343 978 402 πραγμάτων
1003 338 1258 402 {ruffi-numia
1283 344 1514 399 ἇμειἊικτον
1534 344 1682 388 ἐκεῖνον

215 417 345 459 ἐτίθει
364 415 416 458 τὰ
440 415 542 471 πρὸς
566 414 668 471 ῦλην
680 448 693 468 ,
732 417 799 458 καὶ
823 415 870 458 τὸ
894 415 1037 471 ε’φετόν
1057 415 1164 458 κατὰ
1183 419 1280 457 νοῦν
1301 414 1403 469 ἔχων
1418 412 1612 471 παρεῶρα
1631 413 1679 457 τὸ

219 485 438 541 ἐφιέμενον.
510 483 610 527 ὅθεν
651 484 726 527 οὐκ
762 481 1002 540 ἀνθρώποις
1032 483 1140 525 ἀλλὰ
1171 481 1404 538 πράγμασιν
1436 480 1678 536 ἐπιβάλλων,

219 553 382 602 ε’κείνοις
401 553 475 606 μὲν
493 550 624 607 ε’τήρει
642 553 691 595 τὸ
710 556 858 605 θαῦμα
880 553 947 594 καὶ
965 549 1329 607 ὖηερεξεπλήττετο
1363 553 1430 594 καὶ
1460 551 1594 601 ἄλλως
1617 569 1679 593 τι-

187 626 302 677 5μᾶν
332 619 467 678 ᾑρεῖτο
497 620 523 676 ἢ
556 621 630 676 τὴν
658 621 756 663 κατ’
788 618 1042 676 ἀνθρώπους
1072 617 1214 674 τιμήν,
1251 618 1279 673 ἢ
1300 620 1350 674 δὴ
1370 617 1571 669 δεξιώσεις
1601 618 1680 674 ἔχει

220 692 288 733 καὶ
322 687 644 744 προῦπαντήσεις
669 690 736 732 καὶ
763 690 1051 745 δουλοπρεπεῖς
1069 685 1337 737 καταστάσεις
1358 689 1424 730 καὶ
1443 686 1539 730 ἄλλ’
1557 686 1676 741 ἄττα,
1701 697 1733 731 Ε

222 756 282 808 οἷς
306 760 357 814 δὴ
374 760 569 814 χαίρομεν
589 757 819 814 ἅνθρωποι.
888 759 955 800 καὶ
973 763 1064 806 ταῖς
1079 756 1154 810 μὲν
1174 757 1300 806 ἕξεσιν
1318 757 1485 806 ε’κείναις
1501 754 1611 798 οὕτω
1631 756 1682 811 δὴ

219 831 439 882 τιμητικῶς
457 826 533 881 εἶχε
556 828 621 869 καὶ
637 822 972 882 ὑπερεθαύμαζε,
1011 828 1127 881 δῶρα
1145 829 1248 868 θεοῦ
1269 823 1423 875 ταύτας
1440 822 1681 879 ἡγούμενος·

221 903 308 944 τοῖς
331 896 374 937 δ’
402 895 537 949 ἔχουσι
548 928 561 947 ,
599 894 744 943 καθώς
762 893 813 936 ι’ὶν
828 896 894 936 καὶ
916 892 1220 947 κατελάμβανεν
1229 926 1242 946 ,
1271 891 1371 948 εἶχεν
1381 926 1395 946 ‚
1434 891 1489 942 ὥς
1510 892 1558 936 οὗ
1577 910 1682 935 παν-

167 976 210 1009 10
222 964 291 1014 τὸς
323 963 532 1019 γινομένου
562 967 636 1006 τοῦ
664 962 872 1018 γινομένου
904 962 1009 1005 κατὰ
1034 962 1135 1005 θεὸν
1156 964 1222 1004 καὶ
1246 961 1392 1014 ἀξίως,
1431 961 1529 1004 ἀλλ’
1556 962 1682 1004 ἐνίοτε.

219 1035 286 1075 καὶ
309 1032 402 1074 κατ’
426 1031 675 1087 ἄνθρωπον,
711 1035 1060 1086 παραχωροῦντος
1084 1034 1202 1073 θεοῦ.
1271 1030 1347 1084 τὴν
1366 1034 1465 1085 γοῦν
1487 1027 1682 1084 τοιαύτην

218 1101 536 1153 δεισιδαιμονίαν
564 1098 626 1141 ἀεί
652 1099 746 1141 ποτ’
769 1097 1094 1153 ἀποτρεπόμενος
1113 1099 1234 1149 ἔδειξε
1255 1100 1322 1140 καὶ
1342 1102 1400 1156 τῷ
1417 1097 1568 1154 Ἰωσὴφ
1590 1095 1682 1140 τότε

217 1169 292 1222 τὴν
330 1169 432 1220 ἴξιν,
471 1167 519 1210 οὗ
553 1167 809 1223 προθέμενος
836 1167 961 1210 αὐτὸν
988 1167 1187 1221 ἀτιμοῦν,
1226 1166 1324 1209 ἀλλ’
1346 1165 1414 1208 ἐπ’
1438 1166 1538 1209 ἴσων
1556 1170 1681 1208 πᾶσιν

217 1237 320 1292 ἔχειν
347 1237 422 1290 τὴν
449 1237 580 1292 κρίσιν
609 1233 860 1291 αἱρούμενος.
933 1234 1042 1278 οὕτω
1062 1235 1142 1292 γὰρ
1159 1237 1225 1277 καὶ
1247 1235 1293 1278 τὸ
1311 1233 1540 1292 φιλόσοφον
1559 1238 1679 1291 φιλο-
1704 1243 1732 1277 P
1757 1243 1823 1277 233

164 1319 206 1354 15
219 1303 358 1362 σόφως
377 1303 553 1360 ἐπλήρου
573 1309 632 1362 τῷ
650 1305 708 1358 μὴ
733 1302 956 1358 λαμβάνειν
983 1301 1184 1360 πρόσωπα
1208 1305 1262 1353 εἷς
1285 1303 1359 1358 τὴν
1379 1300 1572 1357 τοιαύτην
1594 1303 1682 1359 κρί-

216 1392 303 1426 σιν,
342 1373 392 1428 ἣν
423 1372 622 1415 mina&
654 1371 780 1414 αὑτὸν
807 1373 973 1428 κείιρικε.
1043 1372 1148 1425 πλὴν
1169 1371 1350 1420 κάκεῖνος
1370 1371 1487 1420 εῗδιῦς
1512 1371 1681 1426 ἅνθρω-

216 1460 291 1492 πος
323 1442 380 1484 ὢν
411 1442 478 1483 καὶ
509 1440 556 1483 τὸ
579 1440 711 1495 χρεών
731 1438 1052 1496 λειτουργῆσων,
1087 1441 1168 1482 ἐπεὶ
1188 1440 1238 1482 τὰ
1262 1438 1367 1481 καθ’
1390 1437 1516 1481 αῦτὸν
1536 1439 1682 1482 διαθέ-

215 1527 337 1565 μενος
356 1507 531 1566 χάρταις
551 1511 688 1552 ἐδίδου
712 1508 759 1552 τὸ
778 1507 997 1564 βούλημα,
1034 1533 1091 1542 -
1121 1508 1168 1552 τὸ
1190 1507 1234 1551 δ’
1256 1503 1306 1563 ἦν
1324 1507 1432 1550 καθ’
1454 1505 1582 1562 αὑτὴν
1606 1506 1680 1562 τὴν

216 1686 436 1722 theorematis
467 1686 631 1721 irretorto
663 1686 774 1720 defixa
807 1689 990 1732 suspectu,
1032 1685 1185 1730 adeoque
1218 1695 1261 1718 ex
1293 1683 1465 1718 altissimis
1503 1684 1681 1718 dumtaxat

218 1739 356 1767 assueta
390 1733 578 1766 rationibus
611 1732 791 1766 aestimare
821 1744 875 1766 res
909 1733 1092 1772 humanas,
1124 1729 1268 1774 rigidum
1303 1730 1494 1763 sustinebat
1524 1730 1618 1764 illum
1642 1735 1679 1763 et

216 1778 450 1814 inflexibiliter
472 1784 624 1812 erectum
649 1778 693 1811 ab
717 1779 784 1812 ista
806 1777 994 1812 humilitate
1016 1776 1205 1811 officiorum
1230 1776 1414 1810 aulicorum
1437 1776 1636 1821 omninoque
1658 1788 1679 1810 a

208 1825 335 1871 quovis
368 1829 526 1869 respectu
559 1824 739 1865 materiae,
773 1824 902 1870 quippe
933 1824 992 1869 qui
1018 1824 1191 1857 abstracte
1221 1822 1356 1856 intuens
1382 1822 1472 1866 quod
1497 1823 1679 1867 optandum

208 1875 312 1912 erat,
343 1870 431 1916 quod
466 1870 590 1915 passim
622 1870 806 1915 optabatur
835 1869 1037 1914 negligeret.
1082 1869 1173 1902 unde
1195 1879 1261 1902 non
1285 1867 1470 1902 hominibus
1493 1867 1553 1901 sed
1577 1868 1680 1901 rebus

216 1919 388 1958 intentus,
411 1915 464 1950 his
487 1915 620 1960 quidem
642 1916 806 1950 servabat
827 1915 1102 1956 admirationem,
1137 1913 1189 1948 his
1213 1913 1437 1948 attentissime
1460 1913 1680 1947 consideran-

217 1964 271 1998 dis
300 1962 574 2006 instupescebat,
609 1961 676 1996 alia
705 1973 764 1996 eas
795 1961 1012 1995 veneratione
1034 1960 1287 2007 prosequendas
1310 1963 1462 1994 statuens
1485 1970 1586 2005 quam
1611 1960 1680 1992 ista.

216 2008 455 2054 superstitiose
486 2007 602 2042 sedula
636 2007 827 2042 commercii
859 2007 1011 2049 humani,
1054 2018 1143 2052 quae
1178 2009 1312 2040 constat
1344 2005 1600 2050 exceptionibus
1633 2005 1679 2038 ad

216 2053 416 2089 blanditiam
446 2053 663 2099 compositis,
696 2054 861 2088 affectata
882 2052 1072 2087 renidentia
1094 2053 1263 2094 vultuum,
1298 2051 1492 2085 occursibus
1515 2050 1680 2084 officiosis

216 2103 421 2145 caeteraque
442 2100 577 2134 servilis
601 2100 755 2146 obsequii
780 2100 987 2144 professione
1018 2098 1194 2140 simulata,
1226 2097 1344 2143 quales
1366 2108 1427 2130 nos
1448 2096 1679 2130 illusiunculas

215 2145 359 2181 invicem
383 2151 586 2180 commutare
607 2146 643 2179 in
666 2146 908 2180 consuetudine
930 2145 1024 2179 vitae
1047 2146 1198 2178 urbanae
1221 2143 1369 2178 homines
1391 2142 1588 2187 gaudemus.
1619 2141 1677 2174 ille

217 2196 329 2226 autem
359 2191 495 2225 habitus
526 2191 658 2236 quidem
681 2192 768 2226 istos
793 2203 813 2226 a
836 2191 1050 2226 concretione
1084 2189 1247 2224 materiae
1277 2188 1446 2222 seiunctos
1481 2190 1583 2228 (nam
1615 2187 1676 2221 hos

217 2237 267 2272 sic
290 2235 378 2271 nude
401 2237 604 2282 spectabat)
627 2240 663 2271 et
685 2238 904 2271 veneratione
925 2237 1195 2283 prosequebatur
1217 2246 1337 2278 magna
1360 2237 1395 2267 et
1416 2244 1521 2278 supra
1544 2233 1676 2267 modum

216 2282 473 2325 admirabatur,
508 2282 596 2317 dona
628 2283 682 2317 dei
704 2283 780 2317 illos
813 2289 987 2329 reputans.
1034 2294 1092 2316 eos
1115 2293 1216 2327 porro
1239 2280 1275 2314 iu
1298 2279 1422 2325 quibus
1445 2284 1677 2322 cernerentur,

217 2341 280 2375 pro
303 2328 400 2363 modo
425 2340 490 2373 quo
515 2340 572 2362 eos
597 2329 640 2363 ab
662 2329 743 2374 ipsis
767 2329 1001 2363 arbitrabatur
1024 2326 1223 2381 participari
1244 2326 1428 2368 tractabat,
1453 2325 1504 2359 sic
1526 2325 1615 2370 apud
1640 2336 1679 2358 se

218 2379 393 2417 statuens,
421 2385 487 2408 non
510 2385 620 2419 aeque
644 2386 775 2416 omnes,
811 2376 934 2420 quibus
962 2375 1131 2414 inessent,
1154 2373 1228 2405 illos
1250 2371 1432 2406 secundum
1454 2371 1554 2404 deum
1577 2371 1678 2414 digne

218 2420 409 2467 possidere,
449 2419 510 2453 sed
541 2419 702 2465 quosdam
733 2420 899 2455 interdum
929 2420 1109 2455 secundum
1142 2417 1326 2459 hominem,
1360 2417 1424 2451 deo
1447 2417 1676 2461 permittente.

216 2478 312 2501 usum
341 2477 443 2511 porro
475 2465 587 2508 istum,
601 2477 696 2500 suum
719 2472 756 2500 et
778 2478 902 2501 morem
931 2466 1036 2500 libere
1069 2462 1244 2499 omittendi
1279 2462 1549 2507 superstitionem
1572 2463 1675 2496 ist-am

216 2512 384 2558 quandam
414 2523 636 2556 personarum
666 2513 767 2546 anxia
799 2512 981 2546 sedulitate
1013 2510 1275 2546 venerandarum
1297 2509 1400 2543 etiam
1422 2513 1504 2543 tunc
1525 2509 1559 2542 in
1582 2509 1677 2542 Iose-

216 2559 284 2604 pho
311 2557 442 2599 tenuit,
473 2569 538 2591 non
562 2569 636 2591 eum
659 2557 843 2603 praecipue
864 2562 1095 2598 contemnens,
1129 2556 1189 2590 sed
1221 2555 1451 2600 exceptionem
1474 2566 1494 2589 a
1518 2565 1579 2588 suo
1602 2553 1678 2587 uni-

220 2604 344 2638 versali
374 2602 497 2637 iudicio
521 2607 558 2637 et
579 2604 676 2637 modo
700 2603 767 2638 sibi
789 2603 941 2649 praefixo
973 2615 1047 2636 cum
1078 2602 1232 2636 omnibus
1254 2600 1378 2645 agendi
1398 2600 1434 2635 in
1459 2599 1557 2634 huius
1579 2599 1678 2633 unius

217 2649 362 2694 gratiam
396 2649 462 2683 sibi
494 2661 560 2683 non
589 2649 778 2683 faciendam
809 2660 959 2683 censens.
1005 2649 1055 2682 ita
1085 2649 1171 2682 enim
1204 2659 1242 2682 se
1274 2646 1506 2693 philosophice
1535 2644 1676 2690 obsequi

217 2696 362 2741 putabat
384 2695 598 2741 praescripto
619 2695 667 2729 illi
690 2706 773 2729 suae
796 2694 1028 2741 philosophiae
1050 2693 1183 2729 iubenti
1204 2705 1270 2727 non
1293 2692 1472 2726 admittere
1494 2692 1596 2725 ullum
1620 2701 1677 2724 re-

216 2746 369 2786 spectum
402 2741 618 2786 singularium
654 2752 873 2786 personarum
905 2741 941 2775 in
972 2740 1097 2775 iudicio
1120 2741 1163 2774 de
1193 2741 1316 2780 rebus,
1350 2738 1439 2772 nude
1460 2749 1501 2770 ac
1523 2746 1615 2770 mere
1638 2739 1678 2770 ut

216 2793 296 2822 suut
323 2788 366 2821 ab
405 2799 466 2828 eo,
499 2792 539 2821 ut
562 2787 685 2821 dictum
709 2791 783 2828 est,
818 2786 970 2834 spectari
992 2787 1232 2831 aestimarique
1254 2784 1376 2819 solitis.
1420 2788 1592 2817 caeterum
1623 2782 1677 2816 vir

216 2832 272 2867 hic
294 2832 370 2867 talis
391 2835 557 2879 reputans
580 2845 618 2868 se
641 2833 818 2876 hominem,
842 2838 878 2867 et
897 2844 1067 2867 commune
1087 2837 1232 2867 naturae
1258 2831 1410 2864 debitum
1435 2840 1471 2862 se
1492 2831 1679 2862 soluturum

216 2878 347 2921 sciens,
379 2882 582 2914 testamento
605 2879 741 2914 condito
766 2878 809 2916 de
831 2878 900 2914 suis
923 2880 1026 2914 rebus
1048 2879 1171 2914 statuit
1193 2878 1230 2911 in
1253 2878 1341 2912 hunc
1374 2874 1519 2910 modum.
1566 2885 1681 2908 mona·
