1884 3262
99 2231 127 2265 P
150 2230 214 2266 431

252 215 350 263 596
650 213 961 259 OBSERVAT.
994 213 1306 262 PACHYMER.

250 339 343 366 nam
366 330 413 363 ut
441 334 560 374 supra
591 320 788 370 vidimus,
816 320 1040 361 architectis
1071 327 1111 360 et
1128 319 1456 372 agrimensor-ibus
1471 321 1700 361 communia

250 387 361 421 erant
382 377 616 418 huiusmodi
635 377 899 417 instrumenta
925 390 1211 418 mensurarum.
1269 378 1361 430 quia
1380 390 1500 430 porro
1518 379 1701 430 plerum-'

251 451 325 489 que
356 436 403 474 fit
431 441 477 473 ut
502 447 707 473 mensurae
731 448 874 473 nomen
899 435 957 473 rei
974 440 1219 473 mensuratae
1236 434 1458 484 tribuatur,
1487 440 1526 473 et
1543 435 1699 473 dicatur

250 492 420 544 exempli
435 490 558 542 gratia
573 504 643 542 pes
668 498 815 541 terrae,
840 492 1007 543 palmus
1033 491 1114 529 sive
1137 491 1238 528 ulna
1260 491 1391 542 panni
1409 496 1498 540 etc„
1515 490 1570 528 ita
1587 491 1699 530 vide*

249 563 335 588 mus
362 548 542 586 Italicum
572 547 810 586 vocabulum
830 550 951 599 piola
976 554 1104 586 terrae
1132 547 1334 586 interdum
1350 546 1496 594 tribui,
1525 546 1629 585 forte
1647 560 1698 585 ex

250 605 491 644 dimensione
515 604 794 654 agrimensor-ia
831 604 944 643 cuius
983 604 1291 642 instrumentum
1317 605 1437 655 piota
1471 609 1698 644 vocaretur.

241 664 382 714 piata,
425 660 537 698 aiunt
559 666 740 698 auctores
768 661 1053 698 accuratissimi
1083 660 1219 697 Lexici
1251 659 1426 708 Etrusci,
1455 657 1630 696 dleiamo
1652 659 1698 697 la

248 719 357 755 zalla
373 716 418 754 dc'
441 724 549 754 terra
572 717 639 753 che
655 716 778 754 abbia
800 731 884 754 seco
910 717 1045 755 l'erbcc.
1102 716 1152 754 ad
1175 717 1281 767 quod
1301 716 1424 754 citant
1442 717 1578 753 Ptetro
1602 715 1647 753 V
1639 722 1698 752 et-

248 777 329 812 tori
356 775 537 812 Ttulcalo
554 773 619 818 VI,
649 773 692 810 in
714 772 810 810 haec
840 774 979 812 verba:
1018 787 1100 810 non
1117 787 1289 823 vengono
1307 773 1335 809 a*
1353 779 1442 808 star
1464 771 1699 822 mollosaor

248 830 357 868 della
379 837 486 867 terra
499 844 572 880 per
594 832 758 867 cavat-si
773 829 841 867 del
853 831 1072 868 semenzaio
1092 843 1165 866 con
1179 842 1287 877 essa,
1317 829 1399 865 cioe
1418 829 1460 864 in
1482 841 1565 865 ιιηα
1588 829 1698 879 piota

247 893 322 925 etc.
357 888 472 937 pinta
495 899 584 935 ergo
611 886 747 924 Italice
779 887 882 924 idem
922 886 1031 938 quod
1067 898 1155 938 pes,
1184 885 1298 923 unde
1327 891 1366 924 et
1390 885 1697 922 instrumentum

247 945 350 994 agris
367 942 571 981 metiendis
591 942 741 980 dictum
760 942 817 980 sic
837 943 976 992 suerit,
1010 948 1050 980 et
1067 955 1147 980 vox
1172 938 1334 992 ποιότης
1353 940 1514 980 Graecis
1531 940 1618 978 aevi
1635 952 1699 978 se·-

248 999 396 1049 quioris
417 998 557 1036 eadem·
571 999 731 1036 notione
752 1005 953 1050 usurpata,
982 998 1101 1036 istum
1117 1011 1233 1036 usum
1254 996 1451 1048 Hesychio
1474 1003 1634 1035 notante
1655 1001 1700 1035 et·

246 1055 485 1106 Pachymere
507 1055 777 1103 exscribente,
805 1061 927 1106 prout
955 1054 1143 1092 hactenus
1163 1054 1354 1099 diximus,
1384 1067 1465 1091 non
1484 1053 1694 1091 affirman-

245 1117 327 1161 tes,
357 1110 426 1149 sed
446 1117 676 1162 quaerentes
696 1117 736 1148 et
753 1111 862 1161 quasi
882 1111 1066 1149 micantes
1084 1111 1124 1148 in
1145 1109 1329 1147 tenebris.

358 1163 457 1220 πρά
470 1182 529 1218 γμ
542 1183 631 1206 avoc
660 1180 699 1218 p.
722 1165 804 1208 448
823 1180 862 1207 v.
879 1167 942 1208 15.
996 1166 1074 1204 hoc
1093 1167 1182 1204 loco
1203 1179 1282 1203 vox
1297 1161 1506 1217 πράγματα
1527 1163 1693 1203 similem

243 1223 444 1261 notionem
459 1221 578 1260 habet
606 1223 689 1260 eius
710 1222 758 1259 de
781 1236 855 1271 qua
874 1228 1082 1260 annotasse
1109 1222 1261 1271 aliquid
1281 1221 1439 1258 memini
1459 1219 1618 1264 scholiis
1642 1221 1697 1258 ad·

245 1280 430 1317 catenam
454 1278 692 1315 Graecorum
718 1285 872 1329 patrum
891 1278 932 1315 in
955 1278 1210 1327 Evangelium
1230 1279 1267 1315 S.
1289 1277 1423 1322 Marci,
1451 1276 1584 1321 brevi,
1616 1276 1694 1314 nisi

243 1335 381 1372 literae
403 1333 616 1371 amicorum
640 1334 804 1382 fallunt,
843 1333 998 1371 Parisiis
1024 1334 1227 1371 edendam.
1283 1333 1473 1381 similem,
1512 1332 1693 1383 inquamt

242 1403 324 1428 non
347 1390 450 1428 enim
474 1389 680 1441 pecuniam
697 1390 906 1439 signatam,
936 1390 1005 1428 sed
1027 1390 1132 1439 signa
1162 1402 1254 1428 vasa
1271 1402 1439 1440 gemmas
1458 1394 1498 1426 et
1521 1388 1604 1426 eius
1623 1401 1694 1439 ge-

242 1447 349 1484 neris
369 1445 579 1497 pretiosam
604 1452 641 1483 et
660 1446 873 1497 speciosam
897 1446 1176 1496 supellectilem
1196 1445 1262 1483 hic
1292 1459 1337 1483 eo
1358 1445 1480 1482 verbo
1500 1445 1692 1494 designari

240 1502 320 1540 loci
340 1502 534 1540 sententia
559 1502 692 1552 exigit.
751 1501 799 1540 (le
825 1515 868 1540 re
893 1503 979 1554 ipsa
1006 1501 1073 1539 hic
1099 1502 1293 1551 indicata,
1332 1501 1410 1539 hoc
1438 1506 1495 1539 est
1512 1501 1560 1539 de
1578 1500 1691 1539 clade

239 1558 378 1596 Isaacii
399 1557 585 1608 Augusti,
616 1558 727 1596 cuius
748 1558 954 1597 occasione
971 1559 1045 1595 ista
1069 1559 1251 1596 venerint
1275 1558 1316 1595 in
1341 1563 1572 1609 potestatem
1591 1557 1693 1595 Bul-

240 1626 449 1664 garorum,
487 1614 662 1652 dicemus
690 1614 730 1651 in
759 1614 865 1652 notis
895 1614 943 1652 ad
971 1628 1060 1652 eum
1087 1615 1232 1653 locum.
1289 1628 1364 1666 pro
1388 1627 1487 1651 voce
1502 1610 1698 1653 κάλλιστα

238 1670 283 1707 in
300 1669 388 1708 cod.
406 1669 619 1708 Barberino
637 1671 834 1720 legebatur
854 1667 1042 1722 μάλιστα,
1078 1671 1147 1709 sed
1167 1677 1205 1708 et
1226 1671 1267 1708 in
1291 1670 1462 1709 eiusdem
1486 1683 1554 1708 ora
1573 1669 1693 1707 codi-'

241 1725 296 1763 cis
317 1721 502 1766 κάλλιστα
524 1732 711 1778 tanquam
731 1727 862 1765 verior
880 1728 996 1765 lectio
1014 1728 1317 1778 agnoscebatur,
1348 1732 1387 1765 et
1405 1739 1494 1764 cum
1515 1739 1598 1764 eam
1617 1739 1688 1764 so-

239 1782 319 1819 lam
344 1781 523 1832 ‘optimus
547 1788 587 1819 et
619 1782 706 1834 ipse
742 1783 867 1820 codex
894 1783 1115 1822 Allatianus
1140 1784 1181 1820 in
1213 1789 1448 1822 contextum
1480 1781 1688 1833 reciperet,

240 1850 319 1874 non
336 1837 512 1874 dubitavi
534 1837 627 1887 quin
649 1839 902 1890 praeferenda
928 1846 1040 1877 esset.
1099 1840 1310 1877 Vaticanus
1338 1839 1452 1876 solita
1475 1837 1699 1876 securitate

239 1898 448 1942 utramque
470 1893 631 1932 omittit.
689 1894 877 1932 convenit
890 1901 1020 1932 autem
1040 1894 1270 1934 adiunctum
1284 1890 1469 1934 κάλλιστα
1485 1894 1578 1931 satis
1596 1898 1697 1944 apte·

240 1948 292 1986 ad
319 1946 615 1998 significandam
645 1950 813 1999 speciem
840 1949 1032 2000 insignem
1066 1963 1252 1999 coronae,
1297 1949 1464 2001 sceptri,
1500 1963 1685 1988 vasorum

241 2016 449 2041 aureorum
464 2035 475 2053 ‚
505 2004 728 2054 torquium,
768 2005 994 2056 monilium,
1031 2019 1271 2056 gemmarum
1292 2007 1538 2056 vestiumque
1557 2005 1686 2056 impe-

237 2059 494 2109 ratoriarum,
525 2073 624 2110 quae
637 2059 714 2098 hoc
733 2061 822 2099 loco
846 2059 1101 2112 designantur
1117 2062 1239 2101 verbo
1267 2058 1522 2116 πραγμάτων.
1581 2061 1694 2099 Galli*

240 2114 359 2153 hodie
376 2128 450 2153 usu
469 2115 588 2153 simili
603 2123 748 2155 vocant
765 2117 873 2169 efffetS
891 2131 955 2157 res
970 2119 1101 2170 pretio
1119 2119 1360 2168 aestimatas,
1389 2124 1513 2171 prout
1537 2117 1684 2156 ‹listin-

241 2176 417 2222 guuntur
433 2185 454 2208 a
475 2172 601 2223 pretio
617 2171 703 2223 ipso
721 2179 760 2211 et
779 2174 959 2214 nummis.

354 2227 593 2279 Πρὶγκιψ
620 2228 687 2268 καὶ
718 2229 975 2281 Πρίντζης
1002 2243 1040 2281 p.
1062 2229 1144 2272 402
1176 2243 1214 2269 v.
1237 2234 1274 2272 6.
1332 2230 1386 2268 ait
1406 2229 1579 2282 plurium
1602 2230 1704 2267 suf.>

241 2280 376 2332 fragiis
394 2282 633 2322 destinatum
652 2285 932 2336 patriarchatui
950 2286 1385 2337 Constantinopolitano
1405 2287 1524 2325 fuisse
1541 2299 1682 2324 mona-

242 2336 359 2375 chum
383 2338 541 2377 nomine
556 2339 781 2392 Principem
798 2355 847 2380 ex
864 2340 1008 2380 familia
1025 2342 1255 2394 Principum
1275 2343 1545 2394 Peloponnesi.
1600 2343 1683 2394 agit

242 2393 292 2431 de
311 2392 445 2430 eodem
467 2394 493 2432 1.
510 2398 535 2435 3
559 2408 593 2436 e.
612 2398 637 2436 3
658 2403 811 2447 noster,
841 2398 935 2436 dum
965 2397 1074 2436 hunc
1101 2399 1148 2436 ab
1176 2399 1412 2450 imperatore
1437 2399 1598 2437 missum
1623 2399 1697 2437 ait:r

243 2447 294 2487 ad
318 2447 467 2485 Chalaii
492 2450 760 2491 Tocharorum
790 2454 1051 2492 Orientalium
1083 2455 1288 2506 dynastam
1320 2455 1526 2494 deduxisse
1556 2454 1677 2493 filiam

242 2503 402 2542 notham
421 2504 669 2556 imperatoris
695 2508 772 2560 ipsi
802 2509 948 2548 Chalai'i
964 2510 1216 2562 desponsam3
1245 2524 1345 2562 quae
1365 2518 1494 2550 tamen
1514 2515 1606 2548 cum
1627 2511 1691 2550 ed·

239 2559 504 2612 pervenisset,
532 2569 691 2612 reperto
712 2572 867 2603 mortuo
887 2565 1032 2604 Chalai}
1045 2596 1055 2615 ,
1086 2566 1166 2605 eius
1185 2567 1268 2605 filio
1283 2573 1321 2605 et
1338 2566 1552 2606 successori
1567 2565 1676 2618 Apa-

241 2629 309 2666 gae
332 2615 396 2654 vel
414 2615 591 2667 Apagani
616 2621 804 2669 nupserit.
865 2622 981 2665 verba
1010 2622 1258 2673 Pachymeris
1271 2629 1383 2661 sunt:
1419 2625 1476 2680 τῷ
1499 2620 1571 2675 μὲν
1588 2624 1675 2662 Χα-

240 2674 342 2710 λαοῦ
362 2669 456 2723 μετοέ
479 2675 551 2712 τοῦ
565 2677 742 2725 μοναχοῦ
757 2675 824 2715 καὶ
854 2677 986 2730 ἱερέως
1006 2679 1225 2731 Πρίγκιπος
1247 2679 1420 2727 ἐξεδίδου
1439 2677 1513 2732 τὴν
1526 2678 1585 2720 ,ἐκ
1602 2681 1675 2731 τῆς

241 2728 600 2779 Διπλοβατατζίνης
614 2727 657 2768 ἐκ
674 2732 839 2779 νοθείας
867 2735 992 2773 παῖδα
1019 2734 1204 2786 Μὰρίαν·
1234 2734 1298 2774 καὶ
1327 2734 1543 2788 ὃΠρίγκιψ
1563 2729 1674 2786 ἅρχι-
1703 2744 1705 2746 ’

238 2783 453 2834 μανδρίτης
490 2780 545 2823 ὦν
567 2779 654 2824 τότε
674 2788 746 2838 τῆς
770 2789 842 2826 τοῦ
869 2787 1185 2843 παντοκράτορος
1202 2793 1328 2842 μονῆς
1355 2796 1429 2830 etc.
1486 2790 1519 2827 is
1538 2797 1673 2842 postea

239 2843 392 2876 creatus
419 2838 690 2879 Antiochenus
715 2842 938 2894 patriarcha
960 2844 1106 2884 ibidem
1132 2846 1302 2894 dicitur3
1342 2851 1381 2885 et
1409 2858 1473 2885 res
1492 2852 1674 2885 narratur
1699 2863 1702 2868 ·
