1884 3262
247 194 345 241 412
662 191 896 237 GEORGII
929 192 1275 238 PACHYMERIS

249 309 314 351 καὶ
333 306 383 360 δὴ
407 302 657 360 ὁρμήσαντες
681 306 744 347 ἐπὶ
772 301 974 360 Φάρσαλα
994 302 1214 361 φρούριον,
1252 303 1274 348 ὃ
1305 307 1444 350 Φθίαν
1469 305 1491 350 ’ὅ
1521 305 1694 356 παλαιὸς

197 387 228 420 D
252 376 328 429 ἔχει
349 372 477 429 λόγος,
519 373 587 429 ἐφ’
611 367 643 430 ᾧ
664 380 886 430 σιταρκοΐεν
905 373 1001 423 τοὺς
1021 375 1062 415 ἐν
1082 377 1140 431 τῷ
1162 375 1358 430 φρουρίῳ,
1394 376 1693 430 προσπίπτουσι

247 447 305 500 τῷ
332 442 374 483 ἐκ
400 443 566 490 νοθείας
592 438 780 497 Ἰωάννῃ,
820 440 864 489 ὃς
893 441 943 495 δὴ
965 443 1030 484 καὶ
1050 442 1163 497 σφίσι
1183 439 1388 497 συρράξας
1413 440 1587 497 πόλεμον
1603 459 1693 499 γεν-

249 517 363 553 ναΐον
383 511 449 551 καὶ
471 508 657 564 ἀνδρικὸν
677 510 786 564 αἱρεῖ
799 510 872 563 μὲν
893 511 959 551 καὶ
987 509 1056 551 τὸν
1077 509 1313 563 Συναδηνὸν
1334 511 1400 551 καὶ
1420 510 1544 565 μέγαν
1564 527 1693 566 στρα-

246 575 500 633 τοπεδάρχην
513 610 525 629 ,
559 577 630 619 τὸν
652 578 788 630 μέντοι
808 595 848 633 γε
867 578 992 632 μέγαν
1015 581 1288 620 κονοσταῦλον
1309 575 1330 620 ὃ
1349 575 1422 619 ὕπ’
1444 578 1576 636 ἐκείνῳ
1595 578 1726 628 λαός5

242 645 396 694 Ἰταλὸς
427 643 581 687 διώκων
608 650 851 698 καταλαβεῖν
870 645 943 687 οὐκ
962 645 1122 699 ἴσχυσεν
1134 677 1147 698 ,
1186 644 1280 687 ἀλλ’
1303 644 1416 694 ὅλαις
1437 644 1566 700 ἡνίαις
1593 647 1693 688 ἓκεΐ-

247 730 317 764 νος
338 713 477 762 ἐνδοὺς
497 715 552 763 εἰς
570 714 700 770 φυγὴν
722 713 893 767 ἤλαυνε,
930 715 995 755 καὶ
1019 715 1114 762 τούς
1134 714 1206 766 μὲν
1230 711 1450 763 διώκοντας
1466 713 1570 756 πολὺ
1589 731 1692 770 προ-

246 782 357 824 θέων
384 779 567 835 ἔξήλυξε,
616 782 663 824 τὸ
696 781 743 823 δέ
765 798 807 836 γε
837 783 1037 836 μοιρίδιον
1069 779 1212 831 ἀλύξαι
1240 781 1313 824 οὐκ
1343 777 1394 835 ἦν
1424 782 1582 840 ἐκείνῳ,
1619 781 1694 824 κᾶν

194 856 224 890 Ε
250 847 372 892 πάντ’
415 849 620 904 ἔπραττεν.
690 847 959 905 ἀτακτότερον
994 849 1071 906 γὰρ
1104 848 1282 892 ἐλαύνων
1312 849 1382 892 τὸν
1410 851 1563 901 ἵππον,
1597 849 1694 899 τοὺς

249 918 417 961 ’ὄπισθεν
438 916 620 972 οἰόμενος
643 916 818 974 φθάνειν
838 920 903 959 καὶ
923 918 1024 973 πρὸς
1042 919 1201 966 ἐκείνοις
1221 915 1361 970 μόνοις
1381 918 1481 972 ἔχων
1500 918 1571 960 τὸν
1597 921 1692 960 νοῦν
1705 926 1749 961 10

246 985 356 1036 ὅπως
384 984 569 1042 ἐκφύγοι,
608 987 845 1041 προσπταίει
869 986 1021 1043 δένδρῳ
1038 986 1140 1040 μεθ’
1165 985 1260 1040 ὅλης
1280 990 1352 1039 τῆς
1375 991 1447 1028 τοῦ
1461 987 1589 1028 ’ίππου
1613 1002 1693 1042 φο-

249 1059 345 1110 ρᾶς,
391 1055 458 1096 καὶ
490 1053 593 1096 κατὰ
625 1058 782 1107 στῆθος
814 1058 1056 1097 συνθλᾶται,
1125 1051 1242 1108 μόλις
1270 1054 1317 1095 δέ
1342 1071 1444 1103 τινες
1471 1054 1541 1096 τὸν
1568 1055 1693 1096 ἵππον

247 1120 468 1177 στήσαντες
513 1121 587 1179 (οὐ
619 1122 694 1177 γὰρ
730 1117 779 1175 ἦν
811 1123 943 1179 ἐκείνῳ
972 1123 1094 1175 μέλον
1124 1127 1197 1164 τοῦ
1222 1123 1375 1174 ἵππου,
1411 1120 1515 1164 ἀλλά
1544 1138 1586 1177 γε
1620 1126 1693 1175 τῆς

246 1195 401 1246 πληγῆς
422 1207 464 1232 τε
485 1191 549 1231 καὶ
573 1194 646 1232 τοῦ
667 1188 882 1245 θανάτου)
920 1187 1127 1244 ἡμιθνῆτα
1159 1188 1497 1242 καταβιβάζουσι,
1534 1191 1600 1231 καὶ
1637 1187 1692 1238 ὥς

246 1257 351 1312 εἶχον
388 1257 489 1314 πρὸς
525 1258 826 1311 Θεσσαλονίκην
856 1255 1129 1313 ἀπαγαγόντες
1163 1259 1242 1299 ἐκεῖ
1267 1256 1473 1300 θάπτουσι
1502 1254 1690 1311 τελευτή-
1704 1266 1746 1302 15

106 1335 133 1367 Ρ
159 1336 226 1368 280
249 1343 390 1370 σαντα.
447 1331 532 1375 τοῖς
551 1327 594 1367 δὲ
613 1327 700 1382 περὶ
718 1325 790 1368 τὸν
802 1323 991 1380 Ἰωάννην
1008 1325 1151 1381 ἀνέδην
1175 1321 1223 1379 ἦν
1239 1327 1398 1368 κτείνειν
1421 1325 1491 1367 τὸν
1511 1342 1691 1380 προστυ-

241 1393 370 1449 χόντα
404 1395 470 1435 καὶ
500 1393 677 1446 πολέμου
713 1394 809 1450 γέρα
837 1392 1051 1438 σκυλεύειν.
1121 1394 1299 1449 ἔγνωσαν
1329 1394 1458 1435 δὲκαὶ
1488 1391 1578 1435 τότε
1591 1391 1692 1435 Ῥω-

242 1470 356 1517 μαΐοι
379 1461 610 1518 λειφθέντες
636 1460 748 1518 μάχῃ
777 1466 849 1504 τοῦ
867 1460 1078 1504 Ἰωάννου·
1116 1462 1164 1505 οὗ
1185 1462 1261 1518 γὰρ
1286 1464 1327 1512 ἐξ
1347 1463 1552 1517 ἐμφανοῦς
1572 1459 1692 1516 ὥρμα

242 1528 601 1586 παραταξάμενος,
641 1529 732 1572 ἀλλ’
758 1531 800 1572 ἔκ
823 1528 943 1584 λόχου
963 1528 1232 1586 προσβαλών,
1271 1528 1355 1579 οἷος
1377 1531 1520 1578 ἐκεῖνος
1537 1529 1588 1571 τὰ
1605 1546 1691 1571 τοι-

243 1603 372 1652 αῦτα,
409 1598 629 1654 κατέπληξε
658 1600 853 1651 θεαθείς,
891 1600 958 1640 καὶ
987 1598 1085 1641 λαὸν
1111 1598 1290 1656 ἔκκριτον
1321 1600 1386 1641 καὶ
1412 1600 1588 1647 ἐπιεικῶς
1605 1608 1746 1652 μοι-20

330 1741 364 1775 4.
387 1738 478 1786 μὲν]
503 1737 542 1775 δὲ
565 1740 606 1775 Ρ.

242 1864 405 1899 Pharsala
428 1863 605 1898 tenderent
635 1863 723 1907 (arx
746 1874 788 1897 ea
811 1867 882 1906 est,
907 1863 959 1898 cui
983 1875 1101 1898 nomen
1124 1863 1295 1909 antiquum
1318 1862 1439 1897 Phthia
1460 1861 1549 1905 fuit)
1579 1861 1688 1897 animo

243 1915 457 1944 commeatum
483 1908 684 1954 importandi
706 1909 873 1953 praesidio
887 1935 897 1953 ,
935 1909 1084 1943 incidunt
1105 1909 1138 1943 in
1162 1909 1318 1943 Ioannem
1340 1910 1497 1950 nothum,
1536 1906 1592 1952 qui
1615 1911 1689 1941 sta-

243 1956 302 1990 tim
327 1967 386 1990 eos
409 1956 480 1989 acri
502 1954 629 2000 praelio
654 1955 791 1988 adortus
815 1967 879 1989 non
902 1955 1008 1989 minus
1032 1955 1166 1989 fortiter
1190 1966 1290 1999 quam
1312 1954 1455 1988 feliciter
1479 1965 1548 1988 rem
1570 1953 1687 1997 gessit,

244 2001 352 2046 captis
390 2013 463 2035 cum
501 2000 574 2035 aliis
613 2000 780 2045 plurimis,
817 2004 886 2034 tum
924 2001 997 2045 ipso
1030 2002 1209 2044 Synadeno
1247 2011 1365 2043 magno
1397 1998 1686 2043 stratopedarcha.

244 2058 398 2092 magnum
422 2047 646 2081 conostaulum
669 2046 746 2079 Itali
769 2046 890 2080 milites
913 2046 1047 2080 loannis
1070 2046 1125 2080 diu
1150 2045 1318 2090 persecuti
1340 2045 1473 2090 assequi
1495 2045 1687 2089 nequivere.

241 2093 300 2126 ille
334 2093 457 2137 quippe
491 2093 572 2126 totis
605 2092 743 2126 habenis
771 2092 898 2126 effusus
919 2093 954 2126 in
980 2094 1092 2136 sugam
1114 2092 1246 2134 longum
1269 2090 1523 2135 insequentibus
1547 2101 1687 2134 praece-

242 2142 342 2183 perat
372 2138 536 2183 spatium,
574 2142 612 2170 ut
642 2137 707 2170 iam
736 2138 882 2182 periculo
905 2139 1080 2172 defunctus
1102 2138 1282 2171 videretur.
1329 2137 1391 2170 sed
1412 2135 1549 2182 fatalem
1571 2136 1685 2169 horam

242 2196 285 2218 ne
309 2184 376 2218 ista
399 2185 528 2228 quidem
552 2183 763 2217 contentione
787 2187 974 2229 conatuque
998 2194 1120 2217 summo
1142 2181 1297 2216 frustrari
1321 2186 1379 2216 aut
1402 2181 1540 2215 differre
1567 2180 1686 2214 infelix

242 2229 375 2274 potuit:
418 2230 495 2263 dum
525 2229 611 2263 enim
635 2229 801 2263 incautius
824 2241 943 2275 equum
965 2229 1105 2274 impellit
1126 2239 1265 2262 securus
1287 2227 1510 2269 anteriorum,
1546 2238 1567 2260 a
1589 2230 1686 2269 tergo

243 2275 348 2309 solum
371 2274 527 2319 ingruere
550 2274 732 2319 periculum
747 2275 948 2309 existimans
970 2286 1076 2319 eoque
1098 2275 1225 2308 solicite
1249 2278 1460 2318 respectans,
1495 2272 1531 2305 in
1554 2271 1686 2305 obviam

242 2321 395 2354 arborem
432 2326 502 2354 toto
533 2320 613 2365 equi
644 2320 806 2354 currentis
837 2321 962 2366 impetu
989 2320 1155 2365 impactus
1187 2321 1320 2365 dirupto
1356 2324 1493 2364 pectore
1525 2315 1684 2360 concidit,

241 2377 326 2411 equo
350 2366 454 2399 libero
479 2367 644 2399 abeunte:
683 2377 792 2411 neque
815 2367 902 2400 enim
926 2366 1048 2411 equiti,
1071 2366 1145 2399 diro
1170 2377 1250 2399 casu
1271 2369 1305 2399 et
1323 2365 1415 2399 letali
1436 2363 1576 2399 vulnere
1595 2361 1686 2396 affli-

242 2417 318 2453 cto,
355 2412 500 2445 vacabat
522 2412 564 2444 de
587 2423 673 2456 equo
703 2412 862 2455 cogitare.
909 2412 996 2446 bunc
1019 2418 1129 2445 tamen
1153 2422 1256 2456 aegre
1277 2410 1382 2456 aliqui
1404 2409 1547 2451 morati,
1583 2406 1685 2442 semi-

241 2469 357 2492 necem
381 2456 414 2490 ei
437 2457 650 2500 Synadenum
670 2458 857 2501 impositum
881 2457 1151 2492 Thessalonicam
1175 2467 1248 2490 cum
1271 2457 1523 2501 deportassent,
1546 2464 1622 2488 mox
1635 2451 1684 2486 ibi

239 2507 404 2538 mortuum
436 2502 647 2547 sepelierunt.
693 2503 834 2537 Ioannes
863 2504 996 2538 interim
1026 2514 1100 2537 cum
1133 2503 1203 2537 suis
1234 2502 1336 2536 multa
1357 2501 1490 2546 impune
1510 2501 1603 2534 facta
1623 2509 1684 2532 no-

242 2554 388 2584 strorum
412 2549 536 2589 caede,
570 2547 677 2591 spolia
700 2549 842 2592 plurima
863 2550 1111 2594 pretiosamque
1134 2548 1295 2594 praedam
1317 2546 1479 2581 victoriae
1501 2543 1683 2590 praemium

242 2595 402 2628 tulerunt.
448 2594 512 2627 hoc
542 2593 647 2626 altero
677 2593 742 2627 iam
766 2599 886 2628 eventu
911 2596 1078 2628 Romanos
1099 2594 1208 2628 tristis
1238 2592 1448 2639 experientia
1469 2589 1584 2624 docuit
1607 2588 1682 2634 quis

241 2644 279 2674 et
309 2643 455 2684 quantus
485 2638 572 2672 bello
603 2642 693 2671 esset
719 2639 859 2673 Ioannes
891 2641 946 2674 hic
967 2641 1109 2683 nothus,
1146 2640 1200 2674 vir
1222 2638 1365 2673 omnium
1387 2635 1615 2671 callidissimus
1638 2634 1681 2668 ad

242 2685 382 2719 insidias
405 2684 602 2723 struendas,
640 2689 709 2718 tum
734 2685 791 2718 ubi
815 2696 856 2718 ex
879 2685 922 2719 iis
945 2686 980 2720 in
1003 2688 1116 2731 plures
1138 2696 1211 2719 cum
1235 2685 1348 2730 paucis
1371 2684 1579 2727 crumperet,
1617 2679 1681 2713 im-

243 2730 414 2775 perterriti
446 2730 514 2764 dux
545 2728 645 2763 animi
675 2730 873 2774 ruborisque
902 2731 1097 2776 perrupturi
1127 2730 1258 2776 quidvis
1297 2727 1494 2774 oppositum.
1539 2737 1620 2770 ergo
1651 2725 1682 2760 is

243 2787 332 2810 nunc
354 2787 488 2830 quoque
510 2786 575 2809 non
597 2774 706 2819 palam
729 2786 905 2809 occurrens
928 2787 970 2809 ex
993 2777 1154 2819 adverso,
1187 2776 1247 2810 sed
1269 2786 1311 2808 ex
1332 2771 1478 2813 latibulis
1499 2770 1682 2816 improviso

243 2820 397 2865 irruens,
431 2819 697 2866 inopinatissima
719 2820 778 2856 illa
798 2821 911 2866 specie
933 2821 1046 2867 copias
1078 2820 1202 2867 alioqui
1224 2821 1329 2855 bonas
1351 2823 1386 2854 et
1406 2817 1491 2853 satis
1511 2816 1680 2852 exercita-
