1884 3262
291 176 400 254 638
693 204 1004 249 oesammx
1021 203 1348 254 mearum.

291 314 500 355 consultos.
521 310 574 352 ut'
599 311 783 353 doctores
813 313 1060 366 respondisse
1094 316 1176 353 non
1204 313 1335 354 videri
1362 316 1566 356 vinculum
1599 316 1745 369 prioris

291 373 395 411 illius
426 370 659 409 sacramenti
686 370 739 409 ad
766 370 846 409 hoc
873 377 1029 423 tempus
1066 384 1113 409 ac
1148 383 1284 410 rerum
1322 372 1532 412 articulum
1564 373 1743 416 extendi.

290 440 528 479 quamquam
553 427 586 465 si
616 427 754 465 Graeci
779 427 844 466 isti
869 433 910 465 et
935 433 1034 466 tunc
1063 428 1112 465 ab
1137 427 1317 466 ecclesiae
1339 428 1538 468 Romanae
1561 442 1744 468 eommu-

289 483 409 522 nione
438 482 586 522 discissi
612 483 804 522 antistites
834 483 1003 534 aliquam
1033 483 1106 522 sibi
1122 483 1434 522 iurisdictionem
1452 491 1494 523 et
1509 490 1745 550 potestatem

288 540 397 579 ultra
422 540 481 578 sas
508 545 549 578 et
573 540 777 578 Canonum
805 540 1091 592 praescriptum
1113 540 1399 589 attribuerent,
1428 540 1586 579 minime
1604 541 1646 580 id
1664 542 1744 580 mi-

288 609 380 635 rum
398 602 508 646 esset,
539 609 629 634 cum
647 596 741 635 talia
756 596 1015 635 iamdudum
1003 609 1164 648 lmpune
1182 609 1343 648 peccare
1360 597 1465 636 soliti
1477 602 1618 636 essent<
1651 610 1744 648 ergo

288 658 329 691 et
353 652 458 701 hoc,
487 658 534 691 ut
562 653 636 690 alia
665 665 765 703 quae
791 666 872 691 non
897 666 1024 704 pauca
1056 654 1096 691 in
1126 652 1202 691 hac
1227 652 1624 693 historiaoccurrent
1637 653 1745 693 schi-

289 709 441 747 smatici
462 710 632 747 auctoris
652 709 796 748 vitium
809 709 1038 759 redolentia,
1067 709 1167 748 citra
1184 709 1468 762 praeiudicium
1485 715 1526 748 et
1542 722 1634 749 eum
1648 722 1746 750 cau-

289 765 398 804 tione
421 765 549 804 debita
568 765 761 817 legantur.

406 836 438 860 c.
457 824 496 863 8.
553 822 654 860 Loca
678 834 779 873 quae
797 820 864 860 hic
885 821 982 860 citat
1004 820 1219 872 Pachymei
1222 833 1262 859 es
1287 835 1337 860 ex
1361 820 1536 860 Homero
1559 821 1747 872 leguntur

291 878 334 916 in
365 878 474 917 Iliad.
504 893 518 918 ι
547 892 588 919 v.
619 878 721 921 440:
750 875 933 945 νήπιον,
963 875 1077 919 οὔπω
1106 872 1240 919 εἰδόθ’
1271 877 1429 930 ιῖμοιίου
1455 876 1668 930 πολέμοιο,
1695 883 1747 917 .et

293 934 404 974 Iliad.
425 936 449 975 ὃ
468 949 510 973 v.
528 938 631 977 320:
662 930 760 975 ἄλλα
783 948 825 975 σε
852 938 978 987 γῆρας
1000 936 1118 986 τείρει
1142 933 1330 985 ὁμοίιον.
1369 934 1421 972 ad
1445 946 1561 983 quem
1588 940 1747 985 postre-

295 1004 404 1029 mum
431 992 564 1029 locum
591 997 707 1029 vetus
737 990 984 1039 scholiastes,
1020 1003 1136 1041 quem
1166 990 1375 1041 Didymum
1401 990 1560 1041 quidem
1590 996 1751 1058 putant:

295 1047 351 1085 sic
375 1053 557 1085 annotat.
589 1046 719 1088 ἰστέον
747 1043 790 1087 δ’
817 1043 876 1087 ότι
902 1045 926 1087 ό
945 1061 1112 1099 ποιητης
1128 1049 1330 1099 πανταχοῦ
1350 1043 1394 1087 τὸ
1415 1046 1574 1099 ὁμοίιον
1593 1046 1656 1087 ἐπὶ
1675 1049 1750 1087 τοῦ

297 1101 460 1154 φαύλου
478 1100 684 1156 λαμβάνει.
746 1101 952 1140 sciendum
963 1109 1126 1153 poetam
1148 1103 1298 1153 ubique
1315 1103 1447 1140 simile
1457 1116 1535 1153 pro
1555 1103 1664 1140 malo
1678 1115 1750 1140 szc-

295 1173 410 1198 mete.
463 1160 567 1198 idem
591 1159 717 1197 tradit
736 1164 775 1196 et
787 1158 1018 1197 Eustatliius
1041 1158 1091 1196 ad
1114 1171 1201 1196 eum
1220 1158 1351 1196 locum
1372 1171 1411 1210 p.
1426 1157 1510 1200 476
1532 1158 1596 1199 ed.
1618 1159 1732 1197 Rom.
1722 1186 1749 1207 .,

297 1216 446 1254 addens
466 1221 507 1254 et
526 1214 644 1253 haec:
670 1211 829 1255 Ἀπίων
856 1217 957 1268 γοῦν
977 1214 1047 1254 καὶ
1065 1211 1309 1283 Ἡρωδιανός
1327 1225 1454 1265 φασιν
1479 1210 1543 1255 ότι.
1559 1214 1602 1254 οἱ
1621 1217 1749 1267 γλωσ-

296 1285 494 1326 σογραφοι
515 1270 673 1323 ομοίιον
694 1286 793 1311 κατα
811 1271 1003 1334 διαίρεσιν
1020 1270 1120 1321 φασὶ
1137 1267 1193 1310 τό
1199 1269 1326 1311 κακόν
1347 1276 1423 1308 etc.
1449 1270 1506 1308 ibi
1522 1269 1706 1309 videnda.

305 1342 308 1345 ·
407 1341 445 1379 p.
469 1327 549 1368 104
567 1341 607 1366 v.
628 1326 695 1368 25.
752 1325 862 1379 quod
884 1328 1043 1364 omnino
1062 1327 1262 1378 ficturum
1289 1333 1346 1364 est
1378 1326 1496 1364 nulla
1511 1339 1631 1377 posse
1642 1340 1750 1378 pru-

294 1383 432 1422 dentia
452 1385 669 1435 praeverti.
725 1383 844 1422 semel
871 1382 1051 1434 superius
1079 1383 1235 1431 monui,
1264 1381 1408 1421 s1haec
1423 1382 1474 1420 ad
1495 1383 1749 1422 astruendam

294 1454 459 1492 pravam
493 1440 541 1478 de
570 1441 654 1478 fato
679 1437 893 1478 humanam
921 1439 1143 1478 libertatem
1171 1438 1388 1490 perimente
1415 1438 1637 1477 doctrinam
1662 1438 1751 1478 cui-

152 1506 180 1540 P
202 1505 271 1541 446
293 1498 399 1549 piam
416 1497 614 1548 pertinere
633 1496 863 1546 videantur,
894 1496 1093 1534 erroribus
1112 1496 1284 1534 auctoris
1302 1494 1560 1543 accensenda,
1589 1500 1638 1533 ut
1650 1494 1751 1535 nihil

294 1559 434 1592 contra
459 1553 542 1592 veri
559 1553 731 1604 certique
750 1552 942 1604 dogmatis
962 1552 1224 1617 praescribere
1243 1552 1517 1592 auctoritatem
1534 1557 1694 1602 queant.
1719 1572 1723 1588 η

407 1612 665 1661 p-113v.21.
723 1610 891 1647 Nicetas
905 1611 1111 1660 episcopus
1125 1609 1347 1647 Heracleae
1361 1610 1594 1646 mitteretur.
1623 1608 1751 1646 Grae-

298 1678 362 1703 ca:
390 1665 590 1717 πέμπουσι
618 1661 713 1714 τούς
739 1664 832 1719 περὶ
859 1662 926 1706 τὸν
952 1664 1179 1718 Ἡρακλείας
1205 1661 1398 1719 Λικήταν.
1455 1663 1569 1702 haee.
1577 1669 1672 1703 sunt
1697 1675 1750 1702 ex

295 1721 386 1761 cod.
412 1722 606 1760 Allatiano
632 1728 672 1760 et
700 1721 735 1759 ei
766 1721 1030 1760 consentiente
1050 1721 1250 1760 Vaticano,
1307 1734 1399 1760 nam
1419 1720 1656 1759 Barberinus
1672 1718 1751 1758 ha—

295 1778 415 1816 bebat
433 1777 632 1830 πέμπουσι
649 1776 744 1825 τούς
763 1777 855 1831 περὶ
873 1793 944 1818 τον
961 1779 1230 1830 Νικομηδείας
1242 1773 1449 1828 Ἰωαννην-
1492 1783 1623 1815 tamen
1643 1776 1750 1815 idem

298 1834 426 1872 codex
441 1834 650 1872 lectionem
669 1833 856 1872 Allatiani
875 1834 1092 1872 annotabat
1113 1835 1155 1872 in
1175 1834 1367 1884 margine,
1395 1832 1455 1871 uti
1474 1838 1515 1871 et
1533 1832 1750 1875 Allatianus

297 1890 468 1928 vicissim
491 1890 696 1927 lectionem
716 1890 876 1928 Barber.
896 1902 1017 1939 quare
1037 1903 1125 1927 cum
1143 1890 1198 1927 illi
1220 1889 1300 1927 duo
1318 1889 1487 1939 ambigui
1503 1894 1642 1937 essent,
1663 1888 1751 1927 suf-

301 1946 424 1996 fragio
453 1945 634 1984 Vaticani
658 1946 705 1983 lis
731 1945 927 1997 dirempta
950 1951 1023 1994 est,
1053 1951 1093 1982 et
1109 1945 1281 1983 omnium
1298 1945 1375 1983 iam
1396 1957 1586 1983 consensu
1602 1944 1752 1995 proba-

301 2008 384 2040 tam
402 2001 554 2041 cunctis
575 2001 732 2040 restitui
747 2002 964 2050 lectionem,
992 2014 1043 2039 ex
1062 2001 1181 2053 ipsius
1198 2002 1303 2039 sorte.
1319 2000 1491 2039 auctoris
1509 1999 1752 2041 correctione

304 2064 445 2106 ortam,
474 2058 542 2109 qui
562 2057 670 2108 quod
686 2057 794 2109 prius
809 2063 1003 2110 posuerat,
1030 2057 1240 2095 emendans
1255 2056 1485 2098 mutaverit.
1528 2061 1636 2097 certo
1653 2069 1753 2108 pro-

302 2115 572 2154 nuntiaremus
592 2113 640 2151 de
657 2127 723 2160 re,
750 2114 783 2152 si
802 2119 998 2152 constaret
1014 2119 1106 2152 utra
1123 2115 1165 2151 in
1186 2113 1378 2164 civitate,
1400 2113 1591 2154 Heraclea
1610 2126 1672 2152 an
1670 2111 1751 2156 Ni-

303 2170 497 2220 comedia,
527 2176 626 2208 esset
641 2170 920 2210 monasterium
939 2172 978 2209 8.
995 2169 1210 2219 Diomedis,
1241 2169 1351 2208 euius
1368 2169 1436 2208 hic
1454 2169 1613 2208 mentio.

415 2241 454 2277 p.
477 2226 557 2268 115
577 2239 616 2265 v.
640 2229 704 2268 19.
762 2226 883 2275 Quod
915 2226 1192 2265 candelabrum
1223 2226 1427 2278 repetitur
1443 2226 1493 2264 ab
1520 2219 1684 2264 Arsenio
1707 2223 1752 2263 in

304 2282 456 2333 signum
477 2282 647 2320 abdicati
662 2282 824 2322 honoris
841 2282 1128 2335 patriarchalis,
1157 2282 1251 2320 inde
1270 2282 1430 2322 videtur
1445 2282 1614 2331 sactum,
1642 2279 1752 2335 quod

301 2340 408 2390 apud
429 2339 622 2377 Graecos
611 2339 758 2390 insigne
775 2340 976 2392 potestatis
994 2339 1217 2391 episcopalis
1231 2339 1509 2377 candelabrum
1525 2337 1750 2379 haberetur.

302 2408 394 2432 nam
412 2401 452 2432 et
469 2395 510 2433 in
528 2394 761 2447 Apocalypsi
778 2401 926 2448 septem
944 2395 1112 2447 episcopi
1129 2395 1242 2433 Asiae
1259 2401 1407 2447 septem
1425 2393 1750 2432 candelabrorum

302 2450 480 2501 symbolo
509 2451 783 2501 designantur3
812 2458 852 2490 et
872 2451 942 2491 ubi
957 2455 1010 2490 'ex
1030 2451 1090 2489 his
1109 2451 1179 2490 uni
1196 2451 1390 2504 Ephesino
1410 2450 1661 2489 comminatio
1682 2450 1751 2490 in-

301 2512 482 2544 tentatur
517 2507 704 2557 eripiendi
742 2507 925 2558 honoris,
967 2521 1012 2546 ea
1044 2508 1279 2560 exprimitur
1302 2505 1372 2547 ,his
1400 2507 1551 2547 verbis:
1591 2504 1749 2544 movebo

304 2561 591 2600 candelabrum
608 2563 792 2602 taam'de
812 2565 897 2603 loco
916 2579 1004 2613 suo,
1031 2566 1112 2603 nisi
1126 2566 1412 2615 poenitentiam
1428 2563 1564 2615 egeris.
1591 2560 1750 2613 Apocal.

304 2620 326 2659 1
337 2622 356 2660 1
383 2618 421 2659 5.
468 2631 517 2656 ne
534 2631 628 2656 vero
646 2620 731 2669 quis
751 2620 803 2659 ad
818 2619 1050 2660 hodiernam
1066 2620 1301 2659 nostratium
1315 2619 1636 2659 consuetudinem
1651 2615 1750 2656 haec

303 2675 460 2725 exigens
475 2675 577 2712 sorte
595 2675 807 2714 arbitretur
821 2676 1105 2717 ‘candelabrum
1123 2675 1189 2715 hic
1204 2675 1365 2727 intelligi
1385 2675 1497 2727 quale
1522 2673 1708 2725 praeferri
1727 2686 1751 2710 a

304 2730 483 2768 ministro
510 2729 793 2769 celebrantibus
814 2732 1002 2784 episcopis
1020 2733 1137 2781 solet,
1169 2738 1351 2783 argenteo
1369 2730 1575 2770 manubrio
1593 2742 1750 2768 cereum

307 2787 510 2825 ardentem
536 2792 719 2838 portanS,
748 2787 856 2836 quod
884 2790 1001 2840 vulgo
1026 2789 1069 2828 in
1098 2788 1207 2827 Italia
1236 2788 1402 2839 hagiam
1421 2792 1568 2825 vocant
1588 2792 1628 2824 et
1645 2786 1750 2824 inter

305 2842 562 2895 episcopalem
587 2842 862 2895 supellectilem
891 2851 1092 2886 censetur:
1120 2857 1179 2886 ne,
1196 2841 1426 2896 inquamid
1453 2841 1596 2882 habere
1617 2842 1751 2886 locum
