1884 3262
618 202 724 248 LIB.
741 200 778 247 Ι.
830 193 1196 247 GLOSSARIUM.
1352 201 1357 205 '
1533 197 1633 243 557

179 311 405 359 leniendum
423 313 683 354 concessionis
698 313 819 353 huius
833 312 1138 352 incommodum.
1176 321 1319 362 nempe
1337 307 1447 361 quod
1464 307 1544 347 tale
1562 308 1636 359 ius,
1657 314 1687 349 P
1710 314 1778 350 381

179 376 272 414 licet
306 388 329 411 a
364 374 522 411 Graecis
548 385 774 411 concessum
784 398 799 421 ,1
823 370 1131 421 haudquaquam
1158 374 1292 406 tamen
1316 366 1572 418 redigendum
1598 366 1641 404 in

162 431 335 484 *praxim
353 429 579 468 videretur:
607 429 762 468 nemine
782 427 1046 467 verisimiliter
1063 431 1254 464 curaturo
1274 424 1453 462 conferre
1473 436 1513 461 se
1532 423 1641 460 Con-

179 487 434 539 stantinopoli
467 487 655 535 Romam,
682 484 878 524 laborioso
896 490 936 522 et
949 483 1170 535 periculoso
1191 488 1255 520 tot
1272 483 1440 520 marium
1458 480 1642 528 traiectu,

178 545 363 584 adilitem
395 557 506 582 suam
531 543 814 594 provocatione
834 541 928 579 illuc
949 540 1204 588 translatam,
1234 539 1287 576 ibi
1317 537 1640 590 persequendam.

178 607 238 639 est
269 615 358 651 ergo
388 601 470 638 sine
497 599 618 638 dubio
646 596 691 640 τό
721 598 907 650 ἔκκλητον
917 627 928 647 ,
956 598 1018 635 ius
1047 595 1341 649 provocationis
1361 608 1383 631 a
1400 594 1545 633 iudicio
1564 607 1642 646 pa·-

175 657 373 696 triarchae
401 655 842 707 Constantinopolitani,
873 660 912 692 et
939 654 1105 692 aliorum
1130 652 1387 691 Orientalium
1405 650 1457 689 ad
1473 650 1639 702 pontifi·-

177 728 260 752 cem
290 715 533 764 Romanum,
562 714 673 751 cuius
700 712 796 750 iuris
821 710 964 762 agnitio
990 710 1258 763 professioque
1273 722 1399 747 unum
1417 715 1503 746 erat
1521 721 1542 744 e
1560 708 1639 745 tri-

174 771 249 810 bus
284 771 502 823 praecipuis
543 769 736 822 capitibus
771 781 871 819 quae
900 767 951 805 ad
977 767 1227 805 ecclesiarum
1269 765 1582 804 conciliationem
1615 778 1640 801 a

175 828 333 866 Graccis
362 827 630 879 exigebantur.
689 838 734 863 ea
761 825 889 877 capita
916 824 978 862 his
1002 824 1131 862 tribus
1153 823 1283 862 verbis
1312 822 1640 872 designabantur:

173 882 219 925 τό
240 889 452 938 πρωτεῖον,
482 881 525 924 τὸ
542 878 821 936 μνημόσυνον,
852 878 898 922 τό
915 880 1118 933 ἔκκλητον.
1147 881 1340 931 primatus
1362 892 1499 931 papae,
1531 878 1637 916 eius-

175 941 267 979 dem
282 942 386 979 inter
403 953 513 978 sacra
532 940 690 992 publica
709 938 1052 987 commemoratio,
1081 943 1282 989 postremo
1311 937 1373 974 ius
1403 935 1637 988 appellatio-

173 997 234 1036 nis
253 998 304 1035 ad
322 997 490 1035 eundem
511 1010 533 1034 a
551 996 755 1034 sententiis
773 994 1019 1046 synodorum
1041 1000 1110 1031 aut
1131 991 1463 1045 patriarcharum.

281 1053 418 1105 Ἑλλη
432 1065 522 1094 σπο
535 1054 615 1093 ντί
626 1068 681 1100 ας
698 1059 747 1103 p.
759 1054 841 1092 396
861 1065 900 1090 v.
920 1053 959 1092 9.
1016 1050 1128 1090 venti
1148 1063 1306 1100 nomen,
1334 1055 1382 1087 ut
1398 1045 1634 1104 ἀπαρκτίας.

169 1117 313 1150 ventus
332 1109 539 1148 vehemens
557 1109 657 1148 flans
679 1109 727 1146 ab
746 1108 1012 1160 Hellesponto.
1290 1115 1293 1117 ’

283 1167 468 1220 ἐναιθρ
481 1163 528 1206 coi
543 1172 649 1214 ζειν
677 1178 717 1217 p.
737 1164 819 1208 405
844 1177 882 1203 v.
904 1166 942 1206 9.
1001 1177 1081 1202 non
1104 1170 1162 1201 est
1180 1162 1248 1201 hic
1267 1159 1538 1215 ἕναιθριᾶζειν
1554 1162 1632 1200 sub

170 1222 238 1262 dio
258 1238 362 1261 esse:
396 1237 547 1262 summa
566 1223 669 1260 enim
691 1227 857 1268 aestate,
887 1228 935 1259 ut
959 1226 1056 1259 tune
1081 1227 1184 1269 erat,
1216 1220 1432 1258 meridiano
1451 1220 1530 1257 sole
1549 1220 1633 1258 fer—

167 1287 307 1330 vente,
335 1280 446 1318 haud
475 1286 574 1318 essct
601 1279 667 1317 illa
696 1277 903 1316 commoda
932 1279 1061 1316 statio.
1118 1277 1415 1328 intelligendum
1443 1290 1533 1327 ergo
1554 1276 1634 1314 iin-

167 1343 390 1390 peratorem
420 1337 470 1374 ad
501 1344 638 1374 auram
668 1349 687 1372 e
718 1334 1014 1387 septentrionali
1035 1335 1137 1372 forte
1157 1340 1318 1386 patente
1336 1334 1507 1371 fenestra
1526 1333 1634 1371 ssan-

167 1400 248 1432 teni
268 1394 388 1445 frigus
410 1399 594 1445 captasse.
655 1398 724 1430 aut
746 1392 778 1430 si
795 1392 939 1443 frigore
959 1392 1056 1429 a'eris
1075 1402 1250 1429 camerae
1269 1391 1309 1429 vi
1333 1404 1352 1427 a
1373 1391 1470 1428 coeli
1490 1390 1634 1428 ardore

169 1450 316 1489 defensi
335 1451 473 1488 clausis
493 1449 673 1488 fenestris
693 1449 901 1497 utebatur,
932 1445 1200 1500 ἔναιθριᾶζειν
1217 1461 1291 1500 pro
1309 1446 1533 1498 refrigerari
1555 1459 1634 1498 po-

168 1507 286 1545 situm
306 1508 443 1556 suerit3
473 1520 522 1544 ex
542 1518 586 1544 eo
605 1506 713 1556 quod
729 1506 958 1557 plerumque
978 1505 1062 1554 fiat,
1082 1512 1130 1543 ut
1151 1516 1251 1555 quae
1272 1504 1344 1542 sub
1363 1504 1472 1542 coelo
1494 1509 1635 1555 aperto

167 1564 298 1602 iacent
318 1564 620 1614 refrigerentur,
651 1562 843 1600 translato
867 1575 911 1599 eo
930 1562 1053 1600 verbo
1078 1562 1195 1600 etiam
1220 1561 1271 1598 ad
1294 1560 1632 1612 refrigerationem

167 1634 267 1672 quae
289 1620 401 1658 aliter
424 1619 565 1659 evenit.
622 1618 648 1657 l.
668 1622 693 1660 6
715 1632 748 1661 c.
769 1622 824 1660 29
851 1619 999 1656 mentio
1030 1618 1078 1656 fit
1101 1615 1249 1666 ὕδατος
1276 1616 1632 1672 ἔξαιθριαζομένου

165 1691 288 1728 aquae
318 1678 389 1716 sub
417 1677 482 1714 dio
508 1675 781 1727 refrigeratam
810 1675 939 1726 quod,
970 1675 1044 1713 etsi
1067 1681 1166 1713 tunc
1193 1687 1350 1725 quoque
1379 1680 1505 1712 aestas
1533 1679 1631 1722 erat,

164 1734 316 1773 facilius
343 1733 576 1785 intelligitur
605 1746 675 1783 per
710 1737 867 1770 noctem
896 1733 1056 1770 sactum.
1115 1738 1156 1770 at
1182 1731 1260 1769 hoc
1286 1731 1375 1770 loco
1406 1731 1552 1770 diserta
1583 1730 1632 1769 fit

166 1790 243 1828 diei
261 1790 430 1840 mentio,
464 1804 554 1840 cum
575 1789 839 1841 designatione
860 1787 982 1827 horae
1001 1788 1306 1840 pomeridianae.

277 1843 464 1900 ἐνδυτή
492 1861 530 1899 p.
560 1846 642 1888 385
675 1859 717 1889 v.
750 1849 787 1887 3.
843 1852 951 1884 recte
975 1845 1168 1884 Meursius
1198 1845 1315 1883 docet
1342 1841 1515 1897 ἔνδυτήν
1545 1855 1628 1882 esse

163 1917 390 1956 supremum
410 1917 540 1941 sacrae
559 1916 714 1941 mensae
739 1903 964 1941 instratum.
1020 1903 1192 1955 primum
1211 1902 1315 1940 enim
1333 1901 1628 1939 insternebatur

163 1974 254 1998 arae
273 1961 382 2011 quod
403 1960 547 1999 dicitur
565 1956 834 2013 ἇντιμίνσιον,
865 1973 975 1998 sacra
998 1973 1139 2012 mappa
1152 1989 1164 2008 ,
1191 1965 1291 1997 tunc
1309 1964 1465 1998 tantum
1487 1971 1626 1996 neces-—

163 2017 266 2055 sario
293 2017 531 2069 imponenda
560 2017 698 2064 altari,
741 2017 901 2067 quando
930 2030 1013 2054 non
1045 2015 1251 2054 constabat
1281 2029 1331 2053 an
1358 2013 1458 2053 illud
1487 2014 1624 2052 fuisset

163 2080 445 2128 consecratum.
505 2088 625 2126 supra
651 2073 772 2122 illud,
803 2079 873 2112 aut
900 2087 1019 2124 supra
1043 2073 1192 2110 nudam
1222 2080 1330 2110 aram
1360 2078 1468 2109 certo
1487 2083 1621 2108 sacra·—

162 2135 244 2167 tam
263 2159 272 2174 ‚
302 2130 588 2168 extendebatur
612 2131 655 2168 in
681 2130 980 2181 praeparatione
1009 2129 1187 2167 sacrificii
1203 2129 1389 2175 linteum,
1419 2126 1529 2178 quod
1547 2140 1621 2178 ap—

163 2186 364 2238 pellabant
389 2183 638 2236 κατασάρκα,
683 2199 802 2238 supra
836 2186 942 2238 quod
979 2185 1163 2224 videlicet
1190 2180 1346 2237 οἷμέσως
1368 2197 1511 2236 corpus
1537 2184 1622 2222 sive

164 2255 256 2280 caro
284 2242 433 2280 domini
462 2242 504 2280 in
530 2242 762 2281 eucharistia
781 2249 871 2294 post
892 2242 1223 2281 consecrationem
1245 2254 1429 2294 praesens
1450 2240 1623 2280 reclina-

162 2299 294 2337 batur.
341 2299 384 2336 id
401 2299 537 2336 ‘velum
558 2300 760 2351 corporale
779 2300 911 2337 Latini
925 2310 1124 2339 vocamus,
1172 2311 1245 2336 nec
1263 2298 1352 2350 plus
1371 2303 1457 2336 erat
1473 2298 1517 2336 in
1535 2298 1622 2350 ipsa

162 2356 362 2393 functione
399 2355 589 2393 sacrificii.
645 2362 686 2393 at
722 2362 812 2407 post
841 2357 968 2407 ipsam
999 2369 1068 2393 ara
1100 2355 1348 2407 operiebatur
1375 2360 1510 2407 tapete
1539 2355 1622 2393 sive

161 2411 329 2467 ἐνδυτῇ,
358 2417 493 2449 textus
521 2412 751 2463 plerumque
779 2412 991 2462 magnifici3
1019 2411 1126 2450 unde
1155 2412 1195 2449 in
1219 2412 1309 2450 illos
1333 2425 1429 2450 usus
1447 2411 1623 2464 pretiosa

162 2468 335 2519 stragula
359 2468 632 2506 offerebantur.
690 2468 814 2518 qualis
839 2468 935 2506 haec
956 2468 1034 2506 fuit
1052 2464 1196 2520 ἐνδυτή
1215 2469 1262 2506 ab
1283 2469 1522 2520 imperatore
1543 2468 1622 2506 Mi-

162 2524 298 2562 cha'ele
313 2524 540 2574 Palaeologo
558 2525 728 2576 primum
747 2534 885 2576 magno
901 2525 1049 2577 templo
1065 2525 1281 2577 &Sophiae
1301 2526 1459 2574 donata,
1480 2525 1623 2563 deinde

162 2582 281 2619 etiam
302 2581 353 2619 ad
370 2581 598 2633 pontificem
618 2582 841 2619 Romanum
856 2581 985 2620 missa.
1036 2581 1226 2620 'credibile
1245 2588 1303 2620 est
1324 2595 1374 2620 ex
1390 2582 1466 2620 isto
1487 2587 1621 2632 tapete

161 2651 278 2689 super
310 2652 416 2676 aram
447 2638 642 2688 explicato
674 2638 843 2687 speciose
871 2638 1099 2690 pependisse
1119 2640 1351 2677 in‘srontem
1373 2638 1509 2676 altaris
1527 2639 1621 2675 fim-

159 2693 287 2744 brias,
315 2695 504 2732 tuborum
538 2700 608 2731 aut
636 2694 817 2732 nolarum
843 2695 907 2733 vel
935 2695 1052 2733 etiam
1082 2697 1275 2734 malorum
1304 2696 1441 2734 formis
1472 2694 1618 2733 distin-

161 2757 264 2800 ctas5
302 2752 408 2789 unde
442 2749 655 2802 Hesychius
691 2748 882 2799 ἐνδύταν,
922 2752 954 2789 si
990 2753 1226 2793 formidem
1257 2766 1345 2790 cum
1375 2752 1524 2807 ἔνδυτῇ
1549 2751 1613 2800 sit,

161 2798 345 2848 αὗλωτόν
385 2807 553 2855 dixerit,
592 2806 790 2858 quomodo
827 2804 1028 2858 αὕλωτοῦς
1057 2807 1208 2861 φιμούς
1241 2808 1383 2847 Pollux
1419 2814 1612 2846 memorat

157 2862 225 2904 lib.
249 2866 320 2912 10,
344 2865 416 2903 ubi
434 2864 481 2904 de
503 2864 742 2903 ornamentis
761 2878 961 2916 equorum.
1020 2866 1233 2907 ἐκαλοῦντο
1250 2865 1293 2907 δέ
1312 2879 1437 2914 τινες,
1465 2864 1606 2916 inquit,
