1884 3262
205 233 300 280 342
455 267 458 270 .
623 230 859 275 GEORGII
888 215 1240 275 PAcHYME‘ms

204 346 331 401 μονὴν
355 344 419 386 ἀεί
436 360 533 386 ποτε
558 342 782 398 διαμένειν,
812 344 940 399 μηδὲν
962 343 1067 387 κατὰ
1085 343 1241 399 μηδένα
1262 341 1414 400 τρόπον
1432 343 1664 388 §nanzanz-

207 432 282 456 σαν
304 411 435 471 ἑτέρᾳ,
471 413 537 454 καὶ
558 410 661 469 ἅπερ
684 411 782 467 εἶχεν
803 413 845 455 ἔκ
867 412 1067 466 βασιλέων
1087 406 1445 469 φιλοφρονῆματα,
1482 412 1538 464 ὥς
1558 430 1664 467 συμ-

155 495 183 527 Β
208 484 442 524 noveio-9111
473 480 520 523 τὸ
550 485 631 524 πᾶν
660 486 743 523 τῶν
772 479 1036 536 νομισμάτων
1060 484 1115 531 εἷς
1136 479 1279 523 ἑκατὸν
1300 485 1446 536 λιτρῶν
1464 479 1661 538 ἀριθμόν,

207 551 273 592 καὶ
296 548 401 591 αὐτὰ
418 552 468 605 τῇ
485 553 592 606 μονῇ
612 553 684 592 τοῦ
706 548 823 599 ὄντος
840 554 942 592 θεοῦ
979 551 1063 609 (τῷ
1084 549 1161 606 γὰρ
1181 549 1265 592 ὄντι
1286 551 1434 605 κυρίως
1449 552 1515 592 καὶ
1535 566 1665 607 προσ-

207 616 411 673 ανέκειτο)
440 617 695 674 ἀναφαίρετοι
724 618 1028 674 διατηρηθέντα
1059 619 1114 668 εἷς
1147 618 1401 673 περιποίησίν
1432 634 1474 660 τε
1505 620 1570 660 καὶ
1591 619 1697 672 τὴν5

207 690 289 729 τῶν
307 684 584 740 ἐλλειμμάτων
605 684 898 742 ἀποπλήρωσιν
921 685 1033 730 εἶναι.
1105 686 1176 729 τὸν
1196 687 1240 728 δὲ
1259 690 1443 728 τοιοῦτον
1461 690 1543 728 τῶν
1562 685 1667 728 ἄπο-

208 754 458 815 τεταγμένωιν
473 753 632 810 χάρτην
655 757 720 797 καὶ
740 755 865 797 αὐτὸν
885 755 999 810 ἠξίου
1018 755 1090 797 τὸν
1112 752 1366 811 πατριάρχην
1393 752 1668 808 ὑποσημαίνε-

210 828 336 876 σθαι,
375 823 446 865 καί
459 840 500 878 γε
520 824 692 876 βασιλέα
712 824 927 880 ἐπικυροῦν
947 827 1129 879 λιπαρῶς
1146 823 1317 873 ἀξιῶσαι
1338 823 1441 878 πρὸς
1460 822 1533 878 τὴν
1551 820 1669 865 πόλιν

158 901 188 935 C
211 889 503 934 ἐπανελθόντα.
573 893 640 934 καὶ
676 891 833 948 γέγονεν
876 891 984 934 οὕτω
995 925 1008 944 ,
1066 891 1140 934 κᾶν
1177 889 1463 941 ἀποθανόντος
1501 891 1666 942 ἐκείνου,

209 958 413 1017 ὀστράκου
449 961 551 1016 φασὶ
583 959 901 1014 μεταπεσόντος,
938 957 1222 1014 ἀνελάμβανόν
1248 977 1290 1002 τε
1313 960 1388 1009 τὰς
1408 957 1665 1016 ἐπικυρώσεις
1679 968 1724 1003 1ο

211 1030 277 1071 καὶ
307 1029 359 1070 τά
390 1028 680 1084 διατεταγμένα
708 1029 889 1082 διέλυον,
927 1027 983 1078 ὥς
1003 1028 1055 1070 τά
1075 1030 1148 1081 μὲν
1177 1029 1411 1082 νομίσματα
1438 1032 1488 1084 τῇ
1516 1024 1672 1084 μεγάλῃ

210 1099 367 1151 ταυτηῖ·
382 1097 572 1156 ἐκκλησία
597 1101 957 1152 προσανατεθῆναι
981 1098 1036 1146 εἷς
1054 1097 1327 1152 περιποίησιν,
1366 1096 1441 1150 τὴν
1470 1097 1515 1138 δὲ
1541 1095 1671 1150 μονὴν

211 1165 361 1220 ἐκείνην
387 1168 438 1221 τῇ
459 1168 532 1207 τοῦ
554 1168 594 1207 Γ
591 1166 762 1220 αλησιόυ
781 1169 887 1221 μονῇ
907 1162 1160 1219 ὖποτεθῆναι
1181 1166 1234 1213 εἷς
1253 1161 1452 1218 μετόχιον.
1523 1161 1544 1206 ὅ
1573 1167 1671 1219 γοῦν

211 1231 400 1289 ἷεράρχης
426 1232 578 1290 Ἰωσὴφ
612 1237 662 1289 τῇ
692 1232 872 1290 ἀνατολῇ
905 1232 975 1289 ἐφ’
1011 1232 1147 1276 ἱκανὸν
1176 1233 1399 1290 διατρίψας
1423 1230 1672 1289 ὑπέστρεφεν

211 1303 265 1351 εἷς
288 1298 527 1353 Βυζάντιον.
1004 1309 1008 1313 “
1684 1305 1728 1342 15

73 1371 99 1405 Ρ
122 1371 190 1407 234
351 1370 395 1413 3.
468 1369 551 1410 Καὶ
570 1367 673 1422 μετὰ
700 1367 843 1423 μικρὸν
867 1371 941 1421 τῆς
963 1371 1037 1410 τοῦ
1059 1367 1259 1418 βασιλέως
1281 1365 1530 1424 Βουλγᾶρων
1551 1370 1672 1410 Κων-

211 1437 426 1480 σταντίνου
458 1434 630 1491 συζύγου
660 1434 836 1492 Εἰρήνης
864 1434 1199 1490 μεταλλαξάσης,
1236 1438 1291 1485 εἷς
1323 1436 1505 1485 σπονδὰς
1527 1433 1549 1478 ὃ
1573 1452 1675 1491 κρα-

212 1509 295 1548 τῶν
315 1505 461 1547 ἓκεΐνον
487 1505 622 1547 θέλων
642 1502 812 1555 συνάξαι
832 1505 871 1554 ἐς
894 1503 916 1546 ὃ
935 1511 1019 1554 τοῖς
1043 1503 1147 1546 κατὰ
1169 1503 1241 1546 τὸν
1263 1501 1404 1558 Αἶμον
1423 1506 1489 1546 καὶ
1507 1503 1613 1560 αὐτῇ
1631 1521 1673 1559 γε

215 1574 457 1632 Μακεδονίᾳ
488 1574 554 1615 καὶ
579 1571 723 1632 Θρᾴκῃ
757 1572 972 1627 ἀνακωχὴν
1003 1572 1215 1629 γενέσθαι,
1254 1572 1316 1613 ἐπὶ
1344 1572 1448 1615 πολὺ
1478 1575 1675 1615 δαπανω-

214 1642 347 1696 μένων
376 1646 459 1686 τῶν
488 1640 807 1700 στρατευμάτων
837 1648 920 1692 τοῖς
949 1640 1128 1699 συνεχέσι
1145 1640 1358 1695 πολέμοις,
1393 1640 1560 1696 πέμψας
1583 1642 1735 1684 δια-20

215 1774 373 1815 sterium,
404 1773 440 1807 in
464 1785 530 1820 quo
555 1773 703 1818 degebat
725 1777 760 1807 et
784 1783 1004 1819 perseverare
1028 1783 1161 1818 semper
1184 1771 1406 1816 decreverat,
1442 1771 1494 1807 sic
1526 1775 1566 1806 ut
1594 1774 1675 1806 tunc

216 1825 312 1860 erat,
340 1830 475 1853 manere
499 1831 632 1864 semper
653 1820 813 1859 liberum.
839 1819 919 1852 nulli
944 1831 1089 1863 unquam
1113 1818 1356 1852 subiiciendum
1377 1818 1500 1860 alteri,
1524 1818 1677 1852 iubebat.

215 1865 306 1911 quod
330 1871 441 1899 autem
465 1866 626 1908 pecuniae
649 1866 846 1910 possidebat
869 1865 1047 1908 largitione
1071 1865 1331 1908 imperatorum,
1363 1869 1495 1898 centum
1515 1863 1676 1897 librarum

215 1922 374 1945 summam
400 1910 600 1953 conficiens,
634 1911 697 1944 hoc
720 1914 825 1944 totum
850 1910 1051 1943 monasterio
1075 1909 1181 1943 eidem
1206 1910 1269 1942 deo
1293 1907 1352 1954 qui
1375 1913 1429 1943 est
1451 1910 1548 1943 sacro
1573 1909 1675 1953 (nam

214 1958 299 1990 haec
323 1961 397 1990 erat
419 1956 602 2001 peculiaris
627 1956 699 1989 eius
727 1956 843 1989 domus
865 1955 1097 2000 nuncupatio)
1121 1954 1296 1999 proprium
1311 1954 1442 1988 servari
1458 1958 1678 2000 perpetuum-

217 2013 285 2047 que
307 2002 447 2036 attribui
471 2002 652 2036 mandabat.
673 2002 709 2035 in
731 2001 936 2035 fundationis
967 2006 1178 2044 augmentum
1203 2005 1263 2033 aut
1283 2000 1549 2045 supplementum
1573 2000 1677 2034 amis-

218 2059 330 2082 sorum
361 2047 414 2081 vel
443 2048 564 2093 quovis
593 2047 690 2081 modo
723 2058 846 2081 casuve
878 2046 1116 2081 deficientium.
1163 2045 1204 2079 iis
1227 2056 1329 2090 porro
1353 2045 1476 2080 tabulis
1500 2056 1678 2091 supremae

219 2105 301 2128 suae
329 2093 476 2127 testibus
506 2093 710 2135 voluntatis,
744 2094 865 2138 quibus
896 2092 963 2127 ista
990 2091 1258 2132 commendarat,
1291 2092 1504 2125 subscribere
1527 2091 1679 2137 patriar-

219 2141 315 2173 cham
347 2139 472 2181 voluit;
505 2138 768 2184 impetravitque
800 2139 843 2172 ab
873 2139 989 2172 eodem
1024 2143 1063 2171 ut
1093 2149 1167 2171 cum
1199 2148 1357 2171 reversus
1378 2137 1415 2171 in
1437 2139 1554 2171 urbem
1576 2141 1679 2179 esset,

221 2189 358 2218 curaret
381 2185 515 2218 easdem
539 2188 633 2218 ratas
655 2184 771 2219 haberi
795 2185 838 2218 ab
862 2184 1076 2229 imperatore,
1099 2192 1135 2218 et
1153 2183 1259 2228 ipsius
1282 2184 1487 2217 auctoritate
1503 2183 1547 2217 ad
1570 2195 1680 2230 quan—

220 2234 288 2264 tam
322 2235 460 2275 possent
491 2231 666 2264 maximam
697 2231 890 2264 firmitatem
913 2229 1078 2264 roborari.
1125 2229 1215 2274 quod
1239 2233 1275 2262 et
1297 2231 1423 2263 factum
1447 2233 1523 2272 est,
1555 2229 1678 2274 exiguo

221 2276 354 2320 quidem
389 2287 515 2321 operae
548 2276 672 2321 pretio.
717 2288 792 2310 nam
816 2276 1000 2310 Blemmida
1030 2275 1150 2309 deinde
1173 2278 1324 2317 mortuo,
1358 2275 1487 2309 cunctis
1508 2274 1575 2309 illis
1595 2286 1680 2320 pro-

220 2321 332 2355 missis
356 2326 392 2355 et
415 2323 539 2367 spebus
554 2347 565 2364 ,
597 2322 688 2355 velut
709 2324 867 2367 tegulae,
899 2321 989 2367 quod
1016 2321 1132 2362 aiunt,
1157 2320 1367 2366 interlapsu‚
1392 2321 1425 2354 in
1446 2320 1578 2355 irritum
1598 2331 1680 2354 eva-

221 2367 455 2406 nescentibus,
485 2368 664 2402 rescissum
687 2368 724 2402 id
748 2372 908 2402 revocata
932 2366 1185 2401 confirmatione
1209 2371 1244 2400 et
1267 2379 1398 2401 cassum
1422 2366 1548 2402 effectu
1571 2369 1680 2401 testa-

222 2417 366 2446 mentum
401 2412 476 2447 fuit.
523 2425 564 2446 ac
595 2414 741 2458 pecunia
774 2414 909 2460 quidem
941 2425 1082 2457 magnae
1104 2412 1182 2446 huic
1205 2413 1368 2446 ecclesiae
1390 2413 1425 2447 in
1450 2412 1539 2446 dotis
1561 2415 1679 2447 aucta-

221 2458 309 2492 rium
332 2458 498 2493 attributa
519 2462 593 2500 est,
629 2460 863 2494 monasterium
885 2470 987 2500 vero,
1023 2462 1075 2493 cui
1098 2462 1168 2493 tam
1191 2458 1324 2493 solicite
1352 2458 1553 2492 Blemmidas
1577 2468 1679 2491 cave-

223 2509 302 2545 rat,
337 2504 469 2537 Galesii
503 2505 693 2539 monasterii
716 2505 859 2539 dominio
882 2504 1111 2551 suppositum,
1146 2517 1188 2538 ex
1212 2517 1252 2539 eo
1278 2505 1427 2551 pendere
1450 2503 1550 2549 eique
1569 2503 1679 2537 inser-

224 2549 296 2582 vire
317 2549 444 2583 iussum
468 2553 529 2582 est.
576 2556 747 2584 caeterum
769 2551 933 2597 Iosephus
955 2562 1016 2596 per
1041 2551 1127 2584 hunc
1153 2550 1307 2593 modum,
1331 2550 1504 2596 aliquanto
1527 2553 1680 2594 tempore

223 2599 372 2629 moratus
393 2595 425 2628 in
451 2595 612 2637 Oriente,
642 2596 964 2642 Constantinopolim
987 2597 1142 2630 revertit.

314 2641 348 2675 3.
394 2640 472 2674 Non
495 2642 598 2674 multo
621 2647 699 2687 post
721 2642 812 2686 regis
827 2643 1049 2687 Buigarorum
1066 2641 1444 2685 Constantiniconiuge
1469 2639 1568 2673 Irene
1589 2649 1681 2673 mor-

227 2689 298 2728 tua,
321 2687 460 2722 studens
481 2686 583 2720 istum
606 2697 718 2731 regem
737 2688 922 2732 imperator
946 2687 1122 2722 devincire
1145 2687 1209 2722 sibi
1233 2686 1375 2721 firmiori
1397 2685 1510 2731 aliquo
1533 2683 1681 2726 vinculo,

228 2737 263 2765 et
286 2732 345 2765 sic
378 2731 573 2776 regionibus
599 2733 732 2777 ,Haemo
764 2733 943 2775 subiectis,
975 2733 1027 2767 uti
1063 2734 1164 2768 etiam
1190 2732 1410 2767 Macedoniae
1433 2743 1474 2765 ac
1495 2730 1680 2770 Thraciae,

226 2787 345 2821 pacem
368 2789 410 2812 ac
431 2777 579 2822 quietem
610 2790 780 2819 asserere,
811 2780 899 2822 quod
923 2790 963 2812 eo
985 2785 1067 2813 tunc
1089 2779 1198 2824 magis
1219 2780 1313 2813 factu
1335 2776 1558 2811 necessarium
1580 2782 1682 2821 puta-

226 2824 310 2865 bat,
333 2823 413 2868 quia
435 2827 488 2857 tot
510 2822 677 2858 continuis
701 2823 973 2869 expeditionibus
998 2837 1039 2858 ac
1061 2825 1158 2859 bellis
1181 2835 1302 2869 magna
1323 2823 1389 2857 iam
1413 2833 1493 2869 pars
1508 2822 1684 2856 Romanae

225 2868 366 2903 militiae
389 2869 569 2916 absumpta
590 2871 725 2912 suerat,
748 2869 856 2904 missis
875 2881 949 2903 eum
971 2870 1094 2915 legatis
1118 2871 1162 2905 ad
1183 2870 1303 2905 foedus
1319 2868 1499 2911 invitavit,
1522 2867 1686 2914 pollicens
