1846 3262
194 205 257 251 38
443 209 446 218 ¹
617 201 854 247 GEORGII
887 201 1241 247 PACHYMERIS

200 319 482 374 διανέμεσθαι.
553 317 620 360 καὶ
646 317 693 361 τὸ
719 316 900 375 φοβερὸν
921 317 1104 375 προσῆν,
1143 315 1199 367 ὥς
1220 315 1391 373 ἑτοίμως
1410 318 1477 361 καὶ
1499 317 1570 361 τὸν
1593 315 1668 361 ἅλ-

149 397 182 432 Ε
207 395 287 440 λως
306 388 331 445 ἢ
357 387 412 439 ὥς
432 387 511 431 ἔδει
534 390 732 430 ποιοῦντα
752 384 1000 439 κολάζεσθαι
1020 388 1087 430 καὶ
1107 387 1180 429 τὸν
1202 391 1491 444 κατορθοῦντα
1513 387 1670 443 εὐεργε-

197 463 374 502 τεΐσθαι.
446 454 494 499 οὗ
517 455 596 513 γὰρ
616 455 762 514 μικρὸν
780 455 827 499 τὸ
847 459 922 499 τοῦ
942 459 1183 513 μεγιστᾶνος
1203 453 1376 514 σφάλμα
1393 454 1419 511 ἢ
1437 455 1519 511 μὴν
1537 455 1669 510 ἔμπα-

200 532 262 570 λιν
295 526 344 568 τὸ
378 522 663 582 κατόρθωμα,
700 523 797 568 ἀλλ’
822 525 946 569 ἐκεῖνο
969 526 1045 581 μὲν
1068 525 1258 580 ε’κτομιόυ
1286 523 1413 567 πάθει
1437 524 1670 581 προσέοικεν

199 594 255 646 ὥς
273 599 324 653 τῇ
349 598 424 638 τοῦ
443 595 591 651 μορίου
616 593 827 652 ἀφαιρέσει
845 594 972 651 μέγαν
993 593 1157 651 ἔχοντος
1175 591 1295 650 λόγον
1315 598 1370 651 τῇ
1388 590 1507 651 φύσει
1534 591 1704 638 πάνταό

201 667 592 721 συμπαρασπᾶσθαι
613 665 679 706 καὶ
700 663 1065 720 παρατρέπεσθαι,
1102 663 1149 706 τὸ
1179 664 1224 707 δὲ
1241 661 1499 720 κατόρθωμα
1517 665 1577 721 τῷ
1597 663 1671 704 τοῦ

201 731 351 776 κύκλου
383 732 561 792 κέντρῳ,
612 730 860 788 παμπόλλην
891 730 1121 790 ἀσφάλειαν
1151 736 1202 789 τῇ
1236 733 1470 791 περιφερείᾳ
1498 730 1673 787 προσνέ-

201 819 346 857 μοντι,
382 801 413 844 εἶ
434 801 540 844 κατὰ
556 799 698 858 χώραν
719 802 842 844 έκεῖνο
860 801 982 857 μένει.
1027 802 1094 844 καὶ
1115 805 1203 852 πῶς
1223 801 1300 858 γὰρ
1322 801 1397 844 οὐκ
1417 800 1579 855 ἔμελλεν
1598 800 1675 856 τὴν

77 879 106 913 Ρ
132 880 176 914 21
204 871 334 929 ἀρχὴν
380 872 541 913 διοικεῖν
589 869 694 913 κατὰ
734 869 782 913 τὸ
824 875 1056 928 προσῆκον,
1103 868 1217 920 ὅστις
1245 869 1325 913 ὑπὸ
1354 871 1499 929 τοιῷδε
1533 871 1674 925 πατρί,

203 940 308 997 μηδ’
333 938 464 995 ὄνομα
481 940 692 994 βασιλείας
711 938 834 995 ἔχων,
875 938 930 983 ὢν
949 938 991 991 ἒξ
1011 939 1161 982 ἐκείνου
1178 940 1243 981 καὶ
1261 937 1412 994 μόνος,
1453 937 1564 993 ὅμως
1581 939 1675 995 ἇγε-
1689 950 1733 984 10

151 1014 181 1048 Β
206 1014 341 1053 λατεῖν
372 1008 572 1066 ἀσφαλῶς
603 1006 955 1066 προυδιόάσκετος
1027 1006 1153 1067 (14)
1196 1007 1241 1058 ὃς
1262 1009 1350 1050 ε’πεί
1368 1025 1465 1050 ποτε
1488 1009 1554 1050 καὶ
1571 1025 1677 1064 χρυ-

203 1082 398 1136 σοφορῶν
415 1076 517 1134 ἐξῄει
539 1079 595 1128 εἶς
615 1076 825 1134 κυνήγιον,
857 1075 1085 1135 ὑπέστρεφε
1102 1078 1176 1132 μέν
1198 1077 1345 1126 ἐκεῖνος
1364 1075 1519 1119 ἔκεῖθεν
1529 1109 1542 1129 ,
1576 1093 1677 1119 συν-

207 1145 310 1203 'tf-vra
333 1148 377 1190 δὲ
396 1146 502 1190 κατὰ
523 1146 570 1189 τὸ
590 1146 822 1204 προστυχὸν
845 1151 903 1206 τῷ
925 1147 1064 1203 πατρί.
1135 1147 1201 1188 καὶ
1220 1145 1272 1199 δὴ
1292 1142 1623 1203 προσκυνήσαντί
1640 1146 1679 1189 οἳ

206 1216 264 1273 μὴ
285 1216 446 1270 βλέπειν
477 1217 625 1266 ἐκεῖνος
643 1216 749 1271 μηδὲ
774 1216 983 1272 προσέχειν
1005 1221 1308 1271 προσεποιεῖτο,
1347 1216 1413 1257 καὶ
1436 1212 1681 1271 προσιόντος

205 1285 356 1341 ἠμέλει.
426 1283 448 1328 ὃ
481 1284 529 1340 δὴ
562 1286 629 1327 καὶ
658 1289 888 1339 συμβαῖνον
924 1284 1046 1341 ὀργῆς
1078 1284 1183 1340 πρὸς
1214 1283 1340 1327 αὐτὸν
1365 1281 1577 1338 πατρόθεν
1602 1301 1678 1340 ση-
1693 1293 1736 1329 15

157 1361 186 1394 C
210 1361 347 1410 μεῖον,
385 1351 483 1410 ὅπερ
506 1355 571 1395 καὶ
594 1353 750 1409 ἀληθὲς
766 1349 840 1410 ἦν,
877 1353 1026 1404 ἔδοξεν.
1097 1352 1198 1396 ὅθεν
1217 1350 1352 1396 ἀλύων
1373 1354 1437 1395 καὶ
1462 1351 1523 1395 ὅτι
1541 1350 1681 1410 ἁμάρ-

209 1441 273 1466 τοι
300 1419 590 1477 ὃιανοούμενος
618 1424 684 1465 καὶ
715 1424 845 1478 ζητῶν
873 1420 1080 1480 πρόσεισιν
1105 1422 1152 1465 οὐ
1181 1420 1294 1477 μάλα
1324 1419 1597 1479 θαρρούντως
1621 1425 1680 1480 τῷ

211 1493 335 1550 πατρὶ
366 1491 460 1534 κατ’
493 1492 615 1543 ῗὸιζαν.
687 1489 708 1535 ὃ
741 1491 783 1534 δ’
810 1491 908 1534 ι’δὼν
930 1490 1085 1541 εὒθέως
1108 1492 1174 1534 καὶ
1198 1488 1437 1547 ἀλαστήσας
1460 1490 1562 1547 πρὸς
1581 1491 1680 1533 ἒκεΐ-

211 1579 283 1606 νον
317 1558 404 1605 οἷον
437 1560 511 1616 τὴν
542 1565 616 1617 τῆς
643 1556 877 1618 ἀμπεχόνης
906 1560 1096 1619 ἀκαιρίαν
1118 1560 1315 1615 ὠνείδιζε,
1354 1561 1423 1603 καὶ
1459 1561 1540 1603 “τί
1556 1560 1681 1604 καλὸν

215 1672 393 1717 praeclare
428 1671 523 1716 ipsos
556 1671 591 1706 in
624 1671 668 1706 iis
701 1683 823 1717 gerere
847 1676 884 1707 et
907 1670 992 1707 alios
1015 1670 1189 1707 commode
1218 1670 1474 1716 salubriterque
1498 1681 1599 1715 posse
1621 1682 1686 1715 gu-

217 1720 364 1752 bernare
397 1718 601 1753 iudicentur.
647 1718 760 1752 inerat
790 1719 864 1753 eius
896 1718 1046 1752 moribus
1069 1723 1105 1752 et
1126 1716 1313 1751 terrificum
1347 1718 1451 1762 quid,
1485 1717 1584 1751 vultu
1609 1728 1686 1751 ser-

217 1776 382 1810 moneque
404 1763 657 1799 declarantibus
692 1764 779 1799 haud
814 1765 951 1810 impune
974 1765 1106 1798 laturos
1129 1763 1189 1808 qui
1214 1763 1314 1797 aliter
1337 1774 1378 1796 ac
1402 1768 1577 1809 oporteret
1602 1775 1687 1807 age-

220 1815 319 1851 rent,
355 1810 406 1844 uti
432 1815 468 1844 et
491 1822 511 1844 e
535 1810 728 1853 contrario,
758 1811 817 1856 qui
844 1815 945 1856 prout
969 1821 1032 1855 par
1055 1814 1131 1844 erat
1153 1809 1268 1844 officio
1292 1810 1532 1853 fungerentur,
1559 1821 1689 1855 nequa-

220 1868 319 1901 quam
344 1857 501 1890 mercede
525 1857 709 1891 carituros.
757 1857 907 1902 ingentis
931 1857 1018 1891 enim
1041 1855 1206 1890 utramvis
1228 1855 1262 1889 in
1288 1862 1421 1900 partem
1459 1855 1593 1890 omnino
1618 1867 1688 1890 mo-

223 1903 326 1937 menti
351 1908 404 1936 est
428 1902 572 1936 hominis
593 1903 628 1937 in
653 1903 792 1938 civitate
817 1903 968 1950 primarii
1001 1908 1096 1936 recte
1119 1906 1179 1936 aut
1202 1912 1301 1936 secus
1325 1902 1473 1944 factum,
1507 1913 1616 1947 prava
1639 1901 1689 1935 si·-

223 1949 359 1994 quidem
391 1948 464 1983 vita
497 1953 533 1983 et
566 1949 653 1984 mala
676 1949 836 1986 facinora
852 1949 1012 1983 nobilium
1035 1959 1100 1994 par
1122 1947 1244 1982 vitium
1269 1947 1479 1992 reipublicae
1500 1947 1689 1991 important

223 2007 265 2029 ac
296 1995 445 2029 virilium
474 1996 607 2029 exectio
639 1997 782 2030 humano
816 1995 975 2041 corpori,
1010 1996 1102 2039 quod
1137 1994 1219 2028 inde
1254 1994 1448 2028 universum
1484 1994 1687 2028 debilitatur

226 2052 424 2086 enerveque
455 2041 495 2075 fit
527 2053 569 2076 ac
599 2041 790 2078 flaccidum.
837 2048 956 2077 contra
979 2040 1088 2075 virtus
1113 2046 1150 2075 et
1172 2039 1263 2074 actio
1286 2041 1469 2074 laudabilis
1499 2039 1691 2086 principum

227 2088 378 2122 virorum
402 2087 520 2122 similis
543 2093 598 2122 est
620 2093 738 2122 centro
763 2088 900 2130 circuli,
933 2100 1000 2132 quo
1025 2091 1122 2121 recte
1146 2091 1326 2121 constante
1350 2098 1390 2120 ac
1412 2086 1514 2120 situm
1538 2086 1693 2120 immobi-

227 2134 309 2167 liter
341 2134 517 2168 obtinente
552 2134 723 2180 proprium
756 2140 866 2169 status
894 2134 989 2174 xorbis
1013 2145 1054 2168 ac
1078 2132 1376 2167 circumferentiae
1407 2132 1513 2166 totius
1535 2132 1627 2166 fixus
1650 2143 1693 2166 ac

186 2186 189 2196 ¹
228 2181 344 2214 firmus
377 2186 563 2226 permanet.
609 2181 781 2215 enimvero
814 2180 933 2226 quidni
963 2180 1097 2226 sperari
1128 2178 1247 2213 debuit
1278 2183 1374 2213 tanta
1397 2178 1612 2213 consiliorum
1637 2189 1694 2212 sa-

233 2226 363 2271 pientia
395 2238 533 2260 usurum
567 2227 812 2272 moderateque
834 2239 876 2262 ac
898 2226 1032 2262 utiliter
1062 2226 1299 2271 praefuturum
1323 2225 1426 2259 rebus
1449 2225 1538 2258 illum
1565 2223 1695 2270 princi·

232 2283 329 2316 pem,
365 2273 425 2317 qni
459 2272 682 2308 rudimentum
706 2272 895 2319 imperandi
919 2274 981 2308 sub
1003 2271 1066 2306 tali
1089 2276 1256 2316 tantoque
1279 2271 1362 2305 iusti
1386 2269 1562 2316 regiminis
1586 2269 1696 2315 magi-

233 2323 327 2360 stro,
351 2324 449 2363 patre
472 2319 622 2364 optimo,
647 2319 820 2365 posuerit,
850 2331 871 2354 a
893 2331 960 2365 quo
984 2318 1107 2353 unicus
1126 2318 1208 2352 licet.
1231 2322 1267 2352 et
1290 2317 1428 2351 adultus
1451 2317 1542 2350 filius
1563 2316 1598 2350 in
1622 2316 1698 2362 pri-

236 2368 338 2398 vatae
361 2365 463 2399 sortis
487 2366 680 2400 humilitate
703 2366 861 2407 relictus,
885 2365 1108 2410 exclususque
1132 2363 1304 2398 consortio
1329 2375 1370 2398 ac
1393 2363 1526 2398 nomine
1548 2361 1694 2408 imperii,

235 2415 398 2445 accurate
433 2411 612 2452 otioseque
643 2412 936 2457 praeexercitatus
978 2416 1032 2445 est
1060 2411 1097 2445 in
1131 2410 1286 2444 omnibus
1318 2409 1567 2444 meditamentis
1609 2408 1695 2443 artis

236 2457 368 2502 spissae
398 2469 439 2491 ac
473 2458 672 2502 multiplicis
703 2459 852 2493 homines
883 2456 1038 2502 regendi.
1084 2455 1179 2501 (14)
1213 2456 1292 2490 huic
1323 2456 1506 2502 aliquando
1538 2459 1697 2488 venatum

238 2514 376 2547 egresso
409 2515 484 2537 cum
517 2508 614 2538 veste
637 2516 721 2538 auro
744 2510 860 2546 texta,
891 2504 1039 2548 indeque
1063 2503 1193 2538 domum
1216 2502 1398 2544 redeunti,
1433 2500 1581 2536 occurrit
1603 2500 1698 2534 forte

239 2554 350 2594 pater,
374 2554 411 2584 et
433 2561 509 2583 eum
532 2562 570 2583 se
593 2551 828 2585 demississime
850 2555 1069 2585 venerantem
1094 2562 1158 2584 nec
1180 2553 1324 2595 aspectu
1349 2545 1507 2593 di'gnatus
1529 2546 1626 2581 velut
1643 2546 1698 2580 in-

238 2597 456 2630 observatum
492 2596 693 2641 praeteriit,
726 2609 874 2642 moxque
903 2598 947 2631 ab
980 2596 1128 2630 adeunte
1150 2594 1369 2640 contemptim
1393 2606 1431 2629 se
1455 2593 1592 2628 avertit.
1638 2603 1700 2626 ra-

240 2642 317 2686 puit
340 2641 375 2676 id
398 2643 520 2686 frigus,
546 2654 609 2677 nec
633 2643 719 2678 male
741 2643 981 2683 ratiocinatus,
1006 2642 1154 2688 prudens
1178 2642 1268 2676 filius
1291 2641 1326 2675 in
1349 2645 1582 2685 argumentum
1605 2636 1700 2672 haud

241 2688 378 2722 dubium
411 2694 574 2733 paternae
605 2688 640 2723 in
673 2700 712 2723 se
745 2690 830 2724 irae.
878 2689 969 2723 unde
1001 2692 1181 2733 postquam
1215 2691 1408 2722 aestuasset
1442 2684 1638 2731 aliquandiu
1663 2688 1702 2718 et

240 2745 362 2768 severe
394 2746 506 2769 secum
538 2735 714 2778 inquirens
754 2746 892 2771 causam
935 2733 1134 2768 offensionis
1165 2735 1295 2768 frustra
1327 2733 1370 2773 inx
1393 2743 1457 2766 sua
1489 2729 1703 2766 conscientia

242 2781 469 2823 quaesiisset,
501 2780 661 2827 privatim
697 2786 827 2826 patrem
860 2780 1023 2816 convenit
1054 2791 1136 2815 sane
1171 2780 1326 2815 solicitus
1350 2790 1414 2812 nec
1445 2781 1536 2812 metu
1559 2786 1702 2810 vacuus.

242 2837 340 2869 quem
361 2827 422 2862 ille
444 2827 559 2862 statim
580 2828 623 2862 iis
646 2828 779 2862 intuens
799 2827 907 2863 oculis
930 2826 988 2872 qui
1009 2827 1185 2872 quamdam
1200 2824 1464 2870 indignationem
1482 2835 1565 2868 prae
1580 2834 1618 2857 se
1633 2822 1704 2855 fer-

242 2876 339 2915 rent,
373 2873 598 2919 exprobravit
627 2874 676 2909 illi
709 2874 819 2909 cultus
841 2874 942 2908 istius
965 2885 1007 2908 ac
1029 2871 1179 2907 vestitus
1202 2871 1416 2906 insolentiam
1438 2870 1500 2904 tali
1523 2867 1703 2909 occasione
