1846 3262
210 204 270 252 14
629 203 872 249 GEORGII
899 204 1250 250 PACHYMERIS

205 326 360 378 πολλῆς
388 323 511 365 εἰπεῖν
543 316 725 374 μάλιστα
754 316 927 375 δεόμενα
959 320 1157 377 ἀσχολίας
1169 354 1183 374 ,
1213 322 1280 364 καὶ
1300 325 1358 380 τῷ
1374 324 1459 378 μηδ
1468 321 1478 339 ⁸
1500 320 1608 378 ἡμᾶς
1631 325 1672 374 ἐς

207 392 396 450 τάκριβὲς
425 388 571 433 εἰδέναι
599 389 643 431 τί
659 390 726 432 καὶ
752 389 822 447 ἐφ’
858 391 963 441 οἳάις
980 397 1071 441 ταῖς
1092 390 1242 440 αἰτίαις
1263 390 1471 442 ξυνέπεσεν
1505 391 1671 444 ἕκαστα,

159 466 191 500 D
216 462 349 510 ἄλλως
376 476 418 502 τε
447 456 512 501 ὅτι
540 459 608 500 καὶ
633 457 773 509 ἄλλοις
795 459 917 503 εἲπεΐν
943 461 1099 516 ἐπῆλθε
1119 461 1207 516 περὶ
1229 459 1411 514 ἐκείνων,
1450 459 1497 503 οὗ
1517 465 1672 521 πεπλα-

208 530 406 587 νημένους
418 560 431 581 ,
468 525 582 582 οἶμαι
592 560 606 581 ,
637 529 705 570 καὶ
725 525 829 571 ὥστε
846 529 920 583 μὲν
943 533 1052 587 σφᾶς
1070 527 1232 580 ἑαυτοῖς
1250 528 1450 586 ἀσφαλῶς
1472 527 1673 573 πιστεύειν

212 596 443 650 ἐπεξιόντας
468 596 576 639 καθ’
611 595 807 650 ἕκαστον,
855 597 952 640 ἀλλ’
991 597 1173 656 ἀκριβῶς
1201 600 1269 641 καὶ
1294 596 1350 648 ὥς
1376 596 1537 649 εῗδότας
1558 600 1601 650 ἐξ
1618 592 1706 645 «inre,
1749 596 1756 603 ”

212 671 277 712 ἐπὶ
295 671 377 711 τῶν
397 661 650 722 πραγμάτων
667 661 773 721 ’ἦσαν
793 667 862 709 καὶ
891 671 1090 723 περιῆσαν
1111 667 1169 711 ἔτι
1188 669 1244 718 εἲς
1268 668 1385 718 τέλος
1404 667 1677 724 πραχθέντων

213 740 280 782 καὶ
311 736 359 780 τὸ
391 739 466 779 τοῦ
503 732 656 792 χρόνου
686 732 911 791 μηχάνημα
944 735 1156 793 ἄπρακτον
1175 732 1248 792 ἦν,
1279 735 1366 790 ἅμα
1387 736 1678 794 πραττομένων

214 808 282 851 καὶ
312 803 400 860 ἅμα
429 808 568 862 γραφῇ
598 804 848 859 δεδομένων,
891 804 1216 861 ἀντιμαχομένου
1246 807 1313 848 καὶ
1336 805 1680 856 ἀντισκοποῦντος

215 866 304 919 οἷον
333 877 408 917 τοῦ
441 871 595 930 Ἑρμοῦ
625 877 677 930 τῇ
703 875 868 929 Λητοῖ,
907 872 933 930 ἢ
965 876 1034 917 καὶ
1055 879 1213 929 μᾶλλον
1237 875 1312 930 τὴν
1333 874 1483 931 ἐκείνης
1501 873 1680 933 πρόοδον

164 953 197 988 Ε
222 941 539 992 ἀνακόπτοντος.
609 941 736 985 ταῦτ’
771 941 854 999 ἷίρα
882 944 949 985 καὶ
976 943 1029 987 τὰ
1060 943 1156 987 κατ’
1190 945 1314 987 ἐκεῖνο
1349 942 1570 999 συμβάντα
1606 947 1680 987 τοῦ
1693 954 1736 990 10

213 1011 365 1072 χρόνον
393 1011 532 1055 ἐατέον
564 1008 662 1065 ἡμῖν
699 1009 755 1062 ὥς
784 1010 858 1054 οὐκ
892 1012 1048 1056 ἀνυστά
1075 1014 1141 1056 καὶ
1172 1012 1306 1063 ἄλλως
1323 1017 1399 1056 τοῦ
1418 1012 1681 1071 προκειμένου

217 1085 373 1127 σκοποῦ
396 1077 606 1137 ἐξαγώνια.
673 1077 718 1123 ἓν
746 1081 873 1123 δὲκαὶ
893 1078 1020 1136 μόνον
1051 1081 1151 1132 τέως
1167 1081 1325 1124 λεκτέον
1351 1082 1458 1136 ἐστι’,
1489 1084 1558 1125 καὶ
1582 1082 1684 1132 ἴσως

220 1151 268 1196 οὗ
302 1147 516 1208 περιττόν,
561 1147 623 1191 ὅτι
655 1150 723 1191 καὶ
749 1146 877 1204 μόνον
904 1147 1028 1194 ἐκεῖνό
1053 1168 1158 1201 τινες
1177 1152 1386 1193 αἰτιῶνται
1409 1152 1572 1206 καὶτῆς
1592 1148 1685 1194 τότε

218 1224 303 1264 τῶν
337 1215 592 1277 πραγμάτων
627 1217 855 1276 ἀσφαλείας
884 1221 951 1261 καὶ
979 1217 1270 1270 καταστάσεως
1301 1221 1368 1262 καὶ
1397 1223 1472 1274 τῆς
1485 1224 1558 1263 νῦν
1582 1219 1685 1263 ἀνα-

125 1299 154 1333 Ρ
178 1300 200 1335 6
222 1293 380 1348 τροπῆς
398 1289 466 1331 καὶ
483 1283 740 1343 συγχύσεως,
774 1287 881 1342 πλὴν
904 1288 950 1331 οὗ
971 1288 1076 1331 κατὰ
1100 1288 1254 1332 ταύτὸν
1276 1286 1407 1339 οὕτως
1425 1287 1516 1344 ἕχον
1530 1321 1543 1342 ,
1579 1287 1684 1331 ἀλλὰ
1697 1295 1739 1332 15

218 1358 354 1416 παρὸν
383 1358 456 1413 μὲν
479 1357 546 1399 καὶ
564 1353 620 1405 ὥς
653 1356 775 1412 ἐχρῆν
799 1354 1042 1412 τελούμενον
1066 1357 1315 1415 ἀσφαλείας,
1353 1357 1457 1402 ἀπὸν
1478 1358 1523 1401 δὲ
1543 1358 1611 1401 καὶ
1631 1355 1688 1408 ὥς

219 1426 296 1472 οὗκ
316 1428 437 1483 ἐχρῆν
458 1420 751 1481 παρορώμενον
770 1428 844 1480 τῆς
862 1424 1076 1483 παρούσης
1095 1424 1339 1482 συγχύσεως.

168 1505 198 1540 Β
363 1497 409 1541 3.
472 1493 639 1536 Ἐκεῖνοι
668 1493 804 1536 τοίνυν
835 1495 950 1538 δυοῖν
978 1495 1104 1549 μέσον
1136 1497 1304 1552 ἐχθροῖν
1337 1493 1686 1550 ἐναπειλημμένοι,
1716 1515 1720 1517 ’

220 1567 264 1617 ἐξ
285 1565 336 1608 ἕω
354 1564 428 1620 μὲν
446 1565 623 1619 Περσῶν
642 1563 684 1604 ἐκ
707 1558 862 1613 δύσεως
881 1563 925 1606 δ’
944 1563 1114 1607 Ἰταλῶν
1133 1564 1180 1607 οὖ
1199 1562 1328 1618 μόνον
1345 1564 1393 1607 τὸ
1409 1563 1513 1621 πρὸς
1530 1568 1582 1621 τῇ
1602 1567 1690 1606 θα·-

219 1632 356 1692 λάσσῃ
391 1631 497 1676 ἀλλὰ
531 1631 600 1673 καὶ
626 1630 675 1675 τὸ
699 1627 912 1676 ἀνώτατον
940 1630 1254 1688 κατασχόντων,
1280 1634 1359 1676 καὶ
1388 1634 1444 1683 εἲς
1461 1632 1602 1677 στενὸν
1617 1640 1746 1676 aco-20

313 1754 348 1792 4.
370 1752 461 1801 μὲν]
484 1751 607 1801 μηδὲὶ)

222 1853 263 1883 ut
286 1846 369 1890 dixi,
392 1847 490 1882 nobis
515 1846 736 1893 perdifficilia
757 1849 919 1891 narratu,
945 1851 1016 1883 tum
1040 1846 1123 1892 quia
1145 1858 1259 1882 rerum
1282 1846 1372 1882 illius
1395 1846 1561 1892 temporis
1584 1845 1695 1881 haud-

224 1905 396 1941 quaquam
420 1898 545 1928 exacta
569 1900 731 1940 certaque
755 1894 798 1929 ad
822 1905 883 1929 nos
907 1898 961 1928 est
984 1893 1142 1928 memoria
1166 1895 1321 1940 perlata,
1356 1893 1569 1928 consiliorum
1592 1904 1694 1938 prae-

227 1941 347 1976 sertim
371 1952 411 1974 ac
444 1951 642 1982 causarum,
675 1951 718 1975 ex
741 1940 866 1986 quibus
897 1940 1047 1985 quidque
1070 1945 1152 1974 tunc
1176 1944 1350 1985 gestorum
1373 1939 1519 1984 contigit
1541 1938 1694 1984 suscipi3

231 1992 302 2021 tum
326 1986 416 2031 quod
439 1985 532 2021 istud
567 1990 802 2032 argumentum
834 1989 1123 2032 praeoccupatum
1153 1987 1196 2020 ab
1219 1986 1295 2021 aliis
1316 1985 1383 2021 iam
1408 1990 1481 2027 est,
1505 1997 1571 2020 nou
1594 1985 1695 2028 mala,

232 2038 274 2067 ut
297 2032 454 2078 equidem
478 2032 627 2067 arbitror
641 2058 651 2075 ‚
675 2033 745 2067 fide
766 2029 803 2067 in
827 2044 868 2067 eo
892 2033 1060 2077 versatis,
1092 2032 1154 2066 sed
1178 2044 1221 2067 ex
1244 2031 1418 2077 praesenti
1441 2031 1568 2066 notitia
1590 2042 1695 2066 even-

232 2084 288 2114 tus
319 2079 357 2112 in
387 2078 537 2125 ipsorum
566 2078 674 2113 oculis
706 2083 778 2114 tum
804 2079 991 2113 viventium
1022 2083 1181 2125 patratos
1203 2078 1298 2113 fideli
1322 2078 1515 2124 prosecutis
1537 2077 1696 2119 historia,
1761 2111 1763 2114 .

233 2136 323 2171 quae
345 2135 425 2167 res,
458 2129 561 2170 prout
585 2126 816 2170 gerebantur,
848 2137 892 2160 ex
923 2125 1002 2160 visu
1034 2129 1070 2160 et
1102 2124 1315 2171 experientia
1350 2124 1463 2159 statim
1493 2124 1529 2158 in
1561 2123 1696 2158 litteras

233 2171 413 2211 mitteret,
436 2171 487 2205 sic
510 2171 777 2206 machinationes
801 2171 941 2206 eludens
965 2171 1139 2217 temporis,
1164 2170 1318 2205 conantis
1341 2181 1474 2216 semper
1496 2170 1698 2205 obumbrare

233 2216 435 2258 veritatem,
470 2220 507 2252 et
539 2228 675 2253 suorum
703 2217 850 2252 flexibus
881 2218 1035 2264 lapsuum
1065 2218 1274 2260 involutam,
1302 2216 1402 2263 quasi
1425 2228 1469 2251 ne
1491 2221 1611 2258 extet,
1635 2215 1698 2249 ob-

233 2274 357 2305 ruere,
389 2263 574 2298 commissis
609 2263 756 2299 invicem
789 2263 952 2298 videlicet
985 2275 1025 2298 ac
1055 2264 1166 2298 iacula
1189 2267 1310 2299 contra
1332 2263 1459 2298 infesta
1482 2261 1700 2304 minantibus,

235 2313 276 2344 ut
301 2309 431 2343 Graeci
454 2309 570 2352 aiunt,
592 2310 765 2345 Mercurio
789 2313 825 2344 et
848 2310 999 2352 Latona,
1022 2314 1084 2345 aut
1106 2310 1164 2345 illo
1188 2309 1302 2356 potius
1323 2309 1424 2344 huius
1445 2313 1539 2344 artes
1562 2320 1603 2343 ac
1628 2308 1698 2343 vim

235 2361 501 2410 praevertente‚
535 2367 577 2391 ac
605 2356 703 2402 quasi
735 2355 921 2391 machinam
950 2361 1140 2403 rumpente.
1188 2367 1297 2402 quare
1328 2359 1406 2390 acta
1442 2355 1515 2390 eius
1536 2353 1700 2400 temporis

235 2401 367 2436 mdicta
402 2401 640 2448 intentataque
673 2402 771 2437 nobis
804 2402 1060 2448 relinquantur,
1101 2402 1223 2448 utique
1253 2402 1297 2437 ad
1337 2413 1408 2437 rem
1442 2412 1544 2448 quam
1567 2400 1700 2446 agimus

237 2459 305 2483 non
333 2447 557 2493 pertinentia.
603 2460 703 2483 unum
736 2459 778 2483 ex
814 2448 873 2483 illa
905 2453 1038 2484 tantum
1070 2448 1260 2495 praeterita
1282 2447 1442 2483 memoria
1465 2446 1701 2482 resumendum

236 2493 295 2528 hic
327 2493 425 2528 nobis
458 2506 527 2529 non
555 2494 747 2537 inutiliter,
778 2494 812 2529 ni
845 2494 966 2537 fallor,
1002 2501 1076 2539 est,
1097 2499 1283 2541 propterea
1310 2494 1402 2541 quod
1426 2493 1512 2528 illud
1536 2493 1608 2528 tale
1634 2498 1701 2534 est,

237 2540 294 2575 cui
316 2540 381 2574 soli
412 2540 547 2586 quidam
574 2541 831 2576 adscribendam
865 2545 987 2587 putant
1018 2546 1053 2577 et
1088 2542 1307 2576 securitatem
1348 2539 1702 2585 tranquillitatemque

239 2598 331 2632 quae
354 2589 435 2621 tunc
457 2587 527 2621 fuit
549 2598 682 2630 rerum,
715 2591 751 2622 et
783 2588 1034 2632 perversionem
1070 2599 1112 2623 ac
1147 2587 1379 2622 confusionem
1403 2597 1492 2632 quae
1514 2597 1603 2620 nunc
1626 2596 1703 2620 cer-

238 2632 350 2674 nitur,
382 2640 586 2674 unalcaus'a
622 2633 811 2668 contrarios
840 2633 984 2669 effectus
1019 2645 1085 2669 non
1116 2634 1233 2668 eodem
1257 2638 1350 2668 statu
1384 2644 1426 2667 ac
1447 2631 1547 2666 modo
1574 2631 1703 2678 produ-

239 2683 358 2721 cente,
388 2679 449 2713 sed
472 2679 757 2724 tranquillitatem
781 2679 917 2725 quidem
946 2684 1113 2726 operante
1144 2680 1258 2726 quoad
1283 2684 1423 2726 praesto
1446 2677 1514 2713 fuit
1541 2682 1577 2712 et
1601 2689 1703 2724 prae-

240 2735 321 2759 sens
344 2724 499 2760 adhibita
520 2730 586 2769 est,
610 2729 790 2772 postquam
813 2737 898 2760 vero
922 2726 1034 2773 (quod
1057 2726 1190 2762 minime
1214 2726 1382 2772 oportuit)
1406 2725 1562 2770 neglecta
1586 2724 1703 2759 eadem

241 2770 434 2817 omissaque
457 2774 530 2814 eet,
554 2771 845 2818 perturbationem
868 2772 1053 2808 inducente
1075 2785 1145 2820 qua
1168 2784 1257 2808 nunc
1279 2773 1467 2807 laboratur.

333 2818 368 2852 3.
415 2817 470 2852 Illi
494 2829 577 2863 ergo
602 2817 731 2863 duplici
753 2817 915 2864 utrinque
939 2819 1071 2854 obsessi
1094 2831 1224 2865 genere
1248 2818 1406 2861 hostium,
1427 2817 1546 2852 Persis
1569 2815 1705 2863 quidem

242 2862 287 2897 ab
312 2862 477 2907 Oriente,
510 2865 553 2900 ab
585 2864 723 2900 Occasu
751 2863 867 2909 Italis,
897 2877 965 2901 non
988 2877 1081 2902 oram
1104 2866 1202 2902 modo
1227 2865 1427 2902 maritimam
1458 2863 1520 2900 sed
1542 2867 1579 2900 et
1601 2872 1705 2910 supe-
