1884 3262
447 193 523 236 DE
555 191 837 237 MICHAELE
864 192 1239 239 PALAEOLOGO
1273 195 1320 238 L.
1350 194 1426 239 VI.
1564 194 1665 241 505

208 305 388 362 δένδρων
405 306 476 349 τὸν
494 304 623 351 τόπον
641 306 699 358 ὥς
714 310 801 363 μηδ
806 307 820 324 ²
843 307 938 366 ὅφιν
958 306 1044 353 οἶόν
1064 307 1110 352 τ’
1139 305 1239 351 εἶναι
1255 307 1401 363 σχεδὸν
1415 306 1663 365 διέρχεσθαι.
1687 314 1721 349 Ε

206 379 340 419 ταῦτα
365 374 470 432 πρὸς
488 375 535 418 τὸ
559 376 691 434 παρὸν
710 374 902 428 ἐπιτάξας
917 395 960 421 τε
978 379 1044 420 καὶ
1067 375 1376 427 κατασκευιίσας
1395 381 1455 436 τῷ
1474 378 1672 432 ἐπιμεῖναι

207 441 619 500 ταλαιπωρούμενος,
666 444 782 496 τέλος
813 444 1067 502 σιταρκήσας
1094 452 1181 495 τοῖς
1212 446 1254 488 ἐν
1282 453 1369 496 τοῖς
1397 447 1668 503 φρουρίοιςτό

210 510 374 566 ἱκανόν,
410 513 523 568 παρὰ
554 513 627 557 τὸν
653 514 841 568 ποταμὸν
863 515 982 570 μέχρι
1010 516 1078 557 καὶ
1109 518 1193 557 τῶν
1220 518 1295 568 τῆς
1316 513 1514 570 Προῦσης
1531 519 1670 572 μερῶν

174 591 197 627 5
210 578 421 636 ἀνάγεται,
458 581 511 623 τὰ
530 587 604 637 τῆς
625 582 762 626 αὐτῶν
783 583 1054 637 ἐπισκέψεως,
1090 580 1196 625 ὥστε
1226 583 1294 625 καὶ
1314 587 1399 626 τῶν
1418 583 1583 641 ἐχθρῶν
1603 600 1671 627 τε-

207 649 310 699 λέως
328 650 600 705 ἐκδιωχθῆναι
611 684 624 704 ,
656 654 712 701 εἲς
731 651 873 708 καιρὸν
891 651 1061 694 εὔθετον
1080 650 1345 704 ἀναθέμενος.

348 719 426 764 30.
495 718 662 775 Ξυνέβη
684 720 729 762 δέ
747 718 838 763 τότ’
861 720 941 763 ἀντὶ
960 724 1162 776 Προῦσαν
1182 717 1362 775 διάγοντι
1391 720 1459 761 καὶ
1490 719 1544 762 τὰ
1562 719 1668 763 κατὰ
1691 729 1723 764 P
1747 729 1815 765 344

207 785 281 829 τόν
323 784 464 829 πάπαν
497 792 650 841 μαθεῖν
661 821 674 840 ,
720 787 766 838 ὃς
793 788 844 843 δὴ
875 790 942 832 καὶ
976 792 1194 845 Maptfvog
1230 787 1334 842 μετὰ
1364 785 1572 831 Νικόλαον
1603 784 1687 844 ἦκ’

208 854 314 910 πρὸς
339 855 417 911 γὰρ
447 855 573 899 αὐτὸν
599 856 760 913 ἔφθασε
791 857 954 912 πέμψαι
981 855 1052 900 τόν
1082 874 1125 899 τε
1145 854 1386 912 Ἡρακλείας
1413 856 1584 900 Λέοντα
1602 858 1671 900 καὶ

154 931 200 966 10
210 922 281 966 τὸν
298 924 477 973 Νικαίας
501 923 734 981 Θεοφάνην.
803 926 849 968 οἳ
862 926 914 981 δὴ
937 928 1004 968 καὶ
1030 923 1264 975 ἐπιστάντες
1292 924 1341 968 οὗ
1362 924 1462 967 κατ’
1484 926 1666 979 ἐλπίδας,

211 989 262 1041 ἃς
283 990 389 1046 εἶχον
413 991 775 1047 ἀποστελλόμενοι,
813 994 921 1051 παρ’
947 995 1106 1036 ἐκείνων
1126 993 1326 1048 ἐδέχοντο,
1366 992 1471 1035 ἀλλὰ
1489 993 1668 1037 τούναν-

208 1060 296 1102 τίον
312 1059 437 1108 ἅπαν.
506 1061 561 1103 τὰ
589 1061 672 1118 γὰρ
701 1060 809 1104 καθ’
843 1060 950 1117 ἡμᾶς
978 1060 1034 1112 ὡς
1061 1060 1168 1116 εἶχον
1198 1060 1433 1116 μαθόντες,
1470 1064 1538 1104 καὶ
1568 1061 1667 1119 ὅπερ

210 1122 260 1182 ἦν
280 1125 640 1183 ὖποτοπάσαντες,
674 1127 824 1185 χλεύην
851 1131 900 1174 τὸ
931 1130 1091 1187 γεγονὸς
1120 1131 1188 1173 καὶ
1217 1130 1293 1173 οὔκ
1323 1127 1523 1185 ἀλήθειαν
1551 1130 1663 1173 ἄντι·
1684 1146 1716 1180 Β

209 1211 310 1252 κρυς
342 1197 476 1255 (παρὰ
498 1195 624 1252 μόνον
653 1198 733 1256 γὰρ
766 1199 939 1253 βασιλέα
971 1202 1038 1242 καὶ
1062 1196 1320 1255 πατριάρχην
1345 1200 1418 1242 καί
1441 1215 1555 1249 τινας
1586 1204 1670 1243 τῶν

154 1273 199 1309 15
209 1266 298 1321 περὶ
322 1265 474 1316 αῧτούς
491 1264 641 1316 πάντες
659 1268 946 1322 ἐδυσμέναινον
964 1273 1014 1325 τῇ
1041 1266 1179 1325 εῗρήνῃ
1191 1300 1205 1320 ,
1242 1269 1310 1310 καὶ
1337 1271 1496 1321 μᾶλλον
1518 1266 1580 1310 ὅτι
1603 1269 1671 1310 καὶ

208 1339 367 1384 ποιναῖς
391 1332 628 1385 ἀλλοκότοις
664 1335 814 1391 ἤθελεν
841 1336 1142 1394 ἀσφαλίζεσθαι
1180 1333 1335 1391 ταύτην
1368 1333 1390 1378 ὃ
1430 1334 1668 1393 βασιλεύς),

208 1401 384 1452 ἐκείνους
401 1403 476 1457 μὲν
498 1405 541 1446 ἐν
559 1403 720 1458 ἀτίμοις
743 1403 871 1459 εἶχον,
909 1407 977 1448 καὶ
1002 1404 1077 1460 τὴν
1115 1404 1172 1454 εἷς
1195 1403 1269 1447 τὸν
1294 1401 1435 1447 πᾶπαν
1464 1403 1672 1460 πρόσοδον

211 1468 292 1523 ὄψέ
311 1473 379 1512 καὶ
398 1469 516 1525 μόλις
532 1479 740 1528 παρεῖχον,
774 1473 889 1523 τέλος
907 1474 952 1516 δὲ
969 1472 1142 1528 βασιλέα
1159 1473 1234 1526 μὲν
1251 1474 1319 1515 καὶ
1341 1472 1439 1522 τοὺς
1457 1471 1569 1529 ἄμφ’
1591 1472 1671 1516 αὗ-

209 1537 283 1581 τόν
308 1536 365 1588 ὦς
386 1540 616 1594 χλευαστᾶς
635 1542 844 1596 ἐπιτιμίοις
863 1544 931 1584 καὶ
959 1542 1016 1597 μὴ
1040 1541 1254 1597 ἀληθείαις
1276 1545 1542 1596 στοιχοῦντας
1562 1541 1673 1598 ἀφο-

154 1617 200 1652 20
212 1613 372 1662 ρισμοῖς
389 1608 683 1663 καθυπέβαλον
692 1643 707 1664 ,
743 1609 840 1661 τοὶ-ς
858 1611 903 1653 δὲ
918 1611 1106 1666 πρέσβεις
1129 1609 1302 1666 μηδενὸς
1322 1607 1567 1660 ἀξιώσαντες
1585 1613 1667 1653 τῶν
1690 1623 1723 1658 c

210 1672 375 1719 εἰκότων
402 1675 654 1733 ἀπέπεμπον.
719 1682 852 1722 ταῦτα
880 1679 1001 1736 γνοὺς
1028 1678 1222 1734 βασιλεῦς
1249 1678 1364 1736 παρὰ
1394 1682 1469 1721 τοῦ
1488 1679 1666 1729 Νικαίας

207 1805 333 1848 ramis,
354 1806 522 1843 densitate
542 1811 642 1845 tanta
663 1812 703 1844 ut
723 1821 769 1845 ne
790 1809 892 1855 angui
911 1810 1044 1856 quidem
1067 1811 1143 1846 fere
1154 1810 1322 1856 quaedam
1344 1809 1430 1844 haee
1449 1809 1544 1843 velut
1565 1820 1666 1854 sepes

209 1852 394 1896 praeberet
415 1855 605 1890 transitum.
649 1856 700 1890 his
724 1856 760 1890 in
782 1868 942 1902 praesens
974 1857 1139 1892 ordinatis
1161 1862 1197 1891 et
1223 1856 1389 1901 provisis,
1418 1865 1493 1889 cum
1524 1855 1667 1890 ulterio-

208 1908 281 1932 rem
302 1897 380 1933 istic
400 1910 528 1935 moram
549 1901 756 1936 incommoda
777 1903 1011 1947 gravescentia
1032 1915 1099 1937 non
1120 1903 1373 1947 permitterent,
1402 1901 1537 1935 tandem
1560 1912 1666 1936 anno-

209 1953 257 1977 na
277 1943 310 1977 in
334 1956 432 1979 arces
455 1950 582 1991 quanta
604 1959 689 1992 opus
715 1955 790 1982 erat
815 1949 932 1990 illata,
966 1949 1082 1994 legens
1112 1948 1258 1983 fluminis
1279 1948 1387 1992 ripam
1406 1947 1538 1981 Prusae
1558 1946 1666 1993 parti·-

209 1989 274 2024 bus
296 2001 334 2023 se
357 1991 536 2034 admovet,
569 1993 775 2037 diligentiori
794 1994 1002 2039 inspectione
1023 1995 1171 2030 locorum
1194 1995 1402 2035 eorumdem,
1433 1993 1486 2027 uti
1507 1997 1544 2028 et
1564 1993 1666 2038 plena

210 2035 407 2080 expulsione
427 2037 506 2071 inde
528 2039 689 2081 hostium,
711 2039 747 2074 in
768 2043 902 2084 tempus
924 2046 1149 2085 opportunum
1171 2039 1297 2074 dilatis.

299 2081 356 2115 30.
404 2083 560 2128 Contigit
579 2091 691 2119 autem
712 2091 796 2120 tunc
818 2086 908 2131 apud
929 2087 1071 2120 Prusam
1091 2085 1287 2131 imperatori
1310 2082 1528 2118 commoranti
1543 2081 1664 2117 afferri

209 2126 360 2160 nuntium
393 2128 436 2162 de
467 2135 562 2164 statu
597 2142 710 2165 rerum
738 2143 875 2166 suarum
905 2132 996 2177 apud
1026 2144 1159 2178 papam.
1205 2130 1375 2165 Martinus
1405 2129 1462 2162 hic
1485 2134 1578 2169 erat,
1603 2127 1663 2173 qui

207 2169 352 2206 Nicolao
375 2179 598 2210 successerat.
643 2177 687 2210 ad
717 2177 806 2211 hunc
838 2182 1068 2212 maturaverat
1088 2177 1221 2212 mittere
1251 2174 1510 2209 Heracleensem
1533 2173 1667 2218 episco-

208 2226 289 2260 pum
310 2217 457 2253 Leonem
478 2226 514 2254 et
535 2222 723 2256 Nicaennm
744 2223 998 2268 Theophanem.
1041 2234 1158 2257 verum
1182 2222 1217 2256 hi
1239 2220 1371 2266 appulsi
1394 2230 1461 2264 quo
1484 2219 1666 2254 mitteban-

210 2267 290 2304 tur,
313 2262 403 2297 haud
424 2266 604 2300 secundum
625 2270 891 2312 expectationem
913 2269 1065 2314 ipsorum
1085 2268 1165 2302 istic
1186 2271 1265 2301 suut
1284 2266 1430 2311 excepti,
1452 2265 1532 2309 quin
1554 2264 1666 2299 omnia

210 2307 324 2352 potius
345 2311 490 2353 speratis
523 2313 654 2356 experti
685 2314 864 2349 contraria.
910 2315 1062 2348 nimirum
1093 2314 1204 2347 edocti
1233 2312 1276 2346 ad
1310 2322 1425 2346 verum
1455 2311 1598 2345 Romani
1621 2311 1666 2345 de

210 2353 314 2387 rebus
336 2356 481 2396 nostris,
503 2359 539 2390 et
562 2357 651 2402 quod
673 2369 729 2393 res
750 2363 827 2394 erat
850 2360 1034 2404 suspicati,
1063 2359 1181 2400 istam,
1211 2369 1300 2403 quae
1331 2368 1533 2402 magnopere
1553 2356 1666 2391 iacta-

210 2397 334 2441 batur,
369 2412 484 2445 pacem
516 2402 598 2436 nibil
623 2403 755 2438 demum
775 2405 867 2439 aliud
895 2405 961 2439 nisi
990 2407 1103 2439 fucum
1134 2408 1170 2438 et
1199 2403 1379 2438 ludibrium
1410 2413 1486 2436 esse
1510 2403 1665 2447 (praeter

210 2443 336 2489 quippe
357 2445 594 2491 imperatorem
623 2449 728 2483 solum
753 2453 789 2483 et
810 2451 1043 2485 Patriarcham
1065 2449 1293 2495 quosdamque
1326 2460 1399 2483 cum
1426 2448 1478 2482 his
1499 2448 1666 2491 assiduos,

211 2494 366 2525 caeteros
390 2494 488 2536 plane
510 2505 624 2528 omnes
644 2495 787 2528 taedere
808 2497 1047 2540 concordiae),
1070 2496 1209 2540 insuper
1231 2495 1332 2529 etiam
1353 2494 1428 2529 illas
1451 2495 1494 2528 ab
1517 2494 1664 2538 impera-

210 2539 287 2570 tore
305 2537 348 2571 ad
371 2538 472 2572 fidem
493 2540 588 2584 pacis
610 2540 742 2574 sincere
782 2540 890 2575 initae
910 2542 1100 2576 faciendam
1132 2541 1310 2576 affectatas
1333 2551 1514 2584 poenarum
1537 2540 1580 2573 ab
1604 2551 1664 2572 ec-

209 2581 334 2616 clesiae
355 2585 606 2619 mansuetudine
629 2585 811 2620 alienarum
834 2587 1032 2621 atrocitates
1052 2587 1301 2632 improbantes,
1323 2586 1445 2631 frigide
1467 2586 1600 2630 legatos
1623 2595 1665 2618 ac

211 2629 428 2673 contemptim
451 2630 622 2673 habuere,
655 2643 720 2665 nec
753 2643 812 2666 eos
842 2632 907 2666 nisi
943 2644 1020 2667 sero
1041 2633 1098 2667 vix
1120 2633 1256 2667 tandem
1289 2636 1326 2667 et
1347 2643 1451 2676 aegre
1474 2632 1517 2664 ad
1540 2640 1663 2674 papam

210 2672 486 2718 introduxerunt,
509 2688 550 2710 eo
574 2675 704 2711 demum
725 2688 884 2712 successu
904 2678 1096 2723 legationis,
1119 2684 1159 2713 ut
1179 2678 1361 2723 imperator
1384 2688 1458 2711 cum
1481 2675 1554 2709 suis
1574 2680 1666 2709 tam-

211 2729 311 2762 quam
333 2719 497 2764 illusores,
521 2726 556 2756 et
576 2723 857 2758 ostentationibus
875 2724 1112 2769 suppliciorum
1133 2724 1175 2758 ad
1198 2723 1438 2765 simulandam,
1461 2732 1560 2766 quam
1581 2731 1664 2755 vere

212 2774 280 2798 non
300 2764 464 2809 inierant,
488 2768 698 2803 concordiam
719 2769 838 2814 abusi,
866 2770 1072 2805 anathemati
1101 2770 1358 2805 subiicerentur.
1404 2778 1471 2813 quo
1494 2768 1585 2801 facto
1611 2765 1662 2799 le-

212 2815 314 2853 gatos
342 2813 433 2848 nulla
463 2814 620 2859 dignatos
641 2815 894 2852 benevolentiae
924 2820 986 2853 aut
1015 2816 1151 2852 honoris
1186 2814 1434 2862 significatione
1454 2812 1662 2848 dimiserunt.
