1846 3262
240 196 338 242 206
661 193 898 238 GEORGII
929 193 1282 240 PACHYMERIS

240 309 358 352 ἄλλοι
386 323 429 350 τε
451 311 632 350 πλεῖστοι
659 308 726 350 καὶ
745 305 766 351 5
786 307 913 365 με’γας
938 307 1177 364 δομὲστικος
1201 307 1223 352 5
1246 312 1376 366 Φιλῆς
1393 308 1567 361 Ἀλέξιος
1578 343 1592 363 ,
1630 311 1705 355 σὺν

241 377 354 434 αὐτῷ
382 375 426 418 δὲ
456 376 524 417 καὶ
556 373 578 418 5
609 374 861 432 Μακρηνός,
902 376 947 421 ὃν
979 375 1345 433 παρακοιμώμενον
1373 377 1395 422 5
1424 382 1586 435 κρατῶν
1615 378 1706 434 εἶχε.

240 445 288 488 τὸ
321 443 369 486 δέ
391 461 434 500 γε
466 444 668 487 ναυτικὸν·
683 444 789 488 ἔπλει
810 447 853 496 ἐξ
875 441 974 502 ἦρος
996 448 1036 496 ἒς
1053 446 1323 503 Ἀρκτοῦρον,
1359 447 1435 490 κάν
1451 451 1618 498 πολλοῖς
1638 447 1708 491 εὖ·

241 510 388 568 στόχει.
458 507 528 568 ἦγε
553 514 597 555 δὲ
621 518 746 557 τοῦτο
778 512 801 557 ὅ
825 515 1180 572 Φιλανθρωνιηνὸς
1204 513 1225 558 5
1247 514 1581 573 πρωτοστράτωρ
1598 515 1710 559 Ἀλέ-

187 596 219 630 1)
245 585 349 635 ξιος,
388 580 490 637 ἀνὴρ
519 582 691 639 γεραρὸς
719 584 787 625 καὶ
815 591 1020 640 γενναῖος,
1047 584 1162 640 παρὰ
1181 588 1380 627 τοσοῦτον
1401 583 1630 640 εἰργόμενος
1649 583 1743 643 τῷ5

239 649 583 709 μεγαλοδουκάτῳ
604 650 879 705 σεμνύνεσθαι
896 651 1096 707 ἀξιώματι
1117 652 1212 708 παρ’
1228 652 1326 696 ὅσον
1345 648 1395 708 ἦν
1417 652 1540 703 ἄλλος
1557 655 1620 695 ἐπὶ
1634 657 1709 696 τοῦ

243 717 500 774 ἀξιώματος,
540 717 560 762 5
592 725 666 763 τοῦ
699 724 878 764 παλαιοῦ
898 720 1101 778 Λάσκαρι
1116 725 1190 764 τοῦ
1210 722 1412 776 βασιλέως
1434 720 1707 778 αὖτάδελφος,

241 788 394 844 ἔξωρος
419 787 499 843 ἤδη
530 790 597 831 καὶ
630 790 882 845 παρηβηκώς
912 791 975 832 ε’πὶ
1003 794 1077 846 τῆς
1106 791 1426 834 Κωνσταντίνου
1455 788 1708 845 καθήμενος,

240 861 412 912 βουλαῖς
440 857 548 900 καθ’
579 855 753 913 ἡσυχίαν
783 863 841 916 τῷ
869 863 1035 912 βασιλεῖ
1048 863 1122 913 τῆς
1143 863 1226 901 τῶν
1247 863 1394 902 κοινῶν
1414 860 1636 916 φροντίδος
1655 857 1713 909 ὥς

240 925 331 969 ἐνὸν
363 923 676 980 συναιρόμενος,
716 925 737 969 ὃ
764 927 904 982 μέντοι
933 944 975 983 γε
1005 927 1363 985 Φιλανθρώπηνὸς
1383 925 1632 983 ἀγχιστεύων
1651 918 1768 986 τῷ10

241 999 425 1050 βασιλεῖ·
460 995 531 1037 τὸν
555 995 633 1051 γὰρ
655 995 826 1050 ἀνεψιὸν
845 997 994 1039 ἐκείνου
1013 996 1085 1039 τὸν
1105 1000 1180 1051 τῆς
1200 995 1397 1052 Μάρθας
1424 996 1513 1039 υἱὸν
1536 988 1714 1052 Μιᾷςαὴλ.

190 1069 224 1103 Ε
245 1063 433 1121 γαμβρὸν
456 1061 555 1117 εἶχεν
574 1065 637 1106 ἐπὶ
656 1065 848 1121 θυγατρί.
919 1063 940 1107 5
961 1069 1058 1121 γοῦν
1077 1069 1264 1115 τοιοῦτος
1281 1071 1435 1120 κατεῖχε
1455 1064 1501 1107 τὸ
1523 1063 1713 1118 πλόὶμον,

243 1135 311 1176 καὶ
345 1128 445 1189 ἦρος
481 1130 775 1189 ἐξαρτυόμενος
810 1130 960 1176 στόλον
990 1133 1209 1186 ἀπέπλεεν,
1281 1132 1392 1188 ὅμως
1421 1133 1462 1175 δ’
1497 1130 1715 1190 ἐσύστερον

243 1199 449 1250 θανόντος
487 1206 560 1244 τοῦ
601 1199 802 1258 Λάσκαρι
840 1201 915 1256 τὴν
956 1206 1030 1259 τοῦ
1066 1200 1247 1258 μεγάλου
1278 1201 1425 1251 δουκός
1455 1200 1574 1252 ἀξίαν
1600 1200 1715 1259 παρὰ

242 1269 445 1324 βασιλέως
488 1272 545 1319 εἷς
579 1269 758 1325 ἀμοιβὴν
789 1273 872 1312 τῶν
910 1267 1047 1312 κόπων
1081 1268 1329 1324 ἐλάμβανεν,
1376 1268 1431 1320 ὥς
1467 1267 1710 1327 ῥηθήσεται.
1726 1262 1768 1314 ²15

244 1338 339 1382 ἀλλ’
367 1332 481 1381 oiim
510 1339 585 1392 μὲν
616 1342 734 1395 τριχῇ
764 1336 1036 1393 κοσμούμενοι
1061 1337 1138 1381 ἀνὰ
1155 1338 1280 1395 με’ρος
1300 1339 1353 1381 τὰ
1375 1338 1481 1382 κατὰ
1503 1336 1621 1382 δύσιν
1638 1355 1715 1394 με-

209 1455 211 1457 ,
242 1411 404 1450 θεῖπον.
476 1408 542 1448 καὶ
574 1403 594 1449 5
626 1407 701 1461 μὲν
735 1404 937 1462 δεσπότης
971 1411 1030 1465 τῷ
1063 1407 1238 1463 Μιχαὴλ
1271 1405 1448 1464 δεσπότῃ
1470 1407 1616 1461 ε’πεῖχε,
1647 1408 1716 1450 καὶ

97 1485 127 1519 P
155 1485 218 1521 138
243 1475 474 1519 ἀνεκαλεῖτο
509 1475 583 1530 τὴν
615 1476 766 1518 ἐκείνου
798 1473 942 1531 χώραν
976 1473 1032 1525 ὥς
1058 1474 1185 1518 πάλαι
1205 1479 1255 1532 τῇ
1270 1477 1459 1535 βασιλείᾳ
1480 1473 1716 1532 προσήκου-

241 1562 334 1588 σαν.
406 1542 427 1586 5
449 1544 493 1586 δὲ
511 1542 587 1598 εἶχε
607 1545 683 1598 μὲν
703 1541 903 1601 πρότερον
931 1545 1288 1601 προφασίζεσθαι,
1326 1546 1394 1587 καὶ
1421 1545 1714 1601 ἒπροφασίζετο

241 1611 667 1669 πιθανολογούμενος,
698 1611 754 1662 ὡς
787 1612 862 1655 οὐκ
898 1610 1053 1668 ἀνάγκη
1085 1612 1213 1656 αὐτοῦ
1234 1617 1308 1656 τοῦ
1329 1613 1531 1666 βασιλέως
1549 1612 1621 1656 τὸν
1640 1616 1771 1669 τῆςΞΟ

241 1682 454 1737 βασιλείας
481 1679 638 1738 θρόνον
676 1678 724 1739 (5
758 1680 801 1723 δ’
825 1677 877 1736 ἦν
898 1679 924 1736 ἦ
947 1679 1414 1740 Κωνσταντινούπολις)
1442 1681 1499 1736 μὴ
1522 1680 1717 1737 κατέχον-

242 1768 315 1801 τος
348 1749 474 1792 αὗτὸν
503 1750 769 1792 ἀπαιτεῖσθαι
805 1749 853 1792 τὸ
884 1755 1045 1792 λεῖπον·
1079 1750 1306 1805 ἀπαιτητὲα
1329 1750 1407 1811 γὰρ
1429 1748 1530 1792 εἶναι
1556 1753 1715 1804 μᾶλλον

243 1820 317 1863 τὸν
347 1815 504 1876 θρόνον
535 1818 631 1868 τοὺς
647 1817 829 1868 Ἰταλοῦς
847 1816 871 1873 ἢ
896 1819 1043 1861 ἐκεῖνον
1065 1818 1115 1862 τὰ
1137 1819 1242 1861 κατὰ
1262 1817 1401 1872 δύσιν,
1439 1817 1570 1868 οὕτως
1587 1818 1716 1876 ἀνηρ-

247 1931 319 1963 tum
342 1937 485 1972 magnus
514 1925 716 1961 domesticus
739 1926 854 1973 Philes
877 1926 1038 1970 Alexius3
1071 1938 1145 1961 cum
1168 1927 1242 1972 ipso
1265 1927 1448 1962 Macrenus
1472 1930 1509 1961 et
1530 1938 1629 1973 quem
1651 1926 1716 1961 im-

245 1978 387 2021 perator
421 1972 568 2008 cubiculi
601 1974 812 2018 praefectum
841 1973 968 2008 habuit.
1015 1973 1135 2007 classis
1169 1974 1343 2018 navigavit
1366 1985 1387 2008 a
1409 1984 1490 2007 vere
1513 1974 1557 2006 ad
1589 1974 1716 2007 Arctu-

247 2032 340 2062 rum,
366 2023 403 2054 et
424 2019 529 2053 multa
552 2030 627 2052 cum
651 2030 810 2053 successu
831 2018 991 2053 tentavit.
1039 2019 1204 2054 ductabat
1224 2019 1315 2053 illam
1338 2019 1477 2053 Alexius
1498 2019 1716 2053 Philantliro-

247 2077 357 2113 penus
391 2067 640 2111 protostrator,
679 2065 863 2099 honoratus
886 2065 940 2099 vir
963 2068 1000 2098 et
1021 2068 1200 2107 strenuus,
1233 2066 1432 2110 designatus
1454 2065 1519 2099 iam
1551 2065 1621 2098 dux
1643 2076 1716 2099 ma-

249 2123 356 2157 gnus,
392 2115 428 2146 et
451 2110 627 2155 dignitatis
650 2110 749 2145 istius
771 2110 870 2145 titulo
895 2115 998 2156 atque
1021 2122 1085 2144 usu
1107 2111 1143 2145 in
1166 2114 1296 2145 tantum
1320 2110 1516 2152 abstinens,
1547 2110 1639 2156 quod
1662 2110 1716 2144 vi·
1768 2134 1769 2137 η

245 2160 351 2193 vebat
374 2158 484 2192 adhuc
506 2156 591 2191 alius
611 2155 667 2190 illo
690 2156 895 2201 magistratu
926 2156 1110 2200 insignitus
1143 2158 1251 2191 frater
1272 2167 1454 2201 germanus
1478 2155 1638 2190 Lascaris
1659 2167 1717 2190 se-
1736 2160 1739 2161 ’

248 2204 352 2239 nioris
375 2203 537 2248 Augusti,
566 2202 711 2236 effoetus
732 2203 799 2237 iam
821 2202 915 2236 senio
939 2207 975 2236 et
998 2204 1071 2236 fere
1094 2200 1309 2248 decrepitus,
1334 2203 1371 2237 in
1394 2202 1509 2248 quiete
1531 2213 1632 2247 quam
1655 2199 1716 2235 aess

247 2255 303 2284 tas
336 2254 488 2284 extrema
519 2250 708 2294 poscebat,
742 2248 888 2283 consiliis
909 2247 1107 2294 imperatori
1129 2249 1329 2294 opportunis
1355 2248 1399 2283 ad
1429 2259 1600 2282 commune
1622 2246 1715 2293 regi-

246 2307 323 2330 men
355 2305 554 2341 cooperans.
601 2294 772 2328 affinitate
801 2305 901 2339 porro
925 2294 1231 2339 Philanthropenus
1253 2293 1453 2340 imperatori
1476 2298 1554 2328 arta
1576 2292 1716 2327 coniun-

246 2345 322 2375 ctus
346 2345 439 2383 erat,
478 2341 605 2386 quippe
627 2340 685 2385 qui
709 2340 909 2376 michaelem
933 2340 1074 2374 Martha
1095 2340 1311 2385 imperatoris
1333 2351 1451 2375 sorore
1474 2343 1608 2381 natum,
1641 2338 1715 2373 col-

246 2387 359 2421 locata
387 2386 452 2431 ipsi
488 2387 580 2428 filia,
611 2396 772 2430 generum
801 2387 957 2421 haberet.
1003 2386 1083 2420 talis
1117 2386 1222 2431 igitur
1243 2386 1298 2421 vir
1320 2385 1498 2421 navalibus
1521 2385 1715 2430 praefectus

247 2432 352 2478 copiis
375 2432 485 2466 classe
507 2432 613 2477 primo
637 2444 718 2466 vere
739 2433 907 2467 instructa
926 2432 1111 2476 navigavit,
1133 2437 1169 2466 et
1192 2431 1335 2466 Lascari
1356 2431 1456 2477 paulo
1480 2435 1559 2476 post
1581 2434 1715 2464 mortuo

246 2478 361 2523 magni
392 2478 489 2512 ducis
522 2478 721 2522 dignitatem
745 2480 789 2512 ab
812 2479 1019 2524 imperatore
1040 2477 1076 2511 in
1103 2479 1290 2523 praemium
1319 2478 1471 2512 laborum
1494 2475 1647 2521 accepit,
1673 2478 1715 2510 ut

247 2524 393 2558 dicetur.
440 2524 530 2558 hunc
563 2524 598 2557 in
628 2524 762 2558 modum
782 2524 950 2559 trifariam
972 2524 1129 2558 instructi
1151 2525 1280 2558 fratres
1302 2530 1339 2557 et
1361 2521 1715 2567 necessarii¹impera-

248 2571 334 2605 toris
355 2570 391 2604 in
413 2569 556 2604 totidem
579 2569 808 2604 Occiduarum
831 2570 979 2615 partium
1002 2574 1134 2604 tractus
1158 2572 1346 2604 moverunt.
1393 2579 1435 2602 ac
1465 2568 1610 2612 despota
1638 2566 1715 2612 qui-

248 2616 325 2650 dem
356 2615 560 2650 Michaelem
596 2615 772 2660 despotam
806 2617 947 2651 adortus
978 2617 1160 2663 repetebat
1181 2620 1368 2662 occupatas
1390 2614 1434 2648 ab
1457 2625 1499 2648 eo
1521 2611 1716 2658 provincias

248 2665 289 2696 ut
311 2662 390 2697 olim
413 2662 456 2696 ad
481 2660 656 2706 imperium
680 2661 902 2706 pertinentes.
951 2673 1014 2696 eae
1039 2673 1114 2696 cum
1137 2666 1239 2696 antea
1262 2660 1552 2706 reposcebantur,
1582 2658 1716 2694 solebat

247 2708 306 2742 ille
329 2707 554 2754 plausibiliter
578 2707 709 2741 causari
735 2707 827 2742 haud
851 2708 1088 2753 tempestivam
1118 2706 1354 2754 repetitionem
1375 2706 1480 2740 istam
1504 2714 1602 2739 esset
1637 2714 1715 2738 nam

247 2754 330 2800 quid
353 2755 518 2788 attineret
537 2752 773 2798 imperatorem
796 2754 877 2788 sede
906 2753 982 2798 ipsa
1004 2753 1162 2807 imperii,
1193 2754 1279 2787 urbe
1302 2749 1623 2796 Constantinopoli,
1653 2753 1714 2784 ex'-

250 2802 380 2834 clusum
403 2801 447 2834 de
469 2800 571 2834 rebus
596 2802 690 2833 tanto
717 2798 860 2833 minoris
882 2803 1040 2833 momenu
1065 2797 1307 2844 recuperandis
1330 2807 1406 2831 esse
1429 2795 1622 2831 solicitqu
1659 2797 1717 2828 rei

250 2845 383 2891 ciperet
404 2845 548 2892 primum
570 2845 614 2880 ab
636 2844 732 2880 Italis
754 2844 873 2880 solium
894 2844 1006 2890 regni,
1028 2848 1101 2880 tum
1120 2855 1204 2880 sane
1226 2843 1270 2878 de
1292 2841 1497 2889 regiunculis
1519 2840 1598 2877 istis
1614 2838 1719 2876 Occi*
