1884 3262
590 157 712 202 im.
741 157 776 200 1.
829 156 1198 207 ctossARmM.
1411 138 1457 144 “’
1534 155 1632 203 601

167 267 280 321 polis
306 280 352 304 ex
375 266 500 318 longa
528 264 810 306 consuetudine
829 268 1083 319 permittitur
1107 266 1393 319 stauropegia,
1429 264 1513 305 sive
1541 279 1636 305 cru-

174 323 278 362 cium
298 323 466 362 fixiones
476 353 489 371 ‚
521 321 728 361 concedere
746 332 783 362 et
801 325 1036 362 relationem
1056 338 1107 362 ac
1123 325 1356 362 memoriam
1374 323 1553 360 nominis
1570 322 1632 362 ibi

172 379 336 429 habere,
377 393 460 418 non
489 380 620 417 solum
644 381 690 417 in
709 379 899 432 praediis
926 388 1001 418 aut
1028 382 1147 420 terris
1178 394 1281 432 quae
1311 380 1516 430 peculiari
1542 381 1635 422 iure

165 435 350 488 possidet
364 467 376 486 ,
405 435 645 488 ubicumque
661 437 747 475 sita
762 438 863 486 sint,
894 443 931 474 et
950 439 994 475 in
1019 437 1293 475 immobilibus
1311 436 1635 488 possessionibus

172 493 446 538 subiectorum
463 493 546 544 ipsi
562 495 920 540 monasteriorum,
948 492 1020 531 sed
1031 495 1152 531 etiam
1170 495 1214 530 in
1233 492 1475 530 dioecesibus
1491 499 1637 531 metro-

167 549 314 601 poleon
337 550 544 601 ipsarum,
574 548 646 586 ubi
661 548 845 588 videlicet
865 549 917 588 ab
936 551 1076 601 aliquo
1095 549 1289 601 templum
1306 548 1543 600 aedificante
1559 547 1637 587 ad-

173 613 345 644 vocatus
357 605 506 656 suerit.
563 618 613 643 ex
641 605 704 644 his
730 606 866 645 licebit
895 605 1116 657 intelligere
1146 607 1448 658 σταυροπηγίων
1475 606 1637 645 nomine

173 661 242 700 hic
260 661 473 713 significari
486 662 549 700 ius
566 675 796 714 supremum
811 662 1060 716 patriarchae
1078 663 1122 700 in
1140 661 1324 702 ecclesias
1341 661 1635 714 patriarchatus

175 718 261 768 sui,
293 732 372 770 quo
390 724 523 770 posset
541 719 712 758 eximere
731 733 832 772 quae
856 719 946 758 loca
974 732 1120 771 quasve
1154 731 1343 770 personas
1368 718 1488 757 vellet
1521 733 1542 756 a
1562 733 1637 771 po-

174 780 318 813 testate
348 774 529 827 episcopi
559 775 760 826 cuiusvis,
799 782 838 814 et
860 775 968 816 intra
997 776 1096 814 fines
1133 775 1361 814 dioeceseon
1392 787 1507 813 suum
1542 775 1639 814 licet

176 831 390 870 antistitem
417 830 651 870 habentium
677 838 784 871 certa
812 833 884 872 sibi
910 832 1145 871 monasteria
1175 833 1241 870 vel
1274 830 1459 870 ecclesias
1486 832 1638 877 valeret

175 888 382 940 excipere,
409 891 510 926 citra
526 894 669 926 nutum
691 895 760 927 aut
774 902 973 927 assensum
997 888 1153 942 proprii
1170 888 1353 927 locorum
1371 888 1533 926 illorum
1553 885 1637 926 me·-

175 945 402 996 tropolitae.
452 943 565 983 ,hanc
582 950 713 983 autem
734 951 970 997 potestatem
991 945 1150 985 videtur
1167 944 1388 983 exercuisse
1406 943 1637 996 patriarcha

176 999 457 1052 frequentius
445 1013 488 1038 m
514 1000 687 1053 praediis
719 1007 759 1040 et
786 1002 887 1053 agris
911 1001 989 1040 sibi
1006 1001 1268 1051 vectigalibus
1290 1006 1328 1038 et
1346 1000 1389 1037 in
1406 1001 1565 1052 templis
1585 1000 1637 1038 de

176 1070 283 1095 novo
308 1055 473 1106 erectis,
512 1070 684 1108 quorum
713 1058 970 1107 fundatores,
1009 1057 1061 1095 ad
1097 1056 1228 1109 operis
1260 1056 1564 1125 amplitudinem
1596 1062 1637 1096 et

177 1111 558 1151 commendationem
577 1113 620 1151 id
635 1113 714 1152 rati
733 1127 804 1166 per
806 1115 950 1164 tinere,
982 1113 1218 1152 affectabant
1238 1119 1283 1151 ut
1309 1113 1378 1151 uni
1397 1108 1550 1165 οἷμέσως
1568 1126 1638 1165 pa-

175 1168 373 1208 triarchae
390 1169 460 1207 illa
478 1169 842 1220 subiicerentu1,a
858 1170 1134 1209 iurisdictione
1149 1169 1406 1222 propriorum
1422 1169 1503 1207 loci
1520 1182 1637 1222 prae-

176 1226 311 1264 sulum
333 1231 528 1277 exempta.
584 1226 677 1278 quia
697 1240 816 1276 vere,
845 1240 936 1265 cum
964 1227 1096 1265 locum
1126 1225 1327 1278 aliquem
1315 1239 1360 1263 1n
1379 1225 1505 1270 aliena
1526 1225 1637 1264 dioe-

178 1282 257 1320 cesi
280 1282 402 1320 situm
427 1282 602 1321 eximere
633 1283 680 1320 ab
709 1284 944 1321 aucton'tate
967 1282 1161 1321 ordinarii
1183 1288 1222 1320 et
1242 1281 1316 1320 sibi
1338 1294 1543 1321 reservare
1558 1295 1650 1335 pa·->

177 1338 352 1379 triarcha
366 1338 508 1388 vellet,
536 1338 581 1376 id
601 1339 802 1378 declarare
829 1338 979 1378 solebat
1002 1339 1082 1377 fixa
1100 1339 1156 1377 ibi
1186 1351 1305 1377 cruce
1325 1351 1416 1376 cum
1443 1343 1549 1377 certa
1563 1338 1635 1376 in-

178 1395 418 1447 scriptione,
455 1395 569 1433 cuius
597 1396 810 1434 formulam
847 1394 984 1434 videre
1011 1395 1108 1433 licet
1139 1394 1246 1447 apud
1270 1394 1506 1444 Meursium,
1541 1394 1634 1434 ideo

178 1451 265 1503 ipsa
292 1451 493 1503 exemptio
519 1457 559 1489 et
583 1451 646 1490 ius
674 1452 784 1490 illius
818 1452 1095 1506 σταυοπηγίων
1119 1451 1241 1490 verbo
1270 1450 1533 1490 indicabatur.
1589 1450 1635 1489 id

179 1508 286 1545 clare
305 1513 438 1560 patet
431 1521 482 1547 ex
498 1507 575 1546 hoc
592 1508 636 1546 in
655 1522 734 1560 quo
750 1521 955 1547 versamur
974 1509 1063 1546 loco
1082 1507 1210 1546 nostri
1228 1506 1422 1546 historici.
1479 1508 1512 1544 is
1530 1506 1636 1552 enim

180 1577 271 1602 cum
291 1564 334 1602 in
351 1563 472 1602 titulo
493 1564 634 1616 capitis
654 1565 895 1603 mentionem
921 1564 1116 1617 posuisset
1141 1564 1328 1603 Novellae
1356 1562 1636 1615 imperatoriae

181 1619 286 1659 circa
302 1617 597 1674 σταυροπήγια,
625 1621 708 1659 eius
740 1621 930 1660 Novellae
960 1620 1195 1659 sententiam
1226 1619 1268 1657 in
1298 1619 1388 1672 ipso
1417 1620 1544 1671 capite
1578 1619 1637 1657 sic

179 1676 321 1715 refert.
349 1677 559 1729 προβαίνει
584 1675 708 1729 νεαροὶ
740 1678 939 1730 βασίλειος
970 1673 1060 1718 ἀλλ’
1080 1675 1176 1717 ἅττα
1203 1679 1364 1716 πλεῖστα
1384 1674 1635 1742 διοριζομένη

180 1731 249 1774 καὶ
266 1745 483 1782 ταττουσα,
513 1732 581 1773 καὶ
597 1731 642 1774 τὸ
658 1749 706 1774 τα
729 1732 1037 1786 ὁπουδηποτοῦν
1067 1729 1348 1803 πατριαρχικά,
1389 1745 1461 1772 οσα
1482 1732 1526 1773 ἐν
1551 1728 1636 1784 χαί-

183 1803 274 1842 ραις
296 1787 364 1828 καὶ
385 1793 548 1841 μοναῖς,
579 1787 658 1830 ὖπό
679 1805 774 1838 τους
791 1787 1034 1837 ἐπισκόπους
1054 1805 1111 1829 ων
1133 1788 1211 1829 αἶ’
1193 1790 1346 1840 ενορίαι
1359 1792 1497 1829 τελεῖν.
1532 1802 1634 1839 pro-

182 1843 262 1882 diit
279 1846 540 1895 imperatoria
559 1847 732 1884 Novella
757 1860 842 1898 qua
866 1860 958 1884 cum
978 1846 1066 1884 alia
1088 1845 1397 1884 decernebantur
1417 1843 1634 1896 quaedam,

182 1908 275 1939 tum
293 1900 437 1939 illud·
420 1903 623 1953 inprimis
635 1933 646 1953 ,
676 1910 721 1940 ut
736 1917 840 1955 quae
855 1902 1098 1954 ubicumque
1119 1903 1314 1954 cuiusque
1333 1901 1445 1939 modi
1460 1899 1637 1952 praedia

181 1958 247 1997 arel
260 1961 504 1996 monasteria
518 1959 798 2010 patriarchico
818 1961 904 1999 iuri
927 1966 1132 1997 reservata
1154 1965 1422 2004 censerentur,
1451 1971 1499 1994 ea
1519 1956 1636 1995 dein-

183 2027 272 2064 ceps
291 2016 507 2066 episcopis,
540 2029 711 2067 quorum
743 2017 789 2054 in
815 2017 998 2068 propriis
1031 2014 1277 2055 dioecesibus
1293 2015 1370 2052 illa
1389 2020 1514 2051 essent
1536 2015 1634 2062 sita,

182 2070 484 2110 subiicerentur.
539 2071 595 2110 ita
611 2071 698 2122 ille;
727 2072 871 2124 quibus
891 2072 1024 2110 verbis
1042 2071 1152 2111 vides
1177 2069 1369 2109 declarari
1394 2069 1490 2121 quid
1513 2068 1557 2106 in
1578 2068 1636 2106 ti-

182 2126 271 2164 tulo
303 2139 404 2164 voce
434 2129 737 2181 σταυροπηγίων
764 2128 1022 2168 intellexerit.
1092 2127 1207 2180 plura
1242 2126 1290 2164 de
1321 2125 1384 2164 his
1417 2138 1499 2163 non
1528 2124 1633 2173 dico,

183 2181 294 2233 quod
315 2187 354 2220 et
371 2182 566 2222 Meursius
586 2184 709 2223 verbo
734 2181 1025 2238 σταυροπήγιον
1045 2189 1084 2221 et
1100 2189 1191 2247 post
1213 2182 1330 2221 illum
1345 2181 1409 2220 vir
1427 2181 1633 2233 pererudi-

183 2244 249 2276 tus
274 2237 439 2276 Iacobus
458 2239 564 2277 Goar
583 2240 630 2278 Ο.
650 2241 691 2279 Ρ.
720 2255 759 2293 p.
778 2245 862 2284 612
882 2247 921 2279 et
940 2243 1021 2282 613
1049 2240 1110 2278 sui
1135 2237 1368 2288 Euchologii
1393 2237 1553 2289 copiose
1582 2250 1630 2275 ac

183 2294 394 2343 diligenter
415 2293 493 2334 hoc
518 2295 756 2336 vocabulum
781 2297 1018 2347 edisserant,
1046 2296 1164 2349 plane
1189 2294 1232 2333 in
1255 2294 1486 2334 sententiam
1505 2293 1634 2332 nostri

183 2349 447 2402 Pachymeris.

297 2402 430 2458 στύψ
444 2422 488 2455 ις
519 2405 605 2447 καὶ
634 2409 921 2462 στυπτηρία
949 2422 989 2460 p.
1003 2406 1339 2450 420v.7etv.12.
1366 2419 1449 2444 non
1466 2405 1632 2444 dubium

185 2462 284 2513 quin
305 2468 476 2513 utroque
495 2462 572 2501 hoc
591 2465 782 2502 vocabulo
801 2466 958 2503 alumen
983 2464 1229 2514 designetur,
1257 2476 1370 2501 merx
1386 2462 1562 2515 expetita
1581 2462 1632 2500 ob

183 2531 302 2557 usum
324 2519 545 2558 celebrem
533 2533 575 2557 1n
595 2520 792 2570 tingendis
811 2520 953 2572 pannis
971 2520 1107 2569 laneis,
1135 2525 1184 2558 ut
1204 2519 1260 2558 ait
1273 2518 1341 2557 hic
1360 2525 1517 2568 noster,
1546 2516 1633 2558 ἐπει

184 2577 312 2629 πολλῇ
325 2574 404 2615 τινὶ
423 2578 591 2628 χρῶνται
609 2574 731 2631 ταύτῃ
752 2592 800 2616 τα
820 2576 860 2625 ἐξ
881 2576 998 2628 ἐρίων
1013 2572 1238 2628 ὖφοὶσματα.
1277 2575 1386 2627 quod
1406 2574 1632 2614 distinctius

185 2630 340 2669 Plinius
349 2644 569 2682 exequens,
578 2632 693 2670 docet
710 2617 737 2672 ¹1.
753 2631 807 2674 35
824 2646 858 2673 c.
879 2633 943 2683 15,
963 2646 1052 2671 cum
1063 2633 1143 2670 sint
1154 2632 1340 2671 aluminis
1355 2631 1504 2683 species
1517 2630 1631 2679 duae,

186 2687 348 2725 candidi
375 2693 415 2725 et
441 2687 566 2738 nigri,
601 2688 822 2728 inficiendis
850 2690 957 2727 claro
981 2689 1112 2728 colme
1136 2689 1238 2727 lanis
1266 2688 1478 2727 candidum
1507 2685 1633 2738 liqui-

187 2741 359 2795 dumque
383 2743 635 2783 utilissimum
663 2759 763 2794 esse,
800 2751 1016 2797 contraque
1043 2746 1155 2785 fusco
1176 2751 1245 2784 aut
1264 2744 1430 2783 obscuro
1446 2743 1569 2781 fuco'
1558 2742 1633 2780 iis-

188 2798 276 2836 dem
307 2799 530 2842 imbuendis
565 2801 721 2853 nigrum
755 2802 1109 2843 accommodatum.
1180 2815 1273 2840 mox
1307 2799 1454 2839 ibidem
1480 2798 1631 2839 Plinius
