1846 3262
217 232 240 278 1
250 231 314 278 80
635 221 875 268 GEORGII
908 220 1261 265 PACHYMERIS

213 348 296 388 τῶν
319 342 393 397 μὲν
417 337 598 393 πολέμου
621 331 735 394 νόμῳ
748 368 762 389 ,
793 338 878 379 τῶν
897 335 943 378 δὲ
960 336 1027 378 καὶ
1047 332 1184 385 ἄλλως
1202 330 1315 394 νόμῳ
1333 336 1589 393 μαρτυρικῷ,
1626 333 1685 390 μὴ

214 407 549 464 καταδεχομένων
566 404 643 459 τὴν
664 403 850 461 ἄρνησιν.

351 479 436 521 Καὶ
466 478 600 518 ταῦτα
627 473 702 528 μὲν
722 468 948 516 Αἰθιόπων
967 470 1014 514 τὸ
1041 469 1334 527 Χριστιανικόν
1355 468 1571 514 ἄπώναντο
1597 477 1688 521 ταῖς

213 546 429 603 ἡμετέραις
456 542 671 597 ἇβουλίαις
697 540 722 596 ἢ
755 541 986 591 κακονοίαις
1015 538 1040 595 ἢ
1074 536 1318 594 αὐτονόμοις
1342 537 1490 596 ὁρμαῖς
1508 542 1575 582 καὶ
1597 539 1688 596 ὀρέ-

212 620 317 667 ξεσι·
353 610 554 669 Τοχάρων
576 611 621 653 δὲ
638 614 713 653 τοῦ
732 608 922 667 θράσους
944 610 1012 652 καὶ
1041 608 1099 651 ἔτι
1127 607 1322 663 ἀνέχομεν
1335 640 1349 661 ,
1388 608 1437 652 οὐ
1469 606 1721 663 δυνάμεσινὸ

74 698 103 732 Ρ
129 696 194 731 120
216 682 413 738 οῧμενουν
433 678 714 737 θαρσαλέαις,
753 678 860 722 ἀλλὰ
891 682 1069 735 φιλικαῖς
1101 676 1175 720 εἴτ’
1202 672 1274 720 οὗν
1293 679 1502 728 δουλικαῖς
1520 675 1690 720 ὖπελεύ-

214 769 325 805 σεσι,
364 748 468 805 κήδη
499 752 712 798 ποιοῦντες
737 749 804 791 καὶ
837 749 1179 804 ὃωροφοροῦντες
1202 743 1395 801 συχνάκις
1415 746 1468 789 τὰ
1489 743 1688 790 κάλλιστά

211 839 255 865 τε
280 822 347 864 καὶ
374 819 569 875 μέγιστα,
616 814 672 867 ὥς
702 819 770 860 καὶ
798 814 987 873 δεύτερον
1019 815 1121 858 ἄλλο
1154 815 1260 869 μετὰ
1286 819 1420 857 ταῦτα
1439 817 1507 857 καὶ
1523 813 1687 872 χρόνοις

211 889 400 946 ὑστέροις
420 886 595 941 συνέστη
617 885 721 942 πρὸς
737 886 834 936 τοὺς
856 884 1045 935 δυτικούς
1069 881 1309 941 Τοχάρους,
1357 882 1402 926 ἔκ
1421 887 1554 926 ποθεν
1576 883 1689 939 ἀφα-

214 963 297 1003 νῶν
327 954 575 1006 ’ἒπιστάντας
603 955 672 997 καὶ
701 954 754 998 τὰ
780 951 925 1010 βόρεια
953 951 1238 1008 κατασχόντας
1265 952 1373 1006 μεθ’
1403 951 1465 995 ὅτι
1495 954 1685 995 πλείστου
1701 963 1744 996 10

213 1024 427 1080 δυνάμεως
441 1058 454 1078 ,
492 1021 763 1079 συνάλλαγμα
782 1028 840 1082 τῷ
861 1022 1028 1079 ἄρχοντι
1054 1020 1212 1065 τούτων
1230 1025 1367 1081 Νογᾷ,
1405 1019 1595 1071 ἐκδόντος
1611 1029 1686 1067 τοῦ

211 1095 414 1152 βασιλέως
432 1093 575 1150 ἑτέραν
604 1090 733 1139 παῖδά
766 1092 805 1135 οἳ
841 1092 884 1134 ἔκ
904 1092 1078 1135 σκοτίων
1107 1089 1352 1146 σπερμάτων
1382 1091 1682 1147 γεγεννημένην,

160 1179 192 1214 Β
217 1161 491 1222 Εὐφροσύνην
511 1159 709 1215 τοῦνομα,
748 1162 790 1211 ἐξ
810 1154 866 1203 ὧν
889 1160 1099 1215 συνέβαινε
1113 1160 1216 1214 μετὰ
1236 1160 1375 1216 φιλίας
1394 1160 1570 1209 ἐκείνους
1585 1162 1686 1217 ἔχειν

213 1232 241 1277 ἃ
266 1234 316 1290 δὴ
337 1233 799 1289 προσταλαιπωροῦντες
818 1229 983 1287 πολέμῳ
999 1226 1117 1283 μόλις
1136 1226 1188 1271 ἂν
1211 1229 1400 1281 ἐκτῶντο,
1674 1284 1682 1292 .

163 1305 195 1340 C
356 1301 401 1347 6.
475 1303 547 1358 Τῷ
564 1299 639 1353 μὲν
661 1293 734 1341 οὖν
754 1302 920 1352 βασιλεῖ
932 1297 1036 1353 μετὰ
1052 1301 1187 1340 ταῦτα
1208 1297 1422 1353 διέγνωστο
1443 1296 1685 1354 ἀπαλλαγῆ-
1697 1307 1739 1342 15

210 1388 277 1414 ναι
299 1371 367 1412 καὶ
384 1365 468 1412 τῶν
488 1368 713 1423 βασιλίδων
735 1371 818 1410 τῶν
842 1368 909 1410 καὶ
931 1366 1201 1423 αὗταδέλφων
1219 1370 1294 1409 τοῦ
1314 1366 1460 1416 παιδὸς
1476 1365 1682 1420 Ἰωάννου,

210 1441 423 1482 δοκουσῶν
452 1436 553 1492 ἔχειν
581 1437 648 1479 καὶ
676 1433 834 1479 τούτων
865 1435 913 1479 τὸ
940 1435 1064 1493 μέρος
1089 1435 1302 1490 βασιλείας
1320 1439 1472 1493 κλῆρον
1498 1436 1578 1480 ἀπὸ
1601 1455 1684 1479 πα·-

211 1505 325 1565 τρός.
396 1507 463 1549 καὶ
489 1504 558 1548 διὰ
577 1508 700 1548 τοῦτο
721 1501 841 1558 βαθύ
869 1521 908 1547 τι
932 1508 1097 1548 σκοπῶν
1120 1505 1269 1554 ἐκεῖνος
1292 1502 1518 1559 Ῥωμαίους
1538 1504 1685 1556 αὐταῖς

209 1576 259 1620 οὐ
284 1571 555 1630 συνήρμοττε.
628 1571 703 1627 τὴν
731 1571 806 1627 μὲν
832 1571 910 1629 γὰρ
939 1576 998 1630 τῷ
1026 1571 1107 1615 ἀπὸ
1125 1575 1200 1614 τοῦ
1220 1571 1395 1629 Μορέου
1415 1573 1566 1630 εὐγενεῖ
1580 1577 1683 1617 Λα-

209 1645 308 1704 τίνῳ
339 1643 472 1703 Μαΐῳ
503 1638 815 1702 Δεβελικούρτῳ
848 1640 1050 1702 λεγομένῳ
1081 1644 1253 1697 συνῆγεν
1284 1643 1340 1692 εἷς
1357 1642 1473 1697 λέχος
1492 1642 1739 1687 ἓντεῦθενὲο

208 1786 257 1822 tis
289 1784 506 1820 Christianae
538 1794 644 1819 causa
673 1783 775 1828 fidei,
807 1782 899 1830 quod
933 1795 1009 1819 eam
1039 1783 1212 1829 abnegare
1242 1782 1329 1819 iussi
1359 1786 1566 1828 renuerent,
1601 1797 1684 1821 con-

209 1844 282 1868 sum
308 1832 336 1866 ti
357 1835 448 1866 sunt.

285 1844 359 1912 pEn
391 1875 475 1922 quid
506 1875 703 1910 Christiana
734 1875 928 1921 respublica
950 1875 1204 1922 profecerim-x
1236 1875 1347 1910 auctis
1368 1875 1570 1922 Aethiopum
1594 1877 1684 1912 viri-

211 1925 276 1959 bus
298 1921 524 1968 imprudentia
547 1921 603 1956 vel
626 1921 740 1968 potius
767 1922 895 1956 malitia
917 1926 1036 1957 nostra
1059 1922 1277 1968 consiliisque
1300 1922 1485 1957 ambitiosis
1505 1928 1542 1957 et
1562 1924 1682 1969 priva-

210 1975 266 2005 tas
297 1969 463 2005 utilitates
493 1969 582 2003 bene
619 1968 799 2014 quantovis
829 1972 960 2013 emptas
998 1968 1175 2014 dispendio
1209 1968 1387 2003 arbitratis
1419 1969 1680 2014 cupiditatibus!

211 2016 447 2052 Tocharorum
469 2026 551 2049 vero
583 2013 621 2048 in
645 2014 758 2048 clades
782 2013 1052 2049 Christianorum
1074 2013 1234 2048 ferociam
1258 2014 1367 2048 adhuc
1390 2014 1524 2060 quidem
1547 2021 1680 2051 utcum-

211 2074 279 2109 que
310 2071 526 2104 coercemus,
557 2071 624 2094 non
656 2071 824 2094 armorum
857 2060 974 2106 utique
1005 2064 1099 2094 metu
1129 2063 1190 2094 aut
1219 2060 1350 2094 viribus
1373 2061 1520 2105 nostris,
1554 2063 1680 2107 quibus

211 2119 313 2163 quam
335 2118 455 2153 parum
479 2106 619 2141 fidamus
642 2105 710 2152 ipsi
732 2110 874 2149 norunt,
905 2106 967 2141 sed
989 2106 1143 2152 precario
1167 2107 1376 2141 emendicata
1397 2107 1513 2152 gratia
1535 2108 1679 2152 illorum,

212 2166 306 2196 sive,
330 2158 368 2187 ut
390 2164 472 2187 vero
493 2152 658 2188 vocabulo
682 2163 754 2189 rem
778 2157 817 2187 ut
839 2156 894 2187 est
916 2153 1164 2199 exprimamus,
1200 2153 1381 2187 servilibus
1405 2154 1599 2208 obsequiis,
1624 2156 1679 2190 af-

210 2199 401 2234 finitatibus
422 2198 498 2232 illos
520 2199 745 2242 honorantes,
778 2202 814 2233 et
835 2199 984 2233 ditantes
1006 2199 1102 2233 donis
1126 2198 1330 2233 creberrime
1353 2199 1545 2241 missitatls,
1577 2213 1679 2247 quam

211 2245 248 2279 in
271 2257 343 2279 rem
365 2245 492 2290 optima
514 2249 550 2279 et
573 2243 814 2290 pretiosissima
835 2249 1028 2279 nostrorum
1049 2245 1286 2290 impendimus.
1332 2245 1398 2279 huc
1415 2246 1564 2291 pertinet
1587 2247 1679 2292 quod

211 2291 386 2336 aliquanto
409 2295 488 2335 post
511 2290 596 2325 haec
618 2294 773 2337 tempora
795 2292 915 2326 foedus
946 2291 1047 2325 inivit
1068 2291 1254 2336 imperator
1283 2303 1358 2326 cum
1381 2292 1548 2326 Tocharis
1573 2293 1679 2328 Occi-

211 2336 310 2378 duis,
333 2347 376 2370 ex
399 2336 494 2381 prius
517 2335 644 2380 ignotis
666 2337 812 2382 prodere
834 2348 872 2372 se
901 2349 943 2371 ac
965 2338 1122 2384 proferre
1153 2337 1189 2371 in
1220 2338 1329 2372 lucem
1351 2337 1591 2383 incipientibus
1607 2366 1618 2381 ‚
1641 2342 1679 2374 et

210 2393 301 2429 quae
334 2381 461 2416 nostris
491 2382 614 2416 finibus
648 2393 668 2416 a
698 2383 939 2428 Septentrione
977 2383 1136 2418 obiacent
1168 2383 1205 2417 vi
1239 2384 1383 2418 maxima
1420 2385 1678 2429 occupantibus.

211 2439 355 2474 quorum
387 2427 531 2474 principi
562 2427 663 2472 Noga
692 2428 782 2463 dicto
813 2429 998 2475 imperator
1030 2430 1130 2464 aliam
1161 2441 1255 2464 suam
1285 2430 1412 2474 filiam,
1444 2434 1480 2464 et
1501 2430 1610 2476 ipsam
1634 2443 1677 2466 ex

210 2473 337 2529 pellice
380 2473 551 2518 genitam,
594 2473 691 2508 dedit
726 2486 865 2510 uxorem
879 2502 891 2518 ,
932 2476 1192 2522 Euphrosynem
1223 2476 1368 2511 nomine.
1413 2476 1502 2510 unde
1535 2477 1679 2523 contigit

188 2558 191 2564 k
211 2530 305 2566 ipsos
328 2519 416 2554 ultro
440 2531 461 2553 a
495 2519 593 2554 nobis
616 2519 782 2555 amicitiae
811 2521 943 2556 nomine
966 2522 1155 2556 condonata
1177 2523 1314 2558 auferre
1329 2548 1340 2566 ‚
1363 2533 1453 2568 quae
1476 2522 1617 2569 ancipiti
1642 2528 1679 2558 et
1711 2533 1714 2535 ’

211 2565 380 2602 laborioso
404 2565 491 2600 bello
514 2564 573 2599 vix
595 2568 944 2613 unquam¹acquirere
967 2568 1170 2614 potuissent.
1638 2580 1642 2582 ·

305 2612 338 2646 6.
386 2611 472 2646 Post
501 2611 586 2645 haec
619 2612 775 2647 decrevit
805 2613 990 2660 imperator
1022 2625 1179 2648 amovere
1210 2626 1231 2648 a
1261 2625 1300 2649 se
1322 2617 1406 2659 tres,
1419 2613 1555 2659 reginas
1578 2615 1677 2669 pueri

211 2656 351 2692 Ioannis
379 2667 513 2692 sorores
543 2668 740 2702 germanaS‚
772 2670 862 2705 quae
891 2660 1003 2694 videri
1027 2663 1185 2706 poterant
1205 2665 1337 2707 partem
1359 2659 1503 2706 aliquam
1525 2661 1610 2695 iuris
1633 2662 1676 2696 ad

212 2703 388 2749 imperium
421 2714 443 2738 a
475 2707 575 2747 patre
609 2703 758 2738 trahere.
806 2716 914 2750 quare
944 2706 1131 2740 cavendum
1157 2706 1259 2741 etiam
1289 2710 1392 2752 atque
1415 2706 1517 2741 etiam
1539 2708 1677 2752 putavit

213 2761 258 2791 ne
279 2749 321 2783 iis
345 2747 488 2784 Romani
510 2747 671 2794 coniuges
695 2749 877 2795 darentur,
901 2763 944 2786 ne
967 2764 1036 2797 qua
1057 2751 1135 2786 inde
1157 2753 1310 2798 cuiquam
1334 2751 1453 2786 offerri
1475 2763 1590 2788 rerum
1611 2765 1673 2788 no-

213 2806 334 2829 varum
357 2794 600 2830 moliendarum
633 2800 751 2840 posset
782 2796 916 2831 occasio
951 2803 989 2832 et
1020 2797 1102 2833 oriri
1135 2798 1349 2844 perturbatio
1372 2797 1438 2832 sibi
1461 2799 1676 2845 familiaeque

214 2851 296 2876 suae
319 2841 522 2888 periculosa.
566 2840 673 2887 igitur
694 2853 795 2877 unam
818 2842 954 2889 quidem
976 2843 1125 2890 ipsarum
1149 2843 1254 2880 nobili
1275 2843 1398 2880 Latino
1423 2844 1518 2880 Maio
1541 2845 1585 2881 de
1606 2846 1677 2882 Bn-
