1884 3262
286 172 389 221 496
703 168 937 214 GEORGII
969 169 1313 219 PACHYMERIS

289 286 337 328 δὲ
357 283 400 326 ἔκ
415 284 709 338 στρατιωτικῆς
726 281 874 338 μοίρας
893 280 1111 335 ἀναλαβών
1134 283 1200 324 καὶ
1230 289 1314 331 τοῖς
1331 280 1575 338 μαθήμασιν
1592 281 1732 332 ἐνδοὺς

286 348 528 406 ἓνσχολάσαι
555 349 778 405 λογοθέτην
805 354 886 392 τῶν
917 353 1080 405 γενικῶν
1108 350 1250 403 ἐτίμα,
1281 348 1469 401 συζεύξας
1489 352 1544 400 εἰς
1560 347 1730 406 γυναῖκά

285 420 327 462 οἷ
348 420 413 460 καὶ
433 418 506 475 τὴν
530 421 602 460 τοῦ
622 419 963 472 Καντακουζηνοῦ
982 417 1206 474 θυγατέρα,
1240 418 1306 459 καὶ
1323 420 1465 474 μεσίτῃ
1483 422 1565 461 τῶν
1585 421 1730 460 κοινῶν

287 488 448 541 ἐχρᾶτο.
516 484 588 527 τὸν
625 486 699 539 μὲν
739 481 810 527 οὖν
840 485 1132 540 Ἀκροπολίτην
1168 485 1235 526 καὶ
1274 484 1627 535 ἀποπροσεποιεΐτο
1661 486 1729 528 καὶ

234 566 264 601 Β
288 555 455 610 κρείττω
472 557 554 595 τῶν
571 552 667 594 κατ’
689 553 834 596 ἐκεῖνον
862 553 933 596 τὸν
961 552 1098 606 θυμὸν
1116 548 1185 607 ἦγε
1197 583 1211 604 ,
1247 556 1305 610 τῷ
1326 552 1370 593 δὲ
1395 550 1640 604 Μουζοῖλωνι
1659 553 1760 596 καὶὸ

287 623 378 664 λίαν
402 618 648 675 χολούμενος
678 616 741 674 ἦν.
808 625 866 679 τῷ
897 637 961 663 τοι
995 622 1061 663 καὶ
1088 617 1302 669 ἐνστάντος
1342 623 1484 674 καιροῦ
1517 621 1729 674 πρεσβείας

282 689 387 746 πρὸς
398 686 555 743 Ῥώμην
566 719 579 740 ,
611 687 822 744 ἀφειμένος
841 692 921 731 τῶν
941 687 1074 731 ἄλλων
1095 686 1116 731 ὅ
1136 686 1326 741 βασιλεὺς
1344 687 1448 729 κατὰ
1466 693 1630 742 πεῖραν,
1667 685 1728 730 οῗ-

287 775 364 812 μαι
375 789 389 809 ,
431 756 551 798 πλέον
584 756 709 810 ἐπεῖχε
737 754 871 814 τούτῳ
903 755 955 798 τὰ
984 763 1057 810 τῆς
1080 756 1293 809 πρεσβείας
1311 753 1602 805 ἀναδέξασθαι.
1673 752 1729 804 ὥς

286 826 334 868 δὲ
351 823 621 880 προστάσσων
645 824 762 866 οὐδὲν
787 823 882 878 ἤνυε
911 824 1032 866 πλέον
1062 827 1135 867 τοῦ
1157 825 1286 865 δοκεῖν
1310 826 1433 879 κωφῷ
1460 821 1728 877 προλέγεσθαι

289 894 361 935 καί
375 909 417 948 γε
435 895 576 950 τυφλῷ
601 896 658 949 τῷ
678 889 810 950 τούτῳ
829 889 1021 934 ὃιανεύειν
1040 923 1054 944 ,
1093 893 1157 933 καὶ
1182 889 1204 944 ἡ
1225 890 1333 932 αἰτία
1361 894 1434 944 τῆς
1450 886 1727 945 παραιτήσεως
1739 897 1783 933 10

190 994 197 1000 ,
238 968 271 1002 C
295 961 368 1004 οὐκ
387 958 584 1015 ἠγνόητο,
618 959 762 1001 αὐτίκα
781 964 920 1012 θυμοῦ
938 961 1031 1015 πρὶν
1054 958 1246 1014 ἐγκρατὴς
1264 956 1319 1000 ὢν
1342 955 1492 1011 ἡττᾶτο
1511 955 1628 1009 τότε,
1661 958 1728 999 καὶ

286 1033 346 1087 τῷ
364 1028 527 1085 ἀδελφῷ
548 1025 802 1083 προστάξας,
840 1026 885 1069 ὃν
904 1029 970 1069 καὶ
995 1028 1059 1069 ἐπὶ
1079 1032 1161 1068 τῶν
1178 1028 1403 1080 εἰσαγωγῶν
1427 1024 1549 1079 εἶχεν,
1579 1025 1727 1067 ἐκείνου

287 1094 598 1151 μεσιτεύσαντος
624 1096 698 1150 τὴν
726 1093 947 1151 ὖπηρεσίαν
978 1094 1133 1143 πολλὰς
1163 1095 1230 1135 καὶ
1261 1093 1430 1147 βαρείας
1459 1094 1613 1134 ἐντείνει
1622 1124 1636 1144 ,
1673 1089 1728 1140 ὦς

286 1165 392 1219 μηδὲ
413 1164 486 1218 τὴν
516 1164 555 1204 ἓν
568 1165 683 1218 χερσὶ
702 1164 927 1217 βακτηρίαν
956 1167 1131 1215 συνεχῶς
1152 1158 1409 1214 πλήττουσαν
1437 1163 1495 1218 τῷ
1514 1159 1608 1202 κατ’
1629 1159 1729 1201 ἐκεί-

285 1249 358 1275 νου
389 1231 579 1288 βασιλείῳ
612 1235 736 1289 &vaga
766 1230 932 1286 ἀρκέσαι
941 1262 954 1282 ,
998 1230 1101 1272 ἀλλὰ
1131 1230 1198 1270 καὶ
1223 1225 1375 1281 ταύτης
1404 1225 1649 1281 ἀπειπούσης
1676 1230 1726 1282 τῇ
1740 1235 1782 1270 15

287 1297 463 1356 θραύσει
493 1298 618 1352 ἄλλην
646 1302 995 1354 παραληφθῆναι,
1032 1296 1079 1339 τὸ
1107 1297 1255 1350 ἐκείνης
1276 1294 1389 1349 ἔργον
1409 1292 1730 1349 ἀναπληρώσου-

231 1375 264 1410 D
287 1383 379 1412 σαν.
450 1365 544 1409 ἀλλ’
573 1365 647 1409 οὐκ
674 1361 724 1420 ἦν
753 1367 885 1426 ἐκείνῳ
911 1365 965 1408 τὰ
995 1369 1068 1419 τῆς
1094 1366 1288 1421 τιμωρίας
1314 1363 1354 1412 ἐς
1378 1360 1495 1416 τόδε,
1534 1361 1639 1406 ἀλλὰ
1661 1363 1730 1405 καὶ

375 1486 411 1522 5.
434 1484 608 1532 κρείττων
630 1485 672 1520 Ρ.
809 1485 843 1519 9.
867 1482 1220 1529 προσδιαλέγεσθαιΐ)

282 1602 406 1634 motum
431 1598 465 1632 in
495 1596 759 1633 familiarissimis
781 1597 937 1631 habebat.
983 1597 1071 1631 hunc
1092 1607 1173 1631 vero
1196 1594 1357 1629 adscitum
1380 1606 1423 1629 ex
1442 1593 1578 1628 militari
1599 1591 1729 1636 ordine,

285 1651 323 1679 et
345 1644 452 1678 literis
484 1656 524 1678 ac
554 1643 738 1688 disciplinis
769 1655 829 1677 suo
866 1647 1000 1687 sumptu
1029 1644 1153 1676 iussum
1182 1641 1305 1683 imbui,
1338 1641 1529 1685 logothetae
1561 1639 1728 1684 generalis

283 1690 451 1734 dignitate
482 1690 723 1730 honoraverat3
754 1689 939 1733 eodemque
977 1692 1076 1722 aucto
1110 1688 1245 1731 insuper
1281 1687 1315 1720 in
1345 1686 1528 1732 potentiam
1559 1684 1728 1719 affinitate

285 1735 460 1780 splendida
480 1736 574 1778 (nam
596 1734 646 1766 illi
668 1734 770 1767 filiam
795 1734 1021 1767 Cantacuzeni
1044 1733 1136 1767 dedit
1158 1732 1346 1776 coniugem)
1376 1730 1555 1777 principali
1575 1730 1726 1764 ministro

285 1781 323 1814 in
346 1780 553 1825 publicarum
575 1790 687 1813 rerum
710 1780 950 1821 gubernatione
973 1780 1141 1812 utebatur.
1187 1782 1290 1822 atque
1318 1777 1358 1810 in.
1376 1776 1569 1821 Acropolita
1591 1774 1726 1820 quidem

285 1826 478 1859 ulciscendo
500 1826 584 1858 iram
615 1824 650 1857 in
678 1830 848 1868 potestate
876 1835 971 1858 suam
1002 1825 1140 1866 habuit,
1174 1835 1240 1857 non
1270 1821 1410 1856 ulterius
1442 1821 1594 1855 saeviens
1626 1830 1726 1865 quam

287 1882 364 1905 eum
387 1870 551 1915 privando
575 1870 647 1903 loco
665 1869 794 1913 gratiae
817 1881 914 1913 quem
938 1869 1030 1912 prius
1052 1869 1216 1902 tribuerat
1238 1871 1273 1901 et
1295 1879 1316 1901 a
1338 1878 1399 1900 sua
1420 1865 1647 1900 familiaritate
1668 1876 1726 1899 re-

286 1916 467 1950 movendo:
493 1915 528 1948 in
551 1915 760 1949 Muzalonem
781 1919 871 1948 totas
894 1914 1040 1947 habenas
1061 1913 1255 1948 iracundiae
1268 1911 1406 1946 laxavit.
1451 1922 1524 1945 cum
1548 1910 1634 1944 enim
1651 1921 1726 1944 eum
1752 1908 1753 1911 ’

289 1960 467 1995 occasione
489 1961 578 1994 forte
601 1960 747 1994 instante
768 1959 919 1993 mittendi
941 1959 1070 2003 legatos
1100 1959 1260 1997 Romam,
1292 1956 1509 2002 explorandi,
1537 1958 1576 1990 ut
1597 1955 1726 1999 opinor,

289 2007 360 2040 eius
383 2005 485 2039 animi
518 2004 627 2049 gratia
648 2017 731 2049 prae
763 2004 904 2039 caeteris
932 2005 1110 2038 invitasset
1131 2003 1174 2037 ad
1203 2003 1302 2037 istam
1322 2002 1520 2046 legationem
1541 2001 1728 2045 suscipien-
1800 2003 1802 2005 '

287 2052 386 2093 dam,
409 2055 445 2085 et
465 2051 521 2084 ille
545 2056 683 2095 propter
706 2049 861 2084 videlicet
882 2049 1033 2084 omnibus
1055 2054 1169 2082 notam
1194 2049 1266 2082 eius
1290 2060 1311 2082 a
1332 2047 1464 2081 Latinis
1485 2050 1521 2080 et
1543 2057 1564 2080 a
1587 2057 1726 2080 concor-
1775 2047 1777 2049 ’

279 2097 344 2131 vdia
367 2108 441 2131 cum
459 2095 543 2141 ipsis
565 2095 770 2130 aversionem
792 2095 967 2129 admittere
987 2096 1179 2139 praefracte
1213 2098 1421 2133 recusasset,
1453 2103 1494 2126 ac
1517 2102 1561 2125 ne
1590 2090 1726 2126 iteratis

287 2142 422 2188 quidem
444 2142 535 2186 apud
564 2140 672 2186 ipsum
705 2141 746 2175 de
777 2141 841 2175 hoc
863 2140 1034 2174 instantiis
1056 2140 1130 2185 plus
1154 2139 1354 2184 profecisset
1373 2138 1554 2183 imperator
1575 2147 1674 2182 quam
1695 2135 1726 2170 si
1781 2138 1783 2143 '

287 2187 391 2222 surdo
415 2191 554 2221 caneret
575 2190 634 2220 aut
654 2186 810 2221 innueret
832 2197 931 2220 caeco
945 2211 956 2228 ‚
978 2186 1021 2220 ad
1043 2190 1227 2220 extremum
1250 2184 1335 2218 omni
1359 2194 1500 2217 excussa
1525 2181 1632 2227 priori
1653 2192 1726 2216 mo-

290 2233 465 2266 deratione
497 2232 760 2274 excandescens,
793 2233 934 2266 fratrem
966 2232 1057 2273 eius,
1100 2242 1198 2275 quem
1226 2229 1294 2263 sibi
1327 2229 1588 2263 admissionalem
1618 2226 1724 2272 ipsius

283 2278 567 2313 commendatione
596 2278 746 2321 fecerat,
776 2277 917 2312 accitum
951 2277 1120 2321 corripere
1149 2277 1269 2310 fustem
1292 2275 1387 2309 iubet
1407 2284 1567 2318 suumque
1589 2283 1734 2315 germa-⁴

282 2334 362 2358 num
395 2323 600 2357 validissime
632 2325 778 2368 pulsare.
823 2323 906 2357 fecit
934 2323 969 2356 id
999 2322 1057 2357 ille
1079 2332 1144 2355 non
1176 2320 1426 2366 perfunctorie,
1467 2323 1642 2364 spectante
1669 2316 1725 2351 in-

283 2372 465 2412 stanteque
486 2374 554 2402 tam
576 2368 820 2413 inexplebiliter
851 2369 1023 2410 Augusto,
1054 2372 1094 2401 ut
1117 2378 1190 2401 cum
1210 2367 1349 2400 baculus
1377 2365 1412 2399 in
1434 2363 1604 2399 tundentis
1626 2372 1724 2397 manu

284 2413 496 2449 vehementia
518 2414 643 2447 ictuum
675 2415 803 2448 fractus
832 2413 1017 2447 dissiliisset
1038 2412 1071 2446 in
1098 2413 1228 2454 frusta,
1259 2411 1400 2446 nondum
1422 2410 1476 2445 ira
1497 2409 1620 2444 satiata
1641 2406 1725 2441 sumi

285 2459 431 2494 alterum
455 2459 593 2492 iusserit
624 2459 808 2504 plagasque
841 2458 1054 2493 accumulari.
1099 2469 1208 2502 neque
1229 2457 1284 2491 hic
1305 2455 1432 2490 infelici
1454 2455 1613 2489 malorum
1634 2451 1724 2487 finis.

286 2504 427 2540 eundem
450 2507 485 2537 et
507 2514 528 2537 a
558 2515 617 2538 suo
641 2510 821 2549 conspectu
853 2510 888 2538 et
911 2505 954 2539 ab
977 2503 1263 2538 administratione
1292 2513 1402 2537 rerum
1423 2503 1566 2535 amovet.
1609 2497 1644 2532 in
1667 2508 1725 2531 eo-

285 2561 353 2595 que
375 2549 445 2584 eius
467 2549 629 2593 despectu
651 2550 902 2594 perseveravit,
932 2550 1043 2595 quoad
1071 2549 1129 2582 ille
1163 2548 1271 2582 victus
1293 2547 1387 2582 malis
1417 2549 1451 2581 et
1472 2543 1593 2592 prioris
1614 2544 1725 2577 fortu-

285 2607 352 2629 nae
373 2594 571 2629 desiderium
593 2605 657 2628 non
680 2596 792 2628 ferens
815 2595 857 2628 ad
881 2606 1000 2640 preces
1021 2595 1151 2629 infimas
1168 2593 1363 2637 descendit,
1386 2591 1621 2634 declarataque
1644 2599 1726 2633 per-

287 2652 403 2686 peram
426 2643 573 2674 actorum
597 2639 822 2684 poenitentia,
853 2646 889 2674 et
910 2640 1038 2674 idoneis
1061 2639 1159 2686 quasi
1181 2639 1321 2674 vadibus
1344 2650 1384 2672 ac
1407 2635 1598 2683 pignoribus
1621 2633 1663 2668 de
1685 2645 1724 2668 se

287 2686 397 2728 datis,
425 2684 627 2719 exhibitione
649 2685 890 2719 contrariorum
921 2697 1058 2730 operum
1091 2690 1127 2719 et
1147 2695 1321 2726 sensuum,
1345 2683 1443 2717 fidem
1465 2678 1620 2726 promissi
1642 2678 1724 2713 fecit

290 2743 358 2776 quo
381 2742 420 2766 se
442 2730 676 2775 obstringebat
699 2741 767 2763 non
789 2729 894 2764 solum
925 2732 969 2764 ad
1002 2730 1159 2776 deinceps
1192 2727 1466 2776 acquiescendum
1489 2725 1583 2771 paci,
1606 2724 1665 2759 sed
1688 2725 1724 2758 et

290 2777 321 2812 si
343 2775 424 2823 quid
445 2775 586 2812 ulterius
606 2786 648 2812 eo
669 2774 705 2812 in
726 2786 852 2821 genere
881 2776 1034 2821 Augusto
1067 2775 1160 2813 cordi
1182 2779 1294 2819 esset,
1326 2774 1411 2808 citra
1432 2771 1531 2808 ullam
1553 2769 1724 2816 exceptio-
