1884 3262
558 198 664 243 LlB.
685 198 765 244 111.
819 176 1312 249 CHRONoLoGIcuS.
1576 208 1677 256 757

214 301 292 366 222¹
333 301 495 364 ξιξὲᾖξξξὶ
521 303 687 367 ffissfmgl’fg
792 309 1059 350 Tarchaniota
1084 311 1190 352 filius
1216 313 1400 369 Marthae
1426 307 1573 358 sororis
1590 319 1670 359 im—

283 357 291 364 '
333 370 496 400 Glemlv.
537 373 678 403 Palaeol.
733 368 929 419 perator-is
968 369 1172 421 coniugem
1209 370 1322 410 ducit
1356 372 1484 413 -filiam
1513 376 1669 417 Ioannis

199 410 306 452 1268
413 407 442 450 4
605 414 633 454 9
733 424 868 463 fratris
889 425 1076 477 despotae
1095 427 1335 467 Occidentis,
1392 430 1444 468 ib.
1465 445 1497 470 c.
1516 436 1584 476 26.

788 492 858 531 Die
876 496 931 535 29
948 494 1182 534 Novembris
1199 496 1375 536 Clemens
1390 498 1445 538 IV
1458 514 1561 552 papa
1576 515 1667 541 mo-

731 548 837 588 ritur
862 550 1042 590 viterbii.
1099 553 1250 604 Spond.
1279 567 1330 593 ex
1350 556 1474 608 antiq.
1492 572 1667 600 monum.

730 604 809 644 hoc
825 619 930 646 anno
946 621 985 647 n.
1009 610 1076 652 12.

707 695 1666 716 Ἣ

329 742 400 772 Sed.
418 743 492 773 vac.
786 740 1006 782 orientales
1031 746 1259 796 provinciae
1283 747 1437 800 imperii
1457 751 1665 795 Persarum

195 784 303 827 1269
413 784 434 824 1
577 785 628 824 10
729 796 1022 839 incursionibus
1043 801 1287 843 desolantur.
1343 805 1528 859 Pachym.
1548 810 1576 851 4
1597 813 1665 853 27.

785 866 1096 917 Arsenianorum
1128 870 1298 911 schisma
1321 874 1445 926 magis
1468 878 1667 930 magisque

727 922 947 974 invalescit.
1002 926 1059 965 ib.
1081 941 1114 967 c.
1134 930 1207 971 28.
1278 969 1281 971 .

785 991 949 1031 Carolus
975 994 1104 1034 frater
1133 997 1172 1035 S.
1192 996 1386 1037 Ludovici
1413 1000 1513 1051 regis
1533 1000 1665 1041 Fran-

727 1046 831 1096 ciae,
860 1050 943 1087 acie
971 1051 1078 1090 victo
1096 1065 1201 1091 anno
1223 1055 1416 1105 superiori
1435 1058 1663 1098 Conradino

727 1103 779 1141 ad
795 1104 927 1144 lacum
942 1107 1159 1159 Fucinum,
1188 1110 1392 1162 pacificam
1409 1113 1486 1152 iam
1507 1124 1663 1166 posses-

725 1160 875 1199 sionem
892 1163 1055 1203 inchoat
1077 1166 1187 1217 regni
1204 1167 1453 1220 Neapolitani
1469 1177 1509 1209 et
1526 1173 1661 1223 Siculi,

725 1231 771 1255 ac
787 1218 972 1258 Balduini
987 1221 1069 1260 filio
1088 1223 1430 1278 Constantinopoli
1447 1230 1602 1280 profugi
1616 1230 1660 1270 in

723 1287 911 1325 generum
941 1277 1092 1317 adscito
1130 1280 1275 1318 auxilia
1307 1284 1543 1335 promittens
1577 1286 1658 1324 Mi-

724 1330 851 1369 cha'eli
882 1333 1112 1387 Palaeologo
1145 1350 1283 1376 curam
1313 1339 1448 1382 iniicit.
1506 1342 1658 1383 indicat

722 1386 820 1426 haec
845 1389 1032 1442 Pachym.
1051 1393 1172 1432 variis
1197 1394 1313 1447 locis,
1341 1399 1368 1438 3
1397 1399 1423 1441 8
1453 1403 1493 1437 et
1522 1401 1598 1452 36,
1626 1399 1654 1443 4

721 1447 798 1495 29,
828 1451 869 1485 et
889 1447 996 1488 alibi.
1026 1495 1029 1498 ῃ
1543 1480 1547 1483 »

777 1513 993 1566 Hyacinthi
1029 1517 1148 1556 factio
1187 1525 1229 1558 et
1266 1520 1653 1575 Pantepoptenorum

720 1572 1008 1612 monachorum
1026 1588 1101 1626 pro
1118 1574 1283 1615 Arsenio
1299 1581 1559 1630 pugnantium
1583 1596 1653 1622 ec-

308 1404 313 1430 ι

304 1432 317 1804 ἕ
391 1619 396 1625 ’
722 1627 877 1667 clesiam
897 1631 1050 1672 turbat.
1106 1631 1134 1673 4
1166 1636 1218 1675 19
1247 1640 1289 1672 et
1315 1638 1383 1677 28.

494 1691 501 1810 i
778 1694 945 1737 Carolus
972 1711 1047 1738 rex
1078 1700 1230 1739 Siciliae
1260 1702 1421 1743 classem
1449 1713 1578 1746 armat
1602 1707 1655 1747 ad

720 1752 1102 1807 Constantinopolim
1119 1760 1444 1811 recuperandam.
1462 1761 1488 1803 5
1511 1766 1549 1806 8.
1579 1777 1656 1803 va-

718 1809 769 1847 rii
797 1817 939 1850 contra
957 1813 1079 1852 istum
1097 1821 1249 1854 metum
1264 1817 1511 1870 imperatoris
1530 1834 1656 1874 appa-

717 1871 841 1907 ratus.
898 1869 951 1908 ib.
972 1875 1014 1908 et
1031 1883 1126 1909 mox
1146 1885 1179 1911 c.
1199 1876 1264 1915 10.

184 2004 292 2044 1270
400 2007 427 2046 2
563 2008 614 2048 11
774 2001 850 2040 Per
873 2002 947 2042 hos
969 2018 1094 2045 annos
1113 2007 1258 2046 enituit
1279 2010 1409 2048 virtus
1431 2011 1568 2051 bellica
1587 2014 1654 2053 Io-

718 2058 831 2096 annis
854 2058 1038 2112 despotae
1066 2064 1202 2103 fratris
1230 2065 1501 2120 imperatoris,
1530 2071 1654 2110 variis

717 2116 959 2156 successibus
985 2120 1283 2170 expeditionum
1307 2137 1587 2176 prosperarum
1607 2128 1651 2167 in

716 2171 936 2269 Orientalliis
953 2180 994 2215 et
1011 2176 1208 2217 Occiduos
1236 2184 1389 2219 tractus
1410 2182 1593 2233 probata.
1622 2188 1650 2228 3

713 2230 766 2270 21
787 2235 828 2268 et
845 2243 868 2268 a
924 2245 948 2270 ι.

771 2297 1037 2339 Tarchaniota
1066 2314 1229 2354 magnus
1253 2304 1537 2360 Conostaulus,
1566 2309 1647 2349 im·-

713 2356 908 2406 peratoris
929 2370 979 2396 ex
997 2358 1153 2397 Martha
1173 2374 1309 2400 sorore
1330 2377 1473 2416 nepos,
1503 2372 1645 2406 contra

714 2413 958 2453 avunculum
977 2415 1155 2466 rebellat,
1186 2417 1238 2456 ad
1258 2419 1443 2459 loannem
1461 2436 1644 2463 socerum

714 2468 898 2521 despotae
923 2472 1149 2512 Occidentis
1179 2475 1342 2517 fratrem
1367 2480 1643 2532 transfugienS,

713 2525 902 2566 Tocharis
921 2528 1031 2580 prius
1057 2530 1100 2569 in
1122 2531 1297 2584 regiones
1316 2535 1481 2587 imperio
1500 2537 1643 2575 subdi-

710 2587 772 2620 tas
799 2585 995 2637 evocatis,
1023 2587 1094 2638 qui
1120 2589 1305 2630 caedibus
1336 2597 1375 2630 et
1400 2593 1549 2646 rapinis
1576 2606 1642 2632 eas

710 2645 933 2681 vastarunt.
964 2642 1019 2686 -4
1047 2646 1114 2687 30.

764 2697 982 2749 Imperator
1026 2698 1174 2753 legatos
1219 2703 1271 2742 ad
1314 2706 1353 2744 S.
1391 2704 1640 2745 Ludovicum

707 2752 955 2795 Francorum
995 2769 1125 2810 regem
1167 2759 1315 2810 mittit,
1365 2761 1434 2812 qui
1470 2775 1560 2801 eum
1596 2763 1641 2802 in

705 2809 840 2849 Africa
868 2812 1067 2854 Tunetum
1095 2815 1339 2857 obsidentem
1367 2818 1580 2859 inveniunt
1598 2825 1641 2859 et

707 2867 789 2907 eius
815 2870 935 2910 morti
957 2869 1168 2913 intersunt.
1590 2894 1593 2899 ·
