1884 3262
431 187 510 230 DE
541 185 821 231 MICHAELE
854 184 1235 232 PALAEOLOGO
1268 186 1318 231 L.
1345 184 1425 231 m.
1564 185 1665 233 237

174 297 331 352 δόναις.
399 300 497 345 ἀλλ’
538 300 616 345 οὐκ
659 299 813 358 ἤνυτον
848 299 896 344 τὸ
934 296 1156 357 παράπαν·
1203 303 1265 359 τῷ
1303 298 1384 357 γὰρ
1427 295 1582 356 πλήθει
1621 299 1664 343 οἷ

172 373 320 429 ἐχθροὶ
340 375 564 429 περιῆσαν,
603 373 671 414 καὶ
690 371 892 425 κλίμακας
911 369 1222 426 εὖτρεπίσαντες
1248 370 1452 413 ἐπιθεῖναι
1469 375 1560 420 τοῖς
1578 370 1662 413 τεί-

169 458 285 498 χεσιν
302 442 522 498 ἐπειρῶντο
535 454 546 465 ·
583 438 828 498 παρώτρυνε
854 438 933 496 γὰρ
953 439 1129 489 ἐκείνους
1150 438 1274 490 πλέον
1305 440 1374 482 καὶ
1395 436 1422 494 ἦ
1451 442 1537 484 τῶν
1553 455 1663 496 χρη-

173 508 318 569 μάτων
348 512 404 561 εἷς
428 517 570 567 χεῖρας
601 509 702 554 ὅσον
719 508 846 553 ὀὔπω
868 507 1150 565 γενησομένων
1171 509 1308 560 ἐλπίς,
1347 510 1415 550 καὶ
1434 509 1661 565 ἐπέβριθον

138 593 162 628 6
177 578 235 630 ὥς
257 577 525 637 λαφύξοντες.
599 579 707 622 ἀλλὰ
730 582 866 622 ταῦτα
881 578 958 632 μὲν
987 577 1037 620 τὸ
1059 577 1169 620 πολὺ
1198 580 1388 631 πλῆθος,
1423 574 1485 627 οἷς
1514 577 1589 620 οὐκ
1607 572 1658 633 ἦν
1680 591 1713 627 Β

171 648 277 692 ἄλλο
299 648 325 704 ἢ
349 650 399 694 τὸ
419 649 645 707 κερδαίνειν
664 645 876 705 προύργου
898 643 1078 696 παντός·
1117 646 1156 690 οἶ
1187 646 1237 688 δέ
1249 662 1293 702 γε
1315 650 1571 702 προεστῶτες
1593 649 1662 689 καὶ

173 708 237 769 οἷς
256 713 306 774 ἦν
330 717 358 774 ἦ
380 719 552 774 σκέψις,
588 718 636 761 τὸ
661 718 736 773 μὲν
764 717 988 774 κερδαίνειν
1019 715 1120 766 τοὺς
1150 716 1312 758 ἐκείνων
1345 716 1414 757 καὶ
1442 714 1599 766 ἔξωθεν
1615 717 1660 759 ἐκ

172 792 250 843 τῆς
266 785 408 845 χώρας
426 786 534 844 εἶχον
560 787 727 842 ἕτοιμον
747 785 793 830 ὂν
811 788 880 830 καὶ
900 785 1023 830 πλέον
1043 783 1071 840 ἢ
1101 783 1178 840 τὴν
1198 788 1318 841 σφῶν
1340 784 1547 838 ἐμπιπλᾶν
1571 786 1660 827 ἐπι-

172 858 360 912 θυμίαν,
397 856 552 907 αὐτοὺς
581 856 625 899 δ’
655 858 691 900 εἲ
718 855 934 910 οἷστοχοῒεν
961 858 1049 898 τῶν
1071 854 1114 905 ἐξ
1142 853 1274 911 ἀρχῆς
1294 853 1570 909 προκειμένων
1593 853 1662 910 γε’-

118 938 165 973 10
175 930 290 970 λωτα
313 925 455 983 ὅφλειν
479 923 678 981 ἐνόμιζον.
750 924 852 968 ὅθεν
873 926 942 968 καὶ
961 924 1201 978 πέμψαντες
1219 922 1327 977 μετὰ
1349 921 1425 978 τὴν
1441 921 1660 980 παράστα-

172 1011 239 1039 σιν
273 1000 358 1039 τῶν
386 997 529 1039 δεινῶν
565 996 633 1037 καὶ
662 995 711 1038 τὸ
750 996 882 1045 δεῖξαι
912 991 970 1043 ὥς
999 993 1137 1036 ἱκανοί
1170 994 1248 1035 εἰσι
1277 992 1565 1050 περιγενέσθαι
1593 994 1662 1036 καὶ

170 1061 300 1108 πάντ’
324 1063 427 1119 ἔχειν
442 1096 457 1117 ,
496 1063 568 1121 ἐφ’
594 1062 653 1106 ἑνὶ
683 1067 742 1122 τῷ
764 1062 946 1107 σουλτὰν
966 1062 1015 1106 τὸ
1037 1066 1120 1105 πᾶν
1145 1063 1314 1105 ἐτίθουν
1326 1093 1342 1115 ‚
1379 1063 1448 1106 καὶ
1469 1059 1659 1119 ἀπῄτουν
1682 1075 1714 1110 c

173 1133 328 1177 ἐκεῖνον
355 1132 445 1188 ἅμα
465 1137 555 1191 λαῷ
576 1150 619 1176 τε
639 1135 708 1177 καὶ
725 1130 912 1189 χρήμασι
922 1166 936 1186 ,
966 1133 1035 1175 ’καὶ
1053 1131 1302 1175 τούντεῦθεν
1321 1134 1661 1186 καθυπισχνοίἱν-

173 1219 222 1246 το
252 1203 371 1260 σφίσι
398 1202 475 1258 τὴν
510 1202 668 1247 ἄδειαν.
738 1210 826 1253 τοῖς
854 1202 898 1246 δ’
923 1199 1151 1246 ἀκούσασιν
1168 1198 1195 1256 ἦ
1210 1199 1345 1255 βουλὴ
1370 1198 1560 1256 διάνδιχα
1579 1195 1630 1257 ἦν
1646 1213 1657 1224 ·

116 1282 161 1318 15
172 1278 260 1322 τοῖς
277 1272 352 1326 μὲν
373 1271 453 1329 γὰρ
480 1270 611 1316 ε’δόκει
629 1269 813 1324 διδόναι,
853 1269 909 1323 ὥς
937 1277 1121 1327 κρεῖττον
1154 1269 1201 1313 ὂν
1231 1268 1360 1313 ozi-162⁴
1380 1267 1577 1320 ἑκουσίως
1593 1270 1661 1312 ε’κ-

174 1338 326 1392 δόντας
351 1337 487 1385 τᾶλλα
517 1348 739 1400 περιποιεῖν
769 1339 794 1397 ἢ
821 1341 882 1396 μὴ
911 1341 1117 1391 θέλοντας
1144 1338 1249 1397 πρὸς
1277 1342 1336 1400 τῷ
1354 1342 1660 1395 συναποβαλεῖν

171 1506 253 1542 dine
274 1505 423 1542 hostium
439 1533 451 1550 ,
474 1507 535 1554 qui
559 1507 663 1542 etiam
685 1505 905 1553 praeparatis
927 1505 1029 1540 scalis
1059 1504 1096 1539 in
1125 1516 1241 1539 muros
1270 1503 1402 1539 insilire
1435 1503 1661 1541 conabantur.

174 1554 327 1588 addebat
357 1554 448 1588 enim
480 1555 661 1589 ruentibus
692 1554 809 1588 calcar
842 1553 928 1587 odor
951 1553 1179 1587 subemanans
1202 1555 1322 1586 tantae
1343 1551 1380 1586 in
1403 1551 1597 1597 propinquo
1619 1564 1662 1588 ac

171 1599 274 1646 quasi
310 1601 374 1634 sub
407 1612 542 1634 manum
574 1599 741 1646 pecuniae
775 1599 943 1642 iacentis,
974 1599 1070 1633 cuius
1104 1598 1237 1644 opimae
1260 1598 1416 1633 obiectae
1439 1597 1597 1632 faucibus
1620 1610 1663 1633 ac

170 1645 272 1692 quasi
294 1647 416 1681 famem
441 1647 562 1682 afflato
588 1659 632 1681 ex
664 1645 792 1680 vicinia
825 1645 947 1680 nidore
967 1644 1173 1691 proritantis
1195 1643 1375 1678 confestim
1405 1644 1664 1688 abliguriendae

169 1693 310 1727 admota
340 1693 493 1738 praedae
527 1704 610 1739 spes
643 1693 788 1727 immane
816 1696 981 1737 quantum
1015 1690 1260 1737 rapacissimae
1282 1690 1414 1735 gentis,
1437 1694 1512 1724 toto
1535 1690 1664 1725 dudum

170 1738 248 1773 nisu
273 1738 498 1774 incumbentis
522 1742 566 1773 ad
588 1738 875 1785 perrumpendiun
898 1737 1035 1783 quidvis
1058 1738 1223 1780 obstans,
1245 1737 1344 1771 novis
1367 1736 1511 1772 cumulis
1533 1737 1663 1773 suroris

169 1784 404 1822 inflammabat
427 1785 587 1831 impetus.
636 1797 698 1820 eae
720 1792 835 1820 tamen
860 1783 1089 1828 cogitationes
1111 1788 1213 1818 erant
1232 1783 1328 1828 vulgi
1350 1783 1531 1818 dumtaxat
1552 1783 1662 1818 mino-

168 1830 219 1869 ris
243 1842 285 1866 ac
306 1831 463 1867 militaris
486 1832 614 1874 faecis,
638 1831 771 1866 lucrum
791 1831 956 1866 intuentis
979 1842 1103 1872 unum,
1128 1842 1169 1864 eo
1194 1835 1320 1865 cuncta
1342 1829 1538 1872 referentis,
1561 1835 1662 1865 extra

169 1877 207 1913 id
230 1877 316 1912 nihil
338 1890 546 1924 magnopere
569 1878 734 1913 curantis.
782 1878 851 1912 alia
873 1877 1070 1912 sentiebant
1092 1876 1277 1923 optimates
1300 1888 1343 1911 ac
1365 1876 1492 1920 duces,
1517 1887 1661 1922 qnorum

170 1923 317 1959 arbitrio
349 1925 616 1960 deliberationes
646 1924 940 1959 concludebantur
971 1928 1008 1959 et
1038 1924 1193 1969 regimen
1223 1923 1428 1958 vertebatur
1450 1922 1659 1958 universum.

169 1970 234 2006 hos
251 1970 421 2016 cupiditas
442 1971 580 2006 inhians
602 1975 639 2006 et
669 1982 799 2006 avarae
829 1981 910 2015 spes
935 1970 971 2004 in
1002 1971 1103 2005 huius
1123 1970 1215 2005 arcis
1237 1969 1491 2016 oppugnatione
1512 1980 1582 2004 non
1604 1974 1660 2004 te-

169 2017 320 2059 nebant,
350 2018 455 2052 facile
488 2019 608 2064 utique
639 2018 795 2053 videntes
826 2017 959 2052 affatim
985 2022 1086 2052 extra
1108 2022 1268 2062 prostare
1297 2027 1361 2062 per
1381 2015 1558 2061 regionem
1582 2016 1658 2051 uni·

168 2074 305 2098 versam
327 2064 515 2109 spoliorum
539 2076 582 2099 ac
605 2065 775 2110 praedae,
800 2075 890 2110 quae
917 2067 1022 2109 raptu
1045 2067 1282 2109 congestaque
1303 2062 1440 2097 facilior
1463 2062 1508 2097 ad
1532 2069 1656 2097 exata-

169 2109 312 2144 randam
336 2111 552 2156 quantamvis
575 2111 774 2146 aviditatem
800 2111 885 2145 satis
907 2116 1013 2145 esset.
1058 2115 1120 2144 sed
1143 2121 1184 2144 eo
1202 2109 1435 2144 movebantur
1457 2107 1549 2154 quod
1573 2120 1656 2154 pro-

169 2154 335 2190 videbant
357 2168 418 2199 se,
455 2158 523 2192 nisi
544 2157 719 2192 destinata
752 2158 981 2203 perficerent,
1014 2156 1120 2191 risum
1152 2156 1329 2191 debituros
1350 2155 1556 2200 impuneque
1578 2155 1654 2190 fore

168 2201 328 2236 ludibrio.
374 2215 484 2248 quare
505 2204 551 2238 ad
573 2205 676 2238 finem
696 2204 910 2250 propositum
940 2206 1072 2239 rectam
1095 2204 1183 2237 banc
1212 2214 1288 2237 esse
1311 2202 1401 2236 viam
1422 2201 1514 2243 rati,
1548 2202 1655 2236 terri-

169 2251 247 2289 tos,
273 2253 311 2282 ut
334 2259 397 2294 par
431 2255 509 2284 erat
530 2251 692 2292 credere,
727 2256 899 2296 apparatu
921 2257 1027 2296 atque
1053 2249 1237 2285 insultibus
1259 2247 1377 2293 primis
1399 2247 1571 2282 Romanos
1594 2259 1656 2282 cn-

169 2294 288 2328 stodes
319 2294 411 2341 arcis
444 2307 508 2341 per
537 2301 653 2331 certos
681 2297 833 2332 homines
865 2300 1065 2338 tentarunt,
1098 2297 1322 2331 admonentes
1344 2293 1438 2328 haud
1461 2305 1540 2329 esse
1560 2294 1656 2340 ipsos

168 2340 382 2382 resistendo,
415 2346 452 2376 et
473 2342 559 2376 satis
582 2354 647 2388 pro
669 2355 735 2377 sua
755 2343 942 2389 prudentia
962 2342 1082 2377 videre
1111 2353 1215 2388 posse
1237 2340 1499 2376 Constantinum
1522 2344 1559 2375 et
1581 2341 1657 2376 To-

169 2387 294 2421 charos
315 2387 417 2422 facile
438 2388 608 2433 perficere
628 2390 722 2434 quod
745 2393 845 2424 erant
867 2389 1037 2435 aggressi,
1058 2394 1096 2423 et
1104 2396 1232 2423 arcem
1254 2398 1355 2422 unam
1377 2386 1479 2422 istam
1502 2398 1526 2422 a
1549 2388 1654 2422 fundo

169 2433 319 2468 diruere.
365 2435 582 2469 consulerent
611 2434 721 2479 igitur
751 2435 819 2470 sibi
847 2441 884 2470 et
913 2436 1045 2470 cladem
1075 2435 1229 2469 nltimam
1250 2439 1387 2470 matura
1406 2445 1472 2468 nec
1492 2433 1656 2470 indecora

169 2480 331 2526 pactione
352 2485 627 2526 praeverterent.
672 2482 738 2516 has
759 2484 855 2526 leges
884 2481 1141 2527 compositionis
1163 2483 1264 2516 fore:
1290 2481 1467 2516 Sultanem
1490 2492 1567 2516 cum
1590 2492 1655 2526 po·-

169 2526 251 2571 pulo
286 2532 322 2562 et
352 2527 499 2572 pecunia
533 2527 722 2570 dederent,
752 2527 818 2574 ipsi
849 2528 935 2563 salvi
965 2528 1105 2563 abirent
1135 2539 1203 2575 quo
1233 2528 1388 2570 luberet,
1412 2527 1522 2562 omnis
1545 2527 1590 2562 ab
1614 2539 1653 2562 se

169 2572 348 2608 molestiae
377 2574 502 2608 securi.
548 2574 603 2608 bis
631 2574 778 2608 Romani
809 2574 939 2610 auditis
979 2575 1016 2609 in
1050 2574 1137 2610 duas
1169 2586 1209 2610 se
1238 2574 1431 2611 contrarias
1462 2573 1654 2609 sententias

168 2618 355 2654 sciderunt.
402 2620 604 2666 quibusdam
627 2620 810 2656 videbatur
832 2621 1076 2666 praestabilius
1098 2621 1174 2656 dari
1195 2621 1287 2657 ultro
1308 2625 1443 2656 mature
1458 2621 1553 2667 qnod
1574 2631 1654 2656 mox

170 2665 442 2710 extorquendum
476 2667 514 2701 vi
544 2670 640 2708 erat,
674 2671 711 2701 et
744 2667 915 2702 beneficio
944 2668 1086 2704 exitium
1115 2668 1282 2703 redimere
1312 2679 1388 2702 cum
1421 2666 1490 2701 sibi
1514 2672 1585 2701 tum
1609 2666 1653 2702 iis

169 2711 303 2755 pariter
330 2711 531 2758 impendens
544 2739 556 2757 ‚
592 2725 682 2759 quae
714 2714 822 2750 stulta
842 2724 953 2760 supra
983 2715 1075 2750 vires
1094 2715 1327 2751 obstinatione
1350 2713 1442 2749 tueri
1465 2713 1654 2748 contende-

168 2762 259 2792 rent.
304 2758 349 2793 ab
372 2759 427 2795 bis
448 2759 509 2795 alii
528 2760 802 2803 dissentiebant,
833 2766 954 2797 contra
983 2761 1194 2798 disserentes
1215 2761 1285 2797 ista
1313 2772 1405 2807 quae
1427 2761 1471 2794 ab
1495 2760 1651 2795 hostibus

167 2803 278 2839 exitia
302 2807 554 2849 metuerentur,
586 2806 712 2842 iustius
732 2808 788 2845 >ab
816 2806 1025 2853 imperatore
1055 2808 1290 2850 formidanda3
1348 2807 1386 2842 ui
1407 2806 1529 2852 utique
1542 2805 1652 2853 ipsos,

167 2848 199 2885 m·
221 2849 370 2886 iuratam
402 2852 505 2889 fidem
527 2856 662 2889 terrore
695 2853 907 2899 abiecerint,
938 2854 1071 2892 meritis
1095 2855 1211 2901 legum
1239 2865 1330 2901 supp
1344 2852 1649 2889 οἰίειιιωιοωω
