1884 3262
286 544 677 617 ,PETRI
774 493 1296 615 Possim
1373 543 1445 612 E
1533 486 1637 616 s(
1695 547 1742 617 1.

571 655 1476 718 OBSERVATIONUM
1559 665 1562 667 ’

412 727 1695 819 PACHYMERIANARUM·

832 864 1074 907 LIBER
1140 863 1207 908 ΙΙ.
1624 871 1633 875 ”

634 948 1134 1001 COMPLECTENS
1170 949 1411 1000 NOTAS.

722 1164 788 1204 IN
826 1166 1058 1206 TITULO
1097 1163 1330 1204 OPERIS.

154 1254 183 1288 P
205 1235 276 1288 433
295 1224 592 1293 PACHYMERm.
650 1256 741 1282 cum
764 1246 868 1283 varii
894 1246 1004 1286 varie
1031 1245 1224 1283 Graecum
1251 1255 1396 1281 nomen
1419 1238 1657 1295 Παχυμερής
1673 1241 1751 1279 La-

297 1305 382 1342 tine
402 1302 566 1340 efferant
589 1305 629 1337 et
656 1300 886 1350 inflectant,
932 1302 997 1339 alii
1020 1300 1324 1352 Pachymeram,
1354 1299 1420 1336 alii
1441 1299 1750 1349 Pachymerium,

296 1360 364 1398 alii
396 1359 510 1396 aliter
537 1362 747 1406 vocantes,
775 1357 873 1395 mihi
903 1357 1144 1396 commodius
1164 1362 1201 1394 et
1219 1355 1437 1407 expeditius
1455 1356 1584 1394 visum
1609 1361 1668 1393 est
1685 1355 1751 1392 in-

294 1416 466 1456 flexione
492 1414 552 1452 uti
582 1413 719 1450 Latina
745 1415 952 1453 nominum
984 1415 1113 1452 classis
1140 1413 1293 1451 tertiae.
1350 1411 1445 1462 quin
1466 1411 1508 1449 id
1529 1411 1581 1449 sit
1602 1411 1753 1463 simpli-

295 1474 381 1512 cius
400 1477 440 1509 et
461 1470 513 1508 ad
530 1483 646 1508 usum
665 1469 835 1520 facilius,
864 1483 979 1508 nemo
1008 1470 1222 1521 negaverit.
1279 1469 1366 1506 iure
1395 1474 1526 1506 autem
1544 1467 1648 1516 fieri,
1678 1480 1754 1505 ex-

294 1529 433 1580 emplis
453 1526 684 1565 adstruitur.
741 1541 834 1565 nam
852 1527 1030 1578 Ulysses,
1057 1528 1257 1574 Socrates,
1293 1523 1586 1573 Demosthenes,
1616 1520 1752 1562 similia

292 1585 466 1639 plurima
496 1595 602 1621 mere
625 1582 763 1621 Latine
796 1584 843 1622 ab
874 1584 1055 1622 omnibus
1079 1583 1320 1630 flectuntur,
1361 1581 1471 1619 nullo
1501 1586 1683 1632 respectu
1700 1579 1753 1619 ad

292 1642 526 1681 inflexiones
553 1640 720 1678 Graecas
745 1640 914 1679 istorum
941 1640 1158 1678 nominum.
1225 1638 1310 1689 quis
1341 1639 1444 1675 enim
1472 1650 1648 1687 unquam
1677 1636 1752 1674 ad-

293 1699 479 1738 umbrare
503 1697 659 1735 curavit
676 1697 815 1734 Latino
834 1710 929 1734 sono
949 1696 1165 1747 genitivum
1185 1693 1474 1746 Δημοσθένους
1497 1699 1567 1731 aut
1597 1705 1755 1733 accusa-

292 1756 425 1794 tivum
459 1751 703 1804 Δημοσθένη
739 1753 995 1791 balbutiendo
1034 1751 1330 1790 Demosthenem
1371 1756 1441 1788 aut
1477 1749 1754 1798 Demosthene,

295 1812 475 1850 Romana
496 1809 677 1847 Minerva
693 1809 954 1849 invitissima?
982 1808 1060 1847 hoc
1081 1809 1155 1846 etsi
1172 1821 1343 1859 parvum
1359 1807 1494 1856 dictu,
1519 1818 1672 1845 necesse
1688 1805 1754 1844 vi*

299 1880 388 1905 sum
403 1865 469 1903 hic
488 1864 678 1915 profiteri.
764 1904 765 1907 ,

413 1921 649 1960 anAEms.
705 1926 849 1970 quotus
867 1920 933 1958 hic
953 1922 1055 1958 inter
1082 1920 1336 1970 imperatores
1351 1915 1755 1968 Constantinopolita-

302 1992 376 2018 nos
408 1976 574 2015 Michael
601 1976 740 2026 fuerit,
777 1990 859 2015 non
885 1977 960 2014 erit
986 1976 1126 2014 inutile
1154 1976 1271 2013 semel
1295 1980 1479 2013 statuere.
1536 1972 1755 2025 primus-ad

302 2032 623 2086 imperium-hoc
658 2045 802 2070 nomen
834 2033 996 2084 pertulit
1032 2031 1199 2070 Michael
1227 2031 1463 2082 Curopalata
1498 2035 1755 2081 cognomento

301 2089 611 2140 Rhangabenus,
634 2088 926 2127 laudatissimus
944 2089 1143 2140 princeps,
1173 2101 1275 2125 anno
1298 2087 1442 2124 Christi
1461 2088 1555 2127 811.
1612 2094 1756 2124 secun-

306 2147 382 2186 dus
410 2146 530 2184 homo
559 2145 846 2183 scelestissimus
871 2145 1038 2184 Michael
1061 2145 1226 2192 Balbus,
1266 2156 1286 2180 e
1311 2155 1465 2181 carcere
1483 2142 1552 2180 ubi
1570 2141 1757 2181 aid-vivi-

306 2203 553 2241 comburium
581 2202 837 2250 servabatur,
876 2202 916 2240 vi
950 2202 1001 2239 ad
1028 2201 1167 2239 solium
1196 2200 1326 2251 erupit
1359 2213 1462 2238 anno
1487 2198 1633 2238 Clu-isti
1659 2199 1754 2239 820.

307 2260 452 2297 tertius
463 2257 630 2296 Michael
656 2257 1015 2309 Porphyrogenitus
1041 2256 1247 2308 Theophili
1275 2255 1522 2308 imperatoris
1546 2255 1650 2293 filius
1666 2266 1756 2293 cum

303 2321 430 2354 matre
450 2314 659 2353 Theodora
681 2315 888 2365 imperium
907 2314 1055 2359 tenuit,
1087 2327 1229 2363 magno
1248 2313 1305 2351 rei
1319 2312 1497 2364 publicae
1517 2317 1556 2348 et
1575 2309 1757 2348 ecclesiae

302 2372 426 2410 malo:
454 2371 527 2408 suit
547 2371 670 2422 enim,
698 2371 767 2408 ubi
786 2370 980 2418 adolevit,
1008 2370 1267 2421 impiissimus.
1325 2368 1451 2419 coepit
1467 2367 1659 2406 dominari
1682 2379 1756 2406 an-

305 2441 359 2467 no
380 2427 524 2465 Christi
543 2427 638 2476 842,
657 2427 757 2465 male
777 2427 892 2478 periit
911 2429 1003 2469 867.
1060 2440 1163 2464 anno
1180 2426 1272 2464 inde
1293 2424 1438 2463 Christi
1462 2423 1568 2466 1034
1590 2420 1755 2460 Michatl

304 2483 500 2535 Paphlago
522 2497 545 2520 a
570 2483 698 2533 patria
729 2483 876 2531 dictus,
906 2482 1061 2521 adulter
1088 2483 1186 2520 Zo'es
1217 2484 1428 2532 Augustae,
1466 2481 1643 2518 Romano
1671 2477 1754 2516 eius

304 2540 393 2579 viro
429 2539 670 2589 strangulato
705 2539 915 2591 imperium
950 2539 1135 2589 arripuit,
1172 2544 1212 2575 et
1246 2538 1375 2576 tenuit
1407 2536 1517 2575 annis
1548 2536 1628 2574 sere
1651 2538 1755 2572 octo.

305 2596 476 2635 moriens
501 2607 759 2633 successorem
787 2595 927 2634 habuit
951 2595 1178 2633 Michaelem
1208 2600 1464 2644 cognomento
1494 2590 1754 2641 caleplmtem,

307 2653 391 2690 eius
414 2651 580 2690 nominis
600 2651 803 2701 quintum,
832 2652 897 2702 qui
927 2658 1017 2706 post
1048 2664 1193 2689 annum
1223 2664 1245 2687 a
1275 2651 1372 2699 Ζοὲ,
1403 2661 1500 2700 quae
1523 2647 1632 2684 illum
1658 2658 1755 2696 pro-

307 2714 514 2756 moverat,
551 2706 713 2758 imperio
755 2713 793 2744 et
829 2708 951 2745 oculis
987 2709 1165 2758 privatus
1193 2706 1324 2744 locum
1352 2708 1464 2744 cessit
1499 2701 1766 2741 Constantina

308 2763 568 2803 Monomacho
601 2776 703 2800 anno
732 2762 877 2800 Christi
905 2762 1024 2805 1042.
1081 2762 1378 2814 quatuordecim
1419 2765 1510 2812 post
1533 2758 1643 2796 annis
1679 2756 1757 2795 Mi-

311 2819 424 2860 cha'el
443 2824 697 2873 cognomento
725 2818 971 2858 Stratonicus
997 2825 1130 2858 sextus
1155 2819 1236 2859 eius
1256 2817 1433 2858 nominis
1441 2820 1653 2855 coronatur
1669 2813 1756 2853 Au-
