1884 3262
426 207 502 251 DE
531 205 815 251 MICHAELE
843 205 1222 250 PALAEOLOGO
1252 205 1300 250 L.
1329 205 1406 252 ΠΙ.
1541 208 1646 254 223

166 316 325 376 συνᾶμ’
357 320 521 371 ἐκείνοις
551 321 589 364 οἱ
618 320 782 378 Πέρσαι
815 317 980 376 ὅδηγοΐς
999 318 1088 376 ἅμα
1108 321 1175 365 καὶ
1195 317 1428 377 συμμάχοις
1440 317 1644 379 χρώμενοι

168 394 452 448 καταθαρρεΐν
483 388 590 445 εἶχον
610 394 694 438 τῶν
712 388 992 444 λελειμμένων.
1063 393 1131 433 καὶ
1161 395 1327 447 πρῶτον
1344 392 1420 446 μὲν
1439 391 1644 448 ἐκδρομὰς

166 462 378 509 ποιοῦντες
397 459 597 503 κατέθεον
615 459 689 514 τὴν
708 463 783 516 γῆν
801 458 961 501 ἐκείνων
970 491 985 511 ,
1021 460 1090 502 καὶ
1110 458 1371 521 σκυλεύοντες
1405 459 1481 519 (οὗ
1502 461 1548 504 δὲ
1562 459 1644 518 γὰρ

168 525 378 585 ἐθάρρουν
416 527 582 586 με’νειν)
617 526 898 585 ὑπέστρεφον·
945 524 1032 570 εἶτα
1063 532 1148 571 τῶν
1181 529 1257 582 μὲν
1294 527 1638 583 ὕποκλινομένων,

133 601 250 643 ὁτῶν
274 598 320 640 δὲ
347 598 414 641 καὶ
437 597 754 652 ἄποικιζομένων
783 595 862 639 δέει
891 600 950 655 τῷ
971 597 1062 652 περὶ
1087 600 1163 639 τοῦ
1183 598 1274 653 ζῆν,
1313 597 1487 655 εῧχερεῒν
1504 599 1548 641 ἐκ
1565 602 1642 644 τοῦ

164 666 302 727 ῥᾷστα
322 674 408 716 τοῖς
426 667 623 717 ἐναντίοις
642 661 706 723 ἦν,
742 667 809 710 καὶ
829 662 1103 720 κατασχόντες
1121 665 1196 721 τὴν
1213 663 1358 720 χώραν
1379 666 1505 710 κακὸν
1527 663 1634 723 ἦσαν
1657 676 1691 711 E:

162 733 384 792 γειτόνημα
406 742 493 787 τοῖς
509 736 694 792 πλησίον.
763 738 824 793 τῷ
847 734 986 788 με’ντοι
1003 751 1046 791 γε
1062 738 1230 789 βασιλεῖ
1243 732 1370 785 δόξαν
1389 735 1641 792 ἀνακλητὲον

164 805 318 860 ἐκείνην
350 803 477 857 εἶναι,
515 803 581 848 ὅτε
617 804 669 860 δὴ
698 805 766 847 καὶ
796 801 995 859 θελήσω,
1035 801 1091 854 ὥς
1125 804 1189 846 ἐπὶ
1221 802 1362 860 θύρας
1398 799 1527 848 οὖσαν
1535 838 1550 858 ,
1590 804 1638 848 οὗ

162 874 287 928 με’λον
306 868 356 929 ἦν
366 906 380 927 ,
417 873 523 917 ἀλλὰ
543 873 646 930 πρὸς
667 880 756 924 τοῖς
776 874 956 922 δυσικοΐς
977 876 1116 916 πᾶσαν
1136 871 1213 928 εἶχε
1231 872 1308 928 τὴν
1326 873 1547 929 ἀσχολίαν,
1585 873 1639 917 τοὶ

109 952 153 987 10
165 943 206 986 ἓν
227 944 323 986 ποσὶ
340 942 697 999 καταπροὶΐμενος.
769 942 892 985 εἴωθε
908 941 986 998 γὰρ
1008 941 1068 984 ἀεὶ
1086 941 1134 985 τὸ
1151 943 1228 997 μὲν
1250 942 1331 985 ἀνὰ
1347 950 1490 1000 χεῖρας
1509 961 1639 986 κατα-

163 1016 412 1069 φρονεῖσθαι
434 1011 502 1054 διὰ
526 1011 573 1054 τὸ
596 1009 804 1066 σύνηθες,
845 1012 1058 1067 ζητεῖσθαι
1083 1011 1131 1054 δέ
1148 1029 1191 1068 γε
1211 1011 1258 1055 τὸ
1278 1011 1338 1067 μὴ
1358 1010 1639 1069 κρατούμενον

161 1078 218 1132 ὥς
235 1080 386 1131 θέλξον
405 1079 486 1136 ἤδη
510 1082 553 1131 ἐξ
575 1078 816 1136 ἀσυνήθους
832 1077 1115 1137 προσγεγονός.

299 1150 380 1195 23.
455 1147 579 1193 Οὕτω
611 1150 749 1192 τοίνυν
781 1151 940 1192 ἐκείνων
966 1148 1254 1203 κακουμένων,
1292 1148 1426 1206 ἀστὴρ
1455 1146 1638 1207 κομήτης
1662 1157 1691 1193 Ρ
1718 1157 1783 1194 149

159 1219 204 1262 ἐκ
233 1215 390 1269 δύσεως
422 1218 528 1262 κατὰ
558 1218 606 1262 τὸ
639 1217 815 1262 ἑωθινὸν
849 1218 1069 1274 ἐξέλαμπεν
1097 1220 1140 1270 ἐξ
1166 1214 1266 1275 ἦρος
1287 1220 1329 1269 ἐς
1349 1217 1637 1278 φθινόπωρον,

103 1294 148 1331 16
160 1285 300 1346 ἐφόβει
322 1288 367 1331 δὲ
386 1287 485 1338 τούς
510 1285 696 1345 δρῶντας
717 1289 814 1344 πυρὶ
835 1286 989 1331 καπνὸν
1009 1285 1240 1343 σύμμικτον
1266 1285 1540 1342 ἇποπάλλων,
1581 1288 1639 1340 ὥς

157 1374 199 1400 τι
229 1356 355 1401 κακὸν
383 1358 690 1415 προσημαίνων.
763 1353 813 1412 ἧν
835 1356 915 1414 γὰρ
938 1355 1014 1400 οὐκ
1035 1352 1112 1412 ἦν,
1149 1357 1408 1415 φαινομένων
1436 1355 1637 1403 τοιούτων

158 1426 347 1478 ἐξαισίων
376 1425 473 1469 κατ’
508 1425 687 1483 οὗρανόν
717 1424 851 1479 οὕτω,
894 1425 953 1481 μὴ
982 1427 1055 1468 καί
1079 1443 1171 1470 τινα
1199 1425 1306 1469 κατὰ
1333 1430 1408 1482 γῆν
1434 1428 1503 1469 καὶ
1531 1426 1637 1483 ἔθνη

157 1494 273 1552 παρὰ
303 1494 351 1538 τὸ
386 1492 568 1550 σύνηθες
596 1495 796 1551 γίνεσθαι.
869 1496 904 1537 εἶ
923 1495 1053 1537 δὲκαὶ
1071 1499 1154 1537 τῶν
1185 1499 1378 1550 κομητῶν
1401 1493 1477 1538 εἷεν
1497 1496 1536 1538 οἳ
1556 1513 1639 1553 φο-

157 1561 413 1623 βερώτατοι,
451 1561 508 1614 ὥς
537 1565 685 1615 ἐκεῖνος
720 1558 770 1619 ἦν
805 1559 920 1617 τότε,
959 1562 1006 1606 τὸ
1028 1563 1155 1608 κακὸν
1176 1561 1387 1622 πρόδηλον
1419 1562 1638 1622 ἐλευσόμε-

81 792 88 816 l

155 1673 320 1709 dominos.
366 1672 457 1721 quod
478 1673 588 1720 primo
611 1686 633 1710 a
655 1673 797 1720 singulis
823 1676 1015 1717 tentatum,
1055 1677 1092 1709 et
1113 1674 1174 1709 ubi
1197 1685 1375 1709 successus
1398 1674 1536 1720 impune
1559 1675 1636 1710 fieri

155 1720 333 1767 probavit,
366 1720 597 1756 crebrioribus
627 1720 789 1766 exemplis
819 1721 1091 1766 frequentatum,
1126 1720 1349 1766 irreparabili
1371 1721 1529 1756 iacturae
1553 1733 1635 1767 pro-

154 1766 289 1801 vinciae
311 1767 418 1802 totius
441 1767 654 1802 occasionem
683 1767 796 1808 dedit,
827 1766 994 1812 siquidem
1017 1767 1147 1802 Persae
1170 1767 1221 1800 his
1248 1766 1308 1812 qui
1331 1767 1375 1801 ad
1400 1772 1519 1813 partes
1542 1767 1636 1813 ipso-

154 1824 230 1847 rum
263 1813 471 1848 transierant
499 1813 640 1848 ducibus
671 1818 708 1847 et
738 1813 950 1847 adiutoribus
983 1813 1036 1848 usi
1045 1839 1056 1858 ,
1092 1813 1302 1859 paucitatem
1324 1825 1441 1848 eorum
1466 1813 1526 1859 qui
1550 1826 1632 1849 con-

151 1862 286 1894 stantes
315 1859 350 1893 in
381 1859 450 1894 fide
479 1859 679 1905 imperatori
699 1859 813 1894 iurata
833 1860 1037 1904 perstabant
1069 1862 1342 1901 contemnentes,
1376 1864 1492 1894 terras
1514 1871 1632 1895 eorum

155 1905 286 1940 crebris
308 1905 745 1941 infestare-incursionibus
768 1910 977 1951 coeperant3
1002 1918 1021 1940 e
1045 1905 1170 1952 quibus
1193 1905 1307 1940 onusti
1329 1905 1479 1951 praeda,
1503 1907 1631 1952 spolia-

154 1951 202 1986 tis
224 1950 367 1986 subinde
388 1952 544 1994 miseris,
574 1952 734 1987 redibant
756 1952 909 1992 domum,
939 1951 1086 1986 nondum
1108 1952 1157 1987 ibi
1181 1952 1257 1987 ausi
1281 1951 1478 1994 considere,
1517 1953 1631 1999 quoad

153 1997 268 2032 multis
288 1998 432 2033 istorum
455 1997 668 2044 experientia
694 1998 857 2033 malorum
890 1998 1132 2033 inclinantibus
1156 1998 1199 2032 ad
1223 1998 1373 2041 Persas,
1405 1997 1522 2033 multis
1542 2011 1631 2045 quo-

152 2043 284 2078 tidiana
305 2036 399 2079 vitae
421 2045 572 2091 pericula
592 2046 675 2090 fuga
699 2047 735 2079 et
757 2044 950 2079 voluntario
973 2044 1076 2079 exilio
1099 2044 1363 2086 redimentibus,
1394 2045 1540 2079 subactu
1562 2045 1630 2080 iam

152 2089 275 2125 faciles
296 2090 424 2126 Persae
446 2091 605 2136 regiones
627 2102 711 2125 suae
733 2090 855 2125 ditioni
877 2090 1098 2134 subiunxere,
1121 2091 1268 2136 fixisque
1290 2090 1338 2124 ibi
1360 2090 1536 2125 domiciliis
1557 2103 1630 2126 ma-

153 2136 221 2170 lam
243 2136 393 2171 finitimis
415 2137 573 2172 viciniam
605 2137 851 2183 praestabant,
883 2137 1087 2172 infestantes
1115 2148 1175 2172 eos
1204 2135 1407 2173 latrociniis.
1454 2136 1542 2170 haec
1564 2148 1629 2172 au-

155 2181 251 2216 diens
281 2182 469 2228 imperator
499 2195 540 2218 eo
573 2195 756 2218 accurrere
786 2183 957 2228 neglexit,
991 2183 1189 2218 existimans
1220 2195 1260 2218 se
1292 2182 1379 2216 istas
1413 2181 1627 2227 provinciam,

154 2227 282 2274 quippe
305 2228 340 2263 in
363 2229 553 2275 propinquo
577 2229 684 2272 sitas,
706 2225 988 2276 recuperaturuin
1010 2230 1281 2276 quandocunque
1303 2230 1397 2262 foret
1418 2227 1571 2271 libitum,
1590 2235 1629 2264 et

150 2279 235 2309 tunc
267 2274 302 2308 in
331 2286 389 2310 res
412 2275 556 2310 Occidui
578 2279 710 2311 tractus
743 2288 805 2322 spe
829 2288 870 2310 ac
893 2276 1083 2322 cupiditate
1113 2279 1207 2310 totus
1228 2273 1426 2318 imminens,
1457 2274 1492 2308 in
1516 2287 1628 2322 eaque

150 2332 222 2355 una
247 2320 379 2355 defixas
413 2333 496 2355 cura
517 2321 744 2366 cogitationes
774 2322 921 2365 babens,
953 2334 1047 2357 more
1069 2321 1198 2368 ingenii
1221 2320 1376 2363 humani,
1413 2320 1626 2367 plerumque,

151 2366 232 2401 dum
253 2367 361 2402 inhiat
382 2367 593 2413 longinquis,
630 2368 816 2402 amittentis
839 2380 953 2403 coram
976 2368 1109 2415 posita,
1144 2373 1180 2402 et
1202 2367 1412 2412 voluptatem
1434 2379 1477 2402 ex
1500 2368 1627 2403 absen-

149 2412 236 2447 tium
259 2413 484 2459 acquisitione
506 2417 700 2459 speratam,
730 2414 821 2460 quod
842 2414 980 2449 insolita
1002 2414 1069 2456 sit,
1093 2413 1262 2459 potiorem
1284 2412 1485 2455 arbitrantis
1508 2414 1624 2449 fructu

149 2462 294 2505 propter
325 2459 495 2506 quandam
525 2459 753 2495 assuetudinis
782 2472 943 2495 nauseam
974 2460 1083 2495 minus
1105 2460 1274 2505 iucundo,
1307 2459 1366 2506 qni
1392 2471 1435 2494 ex
1456 2471 1624 2505 praesen-

149 2504 235 2540 tium
253 2505 335 2540 olim
356 2517 589 2551 possessorum
612 2510 772 2541 consueto
794 2510 953 2553 amplexu
978 2506 1178 2552 percipitur.

243 2553 299 2588 23.
345 2552 418 2587 luis
440 2553 474 2587 in
497 2553 586 2587 hunc
609 2552 742 2587 modum
765 2555 853 2588 male
875 2552 1103 2597 habentibus,
1135 2555 1268 2588 cometa
1298 2564 1342 2588 ex
1367 2551 1556 2587 Occidente
1585 2551 1622 2586 in

151 2596 277 2632 Ortum
309 2598 441 2633 effulsit
471 2610 491 2633 a
522 2610 604 2633 vere
635 2610 747 2644 usque
779 2600 824 2634 ad
854 2602 1068 2634 autumnum:
1103 2600 1261 2634 terrebat
1291 2602 1406 2634 autem
1436 2598 1622 2640 intuentes,

150 2642 264 2688 ignem
294 2645 386 2679 sumo
418 2644 560 2680 mixtum
589 2645 768 2688 evibrans‚
803 2645 862 2680 illa
884 2645 962 2690 ipsa
982 2644 1135 2680 horribili
1158 2645 1277 2691 specie
1299 2644 1431 2680 cunctis
1453 2644 1622 2679 suadente

149 2689 292 2735 aliquod
325 2691 447 2726 malum
476 2691 545 2726 isto
573 2690 671 2737 signo
701 2691 870 2737 portendi.
916 2691 977 2726 vix
999 2691 1089 2727 enim
1110 2692 1146 2726 in
1167 2692 1331 2727 memoria
1353 2690 1444 2726 omni
1465 2690 1621 2736 reperias

150 2738 232 2780 post
261 2736 347 2772 talia
377 2740 514 2772 ostenta
535 2749 599 2783 per
623 2737 752 2773 coelum
775 2738 841 2772 hoc
861 2737 959 2772 modo
981 2738 1056 2774 visa
1077 2750 1145 2773 non
1167 2739 1301 2785 aliquas
1325 2749 1390 2783 per
1424 2740 1552 2771 terram
1577 2748 1621 2771 ac

150 2785 273 2824 gentes
306 2787 448 2829 praeter
478 2784 618 2819 solitum
650 2783 857 2820 mutationes
887 2787 1037 2821 secutas.
1083 2784 1206 2831 quodsi
1235 2787 1444 2830 apparentes
1465 2786 1621 2817 cometae

149 2826 195 2862 de
217 2840 343 2874 genere
364 2829 585 2875 peculiariter
609 2830 839 2866 terrificorum
861 2829 950 2874 sint,
982 2830 1095 2877 qualis
1117 2830 1251 2866 omnino
1274 2830 1331 2866 hic
1352 2829 1440 2870 fuit,
1472 2828 1620 2863 manife-

141 2876 238 2910 stum
270 2876 448 2922 augurium
470 2880 525 2912 est
543 2876 720 2913 infortunii
750 2879 812 2912 ant
833 2876 941 2915 cladis
961 2876 1185 2927 imminentis,
1220 2874 1452 2924 adstipulante
1482 2874 1618 2921 vulgari
