1846 3262
430 233 507 275 DE
541 229 817 274 MICHAELE
851 226 1226 272 PALAEOLOGO
1261 227 1309 270 L.
1334 225 1369 270 I.
1570 224 1636 271 59

162 350 245 391 λῶν
272 345 518 399 ἐπιθέσεως,
556 343 615 401 μή
646 362 734 395 πως
759 346 826 388 καὶ
855 340 1080 400 φθάσωσιν
1108 338 1386 392 εἴσελθόντες·
1425 339 1635 396 μηδὲγὰρ

162 418 227 459 ἐπὶ
262 419 373 476 καλῷ
402 417 479 458 τινὶ
509 415 583 458 τὸν
616 418 816 458 τοσοῦτον
849 410 1041 469 θόρυβον
1065 410 1200 464 εἶναι,
1235 410 1332 454 ἀλλ’
1354 409 1410 460 εἴς
1432 427 1471 452 τι
1500 406 1635 464 λήξειν

162 483 302 530 κακόν.
375 485 414 527 οἱ
439 485 485 527 δὲ
510 489 593 527 τῶν
618 482 778 540 φόβους
803 479 1000 538 λεγόντων
1028 480 1103 523 οὐκ
1132 476 1239 535 ἦσαν
1274 478 1402 529 ὅλως·
1438 474 1508 535 ’ἦγε
1536 477 1630 537 γάρ,

162 552 292 607 οἶμαι,
323 551 498 603 τούτους
515 553 561 596 τὸ
581 551 799 607 μόρσιμον,
836 553 903 593 καὶ
923 550 969 593 τὸ
989 548 1204 605 λεγόμενον
1224 548 1394 604 ἀληθές,
1433 546 1488 598 ὥς
1507 548 1636 605 ἀφαι-

130 630 295 679 5ρεΐται
333 622 408 673 τὰς
445 622 598 680 φρένας
629 616 686 665 ’ὧν
720 620 919 663 ἀπολέσαι
954 618 1090 672 μέλλει
1117 617 1165 660 τὸ
1196 615 1326 660 θεῖον.
1398 617 1447 661 οὗ
1477 617 1560 672 μὴν
1591 619 1638 661 δὲ

164 691 259 734 ἀλλ’
283 691 379 734 οὐδὲ
399 699 486 742 τοῖς
503 695 680 747 παροῦσι
701 694 784 732 τῶν
802 686 1055 745 μεγιστάνων
1082 687 1194 740 ἔμελε
1213 686 1259 729 τὸ
1281 683 1490 742 δρώμενον
1509 685 1637 730 ἀκού-

163 776 301 818 ουσιν,
341 761 418 804 εἴτε
449 758 555 803 κατά
581 777 672 803 τινα
702 757 931 815 πρόγνωσιν
960 762 1044 800 τῶν
1073 753 1331 811 μελλόντων,
1368 756 1445 798 εἴτε
1465 755 1548 811 μὴν
1567 759 1636 799 καὶ

162 829 305 879 αὐτοῖς
339 830 387 873 οὗ
421 830 546 884 με’λον
576 827 652 871 κᾶν
683 826 706 871 ὅ
736 845 776 871 τι
803 829 870 870 καὶ
895 824 1090 883 δράσειαν
1114 824 1400 880 συναχθέντες.
1468 826 1564 868 ἀλλ’
1589 829 1630 869 ἓν
1653 834 1686 870 D

162 896 351 958 τοσούτῳ
397 898 471 948 τὰς
510 896 697 947 εῗσόὸους
733 894 1184 953 προκαταλαμβάνουσι
1228 897 1295 937 καὶ
1334 899 1556 952 κρατοῦσιν
1594 896 1634 939 οἵ

108 978 152 1012 10
163 965 364 1020 ἐπιόντες,
402 969 470 1010 καὶ
498 966 575 1022 ἅμ’
609 967 871 1021 εῗσχεομὲνων
906 965 1020 1015 ἐντὸς
1045 966 1162 1008 κακοὶ
1186 962 1366 1021 θόρυβοι
1393 960 1525 1020 ἦσαν,
1564 967 1633 1007 καὶ

163 1034 224 1087 οἷς
253 1036 382 1094 ἔδρων
408 1054 452 1079 τε
481 1038 548 1079 καὶ
575 1036 766 1091 ἠπείλουν
789 1033 990 1092 πρότερον
1014 1034 1041 1090 ἢ
1068 1035 1141 1078 τὸν
1163 1034 1262 1077 ναὸν
1286 1036 1484 1077 εἰσελθεῖν
1514 1035 1634 1089 δῆλοι

159 1101 268 1161 ἦσαν
297 1110 513 1164 φονῶντες.
585 1101 636 1160 ἦν
665 1101 739 1148 οὖν
772 1109 831 1164 τῷ
863 1106 1225 1163 πρωτοβεστιαρίῳ
1256 1103 1540 1160 γραμματικὸς
1571 1105 1634 1146 οῗ-

161 1181 290 1228 κεΐος,
332 1173 625 1232 Θεοφύλακτος
647 1174 828 1229 τοῦνομα
848 1176 914 1216 καὶ
936 1175 1031 1229 ἕμός
1051 1171 1264 1230 συγγενής,
1300 1171 1551 1230 προσόμοιος
1574 1176 1634 1231 τῷ

161 1246 289 1303 κυρίῳ
311 1245 364 1287 τὰ
389 1242 539 1287 πάντα.
611 1242 852 1295 ἐξελθόντος
870 1249 970 1301 γοῦν
988 1246 1051 1286 ἐπὶ
1070 1249 1128 1303 τῷ
1148 1248 1302 1298 μαθεῖν
1321 1244 1471 1285 ἐκείνου
1495 1240 1633 1299 σφάλ-

95 1316 149 1356 '15
162 1317 219 1356 λει
247 1313 345 1363 τοὺς
373 1311 564 1363 ἐπιόντας
595 1311 621 1369 ἦ
653 1311 846 1369 ὁμοιότης
854 1347 868 1366 ,
906 1314 1200 1369 συναιρομὲνης
1217 1315 1282 1354 καὶ
1307 1316 1382 1368 τῆς
1399 1309 1629 1367 ἀμπεχόνης
1651 1322 1683 1356 Ε

159 1383 365 1437 πενθίμου
397 1381 523 1438 οὕσης
554 1382 622 1425 ἐπ’
647 1383 739 1438 ἴσης
759 1386 824 1425 καὶ
846 1390 1008 1438 μικροῖς
1028 1385 1094 1426 καὶ
1115 1381 1306 1438 μεγάλοις
1328 1382 1396 1425 διὰ
1416 1382 1487 1424 τὸν
1507 1387 1631 1436 βασι-

162 1451 262 1501 λε’ως
285 1450 497 1505 θάνατον,
527 1451 710 1495 κάκεῖνον
731 1450 1069 1503 ὗποτοποῖσαντες
1090 1452 1160 1495 τὸν
1181 1450 1424 1507 ζητούμενον
1444 1449 1544 1493 εἶναι
1563 1450 1632 1492 εὖ·

160 1520 245 1570 θῦς
264 1520 479 1577 ἀναιροῦσι
499 1523 633 1564 κοπίσι
653 1522 820 1578 μυρίαις
833 1535 846 1547 ·
882 1522 931 1564 οὖ
953 1522 1031 1578 γὰρ
1051 1517 1100 1576 ἦν
1120 1519 1233 1571 ὅστις
1255 1522 1322 1563 καὶ
1342 1518 1560 1576 τεθνηκότι
1582 1518 1630 1562 τὸ

162 1589 278 1646 ἔγχος
304 1589 379 1633 οὐκ
410 1590 583 1643 ἔθαπτεν
605 1590 673 1632 ἐπ’
694 1591 845 1650 ἐκείνῳ.
918 1589 973 1640 ὥς
992 1592 1037 1634 δὲ
1057 1588 1133 1647 ἐγώ
1152 1608 1261 1640 τινος
1282 1589 1462 1645 ἤκουσα,
1503 1588 1631 1643 ἀπερ-

105 1669 151 1704 20
162 1657 319 1718 ρόφουν
338 1661 382 1701 ἐκ
399 1663 474 1714 τῆς
494 1661 627 1714 δεινῆς
642 1661 793 1714 μανιάς
813 1663 888 1702 τοῦ
909 1661 1096 1713 αἳματος.
1167 1659 1272 1714 πλὴν
1293 1658 1387 1701 ἀλλ’
1409 1658 1537 1707 εὐθὺς
1556 1657 1631 1700 οὐκ

159 1725 330 1784 ἠγνόουν
361 1728 604 1786 σφαλέντες·
639 1728 687 1772 τὸ
715 1729 804 1787 γὰρ’
826 1729 990 1772 πέδιλον
1020 1727 1227 1787 ὖποφανὲν
1250 1732 1327 1772 τοῦ
1351 1727 1479 1777 ποδὸς
1499 1727 1630 1782 μέλαν

159 1885 279 1920 obices
303 1889 340 1920 et
364 1885 525 1932 templum
549 1886 664 1921 statim
689 1887 805 1922 claudi
828 1887 894 1923 iam
913 1888 981 1923 iam
1002 1888 1092 1923 intro
1108 1886 1302 1933 irrupturis,
1326 1885 1356 1920 si
1373 1887 1526 1931 pateret:
1550 1894 1627 1918 nam

159 1936 290 1966 tantum
315 1933 489 1967 tumultum
521 1933 605 1967 nihii
628 1934 710 1969 boni
734 1935 956 1980 portendere.
1004 1936 1232 1970 narrabantur
1255 1945 1296 1968 ea
1319 1931 1445 1967 surdis.
1491 1936 1628 1975 persta-

158 1978 244 2012 bant
266 1979 300 2013 in
325 1990 452 2014 summo
478 1980 631 2025 periculo
654 1984 784 2015 temere
806 1981 932 2015 securi.
979 1983 1106 2026 agebat
1136 1981 1266 2026 quippe
1293 1980 1370 2014 illos
1403 1977 1518 2012 fatalis
1544 1982 1627 2022 puto

117 2053 119 2055 .
158 2025 309 2059 caecitas
332 2025 368 2059 in
392 2026 564 2060 decretum
589 2027 675 2071 ipsis
697 2027 928 2062 infortunium.
978 2040 1094 2062 verum
1121 2027 1254 2061 scilicet
1284 2031 1339 2060 est
1361 2024 1453 2070 quod
1477 2023 1546 2058 dici
1569 2034 1627 2056 so-

113 2094 119 2102 ·
158 2070 228 2113 let,
268 2083 356 2117 quos
384 2072 533 2117 perdere
563 2074 639 2107 vult
672 2074 775 2117 deuS,
809 2075 852 2108 iis
876 2075 1090 2109 ante‘omnia
1113 2080 1257 2108 mentem
1283 2072 1429 2117 eripere.
1475 2069 1538 2103 sed
1563 2080 1627 2103 nec

157 2117 216 2162 qui
241 2119 386 2152 aderant
410 2129 583 2163 proceres,
607 2120 743 2154 muitum
766 2132 890 2155 curare
912 2121 1118 2155 videbantur
1142 2131 1301 2165 quorsum
1325 2120 1523 2163 spectarent
1537 2127 1628 2160 quae

158 2163 347 2199 audiebant
370 2165 467 2208 fieri,
501 2166 556 2199 vel
578 2166 722 2211 quadam
747 2167 969 2213 praenotione
993 2168 1239 2211 gerendorum,
1269 2165 1325 2199 vel
1349 2164 1391 2197 ad
1413 2164 1508 2208 ipsos
1531 2161 1625 2195 haud

158 2210 229 2244 rati
254 2211 428 2255 pertinere
452 2211 541 2257 quod
568 2213 680 2247 acturi
714 2220 816 2248 erant
838 2214 896 2259 qui
921 2214 1180 2248 concurrebant.
1227 2211 1360 2246 interim
1387 2210 1499 2244 aditus
1523 2219 1626 2254 prae-

159 2262 331 2302 occupant
364 2262 400 2292 et
430 2257 601 2303 praesidio
635 2259 788 2294 muniunt
818 2261 878 2305 qui
909 2260 976 2294 iam
1009 2263 1238 2305 pervenerant
1266 2256 1444 2298 seditiosi;
1480 2266 1623 2300 quorum

157 2303 360 2338 infundente
391 2314 429 2338 se
460 2315 566 2339 saeva
590 2305 741 2351 undique
763 2306 799 2341 vi
822 2313 898 2341 tota
923 2307 1048 2352 passim
1082 2306 1168 2340 aede
1192 2316 1292 2339 sacra
1315 2303 1479 2338 tumultus
1502 2301 1622 2346 ingens

157 2349 236 2385 fuit.
285 2361 327 2383 ex
349 2349 402 2383 hie
426 2362 515 2395 quae
538 2356 575 2385 et
595 2352 751 2387 fecerant
774 2358 811 2387 et
833 2352 950 2388 minati
974 2357 1074 2388 erant
1096 2352 1290 2398 priusquam
1315 2349 1473 2395 templum
1504 2348 1621 2391 ingre-

157 2396 343 2438 derentur,
364 2395 474 2441 palam
498 2401 574 2431 erat
596 2398 733 2432 caedem
755 2399 850 2444 ipsos
872 2400 1016 2446 spirare.
1066 2403 1143 2433 erat
1165 2395 1427 2443 protovestiario
1450 2405 1621 2439 gramma-

157 2443 246 2476 ticus
268 2442 446 2477 familiaris
469 2443 748 2489 Theophylactns
771 2446 926 2488 nomine,
959 2456 1054 2480 meus
1077 2444 1369 2488 consanguineus,
1401 2441 1535 2476 domino
1559 2451 1622 2486 per

158 2489 270 2523 omnia
292 2489 422 2524 similis.
469 2489 558 2523 hunc
581 2491 819 2534 prodeuntem,
851 2499 891 2527 ut
921 2492 1055 2526 videret
1087 2491 1170 2537 quid
1192 2490 1244 2524 rei
1267 2493 1467 2534 gereretur,
1491 2486 1630 2532 conspi-

158 2535 227 2569 cati
249 2535 402 2570 seditiosi
426 2537 725 2580 protovestiarium
759 2550 835 2573 esse
856 2539 966 2584 ipsum
989 2538 1190 2579 credidere,
1219 2537 1360 2573 fallente
1383 2535 1477 2580 ipsos
1499 2533 1569 2567 oris
1592 2535 1628 2566 et

157 2587 315 2617 staturae
347 2582 587 2625 similitudine,
620 2588 656 2617 et
688 2596 835 2619 errorem
868 2585 1089 2619 confirmante
1110 2583 1186 2629 pari
1218 2587 1288 2617 tum
1313 2592 1437 2627 genere
1458 2580 1628 2620 vestitum

158 2628 248 2674 quod
272 2633 311 2662 ut
332 2628 368 2662 in
390 2630 485 2663 luctu
508 2633 545 2664 et
567 2630 721 2675 exequiis
743 2630 918 2677 principis,
943 2630 1051 2665 atrati
1073 2641 1188 2665 omnes
1206 2629 1304 2675 parvi
1321 2639 1430 2674 aeque
1445 2638 1486 2660 ac
1502 2625 1626 2670 magni,

158 2675 251 2720 pulla
284 2675 400 2710 similis
433 2676 613 2710 admodum
645 2677 775 2711 formae
808 2681 906 2711 veste
940 2678 1134 2711 utebantur.
1182 2687 1264 2721 ergo
1292 2675 1382 2709 bunc
1414 2674 1522 2718 ipsum
1557 2671 1629 2705 rati

156 2733 256 2766 quem
280 2723 511 2768 quaerebant,
545 2722 729 2756 conficiunt
750 2724 1051 2758 innumerabilibus
1073 2722 1200 2769 plagis:
1234 2733 1331 2756 nemo
1355 2719 1443 2754 enim
1467 2723 1544 2752 erat
1565 2717 1624 2763 qui

156 2768 191 2803 in
215 2769 283 2804 iam
307 2770 430 2804 mortui
453 2780 597 2814 corpore
620 2771 748 2803 ferrum
770 2781 837 2803 non
858 2771 1018 2815 tingeret.
1064 2775 1169 2814 atque
1191 2773 1231 2803 ut
1253 2779 1318 2812 ego
1343 2778 1385 2800 ex
1408 2765 1553 2810 quodam
1575 2763 1623 2798 ibi

155 2816 384 2860 praesentium
409 2817 541 2857 audivi,
572 2817 674 2849 etiam
697 2816 896 2861 sanguinem
920 2817 1022 2851 occisi
1044 2827 1173 2850 vesana
1198 2814 1296 2848 rabie
1318 2816 1494 2848 suxerunt.
1541 2822 1620 2845 cae-

155 2867 266 2895 terum
288 2862 403 2897 statim
427 2866 639 2907 agnoverunt
661 2873 701 2897 se
723 2862 907 2907 deceptos:
938 2874 1016 2897 nam
1039 2874 1115 2897 cum
1138 2861 1234 2906 pedis
1256 2860 1404 2894 calceum
1427 2857 1464 2891 in
1486 2860 1618 2891 mortuo

154 2907 284 2953 nigrum
307 2909 566 2952 observassent,
600 2919 665 2955 per
694 2920 846 2943 errorem
876 2920 916 2944 se
950 2913 985 2944 in
1015 2909 1072 2944 illo
1094 2907 1248 2943 saevisse
1278 2904 1531 2940 intellexerunt.
1577 2914 1620 2938 ac
