1846 3262
417 232 493 275 DE
528 231 814 275 MICHAELE
843 231 1226 275 PALAEOLOGO
1263 232 1312 275 L.
1346 230 1423 275 111.
1558 230 1651 276 191

183 346 361 404 στέργων
379 346 451 390 τὸν
469 345 607 403 ἕτερον
620 379 634 399 ,
672 347 741 388 καὶ
758 344 891 396 οὕτως
909 344 1088 388 ἄτακτον
1110 344 1157 388 τὸ
1186 341 1432 402 πολύαρχον.
1499 348 1651 400 χρῆναι
1675 349 1705 383 Β

180 421 280 473 γοῦν
303 414 506 470 σβεννύειν
528 415 576 458 τὸ
593 417 649 465 εἷς
668 413 816 458 ἔκεῖνον
834 419 917 457 τῶν
939 418 1105 457 πολλῶν
1122 412 1299 471 θάρρος,
1336 415 1404 456 καὶ
1423 412 1476 468 δὴ
1498 430 1656 470 καταρ-

181 483 353 539 ξάμενον
375 488 565 528 τελειοῦν.
634 482 760 540 ἥμισυ
778 483 856 540 γὰρ
888 487 962 526 τοῦ
983 482 1136 531 παντὸς
1155 483 1230 536 τὴν
1258 482 1390 538 ἀρχὴν
1409 483 1516 539 φασί
1534 499 1650 535 τινες,

181 554 312 610 ἀρχὴν
340 553 384 596 δ’
429 552 528 596 εἶναι
562 553 610 596 τὸ
649 551 737 596 οἷον
773 556 1135 607 κατασιγασθῆναι
1168 551 1244 606 τὴν
1270 552 1434 593 ἐκείνου
1469 548 1651 606 μνήμην,

146 627 168 662 5
182 621 237 673 ὥς
254 623 360 679 μηδὲ
376 621 590 677 συνάρχειν
609 619 981 675 ὑπολαμβάνεσθαι
993 633 1005 645 ·
1040 619 1088 663 τὸ
1107 619 1186 676 γὰρ
1204 620 1272 662 καὶ
1291 617 1479 675 δεύτερον
1501 636 1655 676 στεφο-

177 692 302 747 με’νου
314 691 372 747 μὴ
391 692 574 735 κάκεῖνον
594 694 875 744 συντιμᾶσθαι
895 690 961 732 καὶ
982 692 1337 745 συνευφημεΐσθαι
1353 692 1428 730 τοῦ
1447 687 1653 744 πατριάρ-

178 778 255 816 χου
286 761 512 818 στέφοντος
539 759 671 816 ἠρέμα
703 775 791 809 πως
821 757 1014 815 ὑπορρεῖν
1044 756 1221 813 ἀνάγκη,
1257 760 1331 799 καί
1347 755 1391 813 γ’
1424 756 1582 812 εὐχερὲς
1602 756 1652 800 ἂν

178 828 280 872 εἶναι
319 833 386 873 καὶ
415 830 463 873 τὸ
490 829 612 872 πλέον
641 829 905 881 ἐπιτεθῆναι,
942 825 998 877 ὥς
1025 825 1129 882 μηδ’
1163 827 1308 869 ἐλπίδα
1333 822 1644 882 ὑπολελεῖφθαι.
1669 841 1699 874 c

149 907 151 910 ⁴
177 897 340 949 τούτοις
357 896 825 955 καταστρατηγηθέντος
849 904 935 946 τοῖς
965 900 1173 951 λογισμοῖς
1203 899 1276 938 τοῦ
1300 894 1504 949 βασιλέως
1528 892 1648 951 (ὑπέ-

122 975 265 1011 1οκαιε
296 968 375 1024 γὰρ
404 966 530 1010 αὐτὸν
566 964 588 1010 ὃ
617 971 691 1021 τῆς
716 967 944 1021 μοναρχίας
974 965 1102 1021 ἔρως,
1142 966 1209 1007 καὶ
1238 963 1312 1019 τὴν
1342 963 1648 1019 παρερχομένην

177 1035 301 1087 δόξαν
325 1038 414 1092 περὶ
433 1037 617 1085 πλείονος
636 1036 764 1077 ἐτίθει
785 1039 859 1077 τοῦ
879 1037 997 1077 θείου
1028 1031 1164 1090 φόβου
1185 1032 1255 1075 διὰ
1274 1034 1348 1089 τὴν
1367 1037 1443 1075 τοῦ
1462 1035 1647 1082 πλειόνος

177 1104 326 1162 ἷίρεξιν)
357 1105 513 1161 βουλὴν
539 1101 779 1158 βουλεύεται
807 1100 922 1158 μάλα
958 1104 1034 1158 μὲν
1065 1104 1304 1157 αἰσχίστην,
1357 1099 1472 1155 μάλα
1501 1102 1546 1144 δὲ
1578 1103 1646 1144 καὶ

173 1177 278 1217 θεοῦ
317 1172 460 1230 πόρρω
490 1171 730 1228 βάλλουσαν
750 1205 764 1224 ,
818 1173 887 1215 καὶ
925 1172 1096 1227 πέμψας
1138 1173 1368 1228 ἐκτυφλοῦν
1403 1170 1475 1212 τὸν
1517 1172 1646 1213 παῖδα

173 1243 446 1299 προσέταττε,
484 1244 647 1285 παιδίον
671 1240 831 1284 ἁπαλὸν
863 1242 931 1284 καὶ
961 1242 1091 1296 μηδὲν
1123 1239 1181 1283 ἴτι
1210 1239 1357 1295 σχεδὸν
1378 1239 1522 1289 τελέως
1546 1238 1636 1294 ἢτό
1662 1248 1695 1282 D

119 1320 162 1356 15
170 1314 327 1369 χαίρειν
361 1310 387 1368 ἢ
420 1311 468 1354 τὸ
495 1315 717 1355 λυπεῖσθαι
743 1307 912 1365 μαθόν,
959 1311 1032 1352 καί
1058 1308 1100 1352 κ’
1132 1310 1174 1352 ἒν
1194 1309 1270 1368 ἴσῳ
1294 1308 1512 1362 τιθέμενον
1530 1307 1578 1351 τό
1599 1307 1643 1351 τ’

172 1380 311 1437 ιῖίρχειν
341 1381 408 1424 καὶ
438 1380 487 1424 τὸ
515 1380 746 1437 ἄρχεσθαι,
783 1377 899 1438 μόνῳ
930 1379 976 1422 δὲ
1009 1382 1067 1437 τῷ
1099 1376 1332 1436 πατριάρχῃ
1359 1381 1549 1420 πιστεῦον
1578 1379 1647 1419 καὶ

171 1457 259 1500 τοῖς
277 1448 385 1493 οὕτω
403 1449 456 1492 τὰ
482 1449 580 1492 κατ’
617 1448 744 1492 αὐτὸν
766 1450 988 1500 διοικοῦσι,
1026 1449 1094 1490 καὶ
1124 1448 1232 1502 μηδὲ
1254 1447 1317 1489 ὅτι
1336 1448 1379 1488 τί
1394 1448 1504 1489 ἐστιν
1523 1444 1646 1502 ὅρκος

172 1516 305 1571 εἶδός,
344 1519 388 1569 ἐξ
409 1512 458 1561 οἷ)
480 1519 547 1560 καὶ
571 1522 744 1575 θαρρεῖν
767 1515 845 1571 εἶχε
861 1517 938 1571 μὲν
957 1515 1032 1559 οὐκ
1052 1514 1206 1568 αὐτός,
1244 1515 1340 1558 ἀλλ’
1363 1515 1510 1572 οἱπερὶ
1540 1517 1644 1557 ἐκεῖ-

171 1604 266 1642 νον,
304 1587 453 1631 ἐκεῖνον
473 1585 695 1640 σώζεσθαι.
740 1587 892 1642 γίνεται
910 1589 1008 1642 γοῦν
1028 1582 1085 1635 ὦς
1108 1584 1183 1639 τὴν
1205 1583 1334 1642 ἀρχὴν
1354 1582 1638 1641 προσετάχθη,

166 1780 285 1826 patum
307 1788 426 1821 suum,
455 1775 549 1812 votis
580 1774 740 1811 videlicet
760 1775 929 1811 bominum
961 1775 1080 1810 divisis
1096 1801 1107 1819 ,
1140 1777 1177 1809 et
1199 1773 1398 1821 quibusdam
1420 1773 1556 1821 quidem
1577 1774 1636 1810 uni

167 1827 308 1860 duorum
331 1826 579 1869 Augustorum,
600 1822 675 1857 aliis
706 1823 807 1858 alteri
837 1823 1074 1864 studentibus,
1109 1821 1210 1856 etiam
1233 1821 1447 1867 perturbatio
1470 1821 1635 1866 reipubli-

167 1883 230 1906 cae
250 1871 357 1906 totius
387 1875 424 1905 et
454 1881 543 1916 quae
576 1875 764 1915 sequuntur
792 1881 836 1904 ex
860 1868 1027 1913 regimine
1058 1868 1203 1914 plurium
1227 1868 1434 1902 incommoda
1458 1868 1536 1902 inde
1557 1868 1635 1902 iure

165 1917 383 1952 timebantur.
431 1917 564 1951 omnino
593 1915 698 1961 igitur
728 1916 890 1961 expedire
919 1914 1047 1949 semina
1070 1915 1260 1948 novitatum
1293 1914 1328 1948 in
1363 1914 1542 1948 multorum
1565 1914 1635 1948 iam

166 1963 307 2006 animis,
342 1963 438 2009 pueri
468 1961 615 2005 fiducia,
645 1962 855 2007 periculosos
885 1973 988 1995 ausus
1019 1961 1265 2006 designantium
1295 1960 1423 1995 elidere
1450 1961 1484 1994 in
1508 1960 1635 2005 capite,

164 2016 366 2055 matureque
387 2009 588 2053 extinguere
609 2019 687 2042 mox
707 2012 904 2055 erupturam
927 2020 947 2042 e
969 2007 1115 2042 scintilla
1139 2007 1328 2048 flammam,
1351 2018 1416 2040 nec
1440 2018 1575 2041 cessare
1597 2006 1634 2040 in

165 2055 426 2090 consummando
447 2056 538 2101 quod
560 2055 773 2097 inchoatum,
795 2054 895 2089 immo
919 2059 1108 2099 promotum
1130 2053 1198 2087 sit:
1222 2053 1391 2087 dimidium
1415 2052 1500 2087 enim
1525 2053 1632 2087 totius

165 2106 262 2136 recte
284 2102 353 2136 dici
375 2102 530 2147 coepisse
544 2127 555 2143 ,
580 2107 738 2147 coeptum
760 2107 874 2135 autem
890 2099 1014 2134 dudum
1041 2106 1077 2134 et
1108 2100 1243 2144 quidem
1275 2099 1444 2141 feliciter,
1467 2099 1503 2132 id
1526 2111 1631 2143 nego-

165 2147 261 2191 tium,
285 2148 411 2183 abolita
429 2159 537 2193 paene
560 2148 659 2193 pueri
681 2147 839 2182 memoria
861 2158 902 2181 ac
918 2146 1051 2181 nemine
1073 2146 1139 2181 iam
1155 2147 1228 2180 fere
1251 2145 1419 2190 imperare
1440 2144 1534 2178 illum
1557 2144 1634 2190 opi-

165 2199 291 2234 nante,
313 2195 432 2239 utique
455 2194 624 2228 Michaele
646 2194 751 2228 semel
775 2205 818 2228 ac
839 2193 914 2236 bis,
949 2194 1022 2227 sine
1046 2193 1115 2227 ulla
1136 2192 1243 2238 ipsius
1266 2196 1304 2224 ut
1327 2190 1458 2236 imperii
1481 2191 1634 2235 collegae

165 2240 408 2274 acclamatione
441 2246 501 2274 aut
530 2240 662 2275 omnino
693 2240 884 2282 mentione,
919 2243 1079 2274 coronato
1102 2250 1165 2284 per
1187 2238 1368 2272 solemnem
1393 2249 1414 2271 a
1435 2237 1633 2282 patriarcha

166 2285 411 2327 ceremoniam3
433 2286 524 2320 unde
543 2287 668 2321 sensim
689 2287 847 2321 diffluere
869 2297 912 2320 ac
934 2297 1140 2320 evanescere
1161 2284 1251 2318 hunc
1273 2283 1364 2317 illius
1386 2285 1546 2317 bonorem
1569 2295 1631 2318 ne-

165 2343 264 2366 cesse
286 2331 350 2373 sit,
373 2336 411 2366 ut
431 2331 533 2366 facile
558 2333 624 2367 iam
647 2333 692 2367 sit
714 2332 805 2378 quod
831 2332 929 2366 deest
951 2331 1078 2366 addere
1091 2357 1101 2372 ,
1123 2342 1165 2365 ac
1187 2329 1360 2375 fastigium
1384 2330 1454 2364 alte
1475 2329 1544 2364 iam
1569 2341 1630 2364 ex-

163 2377 288 2412 tructis
323 2377 538 2423 ultimamque
568 2379 663 2414 velut
691 2390 824 2413 manum
867 2378 965 2424 operi
999 2383 1163 2423 provecto
1193 2377 1367 2456 iuffmem
1397 2376 1561 2410 demenda
1593 2376 1629 2410 in

162 2429 336 2469 posterum
360 2423 449 2458 omni
471 2434 543 2469 spe.
590 2424 752 2460 eiusmodi
774 2424 809 2459 in
832 2423 1011 2459 Michaelis
1042 2423 1168 2464 animo,
1199 2434 1218 2456 c
1252 2428 1331 2456 cata
1360 2421 1446 2456 iuris
1468 2427 1504 2456 et
1526 2423 1629 2468 aequi

162 2470 375 2511 reverentia,
399 2470 643 2524 praevalebant
663 2471 786 2517 impiae
809 2470 1034 2515 cogitationes
1047 2495 1058 2513 ,
1090 2468 1272 2503 ambitione
1294 2479 1442 2503 vaesana
1463 2474 1500 2503 et
1523 2479 1626 2503 caeco

162 2527 279 2550 amore
300 2516 514 2561 principatus
536 2517 742 2562 posthabere
763 2516 878 2551 fluxae
901 2517 1030 2561 gloriae
1053 2516 1108 2550 dei
1129 2519 1254 2549 metum
1281 2515 1515 2550 suadentibus.
1561 2515 1627 2550 ita-

163 2573 231 2607 que
261 2562 315 2596 his
350 2562 591 2607 impulsoribus
621 2563 803 2609 expeditur
831 2563 976 2608 impetus
1007 2562 1042 2596 in
1074 2562 1217 2596 immane
1240 2573 1342 2607 quam
1372 2565 1472 2595 atrox
1494 2561 1629 2606 deoque

162 2619 303 2642 exosum
339 2609 490 2652 facinus,
523 2609 681 2643 mittente
714 2610 920 2655 imperatore
943 2607 1004 2654 qui
1036 2619 1098 2642 suo
1120 2608 1214 2643 iussu
1236 2613 1461 2643 excaecarent
1483 2619 1625 2653 puerum

161 2654 273 2688 adbuc
294 2655 473 2698 tenellum,
496 2659 533 2689 et
555 2656 697 2690 necdum
719 2655 793 2690 fere
815 2655 898 2701 quid
920 2654 968 2688 sit
989 2653 1148 2699 gaudium
1171 2659 1231 2689 aut
1261 2654 1358 2688 dolor
1378 2654 1541 2688 scientem
1563 2665 1627 2699 per

162 2703 310 2735 aetatem
323 2725 335 2743 ,
358 2701 483 2747 cuique
510 2700 600 2735 idem
631 2705 691 2736 aut
711 2700 855 2747 perinde
889 2706 982 2735 esset
1006 2701 1173 2747 imperare
1206 2701 1263 2735 vel
1284 2701 1446 2742 subesse,
1468 2699 1625 2744 infantia,

162 2756 231 2790 qua
250 2747 385 2781 vixdum
408 2752 604 2782 excesserat
619 2773 630 2791 ,
661 2748 778 2782 talium
798 2758 911 2782 rerum
932 2747 1111 2792 ignorante
1131 2747 1329 2790 discrimen,
1353 2746 1625 2792 acquiescentem

162 2796 274 2827 autem
296 2792 395 2827 unice
415 2792 497 2828 fidei
526 2793 829 2840 providentiaeque
851 2793 1086 2839 patriarchae,
1117 2794 1325 2829 nescientem
1358 2804 1441 2827 vero
1464 2792 1544 2838 quid
1567 2793 1624 2827 iu-

160 2843 348 2873 ramentum
369 2838 417 2874 sit
439 2851 595 2886 quaeque
617 2840 670 2874 vis
692 2839 864 2885 religionis
885 2839 985 2874 istius
998 2865 1007 2878 .
1040 2852 1140 2885 quam
1164 2852 1229 2875 non
1251 2840 1348 2886 ipse,
1372 2839 1434 2874 sed
1455 2838 1479 2872 ii
1501 2839 1624 2885 quibus

161 2889 240 2919 erat
258 2895 361 2920 curae
378 2887 589 2932 profuturam
620 2886 655 2922 ei
687 2886 731 2922 ad
751 2886 893 2922 tutelam
913 2885 1198 2934 securitatemque
1225 2889 1354 2923 frustra
1382 2890 1621 2933 speraverant.
