1884 3262
289 183 388 230 636
691 178 1004 224 OBSERVAT.
1038 179 1348 233 PACHYMER.

398 304 431 329 c.
455 292 519 334 19.
576 289 690 338 Quae
714 289 811 329 urbs
832 301 990 328 scenam
1017 287 1174 328 dederit
1193 287 1289 327 huic
1306 289 1544 342 tragoediae,
1573 301 1645 328 nec
1665 302 1742 328 iio-.-

286 353 368 385 ster
385 359 459 384 nec
474 346 702 398 Acropoiita
721 358 794 384 nec
809 345 1001 396 Gregoras
1021 344 1145 393 clare,
1160 344 1270 383 'dum
1288 357 1372 382 eam
1389 352 1553 384 narrant
1565 376 1574 394 ,
1605 345 1742 396 expri-

285 408 413 440 munt.
470 402 587 441 fuisse
617 408 747 441 autem
768 401 1002 453 Magnesiam
1019 414 1069 440 ex
1087 400 1242 440 duobus
1262 402 1499 451 argumentis
1514 402 1741 452 colligimus.

280 459 393 510 prius
412 464 470 497 est
488 458 597 508 quod
618 472 651 497 c.
676 459 728 502 15
747 459 871 497 refert
886 457 1165 509 Pachymeres,
1194 463 1353 496 mortuo
1373 456 1580 496 Theodoro
1601 459 1739 508 Augu-

282 520 342 553 sto
365 515 447 552 eius
467 515 593 554 filium
612 515 660 553 ab
679 514 761 553 eius
777 520 914 554 tutore
932 514 1138 553 Muzalone
1156 513 1369 552 deductum
1386 513 1427 551 in
1443 512 1740 552 munitissimam

282 583 412 609 arcem
431 570 483 609 ad
501 571 692 610 Hermum
710 571 939 622 Magnesiae.
996 582 1117 621 quare
1137 583 1227 608 cum
1247 570 1496 608 manifestum
1515 569 1568 607 sit
1586 582 1636 608 ex
1653 570 1739 622 ipsa

280 623 472 665 relatione
488 628 545 666 rei
565 642 671 666 nono
694 627 757 666 die
779 641 802 665 a
821 626 1021 666 Theodori
1044 626 1157 665 obitu
1173 631 1315 678 gestae,
1343 639 1425 664 non
1445 626 1559 676 longe
1573 625 1742 670 abfuisse

279 683 467 722 Ioannem
494 685 688 735 pupillum
712 697 735 722 a
761 683 849 722 loco
874 683 943 723 ubi
971 682 1196 721 Muzalones
1217 680 1417 723 interfecti
1436 687 1551 732 sunt,
1580 687 1740 733 oportet

279 739 324 777 id
347 741 498 779 factum
525 754 607 779 non
634 740 775 792 procul
802 740 851 778 ab
874 740 972 779 urbe
991 739 1196 790 Magnesia.
1252 738 1362 777 aliud
1380 744 1654 790 argumentum
1669 750 1740 776 su-

280 796 423 834 mimus
443 810 493 834 ex
512 796 659 847 templo
683 796 995 846 Sosandrorum,
1024 795 1092 834 ubi
1111 795 1311 847 piaculum
1333 794 1434 834 illud
1448 800 1648 847 patratum
1667 799 1739 832 est.

282 852 331 890 de
348 867 426 903 quo
445 853 502 891 sic
519 853 655 892 scribit
673 853 864 904 Gregoras
881 853 908 894 l.
919 855 946 894 2
966 865 1003 904 p.
1016 856 1092 901 21,
1123 852 1172 890 de
1187 852 1334 890 Ioanne
1351 852 1458 890 Duca
1475 851 1558 890 sive
1577 851 1740 889 Batatze

282 915 323 947 et
341 910 422 947 eius
440 909 603 961 coniuge
624 909 800 961 Augusta
821 908 951 947 Irene.
980 908 1185 972 ἐδείμαντο
1213 906 1256 948 δὲ
1283 906 1351 948 καὶ
1373 905 1498 956 ναοῦς
1520 903 1739 974 ἀμφότεροι

281 966 371 1006 λίαν
391 970 657 1035 περικαλλεῖς,
691 967 888 1014 πλείστοις
904 960 1160 1029 οἷναλαὶμασιν
1177 965 1359 1016 μεγιστας
1378 979 1451 1004 και
1468 964 1652 1010 ποικίλας
1667 959 1738 1010 τοὶς

140 1029 170 1062 Ρ
193 1028 263 1063 444
288 1019 440 1062 τούτων
461 1019 677 1074 οἶκοδομας
693 1017 1036 1069 κατασκευακὸτες,
1064 1019 1089 1061 o‘
1108 1019 1191 1086 μὲν
1202 1017 1385 1073 βασιλευς
1404 1017 1478 1060 τόν
1495 1035 1536 1060 τε
1555 1017 1643 1072 περὶ
1659 1032 1738 1070 την

282 1078 528 1147 Μαγνησίαν
546 1075 641 1126 εῖς”
621 1093 746 1130 ονομα
761 1080 834 1129 τῆς
849 1076 1099 1145 θεομητορος
1122 1072 1347 1128 Σωσανὸρα
1366 1073 1638 1127 καλουμενον,
1667 1072 1736 1114 καὶ

278 1131 350 1174 τόν
372 1130 484 1181 ἒντός
500 1149 573 1184 της
594 1135 769 1181 Νικαίας
790 1133 847 1181 εἰς
863 1131 993 1183 ὄνομα
1005 1128 1229 1173 Ἀντωνίου
1246 1135 1320 1172 τοῦ
1338 1129 1521 1184 μεγάλου.
1560 1144 1608 1168 en
1631 1136 1735 1168 tem-

275 1190 387 1240 pium
407 1190 580 1227 Sosandi
582 1201 696 1227 orum
718 1189 868 1227 dictum
884 1188 1132 1226 aedificatum
1151 1188 1528 1238 magnificentissime
1550 1201 1571 1225 a
1591 1187 1735 1225 Ioanne

275 1246 437 1283 Batatze
463 1245 641 1296 Augusto
673 1244 764 1297 περὶ
795 1245 1043 1298 Μαγνησίαν
1067 1244 1170 1282 circa
1195 1244 1450 1295 Magnesiam,
1478 1243 1557 1281 hoc
1575 1248 1654 1292 est,
1686 1247 1735 1280 ut

276 1302 441 1353 opinor,
470 1302 511 1340 in
536 1301 764 1339 suburbano
789 1300 872 1339 eius
897 1299 1066 1339 civitatis
1095 1306 1210 1338 extra
1235 1300 1318 1338 eius
1344 1312 1491 1339 muros.
1547 1312 1639 1338 nam
1656 1297 1734 1336 hoc

275 1358 397 1408 exigit
415 1357 618 1396 antithesis
639 1371 729 1395 cum
750 1356 856 1395 alio
844 1370 887 1395 m
907 1356 1099 1395 honorem
1119 1358 1158 1395 S.
1177 1355 1340 1397 Antonii
1354 1355 1504 1407 Magni,
1533 1352 1646 1404 ἐντὸς
1661 1356 1734 1407 τῆς

275 1414 451 1462 Νικαίας
468 1414 576 1452 intra
593 1414 733 1452 urbem
753 1413 934 1451 Nicaeam
955 1413 1004 1451 ab
1026 1412 1163 1450 eodem
1180 1418 1347 1451 structo.

386 1484 423 1521 p.
439 1473 493 1512 62
512 1483 551 1509 v.
564 1473 628 1511 13.
687 1471 849 1521 impune
865 1469 973 1508 νεῖαι
992 1484 1012 1507 e
1029 1470 1160 1520 Msysis
1170 1468 1378 1536 praedam
1389 1466 1647 1519 congerebant
1660 1470 1732 1503 etc.

272 1526 330 1564 sic
353 1527 615 1578 expressimus
640 1526 792 1565 Graeca
817 1526 883 1564 illa
907 1541 977 1566 και
1004 1527 1113 1566 λείαν
1140 1528 1301 1566 Μυσῶν
1329 1520 1526 1564 τᾶκείνων
1551 1523 1731 1562 ἐποίουν.

272 1588 412 1620 notum
435 1583 676 1622 Graecorum
698 1582 882 1633 adagium
901 1587 957 1620 est
982 1585 1143 1622 Μυσῶν
1162 1583 1266 1632 λείας
1293 1581 1334 1619 in
1356 1580 1466 1619 cuius
1483 1578 1732 1617 enarratione

272 1639 466 1677 assentior
497 1639 631 1690 potius
656 1639 830 1677 Zenobio
855 1644 896 1676 et
922 1638 1067 1676 Suidae
1097 1639 1249 1690 passive
1271 1638 1313 1676 id
1341 1637 1389 1674 de
1415 1637 1534 1687 Mysis
1561 1633 1731 1686 praedae

272 1695 356 1732 sine
384 1694 540 1734 vindice
570 1695 760 1759 expositis
786 1695 1158 1746 interpretantibus,
1188 1708 1305 1745 quam
1334 1692 1570 1743 Diogeniano
1598 1690 1732 1741 Mysus

274 1751 529 1802 praedatores
548 1752 768 1791 vicinorum
789 1751 872 1789 sine
890 1757 1050 1789 auctoie
1068 1751 1209 1789 idoneo
1226 1749 1441 1789 inducenti.

387 1821 426 1858 p-
437 1808 490 1849 59
507 1821 546 1846 v.
556 1811 623 1849 22.
679 1809 889 1846 calceum
872 1822 915 1844 m
934 1815 1093 1845 mortuo
1110 1809 1206 1859 nigr
1207 1821 1287 1845 um.
1336 1786 1605 1844 existimarant
1620 1801 1730 1839 hune

275 1862 614 1915 Theophylactum
649 1863 943 1913 grammaticum
976 1876 1057 1901 esse
1090 1862 1433 1913 protovestiarium
1467 1859 1728 1906 Muzaionem,

273 1918 442 1970 ideoque
461 1919 572 1957 illum
589 1919 826 1958 occiderant.
869 1918 938 1956 sed
956 1932 1047 1957 cum
1066 1919 1214 1957 mortui
1232 1918 1379 1956 calceos
1396 1917 1527 1966 nigros
1545 1913 1727 1952 animad-

273 1975 507 2024 vertissent,
535 1988 684 2014 errasse
713 1988 754 2012 se
783 1980 1036 2044 agnoxmerunt
1095 1974 1300 2023 nimirum,
1337 1980 1385 2012 ut
1415 1972 1531 2010 docet
1554 1970 1727 2008 eodinus

275 2030 325 2068 de
349 2031 463 2070 offic.
486 2045 519 2070 c.
541 2031 568 2074 4
590 2045 628 2083 p.
648 2035 699 2074 16
717 2031 777 2069 ed.
798 2035 818 2071 1
840 2031 958 2069 Paris.
987 2046 1034 2070 τα
1066 2028 1305 2082 υποδήματα
1338 2044 1461 2069 αυτου
1499 2026 1728 2090 (πρ-ωτοβε-

274 2087 482 2141 στιαρίου)
514 2085 702 2140 πράσινα.
757 2087 852 2125 hinc
867 2086 1129 2138 intelligitur
1118 2101 1160 2125 m
1184 2085 1344 2125 caeteris
1365 2082 1607 2123 indumentis
1626 2081 1726 2120 nihil

271 2148 361 2180 tum
391 2143 578 2182 eximium
606 2143 908 2196 protovestiario
933 2143 1070 2193 fuisse,
1100 2156 1177 2193 quo
1199 2157 1222 2180 a
1243 2142 1333 2195 priv
1335 2147 1401 2179 ato
1427 2140 1724 2179 discerneretur.

272 2198 315 2235 in
340 2212 419 2249 quo
443 2206 579 2251 postea
607 2206 806 2239 mutatum
829 2199 1042 2252 quidpiam.
1095 2205 1141 2237 ut
1159 2199 1262 2237 enim
1281 2199 1466 2237 observat
1482 2196 1586 2235 idem
1604 2193 1723 2232 Codi-

270 2267 349 2292 BUS
367 2269 400 2294 c·
420 2259 448 2297 2
471 2270 510 2309 p.
528 2260 578 2306 8,
606 2256 774 2295 ΜὶοΙιειὲΙ
790 2257 941 2321 primus
958 2268 979 2293 e
997 2255 1229 2306 Palaeologis
1252 2255 1466 2306 imperator
1483 2267 1531 2305 pr
1533 2252 1639 2289 asina
1657 2250 1723 2288 in-

271 2310 484 2361 dumenta,
513 2325 613 2363 quae
644 2313 791 2365 insigne
823 2312 931 2364 prius
961 2313 1119 2351 fuerant
1144 2310 1422 2380 protosebasti,
1453 2309 1504 2347 ad
1532 2313 1724 2360 protove-

269 2366 450 2405 stiarium
465 2369 681 2408 transtulit.
739 2369 956 2420 σημείωσαι
975 2383 1034 2409 οτι
1056 2365 1239 2421 βασιλευς
1260 2364 1425 2419 Μιχαηλ
1444 2379 1525 2405 των
1545 2366 1722 2404 Παλαισ-

269 2418 399 2475 λόγων
419 2438 596 2477 πρωτος,
625 2441 703 2466 ano
722 2427 795 2465 τοῦ
816 2426 1147 2492 πρωτοσεβαστοῦ
1164 2440 1211 2464 τα
1230 2436 1404 2475 πρασινα
1423 2415 1596 2487 ἆφελόν,
1625 2415 1723 2470 ἐφό-

269 2490 359 2530 ρεσε
377 2482 500 2519 ταῦτα
524 2481 581 2528 εἰς
598 2497 669 2522 τον
694 2477 866 2532 ἀνεψιὸν
888 2476 1014 2521 αυτοῦ
1030 2478 1198 2533 Μιχαήλ
1219 2477 1290 2521 τόν
1317 2471 1634 2532 Ταοχανειωτην,
1661 2489 1720 2514 τι·

270 2531 402 2586 μήσας
425 2533 801 2589 πρωτοβεστιοὲριον.
857 2537 916 2574 ita
935 2536 1013 2575 ille.

382 2604 421 2642 P·
441 2593 491 2634 81
518 2603 557 2632 v.
577 2595 644 2633 26.
710 2590 915 2632 Theodori.
975 2592 1024 2630 de
1049 2591 1126 2630 hoc
1152 2590 1360 2630 Theodoro
1380 2587 1572 2628 videndus
1590 2584 1717 2624 Acro-

272 2645 417 2696 polita‚
442 2647 565 2685 multa
595 2647 643 2686 de
669 2648 736 2685 illo
765 2648 826 2686 his
858 2661 958 2699 quae
985 2648 1053 2686 hio
1072 2647 1299 2686 indicantur
1323 2649 1579 2684 consentanea
1598 2640 1718 2679 variis

272 2701 458 2740 histmiae
487 2708 527 2741 et
550 2703 726 2742 chronici
749 2704 808 2741 sui
839 2704 934 2742 locis
959 2705 1144 2744 wrm-,ens
1202 2703 1280 2754 agit
1305 2709 1343 2739 ct
1367 2701 1415 2739 de
1437 2699 1505 2738 ino
1526 2699 1718 2747 Giegoras

274 2758 299 2795 l·
322 2761 349 2798 2
378 2772 415 2810 p.
439 2762 486 2801 11
508 2765 548 2798 et
571 2762 644 2809 12,
673 2759 742 2797 ubi
766 2758 883 2797 etiam
904 2760 1112 2799 adscivisse
1138 2760 1265 2810 ipsum
1287 2758 1360 2796 sibi
1381 2767 1524 2794 nomen
1542 2753 1716 2804 impera-

272 2813 372 2852 toris
397 2814 520 2854 tradit
557 2815 618 2857 his
645 2814 775 2855 verbis
802 2814 870 2856 καὶ
903 2816 1103 2868 βασιλείας
1131 2815 1255 2870 ἓαυτω
1290 2807 1590 2868 περιτίθησιν”
1571 2825 1715 2863 evomat,-
