1884 3262
259 226 358 274 758
668 221 982 267 OBSERVAT.
1013 220 1326 266 PACHYMER.

111 338 140 373 P
164 336 232 373 537
272 334 352 397 222¹
394 332 559 393 ffll’ffssggf·
583 329 748 393 fflghagfg
780 350 782 352 v
854 330 1011 370 Ioannis
1029 329 1159 369 Ducae
1177 331 1220 370 in
1236 343 1325 370 arce
1349 327 1557 370 Patrarum
1589 330 1735 369 obsessi

342 389 349 396 ”
394 398 466 427 Sed.
484 398 560 426 Vae.
599 398 742 427 Palaeol.
799 393 1032 439 stratagema
1050 387 1222 438 insigne,
1257 401 1336 438 quo
1365 387 1520 426 Ioannis
1551 387 1734 439 despotae

261 441 367 483 1271
459 439 485 478 3
644 440 697 479 12
800 444 932 483 fratris
942 444 1189 495 imperatoris
1198 444 1393 483 victorem
1409 444 1625 482 exercitum
1636 457 1734 496 pro-

799 502 929 552 fligat,
958 501 1043 552 ipso
1076 500 1332 552 ignominiose
1357 501 1494 552 sugere
1522 501 1736 552 compulso.

853 611 1216 665 Philanthropenus
1247 613 1466 653 adiuvante
1492 613 1638 651 Ioanne
1664 612 1737 651 de-

798 676 914 723 spota
940 670 1100 708 classem
1122 670 1298 708 Latinam
1316 670 1455 711 vincit.
1479 683 1512 708 c.
1532 673 1598 711 32.

855 727 1014 779 Legatio
1042 741 1064 764 a
1093 726 1283 765 Michaele
1306 727 1543 778 imperatore
1560 726 1604 764 in
1629 726 1738 764 Pan-

799 785 960 823 noniam
989 784 1105 822 missa
1130 783 1181 821 ad
1206 784 1418 835 petendam
1448 783 1548 834 regis
1576 782 1738 820 Panno-

801 841 887 880 niae
902 841 1024 879 filiam
1046 841 1088 879 in
1104 854 1287 892 sponsam
1309 840 1538 879 Andronico
1560 852 1631 879 suo
1649 839 1737 891 pri-

781 898 1014 949 >mogenitO.
1044 911 1080 939 e.
1099 900 1167 939 29.

856 953 1083 993 Cardinales
1125 953 1292 992 viterbii
1326 952 1547 1003 congregati
1577 951 1739 990 tandem

800 1011 1045 1050 conveniunt
1070 1010 1112 1048 in
1141 1010 1372 1048 electionem
1399 1007 1564 1047 Thealdi
1603 1007 1737 1046 archi-

801 1068 958 1106 diaconi
970 1066 1192 1104 Leodiensis
1207 1066 1248 1104 in
1258 1067 1481 1104 Romanum
1498 1065 1738 1117 pontificem.

256 1151 371 1161 ——a

263 1201 372 1242 1272
404 1166 498 1247 ‘³¹⁸5'
514 1168 553 1196 x.
645 1204 697 1244 13
857 1200 1028 1252 Nuptiae
1051 1199 1272 1239 Andronici
1305 1200 1376 1237 fini
1409 1198 1608 1237 Michaelis
1642 1199 1736 1250 imp.

801 1271 891 1297 cum
919 1257 1035 1295 Anna
1055 1257 1136 1295 filia
1157 1257 1258 1307 regis
1286 1255 1512 1293 Pannoniae
1529 1255 1573 1292 in
1589 1255 1736 1305 templo

799 1317 840 1354 S-
857 1313 1029 1366 Sophiae
1051 1327 1074 1351 a
1099 1311 1269 1364 Iosepho
1286 1310 1513 1365 patriarcha
1530 1310 1737 1350 celebran-

797 1378 879 1412 tur.
911 1370 938 1411 4
959 1372 1028 1412 29.

853 1427 1020 1466 Ioannes
1051 1425 1215 1479 despota
1234 1426 1355 1464 frater
1379 1423 1628 1475 imperatoris
1642 1436 1737 1462 sen-

799 1485 934 1523 simin
953 1483 1135 1522 ordinem
1165 1482 1352 1522 redactus
1375 1481 1541 1531 insignia
1564 1481 1734 1533 despoti-

801 1555 867 1580 cae
888 1540 1091 1591 dignitatis
1110 1539 1220 1578 ultro
1245 1538 1419 1590 deponit.
1447 1537 1501 1577 ib.

856 1596 1106 1637 patriarchae
1135 1595 1290 1649 Iosephi
1309 1595 1500 1647 profectio
1526 1593 1569 1631 in
1587 1592 1736 1632 Orien-

799 1655 853 1694 tis
876 1654 1103 1707 provincias
1128 1653 1179 1692 ad
1210 1652 1378 1691 schisma
1398 1651 1454 1690 ibi
1473 1649 1736 1689 coercendum

800 1713 952 1751 frustra
969 1716 1165 1762 suscepta.
1220 1709 1303 1747 eius
1321 1708 1378 1746 ibi
1404 1721 1493 1746 cum
1512 1705 1735 1759 Nicephoro

802 1768 1021 1808 Blemmida
1040 1779 1280 1819 congressu&
1309 1766 1336 1808 5
1363 1768 1402 1807 2.

858 1824 1057 1863 Thealdus
1089 1825 1134 1861 in
1173 1823 1287 1874 Syria
1322 1834 1568 1860 commorans
1596 1818 1733 1857 audito

800 1882 945 1921 nuntio
964 1894 1056 1918 suae
1075 1879 1274 1918 eleczionis
1293 1878 1335 1916 in
1354 1879 1578 1916 Romanum
1596 1875 1736 1928 ponti-

801 1939 934 1985 ficem,
971 1936 1203 1974 Michaelem
1226 1937 1503 1985 imperatorem
1530 1932 1581 1971 ad
1600 1945 1736 1984 pacem

801 1993 1054 2034 ecclesiarum
1082 1991 1369 2030 conciliandam
1409 1990 1568 2028 invitat.
1625 1987 1735 2039 quod

800 2053 834 2091 is
850 2052 1020 2090 libenter
1041 2049 1176 2099 audit,
1205 2054 1370 2100 urgente
1391 2060 1415 2084 a
1444 2046 1584 2084 Carolo
1611 2050 1734 2083 metu.

806 2163 809 2166 ’
859 2164 956 2217 Regi
1003 2162 1264 2214 Bulgarorum
1307 2157 1569 2198 Constantino
1606 2156 1734 2195 Maria

805 2219 988 2273 Eulogiae
1004 2220 1085 2258 filia
1103 2218 1250 2258 sororis
1272 2218 1366 2270 imp.
1390 2215 1518 2255 nubit.
1551 2214 1576 2256 5
1601 2216 1640 2255 3.

269 2367 375 2409 1273
466 2367 496 2406 2
633 2361 702 2406 v14
861 2357 1059 2396 Thealdus
1085 2357 1252 2394 Romam
1295 2352 1481 2406 appulsus
1512 2350 1565 2388 ibi
1595 2360 1734 2387 conse-

806 2421 940 2453 cratur
971 2413 1153 2466 pontifex
1179 2416 1205 2454 6
1237 2410 1318 2451 kal.
1350 2409 1478 2461 April.
1515 2412 1553 2445 et
1588 2417 1734 2445 nomen

805 2471 967 2511 assumit
984 2469 1162 2522 Gregorii
1179 2468 1231 2507 X.

859 2539 994 2592 Legati
1023 2553 1046 2578 a
1075 2537 1263 2590 Gregorio
1290 2536 1332 2574 X
1353 2528 1734 2581 Constantinopolim

805 2598 912 2636 missi
929 2596 981 2635 ad
997 2596 1201 2648 negotium
1219 2589 1486 2632 conciliandae
1507 2587 1613 2640 pacis
1628 2585 1733 2623 inter

805 2654 1006 2693 ecclesiam
1026 2653 1207 2692 Latinam
1223 2657 1263 2689 et
1277 2651 1466 2688 Graecam
1490 2657 1629 2696 magno
1652 2641 1732 2680 illic

806 2717 953 2750 conatu
971 2723 1056 2749 rem
1076 2713 1324 2762 promovent.
1354 2704 1380 2747 5
1408 2706 1476 2747 11.

860 2768 1080 2819 Imperator
1114 2763 1392 2804 ecclesiasticos
1425 2760 1592 2798 Graecos
1618 2759 1734 2805 urget

808 2824 860 2862 ad
896 2836 1044 2875 pacem.
1086 2836 1120 2863 c.
1158 2825 1224 2866 12.
1287 2817 1526 2860 Holobolum
1560 2813 1734 2865 graviter

807 2880 964 2920 multat.
992 2894 1027 2920 c.
1045 2882 1113 2923 20.
