1884 3262
426 201 501 244 DE
534 199 812 244 MICHAELE
844 197 1216 248 PALAEOLOGO
1250 197 1297 240 L.
1323 195 1400 243 Vl.
1547 194 1646 240 509

187 311 378 373 γαγὸντες
407 314 549 371 καιρὸν
570 308 698 364 αὖθις
721 312 938 356 ἀπέκλιναν
955 311 1060 369 πρὸς
1078 310 1152 355 τὸν
1171 307 1405 368 Κάρουλον.
1472 306 1644 366 Κάρου-

177 389 260 433 ιλος
284 384 329 426 δὲ
350 382 519 437 πέμψας
538 380 776 437 κατωχύρου
796 398 839 424 τε
858 380 906 424 τὸ
925 378 1137 436 φρούριον,
1173 381 1240 422 καὶ
1254 378 1312 429 ’ὥς
1331 378 1420 437 ῗδίῳ
1434 375 1644 435 χρώμενος

187 452 342 495 ἐκεῖθεν
361 453 536 508 ἐξορμᾶν
559 450 658 500 τοὺς
683 450 812 493 αὐτοῦ
841 449 946 492 κατὰ
964 453 1036 503 τῆς
1046 447 1255 502 Ῥωμαίων
1271 445 1475 501 ἐβούλετο.
1545 445 1639 490 τότε
1660 461 1694 495 Ε

184 521 322 563 τοίνυν
338 517 542 576 ἐθάρρυνε
548 520 626 576 μὲν
646 521 793 562 ἐκεῖνον
812 519 877 560 καὶ
895 515 921 572 ἦ
940 521 1020 560 τῶν
1036 517 1242 573 Ἰλλυριῶν
1260 516 1516 568 ἀποστασία,
1537 514 1641 570 ἔχων

150 589 318 642 ὅδὲ-καὶ
339 588 410 631 τὸν
433 586 552 631 κότον
573 588 754 643 ἀρχῆθεν
777 584 833 635 ὥς
851 586 1112 637 ἐκκρουσθεὶς
1130 592 1221 634 ταῖς
1245 589 1318 627 τοῦ
1338 583 1539 637 βασιλέως
1550 603 1640 640 ,μη-

178 664 327 711 χαναΐς
354 661 428 710 τῆς
454 657 516 699 ἐπὶ
547 656 622 710 τὴν
651 653 1003 707 πόλινὲκπλοίας,
1039 653 1140 695 λαὸν
1161 651 1300 695 ἱκανὸν
1321 653 1364 694 ἐκ
1384 654 1638 708 Βρεντησίου

181 724 269 779 ἅμα
286 725 360 778 μὲν
382 723 558 779 ἱππότην
577 723 664 778 ἅμα
684 725 729 766 δὲ
749 724 817 766 καὶ
835 720 965 775 πεζόν,
1002 719 1058 771 ὡς
1072 723 1127 770 εἷς
1146 728 1252 776 τρεῖς
1268 718 1458 775 χιλιάδας
1482 719 1637 764 ποσού-
1660 732 1689 766 Ρ
1709 731 1778 767 347

178 810 323 846 μενον,
359 795 592 849 ὃιαπεραιοῒ
610 792 680 835 τὸν
699 789 851 834 Ἰόνιον.
922 790 1029 844 οἳδὴ
1053 792 1119 832 καὶ
1143 787 1445 842 καταλαβόντες
1470 788 1523 831 τὰ
1544 788 1639 832 Κά-

179 878 270 902 νινα
284 893 298 912 ,
335 863 402 903 καὶ
422 859 477 910 ὥς
505 859 611 915 εῗχον
640 857 972 913 ἔνσκευασάμενοι
982 891 996 911 ,
1033 857 1166 908 οὕτως
1188 859 1342 901 ἐκεῖθεν
1367 855 1560 913 ἐξώρμων
1581 857 1638 908 ὥς

125 938 169 971 10
182 933 232 985 τῇ
249 929 356 971 κατὰ
376 934 486 985 σφᾶς
506 927 638 985 τόλμῃ
658 928 826 971 οἴεσθαί
842 934 955 977 τινας
970 929 1088 981 μέχρι
1108 928 1175 968 καὶ
1204 924 1358 976 πόλεως
1382 928 1636 970 Θεσσαλονί-

177 1013 272 1052 κης,
312 997 370 1040 ἔτι
399 998 443 1040 δὲ
471 999 538 1040 καὶ
570 995 726 1046 πόλεως
753 995 881 1050 αὐτῆς
911 997 1008 1051 πεζῇ
1035 999 1270 1047 συμβαλεῖν.
1341 995 1408 1036 ε’πὶ
1436 999 1635 1038 τοσοῦτον

177 1064 222 1107 δ’
246 1063 453 1119 ἐθάρρουν
473 1069 523 1121 τῇ
542 1063 636 1107 κατ’
658 1063 809 1112 αὐτοὺς
833 1061 1000 1117 δυνάμει
1020 1062 1123 1106 ὥστε
1142 1064 1207 1105 καὶ
1225 1062 1323 1105 κατ’
1347 1063 1543 1117 ἔλπισμόν
1561 1064 1633 1108 τὸν

174 1133 343 1188 κρείττω
370 1134 608 1190 διαμερίζειν
646 1134 713 1175 καὶ
744 1130 886 1188 χώρας
916 1133 983 1174 καὶ
1017 1129 1151 1181 πόλεις
1189 1130 1321 1190 ἑαυτῷ
1352 1131 1522 1174 ἕκαστον
1550 1136 1633 1175 τῶν

172 1199 451 1257 προυχόντων.
520 1202 660 1258 ἐξῆρχε
691 1201 735 1244 δὲ
763 1198 920 1243 τούτων
951 1198 1142 1244 ἁπάντων
1173 1198 1196 1243 ὃ
1223 1202 1291 1243 καὶ
1307 1204 1370 1258 ,τῷ
1397 1197 1629 1257 φρονήματι
1649 1210 1681 1246 Β

118 1277 162 1314 15
173 1269 270 1320 τοὺς
291 1268 448 1320 πάντας
471 1267 796 1327 ὗπερφερόμενος
813 1267 911 1319 Ῥώς
927 1273 1142 1323 Σολυμᾶς,
1178 1269 1367 1325 μέγιστος
1386 1270 1460 1323 μὲν
1479 1268 1628 1330 ἡλικίᾳ,

170 1338 355 1395 σοβαρὸς
382 1340 428 1381 δὲ
451 1345 542 1388 ταῖς
566 1343 640 1394 τῆς
671 1342 810 1393 ψυχῆς
835 1335 1157 1388 καταστάσεσιν,
1200 1335 1435 1393 ὖπερόφρυς
1462 1339 1508 1380 de*
1539 1346 1631 1390 ταῖς

169 1407 392 1461 ἓντυχιάις,
429 1407 584 1458 ’ξανθὸς
611 1407 687 1463 τὴν
714 1406 858 1462 τρίχα,
893 1407 959 1448 καὶ
991 1403 1223 1461 ὖπεραύχην
1253 1406 1297 1448 ἐκ
1321 1410 1499 1460 ψυχικοῦ
1517 1407 1628 1458 τινὸς

171 1475 376 1530 ε’κθὲρμου
402 1473 633 1529 κινήματος.
702 1473 815 1528 οἶμαι
841 1475 886 1517 δὲ
917 1474 1138 1517 κάντεῦθεν
1159 1474 1233 1528 τὴν
1252 1473 1478 1528 ὀνομασίαν
1498 1482 1623 1529 σχεῖν,

169 1543 283 1601 παρὰ
302 1543 376 1598 τὴν
403 1545 506 1598 πρὸς
527 1542 626 1594 Ῥοῦς
650 1541 887 1598 ὁμοιότητα.
955 1543 1232 1600 προαχθέντες
1256 1544 1394 1585 τοίνυν
1417 1550 1507 1593 ταῖς
1526 1542 1626 1596 τόλή-

112 1618 266 1663 Ξομαις
295 1607 335 1655 οἷ
358 1611 507 1655 Ἰταλοὶ
538 1613 602 1655 ἐπὶ
630 1612 681 1655 τὰ
711 1610 980 1669 Βελλάγραὸα
1002 1616 1165 1669 πρῶτον
1195 1609 1344 1669 ὥρμων
1359 1609 1415 1662 ὥς
1434 1611 1478 1663 ἐξ
1496 1611 1627 1667 αὐτῆς

164 1787 285 1812 rursus
307 1776 351 1811 ad
375 1776 533 1812 Carolum
555 1776 769 1812 inclinarunt.
813 1776 871 1811 ille
905 1779 1018 1812 autem
1057 1775 1165 1810 missis
1199 1774 1342 1821 impigre
1372 1775 1477 1821 copiis
1507 1787 1622 1812 arcem

164 1823 255 1857 illam
278 1834 383 1868 opere
405 1828 442 1857 et
464 1823 631 1868 praesidio
657 1823 816 1857 munitam
840 1827 879 1857 ut
900 1822 1070 1869 propriam
1093 1822 1251 1867 deinceps
1273 1821 1410 1864 habuit,
1440 1822 1621 1857 stationem

162 1868 266 1903 istam
289 1873 511 1914 opportunam
532 1869 687 1903 iudicans
722 1869 764 1903 ad
789 1868 947 1902 effectum
981 1874 1133 1902 veterum
1162 1879 1297 1902 suarum
1321 1867 1622 1903 machinationum:

164 1914 246 1948 inde
268 1916 354 1949 enim
378 1914 548 1949 commode
570 1927 608 1949 se
631 1915 794 1960 sperabat
816 1919 1013 1961 erupturum
1045 1914 1080 1948 in
1109 1914 1261 1948 subditas
1282 1913 1481 1958 imperatori
1506 1914 1623 1959 regio-

168 1971 231 1995 nes
245 1986 256 2002 ,
279 1971 364 2005 quas
391 1961 515 1995 dudum
537 1961 701 1995 invadere
732 1961 885 2006 optabat.
930 1960 1141 1996 occasionem
1163 1971 1265 2005 porro
1288 1960 1361 1994 eius
1383 1960 1434 1994 rei
1455 1971 1621 2006 prospere

161 2007 347 2040 tentandae
369 2007 482 2040 offerri
504 2007 567 2041 sibi
598 2013 761 2041 maturam
784 2012 880 2041 ratus
911 2018 933 2041 a
964 2006 1148 2041 rebellione
1169 2006 1378 2051 lllyriorum,
1410 2018 1519 2051 eoque
1546 2006 1621 2040 ani-

161 2052 287 2086 mosius
318 2052 506 2097 obsequens
539 2053 634 2096 irae,
668 2064 736 2098 qua
766 2053 896 2098 pridem
926 2052 959 2086 in
995 2052 1231 2095 imperatorem
1263 2052 1422 2093 ardebat,
1446 2051 1538 2096 quod
1559 2052 1619 2087 ille

161 2097 353 2131 artificiosis
376 2098 448 2131 suis
471 2109 544 2131 cum
567 2110 657 2143 papa
678 2098 881 2132 tractatibus
914 2098 1157 2143 expeditionem
1189 2098 1232 2132 ab
1254 2109 1295 2131 eo
1327 2102 1479 2142 paratam
1500 2098 1534 2130 in
1558 2108 1619 2135 urf-

163 2142 240 2175 bem
255 2143 576 2188 Constantinopolim
595 2145 720 2177 effectu
738 2155 866 2179 cassam
885 2144 1101 2185 reddidisset,
1126 2142 1372 2178 multitudinem
1389 2145 1444 2176 sat
1462 2153 1616 2187 magnam

159 2187 286 2232 partim
308 2188 456 2232 equitum
478 2190 602 2233 partim
625 2190 774 2233 peditum
788 2214 797 2230 ‚
817 2190 883 2224 tria
905 2190 1001 2223 simul
1023 2189 1124 2223 millia
1140 2188 1277 2222 militum
1295 2188 1485 2232 explentem
1502 2189 1617 2223 Brun-

160 2232 257 2267 dusio
279 2245 342 2279 per
362 2233 491 2267 Ionium
511 2234 659 2269 traiecit.
702 2235 738 2268 hi
762 2235 886 2281 perlati
910 2236 1059 2278 Canina,
1081 2246 1154 2268 cum
1179 2233 1227 2267 ibi
1247 2245 1286 2267 se
1307 2244 1409 2286 quam
1431 2238 1616 2279 potuerunt

159 2278 286 2323 optime
317 2283 590 2324 comparassent,
620 2285 806 2326 eruperunt
835 2281 1054 2315 audacissime
1082 2279 1188 2315 vastis
1220 2279 1331 2313 inflati
1351 2280 1491 2325 spebus,
1515 2280 1614 2326 quasi

159 2335 227 2357 non
247 2323 353 2358 solum
375 2323 477 2359 obvia
509 2329 632 2359 cuncta
660 2338 768 2372 usque
798 2327 1073 2361 Thessalonicam
1105 2326 1300 2368 subacturi,
1332 2326 1392 2359 sed
1422 2326 1467 2360 ad
1489 2327 1609 2361 urbem

159 2369 342 2414 quinetiam
373 2369 482 2416 ipsam
514 2370 678 2405 inoffenso
700 2372 926 2417 expeditionis
958 2371 1133 2407 terrestris
1156 2381 1256 2405 cursu
1276 2372 1483 2416 perventuri.
1529 2377 1608 2407 tan-

158 2419 232 2448 tum
263 2420 375 2449 autem
408 2415 622 2450 confidebant
655 2417 726 2452 suis
749 2418 869 2463 opibus
901 2429 942 2452 ac
972 2417 1122 2457 viribus,
1159 2420 1198 2450 ut
1218 2416 1312 2452 velut
1333 2428 1400 2452 non
1417 2417 1522 2453 dubia
1542 2430 1606 2464 spe

156 2459 239 2494 laeti
261 2471 436 2496 successus
455 2461 524 2496 iam
546 2473 635 2496 nunc
655 2463 829 2508 praecipui
850 2463 954 2497 duces
974 2463 1123 2507 ipsorum
1144 2461 1236 2496 inter
1255 2474 1295 2497 se
1314 2463 1524 2508 partirentur
1544 2476 1606 2499 re·-

154 2506 274 2551 giones
294 2507 485 2552 urbesque,
507 2517 592 2552 quas
613 2509 756 2553 quisque
774 2513 854 2553 post
875 2509 1050 2543 victoriam
1072 2508 1226 2553 proprias
1248 2508 1400 2545 haberet.
1443 2514 1608 2555 praeerat

154 2556 268 2586 autem
290 2552 455 2587 universis
485 2552 551 2587 illis
577 2553 720 2588 omnium
741 2554 840 2598 longe
862 2554 1088 2589 ferocissimus
1118 2554 1213 2589 Rhos
1233 2554 1408 2600 Solymus,
1432 2556 1486 2590 vir
1507 2556 1605 2591 altis-

155 2597 261 2632 simae
284 2602 459 2641 staturae,
491 2598 592 2633 animi
625 2598 873 2644 superbissimi,
904 2599 1205 2645 superciliosissimi
1225 2599 1262 2635 in
1284 2602 1521 2646 congressibus
1540 2602 1604 2636 de-

153 2646 314 2696 spectus,
335 2643 446 2679 flavus
469 2644 590 2686 crines,
612 2645 745 2679 cervice
766 2644 949 2681 insolenter
971 2645 1062 2680 elata
1078 2645 1231 2681 incitatis
1249 2645 1508 2692 circumagenda
1529 2659 1604 2682 mo-

154 2688 248 2723 tibus
284 2691 471 2725 naturalem
503 2691 678 2736 quemdam
714 2690 868 2725 ardorem
898 2692 1095 2737 praeferens
1112 2703 1126 2734 ς
1164 2692 1253 2727 unde
1285 2693 1485 2727 crediderim
1524 2704 1602 2728 eum

152 2732 248 2768 Rhoe
269 2740 427 2771 vocatum
449 2748 492 2771 ex
514 2735 730 2771 similitudine
749 2736 870 2782 capitis
898 2737 970 2772 eius
991 2742 1062 2772 tum
1094 2749 1208 2774 comae
1240 2740 1310 2773 tum
1339 2739 1455 2773 vultus
1487 2738 1600 2773 colore

151 2778 385 2832 rpbesoentis,
407 2793 481 2817 cum
503 2786 584 2817 nota
605 2782 718 2827 specie
742 2782 911 2828 phalangii
934 2784 1032 2818 Rhox
1053 2783 1156 2818 dict-a.
1200 2784 1270 2819 ista
1291 2783 1398 2828 igitur
1427 2784 1600 2819 confiden-

152 2827 203 2859 tia
223 2824 303 2860 Itali
323 2832 483 2871 ruentes,
505 2827 684 2864 admovent
703 2838 743 2864 se
764 2828 905 2875 primum
921 2829 1153 2876 Bellagradis:
1177 2830 1267 2866 arcis
1288 2830 1324 2865 id
1345 2842 1478 2874 nomen,
1496 2841 1596 2878 quam
