<?xml version="1.0" encoding="UTF-8"?>
<!DOCTYPE html PUBLIC "-//W3C//DTD XHTML 1.0 Transitional//EN"
    "http://www.w3.org/TR/xhtml1/DTD/xhtml1-transitional.dtd">
<html xmlns="http://www.w3.org/1999/xhtml" xml:lang="en" lang="en">
 <head>
  <title>
</title>
<meta http-equiv="Content-Type" content="text/html;charset=utf-8" />
  <meta name='ocr-system' content='tesseract 3.04.00' />
  <meta name='ocr-capabilities' content='ocr_page ocr_carea ocr_par ocr_line ocrx_word'/>
</head>
<body>
  <div class='ocr_page' id='page_1' title='image "./corpusscriptorum17niebuoft_0612.png"; bbox 0 0 1884 3262; ppageno 0'>
   <div class='ocr_carea' id='block_1_1' title="bbox 267 216 1320 305">
    <p class='ocr_par' dir='ltr' id='par_1_1' title="bbox 267 216 1320 305">
     <span class='ocr_line' id='line_1_1' title="bbox 267 216 1320 305; baseline -0.006 0"><span class='ocrx_word' id='word_1_1' title='bbox 267 258 365 305; x_wconf 84' lang='lat'><strong>594</strong></span> <span class='ocrx_word' id='word_1_2' title='bbox 663 216 979 299; x_wconf 56' lang='lat' dir='ltr'>OBSERVAT.</span> <span class='ocrx_word' id='word_1_3' title='bbox 1011 249 1320 300; x_wconf 66' lang='lat' dir='ltr'><strong>meumes.</strong></span> 
     </span>
    </p>
   </div>
   <div class='ocr_carea' id='block_1_2' title="bbox 266 350 1725 1477">
    <p class='ocr_par' dir='ltr' id='par_1_2' title="bbox 266 350 1721 637">
     <span class='ocr_line' id='line_1_2' title="bbox 267 350 1718 416; baseline -0.007 -10"><span class='ocrx_word' id='word_1_4' title='bbox 267 382 314 408; x_wconf 83' lang='lat' dir='ltr'><strong>ro</strong></span> <span class='ocrx_word' id='word_1_5' title='bbox 337 363 533 416; x_wconf 79' lang='lat' dir='ltr'><strong>Oedipum</strong></span> <span class='ocrx_word' id='word_1_6' title='bbox 546 379 562 410; x_wconf 88' lang='lat'><strong>‚·</strong></span> <span class='ocrx_word' id='word_1_7' title='bbox 590 368 673 398; x_wconf 82' lang='lat' dir='ltr'><strong>non</strong></span> <span class='ocrx_word' id='word_1_8' title='bbox 692 360 843 400; x_wconf 85' lang='lat' dir='ltr'><strong>Davum</strong></span> <span class='ocrx_word' id='word_1_9' title='bbox 870 373 952 399; x_wconf 84' lang='lat' dir='ltr'><strong>esse</strong></span> <span class='ocrx_word' id='word_1_10' title='bbox 978 365 1164 412; x_wconf 79' lang='lat' dir='ltr'>oportere</span> <span class='ocrx_word' id='word_1_11' title='bbox 1181 359 1438 412; x_wconf 79' lang='lat' dir='ltr'><strong>interpretem</strong></span> <span class='ocrx_word' id='word_1_12' title='bbox 1454 350 1718 412; x_wconf 70' lang='lat' dir='ltr'><strong>Pachymeris,</strong></span> 
     </span>
     <span class='ocr_line' id='line_1_3' title="bbox 268 415 1721 474; baseline -0.006 -13"><span class='ocrx_word' id='word_1_13' title='bbox 268 420 493 474; x_wconf 88' lang='lat' dir='ltr'><strong>scriptoris,</strong></span> <span class='ocrx_word' id='word_1_14' title='bbox 533 417 566 455; x_wconf 90' lang='lat' dir='ltr'><strong>si</strong></span> <span class='ocrx_word' id='word_1_15' title='bbox 591 416 793 468; x_wconf 85' lang='lat' dir='ltr'><strong>quisquam</strong></span> <span class='ocrx_word' id='word_1_16' title='bbox 821 417 952 467; x_wconf 86' lang='lat' dir='ltr'><strong>ullus,</strong></span> <span class='ocrx_word' id='word_1_17' title='bbox 994 415 1232 467; x_wconf 87' lang='lat' dir='ltr'><strong>antiquarii,</strong></span> <span class='ocrx_word' id='word_1_18' title='bbox 1280 415 1421 468; x_wconf 89' lang='lat' dir='ltr'><strong>cuique</strong></span> <span class='ocrx_word' id='word_1_19' title='bbox 1452 416 1606 454; x_wconf 85' lang='lat' dir='ltr'><strong>meliori</strong></span> <span class='ocrx_word' id='word_1_20' title='bbox 1632 415 1721 453; x_wconf 87' lang='lat' dir='ltr'><strong>iure</strong></span> 
     </span>
     <span class='ocr_line' id='line_1_4' title="bbox 270 471 1721 530; baseline -0.006 -14"><span class='ocrx_word' id='word_1_21' title='bbox 270 491 385 530; x_wconf 90' lang='lat' dir='ltr'><strong>quam</strong></span> <span class='ocrx_word' id='word_1_22' title='bbox 406 475 463 514; x_wconf 90' lang='lat' dir='ltr'><strong>illi</strong></span> <span class='ocrx_word' id='word_1_23' title='bbox 482 475 523 512; x_wconf 91' lang='lat' dir='ltr'><strong>in</strong></span> <span class='ocrx_word' id='word_1_24' title='bbox 543 486 659 525; x_wconf 88' lang='lat' dir='ltr'><strong>quem</strong></span> <span class='ocrx_word' id='word_1_25' title='bbox 691 473 854 512; x_wconf 87' lang='lat' dir='ltr'><strong>Latinus</strong></span> <span class='ocrx_word' id='word_1_26' title='bbox 887 472 1246 525; x_wconf 70' lang='lat' dir='ltr'><strong>epigrammatarius</strong></span> <span class='ocrx_word' id='word_1_27' title='bbox 1267 471 1345 514; x_wconf 85' lang='lat' dir='ltr'><strong>hoc</strong></span> <span class='ocrx_word' id='word_1_28' title='bbox 1365 485 1480 511; x_wconf 85' lang='lat' dir='ltr'><strong>versu</strong></span> <span class='ocrx_word' id='word_1_29' title='bbox 1499 472 1616 524; x_wconf 86' lang='lat' dir='ltr'><strong>lusit;</strong></span> <span class='ocrx_word' id='word_1_30' title='bbox 1647 484 1721 509; x_wconf 84' lang='lat' dir='ltr'><strong>ex-</strong></span> 
     </span>
     <span class='ocr_line' id='line_1_5' title="bbox 266 531 535 587; baseline -0.019 -15"><span class='ocrx_word' id='word_1_31' title='bbox 266 531 516 587; x_wconf 86' lang='lat' dir='ltr'><strong>probraveris</strong></span> <span class='ocrx_word' id='word_1_32' title='bbox 525 543 535 567; x_wconf 75' lang='grc' dir='ltr'>ε</span> 
     </span>
     <span class='ocr_line' id='line_1_6' title="bbox 486 581 1561 637; baseline -0.004 -13"><span class='ocrx_word' id='word_1_33' title='bbox 486 600 567 625; x_wconf 84' lang='grc' dir='ltr'><strong>ηοη</strong></span> <span class='ocrx_word' id='word_1_34' title='bbox 595 586 734 623; x_wconf 79' lang='lat' dir='ltr'><strong>lectore</strong></span> <span class='ocrx_word' id='word_1_35' title='bbox 761 587 847 622; x_wconf 78' lang='lat' dir='ltr'><strong>tuis</strong></span> <span class='ocrx_word' id='word_1_36' title='bbox 876 598 976 637; x_wconf 79' lang='lat' dir='ltr'><strong>opus</strong></span> <span class='ocrx_word' id='word_1_37' title='bbox 1004 591 1084 633; x_wconf 81' lang='lat' dir='ltr'><strong>est,</strong></span> <span class='ocrx_word' id='word_1_38' title='bbox 1115 581 1194 620; x_wconf 69' lang='lat' dir='ltr'><strong>sed·</strong></span> <span class='ocrx_word' id='word_1_39' title='bbox 1211 582 1405 634; x_wconf 82' lang='lat' dir='ltr'><strong>Apolline</strong></span> <span class='ocrx_word' id='word_1_40' title='bbox 1433 581 1561 620; x_wconf 64' lang='lat' dir='ltr'><strong>libris.</strong></span> 
     </span>
    </p>

    <p class='ocr_par' dir='ltr' id='par_1_3' title="bbox 267 638 1725 1477">
     <span class='ocr_line' id='line_1_7' title="bbox 269 638 1720 697; baseline -0.008 -12"><span class='ocrx_word' id='word_1_41' title='bbox 269 645 339 684; x_wconf 86' lang='lat' dir='ltr'><strong>sed</strong></span> <span class='ocrx_word' id='word_1_42' title='bbox 368 642 574 697; x_wconf 81' lang='grc' dir='ltr'><strong><em>παρέργων</em></strong></span> <span class='ocrx_word' id='word_1_43' title='bbox 591 638 619 694; x_wconf 73' lang='grc' dir='ltr'><em>ἢ</em></span> <span class='ocrx_word' id='word_1_44' title='bbox 641 642 861 694; x_wconf 82' lang='grc' dir='ltr'><strong><em>προοιμίων</em></strong></span> <span class='ocrx_word' id='word_1_45' title='bbox 883 640 981 688; x_wconf 76' lang='grc' dir='ltr'><strong><em>ἅλις.</em></strong></span> <span class='ocrx_word' id='word_1_46' title='bbox 1040 652 1140 691; x_wconf 90' lang='lat' dir='ltr'><strong>opus</strong></span> <span class='ocrx_word' id='word_1_47' title='bbox 1166 644 1284 678; x_wconf 86' lang='lat' dir='ltr'><strong>vocat</strong></span> <span class='ocrx_word' id='word_1_48' title='bbox 1312 638 1461 690; x_wconf 88' lang='lat' dir='ltr'><strong>ipsum;</strong></span> <span class='ocrx_word' id='word_1_49' title='bbox 1493 644 1531 675; x_wconf 87' lang='lat' dir='ltr'><strong>et</strong></span> <span class='ocrx_word' id='word_1_50' title='bbox 1547 643 1720 675; x_wconf 84' lang='lat' dir='ltr'><strong>attentus</strong></span> 
     </span>
     <span class='ocr_line' id='line_1_8' title="bbox 271 691 1720 748; baseline -0.006 -8"><span class='ocrx_word' id='word_1_51' title='bbox 271 714 474 740; x_wconf 85' lang='lat' dir='ltr'><strong>consessus</strong></span> <span class='ocrx_word' id='word_1_52' title='bbox 495 698 576 736; x_wconf 83' lang='lat' dir='ltr'><strong>dici</strong></span> <span class='ocrx_word' id='word_1_53' title='bbox 598 712 620 735; x_wconf 90' lang='lat' dir='ltr'><strong>a</strong></span> <span class='ocrx_word' id='word_1_54' title='bbox 640 710 700 735; x_wconf 88' lang='lat' dir='ltr'><strong>me</strong></span> <span class='ocrx_word' id='word_1_55' title='bbox 734 710 888 735; x_wconf 88' lang='lat' dir='ltr'><strong>causam</strong></span> <span class='ocrx_word' id='word_1_56' title='bbox 918 703 1101 748; x_wconf 81' lang='lat' dir='ltr'><strong>expectat</strong></span> <span class='ocrx_word' id='word_1_57' title='bbox 1129 709 1202 734; x_wconf 88' lang='lat' dir='ltr'><strong>cur</strong></span> <span class='ocrx_word' id='word_1_58' title='bbox 1225 695 1268 732; x_wconf 89' lang='lat' dir='ltr'><strong>in</strong></span> <span class='ocrx_word' id='word_1_59' title='bbox 1298 691 1511 745; x_wconf 82' lang='grc' dir='ltr'><em>ποιότητος</em></span> <span class='ocrx_word' id='word_1_60' title='bbox 1529 693 1720 731; x_wconf 78' lang='lat' dir='ltr'><strong>vocabulo</strong></span> 
     </span>
     <span class='ocr_line' id='line_1_9' title="bbox 270 749 1722 806; baseline -0.006 -9"><span class='ocrx_word' id='word_1_61' title='bbox 270 771 376 806; x_wconf 88' lang='lat' dir='ltr'><strong>non,</strong></span> <span class='ocrx_word' id='word_1_62' title='bbox 405 762 450 794; x_wconf 87' lang='lat' dir='ltr'><strong>ut</strong></span> <span class='ocrx_word' id='word_1_63' title='bbox 468 755 588 805; x_wconf 82' lang='lat' dir='ltr'><strong>vulgo</strong></span> <span class='ocrx_word' id='word_1_64' title='bbox 622 755 854 801; x_wconf 79' lang='lat' dir='ltr'><strong>consuevit,</strong></span> <span class='ocrx_word' id='word_1_65' title='bbox 885 754 1127 805; x_wconf 78' lang='lat' dir='ltr'><strong>qualitatem</strong></span> <span class='ocrx_word' id='word_1_66' title='bbox 1155 751 1224 789; x_wconf 84' lang='lat' dir='ltr'><strong>sed</strong></span> <span class='ocrx_word' id='word_1_67' title='bbox 1243 751 1427 802; x_wconf 78' lang='lat' dir='ltr'><strong>regulam</strong></span> <span class='ocrx_word' id='word_1_68' title='bbox 1449 749 1722 788; x_wconf 71' lang='lat' dir='ltr'><strong>intellexerim.</strong></span> 
     </span>
     <span class='ocr_line' id='line_1_10' title="bbox 268 805 1723 862; baseline -0.007 -9"><span class='ocrx_word' id='word_1_69' title='bbox 268 826 411 854; x_wconf 79' lang='lat' dir='ltr'><strong>vereor</strong></span> <span class='ocrx_word' id='word_1_70' title='bbox 435 812 538 850; x_wconf 89' lang='lat' dir='ltr'><strong>enim</strong></span> <span class='ocrx_word' id='word_1_71' title='bbox 558 815 602 847; x_wconf 91' lang='lat' dir='ltr'><strong>ut</strong></span> <span class='ocrx_word' id='word_1_72' title='bbox 621 809 727 861; x_wconf 82' lang='lat' dir='ltr'><strong>apud</strong></span> <span class='ocrx_word' id='word_1_73' title='bbox 749 810 959 862; x_wconf 85' lang='lat' dir='ltr'><strong>plerosque</strong></span> <span class='ocrx_word' id='word_1_74' title='bbox 983 809 1076 846; x_wconf 90' lang='lat' dir='ltr'><strong>satis</strong></span> <span class='ocrx_word' id='word_1_75' title='bbox 1099 808 1152 846; x_wconf 89' lang='lat' dir='ltr'><strong>sit</strong></span> <span class='ocrx_word' id='word_1_76' title='bbox 1178 808 1364 858; x_wconf 81' lang='lat' dir='ltr'><strong>allegare,</strong></span> <span class='ocrx_word' id='word_1_77' title='bbox 1394 806 1500 857; x_wconf 87' lang='lat' dir='ltr'><strong>quod</strong></span> <span class='ocrx_word' id='word_1_78' title='bbox 1521 805 1723 843; x_wconf 85' lang='lat' dir='ltr'><strong>verissime</strong></span> 
     </span>
     <span class='ocr_line' id='line_1_11' title="bbox 268 861 1721 922; baseline -0.007 -14"><span class='ocrx_word' id='word_1_79' title='bbox 268 881 428 922; x_wconf 85' lang='lat' dir='ltr'><strong>possum</strong></span> <span class='ocrx_word' id='word_1_80' title='bbox 448 898 458 917; x_wconf 86' lang='lat'>‚</span> <span class='ocrx_word' id='word_1_81' title='bbox 502 866 753 905; x_wconf 83' lang='lat' dir='ltr'><strong>manifestum</strong></span> <span class='ocrx_word' id='word_1_82' title='bbox 779 878 829 903; x_wconf 84' lang='lat' dir='ltr'><strong>ex</strong></span> <span class='ocrx_word' id='word_1_83' title='bbox 860 865 1106 918; x_wconf 85' lang='lat' dir='ltr'><strong>inspectione</strong></span> <span class='ocrx_word' id='word_1_84' title='bbox 1136 863 1451 916; x_wconf 88' lang='lat' dir='ltr'><strong>praecedentium</strong></span> <span class='ocrx_word' id='word_1_85' title='bbox 1483 861 1721 910; x_wconf 87' lang='lat' dir='ltr'><strong>verborum,</strong></span> 
     </span>
     <span class='ocr_line' id='line_1_12' title="bbox 267 916 1723 975; baseline -0.008 -11"><span class='ocrx_word' id='word_1_86' title='bbox 267 925 351 964; x_wconf 86' lang='lat' dir='ltr'><strong>loci</strong></span> <span class='ocrx_word' id='word_1_87' title='bbox 369 923 601 962; x_wconf 82' lang='lat' dir='ltr'><strong>sententiam</strong></span> <span class='ocrx_word' id='word_1_88' title='bbox 621 921 662 958; x_wconf 90' lang='lat' dir='ltr'><strong>id</strong></span> <span class='ocrx_word' id='word_1_89' title='bbox 680 922 888 972; x_wconf 81' lang='lat' dir='ltr'><strong>flagitasse.</strong></span> <span class='ocrx_word' id='word_1_90' title='bbox 936 935 1016 959; x_wconf 93' lang='lat' dir='ltr'><strong>non</strong></span> <span class='ocrx_word' id='word_1_91' title='bbox 1037 921 1140 958; x_wconf 89' lang='lat' dir='ltr'><strong>enim</strong></span> <span class='ocrx_word' id='word_1_92' title='bbox 1158 920 1323 975; x_wconf 74' lang='lat' dir='ltr'><strong>deerunt</strong></span> <span class='ocrx_word' id='word_1_93' title='bbox 1339 918 1405 970; x_wconf 93' lang='lat' dir='ltr'><strong>qui</strong></span> <span class='ocrx_word' id='word_1_94' title='bbox 1427 918 1585 967; x_wconf 88' lang='lat' dir='ltr'><strong>exigant</strong></span> <span class='ocrx_word' id='word_1_95' title='bbox 1604 916 1723 954; x_wconf 85' lang='lat' dir='ltr'><strong>etiam</strong></span> 
     </span>
     <span class='ocr_line' id='line_1_13' title="bbox 271 972 1725 1029; baseline -0.007 -9"><span class='ocrx_word' id='word_1_96' title='bbox 271 981 535 1020; x_wconf 85' lang='lat' dir='ltr'><strong>aberrationes</strong></span> <span class='ocrx_word' id='word_1_97' title='bbox 554 984 592 1016; x_wconf 90' lang='lat' dir='ltr'><strong>et</strong></span> <span class='ocrx_word' id='word_1_98' title='bbox 609 977 746 1016; x_wconf 87' lang='lat' dir='ltr'><strong>deliria</strong></span> <span class='ocrx_word' id='word_1_99' title='bbox 765 978 1002 1029; x_wconf 86' lang='lat' dir='ltr'><strong>scriptorum</strong></span> <span class='ocrx_word' id='word_1_100' title='bbox 1021 977 1068 1014; x_wconf 93' lang='lat' dir='ltr'><strong>ab</strong></span> <span class='ocrx_word' id='word_1_101' title='bbox 1087 972 1368 1027; x_wconf 70' lang='lat' dir='ltr'><strong>interpretibus</strong></span> <span class='ocrx_word' id='word_1_102' title='bbox 1387 973 1578 1024; x_wconf 79' lang='lat' dir='ltr'><strong>exprimi3</strong></span> <span class='ocrx_word' id='word_1_103' title='bbox 1605 978 1725 1024; x_wconf 86' lang='lat' dir='ltr'><strong>atque</strong></span> 
     </span>
     <span class='ocr_line' id='line_1_14' title="bbox 275 1030 1723 1085; baseline -0.005 -9"><span class='ocrx_word' id='word_1_104' title='bbox 275 1038 374 1076; x_wconf 87' lang='lat' dir='ltr'><strong>adeo</strong></span> <span class='ocrx_word' id='word_1_105' title='bbox 394 1037 436 1074; x_wconf 92' lang='lat' dir='ltr'><strong>in</strong></span> <span class='ocrx_word' id='word_1_106' title='bbox 453 1037 526 1073; x_wconf 88' lang='lat' dir='ltr'><strong>isto</strong></span> <span class='ocrx_word' id='word_1_107' title='bbox 547 1046 687 1085; x_wconf 84' lang='lat' dir='ltr'><strong>genere</strong></span> <span class='ocrx_word' id='word_1_108' title='bbox 706 1047 823 1085; x_wconf 87' lang='lat' dir='ltr'><strong>quam</strong></span> <span class='ocrx_word' id='word_1_109' title='bbox 842 1032 1220 1085; x_wconf 68' lang='lat' dir='ltr'><strong>superstitiosissime</strong></span> <span class='ocrx_word' id='word_1_110' title='bbox 1237 1030 1406 1083; x_wconf 86' lang='lat' dir='ltr'><strong>ineptire</strong></span> <span class='ocrx_word' id='word_1_111' title='bbox 1425 1030 1543 1068; x_wconf 86' lang='lat' dir='ltr'><strong>fidem</strong></span> <span class='ocrx_word' id='word_1_112' title='bbox 1563 1034 1723 1070; x_wconf 79' lang='lat' dir='ltr'><strong>vocent.</strong></span> 
     </span>
     <span class='ocr_line' id='line_1_15' title="bbox 273 1085 1724 1143; baseline -0.006 -12"><span class='ocrx_word' id='word_1_113' title='bbox 273 1093 334 1131; x_wconf 91' lang='lat' dir='ltr'><strong>aio</strong></span> <span class='ocrx_word' id='word_1_114' title='bbox 353 1092 475 1143; x_wconf 83' lang='lat' dir='ltr'><strong>igitur</strong></span> <span class='ocrx_word' id='word_1_115' title='bbox 503 1092 706 1142; x_wconf 88' lang='lat' dir='ltr'><strong>opinatum</strong></span> <span class='ocrx_word' id='word_1_116' title='bbox 729 1103 809 1127; x_wconf 91' lang='lat' dir='ltr'><strong>esse</strong></span> <span class='ocrx_word' id='word_1_117' title='bbox 827 1102 907 1139; x_wconf 86' lang='lat' dir='ltr'><strong>me,</strong></span> <span class='ocrx_word' id='word_1_118' title='bbox 937 1090 1082 1128; x_wconf 87' lang='lat' dir='ltr'><strong>vidisse</strong></span> <span class='ocrx_word' id='word_1_119' title='bbox 1101 1088 1253 1139; x_wconf 88' lang='lat' dir='ltr'><strong>aliquid</strong></span> <span class='ocrx_word' id='word_1_120' title='bbox 1272 1087 1423 1139; x_wconf 85' lang='lat' dir='ltr'><strong>uspiam</strong></span> <span class='ocrx_word' id='word_1_121' title='bbox 1445 1085 1724 1137; x_wconf 83' lang='lat' dir='ltr'><strong>Pachymerem</strong></span> 
     </span>
     <span class='ocr_line' id='line_1_16' title="bbox 272 1140 1725 1201; baseline -0.006 -15"><span class='ocrx_word' id='word_1_122' title='bbox 272 1162 351 1201; x_wconf 90' lang='lat' dir='ltr'><strong>quo</strong></span> <span class='ocrx_word' id='word_1_123' title='bbox 370 1154 499 1186; x_wconf 83' lang='lat' dir='ltr'><strong>motus</strong></span> <span class='ocrx_word' id='word_1_124' title='bbox 526 1146 576 1184; x_wconf 90' lang='lat' dir='ltr'><strong>ad</strong></span> <span class='ocrx_word' id='word_1_125' title='bbox 606 1145 910 1183; x_wconf 80' lang='lat' dir='ltr'><strong>existimandum</strong></span> <span class='ocrx_word' id='word_1_126' title='bbox 933 1146 1007 1195; x_wconf 89' lang='lat' dir='ltr'><strong>sit,</strong></span> <span class='ocrx_word' id='word_1_127' title='bbox 1043 1140 1232 1195; x_wconf 82' lang='grc' dir='ltr'><strong><em>ποιότητα</em></strong></span> <span class='ocrx_word' id='word_1_128' title='bbox 1253 1143 1425 1194; x_wconf 84' lang='lat' dir='ltr'><strong>regulam</strong></span> <span class='ocrx_word' id='word_1_129' title='bbox 1446 1142 1647 1180; x_wconf 87' lang='lat' dir='ltr'><strong>interdum</strong></span> <span class='ocrx_word' id='word_1_130' title='bbox 1667 1140 1725 1178; x_wconf 85' lang='lat' dir='ltr'><strong>si-</strong></span> 
     </span>
     <span class='ocr_line' id='line_1_17' title="bbox 272 1197 1724 1257; baseline -0.005 -16"><span class='ocrx_word' id='word_1_131' title='bbox 272 1204 478 1257; x_wconf 72' lang='lat' dir='ltr'><strong>gnificare,</strong></span> <span class='ocrx_word' id='word_1_132' title='bbox 507 1202 721 1252; x_wconf 84' lang='lat' dir='ltr'><strong>istamque,</strong></span> <span class='ocrx_word' id='word_1_133' title='bbox 757 1207 804 1239; x_wconf 90' lang='lat' dir='ltr'><strong>ut</strong></span> <span class='ocrx_word' id='word_1_134' title='bbox 824 1202 941 1251; x_wconf 90' lang='lat' dir='ltr'><strong>solet,</strong></span> <span class='ocrx_word' id='word_1_135' title='bbox 972 1200 1153 1252; x_wconf 88' lang='lat' dir='ltr'><strong>quamvis</strong></span> <span class='ocrx_word' id='word_1_136' title='bbox 1178 1213 1328 1248; x_wconf 84' lang='lat' dir='ltr'><strong>raram,</strong></span> <span class='ocrx_word' id='word_1_137' title='bbox 1367 1198 1569 1236; x_wconf 89' lang='lat' dir='ltr'><strong>notionem</strong></span> <span class='ocrx_word' id='word_1_138' title='bbox 1590 1197 1724 1234; x_wconf 86' lang='lat' dir='ltr'><strong>oblata</strong></span> 
     </span>
     <span class='ocr_line' id='line_1_18' title="bbox 272 1252 1725 1312; baseline -0.006 -14"><span class='ocrx_word' id='word_1_139' title='bbox 272 1260 553 1312; x_wconf 81' lang='lat' dir='ltr'><strong>qualicumque</strong></span> <span class='ocrx_word' id='word_1_140' title='bbox 579 1256 782 1295; x_wconf 84' lang='lat' dir='ltr'><strong>occasione</strong></span> <span class='ocrx_word' id='word_1_141' title='bbox 810 1270 1002 1309; x_wconf 85' lang='lat' dir='ltr'><strong>usurpare</strong></span> <span class='ocrx_word' id='word_1_142' title='bbox 1027 1256 1240 1294; x_wconf 81' lang='lat' dir='ltr'><strong>affectasse.</strong></span> <span class='ocrx_word' id='word_1_143' title='bbox 1297 1268 1376 1292; x_wconf 86' lang='lat' dir='ltr'><strong>non</strong></span> <span class='ocrx_word' id='word_1_144' title='bbox 1395 1261 1453 1292; x_wconf 87' lang='lat' dir='ltr'><strong>est</strong></span> <span class='ocrx_word' id='word_1_145' title='bbox 1469 1252 1725 1292; x_wconf 76' lang='lat' dir='ltr'><strong>inverisimile</strong></span> 
     </span>
     <span class='ocr_line' id='line_1_19' title="bbox 271 1311 1724 1362; baseline -0.006 -8"><span class='ocrx_word' id='word_1_146' title='bbox 271 1315 425 1355; x_wconf 85' lang='lat' dir='ltr'><strong>homini</strong></span> <span class='ocrx_word' id='word_1_147' title='bbox 446 1314 712 1352; x_wconf 84' lang='lat' dir='ltr'><strong>obsoletorum</strong></span> <span class='ocrx_word' id='word_1_148' title='bbox 729 1313 939 1350; x_wconf 81' lang='lat' dir='ltr'><strong>verborum</strong></span> <span class='ocrx_word' id='word_1_149' title='bbox 964 1312 1107 1362; x_wconf 86' lang='lat' dir='ltr'><strong>aucupi</strong></span> <span class='ocrx_word' id='word_1_150' title='bbox 1127 1312 1262 1348; x_wconf 86' lang='lat' dir='ltr'><strong>talium</strong></span> <span class='ocrx_word' id='word_1_151' title='bbox 1282 1311 1532 1348; x_wconf 84' lang='lat' dir='ltr'><strong>collectorem</strong></span> <span class='ocrx_word' id='word_1_152' title='bbox 1549 1316 1588 1347; x_wconf 89' lang='lat' dir='ltr'><strong>et</strong></span> <span class='ocrx_word' id='word_1_153' title='bbox 1603 1321 1724 1347; x_wconf 85' lang='lat' dir='ltr'><strong>enar-</strong></span> 
     </span>
     <span class='ocr_line' id='line_1_20' title="bbox 271 1365 1723 1419; baseline -0.006 -9"><span class='ocrx_word' id='word_1_154' title='bbox 271 1378 444 1411; x_wconf 84' lang='lat' dir='ltr'><strong>ratorem</strong></span> <span class='ocrx_word' id='word_1_155' title='bbox 474 1369 698 1419; x_wconf 80' lang='lat' dir='ltr'><strong>diligentem</strong></span> <span class='ocrx_word' id='word_1_156' title='bbox 728 1368 957 1407; x_wconf 83' lang='lat' dir='ltr'><strong>familiarem</strong></span> <span class='ocrx_word' id='word_1_157' title='bbox 985 1367 1226 1419; x_wconf 82' lang='lat' dir='ltr'><strong>Hesychium</strong></span> <span class='ocrx_word' id='word_1_158' title='bbox 1248 1366 1384 1416; x_wconf 82' lang='lat' dir='ltr'><strong>suisse;</strong></span> <span class='ocrx_word' id='word_1_159' title='bbox 1415 1367 1527 1404; x_wconf 88' lang='lat' dir='ltr'><strong>cuius</strong></span> <span class='ocrx_word' id='word_1_160' title='bbox 1547 1365 1723 1404; x_wconf 87' lang='lat' dir='ltr'><strong>vocabu·</strong></span> 
     </span>
     <span class='ocr_line' id='line_1_21' title="bbox 271 1421 1724 1477; baseline -0.006 -11"><span class='ocrx_word' id='word_1_161' title='bbox 271 1427 362 1466; x_wconf 87' lang='lat' dir='ltr'><strong>larii</strong></span> <span class='ocrx_word' id='word_1_162' title='bbox 387 1425 496 1464; x_wconf 84' lang='lat' dir='ltr'><strong>haud</strong></span> <span class='ocrx_word' id='word_1_163' title='bbox 523 1425 644 1477; x_wconf 87' lang='lat' dir='ltr'><strong>paulo</strong></span> <span class='ocrx_word' id='word_1_164' title='bbox 677 1424 915 1463; x_wconf 85' lang='lat' dir='ltr'><strong>correctiora</strong></span> <span class='ocrx_word' id='word_1_165' title='bbox 948 1423 1296 1475; x_wconf 83' lang='lat' dir='ltr'><strong>Constantinopoli</strong></span> <span class='ocrx_word' id='word_1_166' title='bbox 1323 1429 1411 1460; x_wconf 89' lang='lat' dir='ltr'><strong>ante</strong></span> <span class='ocrx_word' id='word_1_167' title='bbox 1436 1422 1508 1460; x_wconf 79' lang='lat' dir='ltr'><strong>hos</strong></span> <span class='ocrx_word' id='word_1_168' title='bbox 1531 1421 1724 1473; x_wconf 88' lang='lat' dir='ltr'><strong>quadrin-</strong></span> 
     </span>
    </p>
   </div>
   <div class='ocr_carea' id='block_1_3' title="bbox 131 1478 1723 1535">
    <p class='ocr_par' dir='ltr' id='par_1_4' title="bbox 131 1478 1723 1535">
     <span class='ocr_line' id='line_1_22' title="bbox 131 1478 1723 1535; baseline -0.006 -10"><span class='ocrx_word' id='word_1_169' title='bbox 131 1492 159 1526; x_wconf 79' lang='lat' dir='ltr'>P</span> <span class='ocrx_word' id='word_1_170' title='bbox 181 1488 248 1523; x_wconf 82' lang='lat'><strong>411</strong></span> <span class='ocrx_word' id='word_1_171' title='bbox 272 1489 408 1535; x_wconf 85' lang='lat' dir='ltr'><strong>gentos</strong></span> <span class='ocrx_word' id='word_1_172' title='bbox 428 1494 566 1529; x_wconf 88' lang='lat' dir='ltr'><strong>annos,</strong></span> <span class='ocrx_word' id='word_1_173' title='bbox 594 1480 674 1519; x_wconf 81' lang='lat' dir='ltr'><strong>hoc</strong></span> <span class='ocrx_word' id='word_1_174' title='bbox 692 1486 752 1518; x_wconf 89' lang='lat' dir='ltr'><strong>est</strong></span> <span class='ocrx_word' id='word_1_175' title='bbox 771 1486 896 1517; x_wconf 87' lang='lat' dir='ltr'><strong>aetate</strong></span> <span class='ocrx_word' id='word_1_176' title='bbox 917 1480 1179 1532; x_wconf 81' lang='lat' dir='ltr'><strong>Pachymeris,</strong></span> <span class='ocrx_word' id='word_1_177' title='bbox 1208 1478 1446 1530; x_wconf 85' lang='lat' dir='ltr'><strong>exemplaria</strong></span> <span class='ocrx_word' id='word_1_178' title='bbox 1466 1478 1584 1516; x_wconf 83' lang='lat' dir='ltr'><strong>fuisse</strong></span> <span class='ocrx_word' id='word_1_179' title='bbox 1603 1490 1723 1529; x_wconf 87' lang='lat' dir='ltr'><strong>quam</strong></span> 
     </span>
    </p>
   </div>
   <div class='ocr_carea' id='block_1_4' title="bbox 259 1535 1725 2926">
    <p class='ocr_par' dir='ltr' id='par_1_5' title="bbox 259 1535 1725 2926">
     <span class='ocr_line' id='line_1_23' title="bbox 271 1535 1720 1587; baseline -0.005 -9"><span class='ocrx_word' id='word_1_180' title='bbox 271 1539 375 1579; x_wconf 85' lang='lat' dir='ltr'><strong>illud</strong></span> <span class='ocrx_word' id='word_1_181' title='bbox 399 1551 448 1576; x_wconf 82' lang='lat' dir='ltr'><strong>ex</strong></span> <span class='ocrx_word' id='word_1_182' title='bbox 477 1550 552 1587; x_wconf 89' lang='lat' dir='ltr'><strong>quo</strong></span> <span class='ocrx_word' id='word_1_183' title='bbox 583 1537 706 1575; x_wconf 84' lang='lat' dir='ltr'><strong>Aldus</strong></span> <span class='ocrx_word' id='word_1_184' title='bbox 735 1535 934 1574; x_wconf 86' lang='lat' dir='ltr'><strong>Manutius</strong></span> <span class='ocrx_word' id='word_1_185' title='bbox 968 1537 1180 1575; x_wconf 90' lang='lat' dir='ltr'><strong>editionem</strong></span> <span class='ocrx_word' id='word_1_186' title='bbox 1209 1535 1406 1587; x_wconf 84' lang='lat' dir='ltr'><strong>expressit</strong></span> <span class='ocrx_word' id='word_1_187' title='bbox 1434 1548 1566 1583; x_wconf 87' lang='lat' dir='ltr'><strong>suam,</strong></span> <span class='ocrx_word' id='word_1_188' title='bbox 1606 1547 1720 1572; x_wconf 89' lang='lat' dir='ltr'><strong>nemo</strong></span> 
     </span>
     <span class='ocr_line' id='line_1_24' title="bbox 269 1587 1725 1650; baseline -0.003 -16"><span class='ocrx_word' id='word_1_189' title='bbox 269 1595 447 1650; x_wconf 86' lang='lat' dir='ltr'><strong>prudens</strong></span> <span class='ocrx_word' id='word_1_190' title='bbox 473 1592 724 1631; x_wconf 81' lang='lat' dir='ltr'><strong>dubitaverit.</strong></span> <span class='ocrx_word' id='word_1_191' title='bbox 753 1593 933 1643; x_wconf 85' lang='lat' dir='ltr'><strong>suspicor</strong></span> <span class='ocrx_word' id='word_1_192' title='bbox 955 1593 1088 1644; x_wconf 89' lang='lat' dir='ltr'><strong>itaque</strong></span> <span class='ocrx_word' id='word_1_193' title='bbox 1109 1591 1384 1643; x_wconf 86' lang='lat' dir='ltr'><strong>Pachymerem</strong></span> <span class='ocrx_word' id='word_1_194' title='bbox 1405 1590 1445 1628; x_wconf 90' lang='lat' dir='ltr'><strong>in</strong></span> <span class='ocrx_word' id='word_1_195' title='bbox 1469 1591 1588 1629; x_wconf 85' lang='lat' dir='ltr'><strong>verbo</strong></span> <span class='ocrx_word' id='word_1_196' title='bbox 1607 1587 1725 1630; x_wconf 81' lang='grc' dir='ltr'><strong><em>ποιό-</em></strong></span> 
     </span>
     <span class='ocr_line' id='line_1_25' title="bbox 272 1646 1723 1703; baseline -0.003 -16"><span class='ocrx_word' id='word_1_197' title='bbox 272 1667 342 1703; x_wconf 71' lang='grc' dir='ltr'><strong>της</strong></span> <span class='ocrx_word' id='word_1_198' title='bbox 371 1649 475 1701; x_wconf 85' lang='lat' dir='ltr'><strong>apud</strong></span> <span class='ocrx_word' id='word_1_199' title='bbox 506 1648 746 1700; x_wconf 85' lang='lat' dir='ltr'><strong>Hesychium</strong></span> <span class='ocrx_word' id='word_1_200' title='bbox 769 1648 886 1698; x_wconf 82' lang='lat' dir='ltr'><strong>longe</strong></span> <span class='ocrx_word' id='word_1_201' title='bbox 910 1649 1018 1687; x_wconf 88' lang='lat' dir='ltr'><strong>aliud</strong></span> <span class='ocrx_word' id='word_1_202' title='bbox 1045 1649 1182 1699; x_wconf 81' lang='lat' dir='ltr'><strong>legisse</strong></span> <span class='ocrx_word' id='word_1_203' title='bbox 1203 1661 1317 1699; x_wconf 88' lang='lat' dir='ltr'><strong>quam</strong></span> <span class='ocrx_word' id='word_1_204' title='bbox 1340 1647 1418 1684; x_wconf 87' lang='lat' dir='ltr'><strong>hoc</strong></span> <span class='ocrx_word' id='word_1_205' title='bbox 1437 1646 1491 1685; x_wconf 88' lang='lat' dir='ltr'><strong>ibi</strong></span> <span class='ocrx_word' id='word_1_206' title='bbox 1512 1646 1630 1684; x_wconf 87' lang='lat' dir='ltr'><strong>hodie</strong></span> <span class='ocrx_word' id='word_1_207' title='bbox 1647 1659 1723 1698; x_wconf 80' lang='lat' dir='ltr'><strong>ap-</strong></span> 
     </span>
     <span class='ocr_line' id='line_1_26' title="bbox 272 1700 1722 1760; baseline -0.003 -16"><span class='ocrx_word' id='word_1_208' title='bbox 272 1719 415 1760; x_wconf 82' lang='lat' dir='ltr'><strong>parens</strong></span> <span class='ocrx_word' id='word_1_209' title='bbox 436 1704 585 1742; x_wconf 86' lang='lat' dir='ltr'><strong>nullius</strong></span> <span class='ocrx_word' id='word_1_210' title='bbox 610 1704 748 1756; x_wconf 87' lang='lat' dir='ltr'><strong>pretii:</strong></span> <span class='ocrx_word' id='word_1_211' title='bbox 777 1701 937 1755; x_wconf 82' lang='grc' dir='ltr'><strong><em>ποιότης</em></strong></span> <span class='ocrx_word' id='word_1_212' title='bbox 961 1707 1097 1759; x_wconf 75' lang='grc' dir='ltr'><strong><em>χρῶμα</em></strong></span> <span class='ocrx_word' id='word_1_213' title='bbox 1116 1702 1246 1756; x_wconf 68' lang='grc' dir='ltr'><strong><em>’ἡδονή</em></strong></span> <span class='ocrx_word' id='word_1_214' title='bbox 1272 1700 1401 1751; x_wconf 83' lang='grc' dir='ltr'><strong><em>νότος.</em></strong></span> <span class='ocrx_word' id='word_1_215' title='bbox 1459 1703 1556 1753; x_wconf 88' lang='lat' dir='ltr'><strong>quid</strong></span> <span class='ocrx_word' id='word_1_216' title='bbox 1577 1711 1722 1754; x_wconf 71' lang='lat' dir='ltr'><strong>quaeso</strong></span> 
     </span>
     <span class='ocr_line' id='line_1_27' title="bbox 274 1756 1723 1812; baseline -0.005 -9"><span class='ocrx_word' id='word_1_217' title='bbox 274 1759 410 1809; x_wconf 83' lang='grc' dir='ltr'><strong><em>νότος,</em></strong></span> <span class='ocrx_word' id='word_1_218' title='bbox 441 1760 537 1811; x_wconf 74' lang='lat' dir='ltr'><strong>quid</strong></span> <span class='ocrx_word' id='word_1_219' title='bbox 556 1756 686 1811; x_wconf 75' lang='grc' dir='ltr'><strong><em>ἡδονή</em></strong></span> <span class='ocrx_word' id='word_1_220' title='bbox 707 1760 756 1798; x_wconf 83' lang='lat' dir='ltr'><strong>ad</strong></span> <span class='ocrx_word' id='word_1_221' title='bbox 772 1757 988 1810; x_wconf 74' lang='grc' dir='ltr'><strong><em>ποιότηταῖ)</em></strong></span> <span class='ocrx_word' id='word_1_222' title='bbox 1019 1761 1113 1812; x_wconf 87' lang='lat' dir='ltr'><strong>quid</strong></span> <span class='ocrx_word' id='word_1_223' title='bbox 1143 1760 1243 1798; x_wconf 85' lang='lat' dir='ltr'><strong>illud</strong></span> <span class='ocrx_word' id='word_1_224' title='bbox 1262 1760 1388 1811; x_wconf 86' lang='lat' dir='ltr'><strong>ipsum</strong></span> <span class='ocrx_word' id='word_1_225' title='bbox 1408 1758 1574 1812; x_wconf 66' lang='grc' dir='ltr'><strong>χρῶμαῖ</strong></span> <span class='ocrx_word' id='word_1_226' title='bbox 1603 1771 1723 1810; x_wconf 86' lang='lat' dir='ltr'><strong>quam</strong></span> 
     </span>
     <span class='ocr_line' id='line_1_28' title="bbox 274 1812 1721 1868; baseline -0.003 -12"><span class='ocrx_word' id='word_1_227' title='bbox 274 1818 525 1868; x_wconf 86' lang='lat' dir='ltr'><strong>inopinatum</strong></span> <span class='ocrx_word' id='word_1_228' title='bbox 552 1821 614 1864; x_wconf 83' lang='lat' dir='ltr'><strong>et,</strong></span> <span class='ocrx_word' id='word_1_229' title='bbox 651 1821 697 1852; x_wconf 86' lang='lat' dir='ltr'><strong>ut</strong></span> <span class='ocrx_word' id='word_1_230' title='bbox 722 1816 844 1854; x_wconf 86' lang='lat' dir='ltr'><strong>libere</strong></span> <span class='ocrx_word' id='word_1_231' title='bbox 875 1817 1027 1866; x_wconf 86' lang='lat' dir='ltr'><strong>dicam,</strong></span> <span class='ocrx_word' id='word_1_232' title='bbox 1077 1812 1421 1868; x_wconf 73' lang='grc' dir='ltr'><strong><em>ἅπροσδιόνυσονῖ)</em></strong></span> <span class='ocrx_word' id='word_1_233' title='bbox 1458 1828 1505 1851; x_wconf 86' lang='lat' dir='ltr'><strong>ac</strong></span> <span class='ocrx_word' id='word_1_234' title='bbox 1538 1828 1612 1866; x_wconf 86' lang='lat' dir='ltr'><strong>pro</strong></span> <span class='ocrx_word' id='word_1_235' title='bbox 1641 1814 1721 1852; x_wconf 77' lang='lat' dir='ltr'><strong>illis</strong></span> 
     </span>
     <span class='ocr_line' id='line_1_29' title="bbox 259 1867 1720 1924; baseline -0.002 -14"><span class='ocrx_word' id='word_1_236' title='bbox 259 1873 433 1924; x_wconf 81' lang='lat' dir='ltr'><strong>&#39;quidem</strong></span> <span class='ocrx_word' id='word_1_237' title='bbox 462 1868 591 1922; x_wconf 69' lang='grc' dir='ltr'><strong><em>ἡδονή</em></strong></span> <span class='ocrx_word' id='word_1_238' title='bbox 615 1867 726 1918; x_wconf 81' lang='grc' dir='ltr'><strong><em>νότος</em></strong></span> <span class='ocrx_word' id='word_1_239' title='bbox 752 1872 1022 1922; x_wconf 86' lang='lat' dir='ltr'><strong>reponendum</strong></span> <span class='ocrx_word' id='word_1_240' title='bbox 1046 1873 1242 1923; x_wconf 86' lang='lat' dir='ltr'><strong>putarim,</strong></span> <span class='ocrx_word' id='word_1_241' title='bbox 1282 1885 1331 1909; x_wconf 86' lang='lat' dir='ltr'><strong>ex</strong></span> <span class='ocrx_word' id='word_1_242' title='bbox 1352 1871 1401 1908; x_wconf 90' lang='lat' dir='ltr'><strong>iis</strong></span> <span class='ocrx_word' id='word_1_243' title='bbox 1430 1882 1529 1920; x_wconf 84' lang='lat' dir='ltr'><strong>quae</strong></span> <span class='ocrx_word' id='word_1_244' title='bbox 1556 1869 1605 1907; x_wconf 87' lang='lat' dir='ltr'><strong>ad</strong></span> <span class='ocrx_word' id='word_1_245' title='bbox 1629 1882 1720 1908; x_wconf 84' lang='lat' dir='ltr'><strong>ver-</strong></span> 
     </span>
     <span class='ocr_line' id='line_1_30' title="bbox 273 1923 1721 1980; baseline -0.003 -14"><span class='ocrx_word' id='word_1_246' title='bbox 273 1929 368 1972; x_wconf 90' lang='lat' dir='ltr'><strong>bum</strong></span> <span class='ocrx_word' id='word_1_247' title='bbox 395 1924 614 1980; x_wconf 78' lang='grc' dir='ltr'><strong><em>γονικεύειν</em></strong></span> <span class='ocrx_word' id='word_1_248' title='bbox 640 1927 823 1970; x_wconf 86' lang='lat' dir='ltr'><strong>an‘notavi</strong></span> <span class='ocrx_word' id='word_1_249' title='bbox 841 1956 851 1974; x_wconf 89' lang='lat'>,</span> <span class='ocrx_word' id='word_1_250' title='bbox 886 1923 916 1976; x_wconf 76' lang='grc' dir='ltr'><em>ἢ</em></span> <span class='ocrx_word' id='word_1_251' title='bbox 948 1924 1090 1979; x_wconf 80' lang='grc' dir='ltr'><strong><em>γόνος,</em></strong></span> <span class='ocrx_word' id='word_1_252' title='bbox 1129 1928 1251 1977; x_wconf 85' lang='grc' dir='ltr'><strong><em>μίτος.</em></strong></span> <span class='ocrx_word' id='word_1_253' title='bbox 1308 1927 1416 1978; x_wconf 89' lang='lat' dir='ltr'><strong>quod</strong></span> <span class='ocrx_word' id='word_1_254' title='bbox 1441 1938 1550 1963; x_wconf 88' lang='lat' dir='ltr'><strong>nunc</strong></span> <span class='ocrx_word' id='word_1_255' title='bbox 1567 1925 1721 1975; x_wconf 81' lang='lat' dir='ltr'><strong>attinet,</strong></span> 
     </span>
     <span class='ocr_line' id='line_1_31' title="bbox 275 1980 1722 2038; baseline -0.001 -16"><span class='ocrx_word' id='word_1_256' title='bbox 275 1980 415 2038; x_wconf 70' lang='grc' dir='ltr'><strong>γρῶμα</strong></span> <span class='ocrx_word' id='word_1_257' title='bbox 439 1995 512 2033; x_wconf 88' lang='lat' dir='ltr'><strong>pro</strong></span> <span class='ocrx_word' id='word_1_258' title='bbox 540 1983 677 2034; x_wconf 75' lang='grc' dir='ltr'><strong><em>χρῶμα</em></strong></span> <span class='ocrx_word' id='word_1_259' title='bbox 702 1983 743 2018; x_wconf 87' lang='lat' dir='ltr'><strong>in</strong></span> <span class='ocrx_word' id='word_1_260' title='bbox 772 1981 969 2033; x_wconf 86' lang='lat' dir='ltr'><strong>Hesychio</strong></span> <span class='ocrx_word' id='word_1_261' title='bbox 994 1982 1301 2034; x_wconf 86' lang='lat' dir='ltr'><strong>Pachymeriano</strong></span> <span class='ocrx_word' id='word_1_262' title='bbox 1330 1981 1512 2033; x_wconf 87' lang='lat' dir='ltr'><strong>suspicor</strong></span> <span class='ocrx_word' id='word_1_263' title='bbox 1527 1981 1722 2033; x_wconf 80' lang='lat' dir='ltr'><strong>scriptum</strong></span> 
     </span>
     <span class='ocr_line' id='line_1_32' title="bbox 277 2037 1720 2091; baseline -0.002 -13"><span class='ocrx_word' id='word_1_264' title='bbox 277 2038 516 2091; x_wconf 82' lang='lat' dir='ltr'><strong>apparuisse.</strong></span> <span class='ocrx_word' id='word_1_265' title='bbox 570 2051 714 2088; x_wconf 81' lang='lat' dir='ltr'><strong>groma</strong></span> <span class='ocrx_word' id='word_1_266' title='bbox 738 2050 821 2075; x_wconf 80' lang='lat' dir='ltr'><strong>vox</strong></span> <span class='ocrx_word' id='word_1_267' title='bbox 853 2043 912 2075; x_wconf 88' lang='lat' dir='ltr'><strong>est</strong></span> <span class='ocrx_word' id='word_1_268' title='bbox 942 2050 992 2076; x_wconf 85' lang='lat' dir='ltr'><strong>ex</strong></span> <span class='ocrx_word' id='word_1_269' title='bbox 1021 2051 1097 2088; x_wconf 84' lang='lat' dir='ltr'><strong>qua</strong></span> <span class='ocrx_word' id='word_1_270' title='bbox 1127 2038 1196 2089; x_wconf 90' lang='lat' dir='ltr'><strong>qui</strong></span> <span class='ocrx_word' id='word_1_271' title='bbox 1225 2051 1405 2087; x_wconf 86' lang='lat' dir='ltr'><strong>agrorum</strong></span> <span class='ocrx_word' id='word_1_272' title='bbox 1432 2037 1720 2075; x_wconf 74' lang='lat' dir='ltr'><strong>metiendorum</strong></span> 
     </span>
     <span class='ocr_line' id='line_1_33' title="bbox 276 2092 1723 2145; baseline -0.002 -11"><span class='ocrx_word' id='word_1_273' title='bbox 276 2096 468 2135; x_wconf 82' lang='lat' dir='ltr'><strong>rationem</strong></span> <span class='ocrx_word' id='word_1_274' title='bbox 490 2093 709 2140; x_wconf 72' lang='lat' dir='ltr'><strong>tradidere,</strong></span> <span class='ocrx_word' id='word_1_275' title='bbox 736 2092 779 2130; x_wconf 90' lang='lat' dir='ltr'><strong>in</strong></span> <span class='ocrx_word' id='word_1_276' title='bbox 807 2106 928 2131; x_wconf 89' lang='lat' dir='ltr'><strong>unum</strong></span> <span class='ocrx_word' id='word_1_277' title='bbox 954 2094 1110 2131; x_wconf 90' lang='lat' dir='ltr'><strong>collecti</strong></span> <span class='ocrx_word' id='word_1_278' title='bbox 1138 2106 1302 2144; x_wconf 84' lang='lat' dir='ltr'><strong>corpus,</strong></span> <span class='ocrx_word' id='word_1_279' title='bbox 1330 2093 1535 2143; x_wconf 84' lang='lat' dir='ltr'><strong>gromatici</strong></span> <span class='ocrx_word' id='word_1_280' title='bbox 1554 2093 1723 2145; x_wconf 86' lang='lat' dir='ltr'><strong>scripto·</strong></span> 
     </span>
     <span class='ocr_line' id='line_1_34' title="bbox 278 2149 1723 2200; baseline -0.002 -10"><span class='ocrx_word' id='word_1_281' title='bbox 278 2164 362 2200; x_wconf 86' lang='lat' dir='ltr'><strong>res,</strong></span> <span class='ocrx_word' id='word_1_282' title='bbox 390 2163 533 2187; x_wconf 87' lang='lat' dir='ltr'><strong>nomen</strong></span> <span class='ocrx_word' id='word_1_283' title='bbox 549 2149 798 2188; x_wconf 87' lang='lat' dir='ltr'><strong>invenerunt.</strong></span> <span class='ocrx_word' id='word_1_284' title='bbox 855 2155 913 2187; x_wconf 89' lang='lat' dir='ltr'><strong>est</strong></span> <span class='ocrx_word' id='word_1_285' title='bbox 933 2149 1036 2187; x_wconf 90' lang='lat' dir='ltr'><strong>enim</strong></span> <span class='ocrx_word' id='word_1_286' title='bbox 1056 2150 1098 2187; x_wconf 90' lang='lat' dir='ltr'><strong>id</strong></span> <span class='ocrx_word' id='word_1_287' title='bbox 1115 2149 1368 2187; x_wconf 85' lang='lat' dir='ltr'><strong>instrumenti</strong></span> <span class='ocrx_word' id='word_1_288' title='bbox 1388 2149 1628 2187; x_wconf 86' lang='lat' dir='ltr'><strong>vocabulum</strong></span> <span class='ocrx_word' id='word_1_289' title='bbox 1645 2149 1723 2187; x_wconf 81' lang='lat' dir='ltr'><strong>ista</strong></span> 
     </span>
     <span class='ocr_line' id='line_1_35' title="bbox 279 2203 1722 2256; baseline -0.001 -12"><span class='ocrx_word' id='word_1_290' title='bbox 279 2207 322 2245; x_wconf 88' lang='lat' dir='ltr'><strong>in</strong></span> <span class='ocrx_word' id='word_1_291' title='bbox 342 2212 423 2243; x_wconf 84' lang='lat' dir='ltr'><strong>arte</strong></span> <span class='ocrx_word' id='word_1_292' title='bbox 439 2204 668 2256; x_wconf 81' lang='lat' dir='ltr'><strong>praecipui,</strong></span> <span class='ocrx_word' id='word_1_293' title='bbox 702 2218 777 2255; x_wconf 92' lang='lat' dir='ltr'><strong>quo</strong></span> <span class='ocrx_word' id='word_1_294' title='bbox 799 2203 850 2242; x_wconf 88' lang='lat' dir='ltr'><strong>ad</strong></span> <span class='ocrx_word' id='word_1_295' title='bbox 883 2205 1104 2255; x_wconf 85' lang='lat' dir='ltr'><strong>dirigendas</strong></span> <span class='ocrx_word' id='word_1_296' title='bbox 1122 2205 1293 2243; x_wconf 89' lang='lat' dir='ltr'><strong>limitum</strong></span> <span class='ocrx_word' id='word_1_297' title='bbox 1316 2205 1440 2243; x_wconf 88' lang='lat' dir='ltr'><strong>lineas</strong></span> <span class='ocrx_word' id='word_1_298' title='bbox 1463 2205 1504 2243; x_wconf 93' lang='lat' dir='ltr'><strong>in</strong></span> <span class='ocrx_word' id='word_1_299' title='bbox 1527 2211 1722 2243; x_wconf 83' lang='lat' dir='ltr'><strong>terrarum</strong></span> 
     </span>
     <span class='ocr_line' id='line_1_36' title="bbox 279 2260 1723 2314; baseline 0 -15"><span class='ocrx_word' id='word_1_300' title='bbox 279 2261 493 2314; x_wconf 86' lang='lat' dir='ltr'><strong>partitione</strong></span> <span class='ocrx_word' id='word_1_301' title='bbox 524 2266 591 2298; x_wconf 87' lang='lat' dir='ltr'><strong>aut</strong></span> <span class='ocrx_word' id='word_1_302' title='bbox 618 2260 858 2298; x_wconf 85' lang='lat' dir='ltr'><strong>dimensione</strong></span> <span class='ocrx_word' id='word_1_303' title='bbox 892 2262 1112 2299; x_wconf 87' lang='lat' dir='ltr'><strong>utebantur.</strong></span> <span class='ocrx_word' id='word_1_304' title='bbox 1173 2275 1318 2313; x_wconf 82' lang='lat' dir='ltr'><strong>groma</strong></span> <span class='ocrx_word' id='word_1_305' title='bbox 1355 2261 1437 2299; x_wconf 88' lang='lat' dir='ltr'><strong>sive</strong></span> <span class='ocrx_word' id='word_1_306' title='bbox 1469 2274 1642 2312; x_wconf 80' lang='lat' dir='ltr'><strong>gruma,</strong></span> <span class='ocrx_word' id='word_1_307' title='bbox 1677 2267 1723 2299; x_wconf 93' lang='lat' dir='ltr'><strong>ut</strong></span> 
     </span>
     <span class='ocr_line' id='line_1_37' title="bbox 281 2316 1724 2369; baseline -0.001 -14"><span class='ocrx_word' id='word_1_308' title='bbox 281 2318 400 2366; x_wconf 85' lang='lat' dir='ltr'><strong>vulgo</strong></span> <span class='ocrx_word' id='word_1_309' title='bbox 420 2316 631 2368; x_wconf 83' lang='lat' dir='ltr'><strong>explicant,</strong></span> <span class='ocrx_word' id='word_1_310' title='bbox 660 2330 846 2354; x_wconf 79' lang='lat' dir='ltr'><strong>mensura</strong></span> <span class='ocrx_word' id='word_1_311' title='bbox 859 2316 1055 2367; x_wconf 81' lang='lat' dir='ltr'><strong>&#39;quaedam</strong></span> <span class='ocrx_word' id='word_1_312' title='bbox 1076 2324 1134 2355; x_wconf 75' lang='lat' dir='ltr'><strong>est</strong></span> <span class='ocrx_word' id='word_1_313' title='bbox 1151 2331 1232 2369; x_wconf 80' lang='lat' dir='ltr'><strong>qua</strong></span> <span class='ocrx_word' id='word_1_314' title='bbox 1237 2318 1373 2368; x_wconf 79' lang='lat' dir='ltr'><strong>flexae</strong></span> <span class='ocrx_word' id='word_1_315' title='bbox 1390 2319 1481 2355; x_wconf 77' lang='lat' dir='ltr'><strong>viae</strong></span> <span class='ocrx_word' id='word_1_316' title='bbox 1498 2316 1558 2354; x_wconf 82' lang='lat' dir='ltr'><strong>ad</strong></span> <span class='ocrx_word' id='word_1_317' title='bbox 1574 2318 1724 2354; x_wconf 76' lang='lat' dir='ltr'><strong>lineam</strong></span> 
     </span>
     <span class='ocr_line' id='line_1_38' title="bbox 284 2371 1724 2425; baseline 0 -15"><span class='ocrx_word' id='word_1_318' title='bbox 284 2371 542 2423; x_wconf 79' lang='lat' dir='ltr'><strong>diriguntur,</strong></span> <span class='ocrx_word' id='word_1_319' title='bbox 571 2377 661 2417; x_wconf 84' lang='lat' dir='ltr'><strong>aut.</strong></span> <span class='ocrx_word' id='word_1_320' title='bbox 690 2379 737 2410; x_wconf 90' lang='lat' dir='ltr'><strong>ut</strong></span> <span class='ocrx_word' id='word_1_321' title='bbox 752 2371 902 2410; x_wconf 87' lang='lat' dir='ltr'><strong>Nonius</strong></span> <span class='ocrx_word' id='word_1_322' title='bbox 927 2373 1068 2423; x_wconf 90' lang='lat' dir='ltr'><strong>habet,</strong></span> <span class='ocrx_word' id='word_1_323' title='bbox 1099 2374 1187 2411; x_wconf 82' lang='lat' dir='ltr'><strong>loca</strong></span> <span class='ocrx_word' id='word_1_324' title='bbox 1207 2374 1338 2410; x_wconf 78' lang='lat' dir='ltr'><strong>media</strong></span> <span class='ocrx_word' id='word_1_325' title='bbox 1359 2375 1404 2410; x_wconf 84' lang='lat' dir='ltr'><strong>in</strong></span> <span class='ocrx_word' id='word_1_326' title='bbox 1422 2388 1527 2425; x_wconf 81' lang='lat' dir='ltr'><strong>quae</strong></span> <span class='ocrx_word' id='word_1_327' title='bbox 1550 2371 1724 2411; x_wconf 72' lang='lat' dir='ltr'><strong>directae</strong></span> 
     </span>
     <span class='ocr_line' id='line_1_39' title="bbox 285 2428 1723 2480; baseline 0.001 -15"><span class='ocrx_word' id='word_1_328' title='bbox 285 2435 463 2480; x_wconf 78' lang='lat' dir='ltr'><strong>quatuor</strong></span> <span class='ocrx_word' id='word_1_329' title='bbox 480 2434 771 2478; x_wconf 80' lang='lat' dir='ltr'><strong>congregantur</strong></span> <span class='ocrx_word' id='word_1_330' title='bbox 795 2429 907 2478; x_wconf 67' lang='lat' dir='ltr'><strong>viae,</strong></span> <span class='ocrx_word' id='word_1_331' title='bbox 945 2429 1049 2480; x_wconf 88' lang='lat' dir='ltr'><strong>quod</strong></span> <span class='ocrx_word' id='word_1_332' title='bbox 1080 2429 1264 2467; x_wconf 87' lang='lat' dir='ltr'><strong>nimirum</strong></span> <span class='ocrx_word' id='word_1_333' title='bbox 1282 2429 1325 2467; x_wconf 91' lang='lat' dir='ltr'><strong>in</strong></span> <span class='ocrx_word' id='word_1_334' title='bbox 1341 2429 1412 2467; x_wconf 88' lang='lat' dir='ltr'><strong>illo</strong></span> <span class='ocrx_word' id='word_1_335' title='bbox 1436 2435 1573 2468; x_wconf 87' lang='lat' dir='ltr'><strong>centro</strong></span> <span class='ocrx_word' id='word_1_336' title='bbox 1593 2428 1723 2480; x_wconf 85' lang='lat' dir='ltr'><strong>campi</strong></span> 
     </span>
     <span class='ocr_line' id='line_1_40' title="bbox 286 2482 1723 2534; baseline 0 -12"><span class='ocrx_word' id='word_1_337' title='bbox 286 2482 512 2522; x_wconf 88' lang='lat' dir='ltr'><strong>dimetiendi</strong></span> <span class='ocrx_word' id='word_1_338' title='bbox 541 2483 818 2532; x_wconf 77' lang='lat' dir='ltr'><strong>agrimensores</strong></span> <span class='ocrx_word' id='word_1_339' title='bbox 846 2497 1000 2534; x_wconf 81' lang='lat' dir='ltr'><strong>grumas</strong></span> <span class='ocrx_word' id='word_1_340' title='bbox 1028 2498 1116 2522; x_wconf 90' lang='lat' dir='ltr'><strong>suas</strong></span> <span class='ocrx_word' id='word_1_341' title='bbox 1149 2485 1423 2534; x_wconf 85' lang='lat' dir='ltr'><strong>intenderent,</strong></span> <span class='ocrx_word' id='word_1_342' title='bbox 1464 2491 1502 2523; x_wconf 87' lang='lat' dir='ltr'><strong>et</strong></span> <span class='ocrx_word' id='word_1_343' title='bbox 1528 2484 1577 2523; x_wconf 90' lang='lat' dir='ltr'><strong>iis</strong></span> <span class='ocrx_word' id='word_1_344' title='bbox 1599 2483 1723 2522; x_wconf 79' lang='lat' dir='ltr'><strong>adiuti</strong></span> 
     </span>
     <span class='ocr_line' id='line_1_41' title="bbox 285 2536 1722 2592; baseline -0.001 -14"><span class='ocrx_word' id='word_1_345' title='bbox 285 2539 353 2578; x_wconf 85' lang='lat' dir='ltr'><strong>vel</strong></span> <span class='ocrx_word' id='word_1_346' title='bbox 370 2537 492 2576; x_wconf 88' lang='lat' dir='ltr'><strong>lineas</strong></span> <span class='ocrx_word' id='word_1_347' title='bbox 513 2536 589 2589; x_wconf 88' lang='lat' dir='ltr'><strong>ipsi</strong></span> <span class='ocrx_word' id='word_1_348' title='bbox 615 2538 732 2588; x_wconf 88' lang='lat' dir='ltr'><strong>primi</strong></span> <span class='ocrx_word' id='word_1_349' title='bbox 758 2545 887 2577; x_wconf 87' lang='lat' dir='ltr'><strong>rectas</strong></span> <span class='ocrx_word' id='word_1_350' title='bbox 907 2540 1154 2591; x_wconf 81' lang='lat' dir='ltr'><strong>designarent</strong></span> <span class='ocrx_word' id='word_1_351' title='bbox 1181 2541 1246 2579; x_wconf 88' lang='lat' dir='ltr'><strong>vel</strong></span> <span class='ocrx_word' id='word_1_352' title='bbox 1263 2541 1497 2580; x_wconf 86' lang='lat' dir='ltr'><strong>curvitatem</strong></span> <span class='ocrx_word' id='word_1_353' title='bbox 1517 2540 1625 2592; x_wconf 82' lang='lat' dir='ltr'><strong>prius</strong></span> <span class='ocrx_word' id='word_1_354' title='bbox 1646 2539 1722 2577; x_wconf 87' lang='lat' dir='ltr'><strong>de-</strong></span> 
     </span>
     <span class='ocr_line' id='line_1_42' title="bbox 287 2593 1722 2646; baseline 0 -13"><span class='ocrx_word' id='word_1_355' title='bbox 287 2594 522 2646; x_wconf 87' lang='lat' dir='ltr'><strong>scriptarum</strong></span> <span class='ocrx_word' id='word_1_356' title='bbox 542 2593 819 2643; x_wconf 86' lang='lat' dir='ltr'><strong>deprehensam</strong></span> <span class='ocrx_word' id='word_1_357' title='bbox 835 2596 1087 2646; x_wconf 81' lang='lat' dir='ltr'><strong>corrigerent.</strong></span> <span class='ocrx_word' id='word_1_358' title='bbox 1132 2598 1296 2635; x_wconf 88' lang='lat' dir='ltr'><strong>istorum</strong></span> <span class='ocrx_word' id='word_1_359' title='bbox 1317 2596 1421 2635; x_wconf 82' lang='lat' dir='ltr'><strong>hane</strong></span> <span class='ocrx_word' id='word_1_360' title='bbox 1439 2597 1631 2635; x_wconf 82' lang='lat' dir='ltr'><strong>actionem</strong></span> <span class='ocrx_word' id='word_1_361' title='bbox 1650 2607 1722 2633; x_wconf 83' lang='lat' dir='ltr'><strong>ex-</strong></span> 
     </span>
     <span class='ocr_line' id='line_1_43' title="bbox 286 2647 1723 2704; baseline 0.001 -16"><span class='ocrx_word' id='word_1_362' title='bbox 286 2649 429 2702; x_wconf 88' lang='lat' dir='ltr'><strong>pressit</strong></span> <span class='ocrx_word' id='word_1_363' title='bbox 445 2647 594 2687; x_wconf 82' lang='lat' dir='ltr'><strong>Ennius</strong></span> <span class='ocrx_word' id='word_1_364' title='bbox 614 2661 702 2686; x_wconf 91' lang='lat' dir='ltr'><strong>cum</strong></span> <span class='ocrx_word' id='word_1_365' title='bbox 723 2665 914 2700; x_wconf 76' lang='lat' dir='ltr'><strong>grumam</strong></span> <span class='ocrx_word' id='word_1_366' title='bbox 932 2652 1104 2703; x_wconf 79' lang='lat' dir='ltr'><strong>dirigere</strong></span> <span class='ocrx_word' id='word_1_367' title='bbox 1130 2652 1297 2704; x_wconf 87' lang='lat' dir='ltr'><strong>scripsit.</strong></span> <span class='ocrx_word' id='word_1_368' title='bbox 1354 2653 1396 2690; x_wconf 91' lang='lat' dir='ltr'><strong>in</strong></span> <span class='ocrx_word' id='word_1_369' title='bbox 1417 2651 1624 2690; x_wconf 79' lang='lat' dir='ltr'><strong>Glossariis</strong></span> <span class='ocrx_word' id='word_1_370' title='bbox 1643 2663 1723 2689; x_wconf 84' lang='lat' dir='ltr'><strong>ve-</strong></span> 
     </span>
     <span class='ocr_line' id='line_1_44' title="bbox 287 2703 1724 2757; baseline 0.001 -14"><span class='ocrx_word' id='word_1_371' title='bbox 287 2706 438 2744; x_wconf 78' lang='lat' dir='ltr'><strong>teribus</strong></span> <span class='ocrx_word' id='word_1_372' title='bbox 466 2704 512 2742; x_wconf 84' lang='lat' dir='ltr'><strong>ab</strong></span> <span class='ocrx_word' id='word_1_373' title='bbox 543 2703 715 2742; x_wconf 83' lang='lat' dir='ltr'><strong>Henrico</strong></span> <span class='ocrx_word' id='word_1_374' title='bbox 740 2706 938 2757; x_wconf 85' lang='lat' dir='ltr'><strong>Stephano</strong></span> <span class='ocrx_word' id='word_1_375' title='bbox 960 2714 999 2746; x_wconf 85' lang='lat' dir='ltr'><strong>et</strong></span> <span class='ocrx_word' id='word_1_376' title='bbox 1020 2709 1296 2746; x_wconf 82' lang='lat' dir='ltr'><strong>Bonaventura</strong></span> <span class='ocrx_word' id='word_1_377' title='bbox 1316 2708 1504 2746; x_wconf 90' lang='lat' dir='ltr'><strong>Vulcanio</strong></span> <span class='ocrx_word' id='word_1_378' title='bbox 1523 2707 1640 2745; x_wconf 87' lang='lat' dir='ltr'><strong>editis</strong></span> <span class='ocrx_word' id='word_1_379' title='bbox 1660 2707 1724 2745; x_wconf 89' lang='lat' dir='ltr'><strong>le·</strong></span> 
     </span>
     <span class='ocr_line' id='line_1_45' title="bbox 287 2755 1722 2815; baseline 0.001 -17"><span class='ocrx_word' id='word_1_380' title='bbox 287 2762 393 2810; x_wconf 83' lang='lat' dir='ltr'><strong>gitur</strong></span> <span class='ocrx_word' id='word_1_381' title='bbox 408 2773 559 2811; x_wconf 73' lang='lat' dir='ltr'><strong>gruma</strong></span> <span class='ocrx_word' id='word_1_382' title='bbox 575 2755 756 2810; x_wconf 75' lang='grc' dir='ltr'><strong><em>γνώμων.</em></strong></span> <span class='ocrx_word' id='word_1_383' title='bbox 813 2763 918 2800; x_wconf 86' lang='lat' dir='ltr'><strong>unde</strong></span> <span class='ocrx_word' id='word_1_384' title='bbox 933 2764 1096 2802; x_wconf 89' lang='lat' dir='ltr'><strong>verbum</strong></span> <span class='ocrx_word' id='word_1_385' title='bbox 1114 2771 1301 2815; x_wconf 80' lang='lat' dir='ltr'><strong>grumat,</strong></span> <span class='ocrx_word' id='word_1_386' title='bbox 1345 2763 1451 2815; x_wconf 89' lang='lat' dir='ltr'><strong>quod</strong></span> <span class='ocrx_word' id='word_1_387' title='bbox 1468 2763 1523 2800; x_wconf 88' lang='lat' dir='ltr'><strong>ibi</strong></span> <span class='ocrx_word' id='word_1_388' title='bbox 1541 2762 1722 2814; x_wconf 83' lang='lat' dir='ltr'><strong>explica-</strong></span> 
     </span>
     <span class='ocr_line' id='line_1_46' title="bbox 287 2815 1724 2880; baseline 0.002 -27"><span class='ocrx_word' id='word_1_389' title='bbox 287 2822 353 2854; x_wconf 90' lang='lat' dir='ltr'><strong>tur</strong></span> <span class='ocrx_word' id='word_1_390' title='bbox 374 2830 443 2867; x_wconf 87' lang='lat' dir='ltr'><strong>per</strong></span> <span class='ocrx_word' id='word_1_391' title='bbox 463 2815 532 2852; x_wconf 86' lang='lat' dir='ltr'><strong>illa</strong></span> <span class='ocrx_word' id='word_1_392' title='bbox 549 2815 695 2880; x_wconf 68' lang='lat' dir='ltr'><strong>Graeca</strong></span> <span class='ocrx_word' id='word_1_393' title='bbox 713 2819 845 2868; x_wconf 81' lang='grc' dir='ltr'><em>μετρεῖ</em></span> <span class='ocrx_word' id='word_1_394' title='bbox 858 2817 988 2865; x_wconf 75' lang='grc' dir='ltr'><strong><em>ἐξισοῖ.</em></strong></span> <span class='ocrx_word' id='word_1_395' title='bbox 1044 2821 1164 2870; x_wconf 89' lang='lat' dir='ltr'><strong>paulo</strong></span> <span class='ocrx_word' id='word_1_396' title='bbox 1181 2819 1341 2870; x_wconf 89' lang='lat' dir='ltr'><strong>postibi</strong></span> <span class='ocrx_word' id='word_1_397' title='bbox 1361 2818 1523 2871; x_wconf 86' lang='lat' dir='ltr'><strong>ponitur</strong></span> <span class='ocrx_word' id='word_1_398' title='bbox 1532 2820 1724 2870; x_wconf 79' lang='lat' dir='ltr'><strong>grumari</strong></span> 
     </span>
     <span class='ocr_line' id='line_1_47' title="bbox 283 2872 1722 2926; baseline 0.001 -15"><span class='ocrx_word' id='word_1_399' title='bbox 283 2872 551 2925; x_wconf 70' lang='grc' dir='ltr'><strong><em>καταστρέψαι</em></strong></span> <span class='ocrx_word' id='word_1_400' title='bbox 579 2874 770 2924; x_wconf 81' lang='grc' dir='ltr'><strong><em>Δορωται.</em></strong></span> <span class='ocrx_word' id='word_1_401' title='bbox 806 2885 898 2923; x_wconf 90' lang='lat' dir='ltr'><strong>·pr0</strong></span> <span class='ocrx_word' id='word_1_402' title='bbox 928 2886 1005 2924; x_wconf 84' lang='lat' dir='ltr'><strong>quo</strong></span> <span class='ocrx_word' id='word_1_403' title='bbox 1039 2874 1255 2915; x_wconf 86' lang='lat' dir='ltr'><strong>Vulcanius</strong></span> <span class='ocrx_word' id='word_1_404' title='bbox 1289 2875 1365 2926; x_wconf 87' lang='lat' dir='ltr'><strong>legi</strong></span> <span class='ocrx_word' id='word_1_405' title='bbox 1391 2875 1501 2915; x_wconf 88' lang='lat' dir='ltr'><strong>iubet</strong></span> <span class='ocrx_word' id='word_1_406' title='bbox 1530 2887 1722 2926; x_wconf 77' lang='lat' dir='ltr'><strong>grumare</strong></span> 
     </span>
    </p>
   </div>
  </div>
 </body>
</html>
