1846 3262
433 253 508 296 DE
542 252 822 297 MICHAELE
849 253 1224 306 PALAEOLOGO
1257 256 1305 300 L.
1339 255 1416 301 111.
1559 256 1653 303 195

184 365 338 422 ὥρμων
381 364 547 421 δοκήσει
582 371 659 422 τῆς
696 365 801 423 πρὸς
841 367 1016 422 βασιλέα
1051 366 1233 422 εὐνοίας,
1284 369 1353 412 καὶ
1388 367 1471 426 ἶρις
1508 362 1560 424 ἦν
1601 368 1654 424 ἤν

182 453 246 484 τις
272 433 618 492 προκινδυνεύσας
643 438 876 492 χαρίσαιτο.
946 437 987 479 οἳ
1015 436 1061 479 δὲ
1089 428 1300 490 μαθόντες
1332 435 1444 481 οὕτω
1472 437 1652 489 πολλοὺς
1671 451 1700 486 Ρ
1724 452 1791 488 130

183 504 288 547 καθ’
323 501 461 547 αὑτῶν
488 502 705 560 ὁρμῶντας
736 502 792 554 ὥς
823 503 1070 547 ἀποστατῶν
1098 503 1311 562 ἄντικρυς,
1347 505 1424 559 τὴν
1446 507 1522 559 μὲν
1543 505 1650 550 ἀπο-

182 573 358 616 στασιάν
388 576 543 616 πολλοῦ
572 573 681 623 τινὸς
709 569 1002 629 συγκαλύπτειν
1033 572 1205 628 ἐδέησαν
1214 606 1228 626 ,
1259 572 1370 616 ’ὥστε
1398 575 1466 616 καὶ
1488 571 1652 628 ὡμολό-

149 648 281 698 5γουν
300 643 366 684 καὶ
390 641 494 697 μέγα
522 659 562 684 τι
588 639 757 684 ἐδόκουν
774 639 968 698 πράττειν
991 643 1049 691 εἷς
1065 643 1209 697 δεῖγμα
1229 645 1304 696 τῆς
1328 641 1434 684 κατὰ
1454 647 1565 699 σφᾶς
1583 643 1652 686 εὖ-

182 711 365 763 σεβειάς,
404 710 447 752 εἶ’
470 727 513 767 γε
544 712 611 753 καὶ
641 707 742 767 ὖπέρ
769 710 973 764 βασιλέως
999 711 1067 752 καὶ
1093 709 1338 765 ἠδικημένου
1367 709 1648 756 κινδυνεύοιεν.

182 781 251 825 καὶ
281 777 482 834 σύνθημα
511 774 562 833 ἦν
588 779 751 828 ἐκείνοις
778 779 844 833 ἵν,
880 777 906 834 ἢ
938 777 1101 834 νικᾶνῆ
1127 776 1286 829 πάντας
1307 778 1479 821 πίπτειν.
1550 777 1651 823 ὅθεν

181 846 440 903 περισχόντες
473 847 525 890 τὰ
558 839 832 902 ὀχυρώματα,
870 847 948 890 ἀπ’
975 847 1113 890 αὐτῶν
1139 864 1183 890 τε
1213 847 1265 890 τὰ
1296 846 1364 889 διὰ
1393 844 1521 898 τόξων
1551 847 1652 903 βέλη

183 915 339 960 ἐνίεσαν
369 916 476 959 καθ’
503 914 616 966 ὅστις
652 914 703 958 ἂν
727 918 794 958 καὶ
821 915 937 972 ἐγγὺς
957 913 1239 972 προσβάλλοι,
1277 917 1345 958 καὶ
1365 917 1654 971 προπηδῶντες

129 992 173 1026 10
184 993 371 1042 γυμνΐται
401 984 708 1038 προσέβαλλον,
757 982 891 1042 τόλμῃ
924 1002 968 1027 τε
994 985 1319 1042 προσπίπτοντες
1345 986 1496 1038 μείζονι
1523 1002 1652 1040 κατη-
1674 997 1705 1032 Β

183 1052 364 1106 κόντιζον
388 1053 447 1107 μὴ
472 1057 846 1109 καταθαρροῦντας
882 1054 1043 1096 ἐκείνων
1072 1052 1172 1103 τοὺς
1198 1050 1469 1108 στρατιώτας.
1541 1053 1581 1096 οἳ
1609 1054 1655 1095 δὲ

181 1124 249 1165 καὶ
271 1125 488 1171 πονοῦντες
504 1119 730 1178 ὑφίσταντο
753 1123 820 1164 καὶ
840 1121 971 1164 δεινὸν
992 1126 1226 1173 ποιοῦντες,
1264 1123 1299 1163 εἲ
1326 1122 1488 1170 πλείους
1509 1120 1654 1177 ὀλίγων

183 1192 251 1234 καὶ
278 1189 459 1246 ἄγροικοι
486 1190 662 1234 ἀστικῶν
694 1190 990 1247 περιγένοιντο·
1026 1188 1346 1247 προσεβοήθουν
1375 1207 1418 1232 τε
1446 1188 1653 1245 ἀλλήλοις,

183 1261 251 1303 καὶ
276 1259 492 1302 ἐπέπιπτον
513 1256 826 1316 κραταιότερον,
865 1260 933 1301 καὶ
951 1259 1129 1309 πολλοὺς
1150 1259 1224 1314 μὲν
1246 1258 1467 1315 ἔφθειρον,
1506 1258 1553 1301 οὗ
1571 1258 1655 1314 μὴν

130 1335 172 1372 15
185 1329 229 1372 δὲ
250 1326 354 1371 ὥστε
375 1329 442 1371 καὶ
460 1325 675 1383 ὗποχαλᾶν
693 1323 744 1383 ἦν
765 1327 839 1378 τὰς
858 1326 989 1384 ὁρμὰς
1011 1324 1140 1384 σφίσι.
1210 1330 1369 1380 μᾶλλον
1388 1327 1462 1380 μὲν
1485 1322 1559 1370 οὖν
1577 1345 1655 1370 κα-

183 1397 393 1451 κουμένοις
413 1398 479 1439 καὶ
499 1396 613 1452 παρὰ
633 1396 707 1451 τὴν
728 1396 865 1439 αὐτῶν
889 1394 1100 1450 ὑπόληψιν
1124 1393 1234 1452 ἐπῄει
1259 1395 1546 1450 ἀνδρίζεσθαι,
1583 1396 1652 1437 καὶ
1675 1406 1706 1441 c

183 1466 347 1525 ἀπτέρῳ
375 1463 489 1520 τάχει
516 1465 591 1515 τὰς
619 1466 852 1524 δυσχωρίας
876 1462 1265 1521 καταλαμβάνοντες
1293 1463 1367 1506 ἀπ’
1391 1463 1528 1507 αὐτῶν
1545 1461 1656 1520 ἠμύ-

278 1576 333 1610 10.
355 1570 587 1622 προσέβαλον
598 1574 650 1623 (Ρ.

185 1665 331 1708 kantiae,
368 1666 528 1701 certatim
559 1677 636 1702 sese
658 1669 773 1702 mutuo
795 1669 1016 1713 praevertere
1039 1666 1215 1702 studentes
1248 1666 1407 1713 periculis
1431 1667 1522 1702 ultro
1545 1666 1654 1713 depo-

186 1713 320 1747 scendis
350 1713 595 1758 adeundisque.
640 1713 691 1746 illi
715 1724 817 1758 porro
842 1725 928 1759 quos
949 1714 1016 1748 iste
1039 1717 1225 1760 apparatus
1248 1715 1407 1758 petebat,
1441 1725 1516 1747 cum
1539 1714 1655 1748 audis-

186 1764 263 1793 sent
293 1762 423 1792 tantum
453 1759 490 1793 iu
521 1770 560 1793 se
590 1770 764 1793 numerum
795 1760 1060 1804 oppugnantium
1092 1759 1228 1794 immitti
1251 1766 1411 1804 tanquam
1434 1759 1470 1793 in
1494 1771 1576 1794 vere
1598 1771 1657 1793 re·-

185 1805 291 1839 belles
316 1811 352 1838 et
374 1805 488 1838 hostes
511 1804 663 1850 imperii,
694 1805 886 1839 rebellionis
909 1805 1044 1851 quidem
1067 1807 1227 1851 probrum
1250 1808 1354 1851 atque
1374 1805 1535 1839 invidiam
1558 1805 1657 1840 enixe

185 1851 420 1896 depellebant:
445 1851 527 1896 quin
547 1856 665 1885 contra
689 1851 938 1896 profitebantur
961 1858 997 1885 et
1018 1851 1109 1886 ultro
1132 1852 1309 1886 iactabant
1330 1863 1453 1895 magno
1477 1863 1515 1886 se
1537 1850 1656 1896 utique

185 1897 384 1931 documento
407 1902 592 1931 monstrare
615 1897 716 1931 fidem
741 1909 784 1931 ac
807 1897 969 1942 pietatem
991 1908 1105 1939 suam,
1128 1898 1187 1943 qui
1210 1909 1273 1942 pro
1295 1897 1503 1942 imperatore
1528 1908 1550 1931 a
1572 1908 1657 1941 gra—

184 1943 323 1977 vissima
344 1942 468 1977 iniuria
491 1942 694 1977 vindicando
717 1943 833 1988 capita.
856 1944 1081 1989 fortunasque
1102 1954 1182 1977 suas
1204 1944 1352 1989 ipsorum
1375 1943 1439 1977 sub
1466 1946 1655 1976 extremum

185 1988 364 2023 discrimen
387 1988 571 2023 mitterent.
618 2000 725 2034 quare
746 1990 812 2023 hac
835 1989 973 2023 animati
995 1989 1204 2023 conscientia
1227 1989 1304 2034 piae
1327 1989 1406 2023 belli
1430 1999 1567 2030 causae,
1589 1989 1654 2022 hoc

185 2034 286 2080 quasi
310 2046 373 2080 pro
395 2039 527 2069 tessera
549 2034 586 2069 in
609 2047 669 2070 ore
691 2046 734 2069 ac
755 2035 879 2069 mutuis
902 2035 1112 2070 sermonibus
1135 2035 1270 2069 assidue
1292 2034 1464 2069 habebant
1486 2035 1577 2068 sorte
1599 2037 1655 2068 at-

186 2092 254 2126 que
280 2080 504 2115 irrevocabile
529 2081 738 2126 propositum
760 2081 918 2115 vincendi
941 2086 1002 2115 aut
1024 2081 1156 2116 omnino
1179 2080 1355 2115 moriendi.
1401 2091 1484 2124 ergo
1513 2078 1656 2114 insessis

186 2137 310 2171 magna
341 2126 556 2161 multitudine
587 2128 723 2161 arcibus
752 2139 794 2161 ac
824 2126 926 2161 editis
957 2127 1027 2161 situ
1061 2127 1165 2169 locis,
1204 2127 1284 2161 inde
1309 2126 1478 2170 ingentem
1509 2125 1655 2159 telorum

187 2173 257 2206 vim
281 2172 540 2207 eiaculabantur
562 2173 729 2214 arcubus,
759 2174 1012 2218 tuebanturque
1045 2173 1193 2218 spatium
1216 2172 1306 2206 intra
1327 2172 1453 2205 iactum
1467 2195 1479 2214 ‚
1511 2182 1556 2204 ne
1578 2170 1656 2215 quis

189 2229 230 2251 eo
264 2228 301 2251 se
331 2218 467 2263 impune
497 2218 703 2253 admoveret.
749 2219 810 2253 sed
842 2222 879 2252 et
911 2219 1021 2254 auctis
1051 2230 1131 2253 mox
1163 2218 1284 2253 animis
1314 2216 1531 2262 prosilientes
1561 2215 1655 2258 inde,

187 2263 263 2297 sine
285 2263 401 2297 loricis
423 2268 461 2298 et
483 2264 609 2308 galeis,
642 2265 776 2299 irruere
797 2265 969 2299 audebant
990 2276 1091 2299 manu
1112 2266 1228 2305 facta,
1264 2267 1300 2297 et
1320 2263 1411 2297 ultro
1434 2272 1655 2306 aggressores

186 2309 357 2343 lacessere
379 2310 501 2344 crebro
522 2310 708 2345 iaculorum
738 2311 854 2345 missu.
902 2311 1027 2356 quibus
1048 2310 1171 2345 milites
1194 2308 1431 2355 imperatoris,
1462 2308 1554 2342 haud
1577 2307 1655 2341 ausi

188 2355 395 2389 descendere
416 2355 450 2388 in
474 2360 644 2390 certamen
666 2357 816 2391 cominus
839 2357 895 2391 vel
917 2368 1027 2401 aequo
1049 2368 1087 2390 se
1110 2367 1230 2401 campo
1254 2354 1411 2396 credere,
1434 2357 1512 2388 tuta
1533 2353 1654 2399 procul

187 2401 390 2435 iaculatione
412 2401 681 2446 respondebant,
712 2414 836 2447 magna
857 2402 1008 2448 pernicie
1028 2402 1196 2447 ipsorum,
1228 2412 1303 2435 cum
1325 2400 1359 2434 in
1383 2401 1554 2434 confertos
1576 2398 1654 2433 uul-

186 2449 255 2481 lum
277 2449 382 2481 telum
404 2446 471 2480 iret
492 2447 639 2481 irritum.
683 2447 732 2482 illi
764 2448 983 2493 indignantes
1002 2452 1134 2482 tantum
1156 2447 1273 2481 inferri
1295 2446 1360 2481 sibi
1382 2445 1495 2480 damni
1516 2456 1583 2479 nou
1607 2445 1652 2479 ab

188 2492 342 2526 exercitu
377 2492 450 2527 acie
482 2492 650 2527 instructo
683 2494 744 2528 sed
768 2506 789 2529 a
811 2493 1044 2540 praesidiariis
1071 2492 1255 2528 stationum
1282 2491 1427 2538 sparsim
1450 2491 1653 2545 positarum,

186 2538 223 2572 in
252 2550 394 2584 quarum
426 2538 584 2573 viciniam
614 2539 803 2582 irruerent,
836 2540 1023 2584 ingensque
1052 2539 1122 2573 rati
1152 2550 1247 2573 suum
1272 2537 1419 2572 dedecus
1440 2549 1469 2571 ει
1492 2537 1608 2582 plures
1631 2547 1653 2569 a

214 2585 308 2620 aucis
343 2588 379 2618 et
408 2583 522 2618 durati
542 2584 674 2629 frigore
695 2589 852 2620 montano
876 2597 917 2619 ac
938 2585 1068 2620 rustico
1096 2585 1213 2620 labore
1236 2585 1280 2619 ab
1301 2583 1476 2618 innutritis
1499 2582 1568 2616 otio
1592 2592 1652 2615 ur-

187 2596 277 2664 bano
308 2630 500 2675 delitiisque
528 2630 764 2674 vincerentur,
797 2632 1045 2666 concurrebant
1066 2631 1184 2665 maiori
1206 2642 1345 2665 numero
1380 2633 1486 2674 atque
1507 2628 1651 2673 impetu,

189 2679 305 2710 mutuo
328 2687 367 2710 se
389 2676 567 2711 hortantes
600 2676 887 2722 adiuvantesque3
921 2677 1010 2712 unde
1041 2680 1077 2711 et
1105 2677 1221 2723 plures
1250 2676 1401 2722 ipsorum
1425 2673 1570 2717 contigit
1593 2684 1654 2707 ca-

190 2722 274 2756 dere
295 2724 513 2767 stragemque
535 2734 601 2757 non
624 2733 764 2768 parvam
787 2723 856 2759 edi.
903 2734 966 2757 nec
985 2726 1098 2758 tamen
1121 2722 1159 2756 id
1182 2722 1225 2756 ad
1248 2721 1459 2757 minuendam
1474 2719 1652 2772 audaciam

190 2778 306 2801 eorum
336 2768 625 2814 remittendosque
655 2768 816 2803 ardentes
849 2768 997 2814 impetus
1029 2768 1159 2804 valuitt
1197 2768 1281 2814 quin
1314 2767 1428 2812 potius
1458 2765 1654 2807 inopinatae

190 2823 293 2846 sensu
316 2814 421 2848 cladis
443 2814 538 2849 velut
560 2814 694 2850 stimulo
718 2815 762 2849 ad
786 2815 1052 2850 contendendum
1075 2814 1205 2849 enixius
1222 2813 1422 2857 viriliusque
1438 2810 1652 2857 pugnandum

190 2857 326 2902 incitari
346 2859 414 2893 visi
436 2865 526 2896 sunt.
571 2861 688 2906 itaque
711 2860 782 2895 suis
802 2860 930 2895 redditi
950 2861 1094 2906 rupibus
1116 2871 1157 2894 ac
1178 2860 1268 2905 iugis
1291 2859 1413 2900 inviis,
1436 2868 1504 2911 quo
1525 2866 1655 2890 summa

191 2904 367 2940 celeritate
389 2916 428 2940 se
450 2911 673 2952 receperunt,
700 2907 780 2942 inde
802 2910 932 2943 tantam
955 2917 1227 2954 quoquoversum
1259 2905 1404 2940 telorum
1426 2913 1494 2938 vun
1516 2901 1654 2937 assidue
