1884 3262
293 200 393 247 656
692 199 1002 245 OBSERVAT.
1034 199 1339 249 PACHYMER.

294 307 318 351 ὅ
338 305 380 349 δὲ
396 303 597 354 Ῥωσσικός
606 302 696 374 τήν
718 321 760 348 τε
787 318 927 348 στασιν
950 305 1019 348 καὶ
1045 304 1089 349 τό
1114 303 1269 360 αξίωμα
1291 306 1336 351 τὸ
1358 308 1423 351 ἐπὶ
1444 312 1516 363 τῆς
1542 309 1733 366 τραπέζης

293 379 407 432 παρα
418 365 490 403 τοῦ
518 359 690 430 μεγάλου
718 360 962 434 κεκλήρωται
990 365 1310 405 Κωνσταντίνου.
1366 364 1391 406 ὅ
1407 364 1450 406 δὲ
1477 369 1734 435 Πελοποννη-

289 416 430 467 ’σιακος
444 415 486 459 vd
508 421 581 459 τοῦ
603 419 843 485 Haimatos,
873 419 894 462 ὁ
914 415 958 460 δὲ
974 423 1046 472 τῆς
1063 413 1244 472 ’Λττικῆς
1267 434 1309 461 τε
1326 419 1393 461 καὶ
1405 413 1591 479 Ἀθηνῶν
1611 419 1732 475 ἄρχη-

290 473 363 529 ’γός
385 473 429 516 τό
444 490 514 515 του
534 471 706 529 μεγάλου
723 470 885 526 δουκὸς,
914 474 939 516 ὅ
958 475 1000 517 δὲ
1021 478 1092 527 τῆς
1114 476 1308 524 Βοιωτίας
1328 475 1396 517 καὶ
1414 479 1496 517 ταῖν
1524 480 1670 531 Θηβῶν
1689 476 1732 520 τὸ

291 533 365 572 τοῦ
393 527 562 597 μεγάλου
591 533 867 602 πριμικηρίου,
907 530 931 573 ὁ
956 529 1000 572 δὲ
1027 535 1101 583 τῆς
1133 528 1301 584 μεγαλης
1332 527 1461 584 νήσου
1483 536 1664 582 Σικελίας
1690 531 1734 575 vd

291 589 367 628 τοῦ
384 583 516 640 ῥἠγός,
545 603 611 628 και
626 585 746 628 ἄλλοι
758 586 866 628 ἀλλα.
917 589 1114 626 Ros-sicas
1138 594 1292 625 statum
1311 594 1347 625 et
1366 586 1604 639 dignitatem
1612 604 1734 641 prae-

280 644 390 694 secti
409 654 566 681 mensae
587 658 613 681 a
629 657 776 695 magno
797 645 963 682 sortitus·
983 652 1040 681 est
1063 644 1346 690 Constantium
1373 645 1734 696 Peloponnesiacae

293 713 385 737 vero
411 701 610 752 principis·
638 701 832 752 titulum,
869 699 1032 738 Atticae
1058 706 1192 737 autem
1221 707 1258 737 et
1288 699 1539 738 Athenarum
1559 699 1734 752 dynasta

153 761 183 797 Ρ
203 762 272 799 460
292 770 432 794 nomen
451 758 593 807 magni
609 754 737 794 ducis.
760 802 762 805 .
794 763 838 794 at
855 759 928 808 qui
953 758 1145 795 Boeotiae
1166 763 1203 793 et
1237 756 1374 794 Thebis
1387 763 1563 807 praeest,
1592 759 1734 808 magni

284 814 514 864 primicerii
547 812 715 850 titulum
735 812 929 863 obtinuit,
959 814 1021 851 uti
1044 819 1079 849 et
1097 813 1227 863 regia,
1259 814 1328 864 qai
1345 825 1536 863 magnam,
1551 813 1734 851 insulam

292 869 458 907 Siciliae
487 867 607 906 lzahet
635 870 680 906 in
701 875 921 920 potestate,
948 876 984 906 et
1010 869 1088 906 alii
1116 869 1217 906 alia.
1273 867 1327 906 ita
1347 868 1400 905 ibi
1425 869 1635 919 Gregoras,
1664 869 1733 920 qui

289 925 410 977 paulo
443 930 534 977 post
563 924 674 963 addit
703 924 750 963 de
778 923 964 963 Thebano
995 924 1160 976 dynasta
1192 937 1287 975 quae
1306 924 1552 974 singular-itm
1577 925 1626 962 ad
1647 937 1732 963 rem

290 987 465 1020 nostram
485 980 658 1019 faciunt=
687 976 753 1021 τὸν
770 997 846 1035 γαρ
867 996 928 1021 τοι
946 983 1017 1032 τῆς
1031 980 1224 1028 Βοιωτίας
1239 981 1303 1019 καὶ
1329 983 1408 1030 τῶν
1435 981 1582 1047 Θηβῶν
1606 977 1733 1033 α’ρχη-

291 1033 380 1090 γόν,
420 1031 508 1076 αντὶ
540 1032 711 1090 μεγάλου
741 1037 1015 1090 πριμικηρίου,
1055 1035 1176 1088 μέγαν
1204 1033 1363 1103 κύριον
1381 1027 1616 1088 ὀνομάζουσι
1640 1038 1732 1086 νῦν,

292 1093 350 1140 εἰς
368 1095 483 1133 τοῦτο
502 1091 805 1145 παρενεχθέντες
826 1092 870 1133 ἐκ
899 1092 973 1133 τοῦ
1001 1094 1293 1155 παρενεχθῆναι
1316 1088 1390 1143 τήν
1414 1107 1576 1144 πρωτην
1595 1095 1732 1132 συλλα-

292 1145 386 1201 βήν.
441 1148 601 1187 videtur
626 1148 730 1187 velle
759 1161 846 1186 usu
869 1154 908 1186 et
936 1147 1049 1197 vulgi
1067 1147 1319 1211 corruptione
1345 1154 1441 1185 tunc
1457 1147 1669 1186 invaluisse
1685 1153 1733 1185 ut

291 1204 376 1242 dux
402 1203 643 1253 Thebarum,
674 1203 740 1254 qui
769 1204 862 1242 olim
882 1216 1045 1254 magnus
1060 1203 1308 1267 primicerius
1328 1209 1426 1241 esset
1446 1204 1576 1241 dictus
1594 1218 1733 1255 notui·-

289 1256 451 1313 κήριος,
479 1259 620 1298 sensim
647 1259 879 1324 compendio
899 1256 1043 1327 κήριον
1069 1260 1219 1295 cerium
1244 1272 1315 1310 pro
1337 1259 1561 1309 primicerio
1578 1259 1731 1297 vocita-

289 1321 399 1364 tum,
429 1327 475 1353 ac
494 1315 695 1366 denique·
683 1328 726 1352 m
749 1328 848 1353 voce
871 1312 1011 1367 κήριος
1029 1314 1240 1352 secundam
1269 1314 1421 1352 literam
1442 1320 1654 1362 mutatam,
1685 1320 1731 1352 ut

290 1368 431 1424 κύριος
460 1385 533 1423 pro
561 1367 701 1424 κήριος
726 1371 943 1437 dice1etur,
984 1375 1024 1409 et
1049 1369 1234 1407 adiuncta
1264 1384 1380 1421 quam
1411 1383 1566 1422 semper
1593 1369 1731 1409 habuit

290 1427 556 1479 appellatione
575 1427 725 1478 magni,
756 1426 875 1480 μέγας
891 1423 1028 1479 κύριος
1045 1439 1220 1477 magnus
1241 1424 1438 1464 dominus.

400 1497 441 1535 p
465 1482 547 1525 324
574 1496 614 1522 v.
643 1486 709 1526 22.
765 1482 894 1522 videri
920 1487 1048 1533 potest
1077 1480 1175 1520 haec
1199 1482 1373 1521 scribens
1403 1480 1658 1534 Pachymerea
1684 1481 1729 1519 in

289 1537 419 1578 animo
440 1539 623 1578 habuisse
642 1539 733 1577 illos
753 1551 886 1578 versus
907 1537 1131 1606 Euripidis·

591 1598 702 1645 φιλεῖ
725 1611 762 1636 τι
789 1592 960 1648 πόλεμος
989 1609 1036 1635 ου
1065 1588 1188 1634 παντ’
1217 1588 1401 1646 ευτνχεῖν,

501 1649 659 1691 ἐσθλων
687 1649 731 1691 δὲ
757 1651 884 1704 χαίρει
909 1646 1115 1715 πτώμασιν
1142 1650 1324 1719 νεανίαιν,

498 1722 648 1755 κακους
680 1702 723 1748 δε
752 1710 867 1759 μισεῖ.
923 1709 975 1762 τῇ
1001 1701 1110 1746 πόλει
1139 1703 1211 1757 μὲν
1240 1699 1314 1746 ουν
1341 1700 1460 1752 νόσος

501 1759 591 1804 τόδ’
620 1763 722 1812 ἐστί,
748 1766 851 1804 τοῖσι
879 1758 922 1803 δὲ
949 1765 1219 1802 κατθανοῦσιν
1246 1756 1409 1808 ευκλεὲς

398 1830 438 1868 p-
460 1818 541 1859 334
561 1833 600 1857 v.
627 1823 666 1861 6.
724 1815 851 1867 ἄλλως
877 1817 973 1871 ἔγνω
1001 1820 1242 1869 παρακαλεῖν
1265 1817 1332 1858 καὶ
1351 1817 1512 1869 θερμαῖς
1528 1810 1727 1854 ἷκετευειν.

288 1870 415 1910 fateor
431 1870 498 1910 hic
516 1875 621 1911 clare
640 1887 721 1911 non
739 1874 821 1912 dici
842 1875 956 1912 deum
975 1873 1203 1911 invocatum
1225 1887 1246 1910 a
1266 1873 1440 1924 despota,
1471 1871 1576 1922 quod
1597 1876 1728 1908 tamen

288 1928 332 1965 in
348 1927 670 1977 interpretatione
687 1929 814 1980 posui.
871 1928 1096 1966 coniectura
1114 1932 1244 1965 tamen
1262 1942 1343 1966 non
1363 1941 1466 1966 vana
1488 1932 1545 1967 est
1564 1926 1604 1963 id
1627 1938 1727 1976 quo-

290 1996 364 2034 que
380 1983 510 2022 ve1bis
528 1984 607 2022 illis
625 1987 869 2037 παρακαλεῖν
887 1990 926 2022 et
947 1979 1132 2024 ἱκετεύειν
1156 1983 1374 2033 significare
1396 1981 1567 2021 voluisse
1583 1993 1726 2033 μυστη-

290 2035 413 2092 ριώδη
435 2037 543 2077 hunc
566 2040 756 2104 quendam
778 2046 817 2078 et
834 2039 1047 2090 lucifugam
1072 2039 1323 2091 scriptorem,
1353 2051 1467 2078 sensa
1491 2050 1559 2076 sua
1574 2037 1616 2075 in
1634 2049 1728 2075 suae

291 2094 430 2133 mentis
451 2096 714 2146 penetralibus
736 2095 943 2147 introspici
961 2095 1089 2147 potius
1108 2108 1224 2146 quam
1242 2095 1359 2146 signis
1376 2106 1559 2145 expressa
1577 2093 1729 2131 intelli-

292 2150 472 2200 gibilibus
495 2158 630 2190 extare
656 2151 698 2189 in
730 2152 809 2190 suis
830 2151 979 2204 paginis
997 2151 1249 2202 gaudentem,
1277 2149 1503 2203 praesertim
1525 2162 1614 2187 cum
1631 2148 1727 2187 aliae

290 2207 474 2244 Ioannem
494 2208 697 2259 despotam
718 2207 891 2259 impense
907 2221 930 2245 a
946 2206 1132 2257 religione
1156 2205 1508 2255 commendaverit,
1536 2211 1576 2243 et
1593 2210 1728 2243 muta-

290 2261 347 2299 tio
381 2275 481 2312 quae
516 2263 699 2316 contigit,
742 2263 868 2303 divini
898 2263 1037 2302 auxilii
1071 2276 1153 2301 non
1187 2263 1334 2302 frustra
1350 2260 1574 2315 implorati
1606 2260 1725 2299 fidem

287 2317 437 2359 fecerit

397 2388 436 2426 p-
455 2372 537 2418 340
550 2387 590 2415 v.
610 2377 649 2417 6.
707 2368 754 2415 ευ
770 2390 845 2428 γαρ
861 2372 1091 2430 Ἡρακλείτω
1111 2374 1306 2428 εἰρῆσθαι.
1363 2373 1413 2412 ad
1430 2371 1725 2422 intelligendam

286 2427 391 2466 hanc
408 2429 600 2468 Heracliti
625 2431 877 2477 sententiam,
907 2444 1023 2482 quam
1051 2437 1185 2469 noste1
1210 2444 1282 2470 suo
1312 2429 1517 2480 indulgens
1535 2429 1725 2482 σκοτειναῖ

287 2484 400 2534 genio
435 2485 653 2524 Heraclitea
679 2499 840 2538 prorsus
870 2486 1108 2525 obscuritate
1139 2487 1205 2525 hic
1235 2486 1425 2534 involvit,
1464 2483 1577 2523 fateri
1601 2466 1721 2522 debeo

286 2540 418 2577 lucem
446 2540 544 2578 mihi
576 2549 806 2607 opportune
821 2543 1035 2594 praelatam
1070 2557 1092 2580 a
1126 2542 1381 2613 paraphraste
1405 2540 1616 2587 Vaticano,
1653 2537 1722 2588 qui

288 2594 398 2634 hunc
413 2595 543 2634 locum
565 2597 620 2634 sic
641 2598 847 2667 exprimit:
877 2595 1014 2647 καθώς
1035 2614 1109 2653 γαρ
1124 2596 1380 2669 Ἡράκλειτος
1401 2596 1526 2650 ἔλεγε,
1552 2590 1601 2635 τοὶ
1620 2609 1721 2646 πρα-

288 2666 415 2706 γματα
435 2651 478 2692 ἐν
501 2649 580 2706 ροῇ
598 2652 664 2691 καὶ
685 2651 877 2725 οἷπορροῇ.
935 2651 1064 2721 ωσπερ
1085 2650 1160 2695 ου’κ
1181 2654 1283 2695 ἐστιν
1303 2652 1368 2695 ἐπὶ
1385 2655 1458 2693 τοῦ
1474 2647 1721 2719 παραρρέον-

289 2722 356 2755 τος
375 2692 565 2777 ῥεύματος
582 2708 644 2754 δὶς
662 2706 795 2759 βάψαι
816 2709 886 2751 cdv
908 2707 1101 2751 δακτυλον
1117 2709 1182 2750 ἐπὶ
1198 2713 1271 2750 τοῦ
1289 2706 1414 2750 αὐτοῦ
1432 2706 1499 2748 καὶ
1520 2703 1609 2752 ἓνος
1626 2702 1722 2745 vdu-

290 2777 382 2811 τος,
426 2759 519 2804 ουδὲ
560 2759 698 2803 στασιν
705 2764 865 2829 ευρεῖν
893 2765 1017 2807 ἔνεστι
1045 2781 1126 2806 των
1149 2761 1386 2819 πραγμάτων
1417 2763 1532 2814 δίκην
1561 2757 1720 2815 αείρρου

290 2815 483 2872 ῥεύματος
497 2815 832 2875 παρατρεχόντων.
886 2820 985 2866 haec
999 2822 1104 2873 ille3
1120 2835 1302 2875 quorum
1315 2817 1461 2860 auxilio
1482 2817 1638 2857 confido
1658 2828 1720 2855 me
