1846 3262
440 199 516 242 DE
551 197 832 242 MICHAELE
866 196 1246 242 PALAEOLOGO
1283 199 1330 241 L.
1361 197 1414 242 ΙΙ.
1570 198 1664 244 145

179 315 372 357 ἐντεῦθεν
399 312 607 370 δραπέτου
637 309 852 370 γεγονότος
879 316 955 356 τοῦ
983 312 1048 355 ἐπὶ
1068 316 1129 371 τῷ
1148 309 1374 369 φυλάσσειν
1394 312 1656 369 τεταγμένου,

179 383 254 438 τὴν
277 383 326 425 δέ
340 400 383 439 γε
404 381 646 438 καλύπτραν
665 384 731 424 καὶ
749 381 795 425 τὸ
817 383 936 438 ξίφος
952 379 1233 434 ἀναλαβόντες
1254 381 1445 437 ἀπαρχὴν
1468 380 1654 438 αὐτάρκη
1678 396 1710 431 D

179 457 314 494 ταῦτα
337 455 420 494 τῶν
441 452 546 494 κατὰ
570 451 686 494 πόλιν
707 449 905 507 λαφύρων
927 452 994 493 καὶ
1016 450 1258 507 ἀκροθίνιον
1293 451 1519 495 ἐποιοῦντο.
1591 454 1660 495 καὶ

179 522 269 576 ἅμα
295 527 464 575 σημεῖον
482 516 533 575 ἦν
555 528 641 569 τοῖς
662 519 731 563 ἐπ’
751 520 888 579 ἐκείνῳ
908 523 1144 576 θαρροῦσιν
1164 517 1229 575 ὥς,
1242 518 1362 562 οὐδὲν
1381 521 1538 563 ἐκεῖθεν
1555 520 1658 577 ἀγα-

145 599 167 635 5
180 588 389 646 πήσαντος
406 587 564 646 φεύγειν
583 589 722 644 ἔχοιεν.

309 658 417 701 Ἐπεὶ
451 659 495 702 δ’
526 659 728 701 ἔκπυστον
755 656 909 714 ἐγένετο
936 655 982 700 τὸ
1015 656 1226 713 πραχθέν,
1264 656 1403 700 αὐτῶν
1430 675 1474 712 γε
1501 660 1568 701 καὶ
1597 657 1656 702 ἔτι

178 725 493 782 κατεπτηχότων
521 729 587 770 καὶ
616 727 675 782 μὴ
708 730 910 780 καθαρῶς
938 724 1216 769 πιστευόντων
1257 725 1359 780 ἔχειν
1390 726 1443 769 τὰ
1472 728 1515 769 ἐν
1541 730 1657 783 χερσὶ

178 788 463 852 κρατούμενα,
499 796 726 852 ἀφικνεῖται
753 796 910 851 ταχέως
937 797 1004 837 καὶ
1032 795 1095 837 ἐπὶ
1117 795 1215 845 τοὺς
1243 797 1334 851 περὶ
1357 795 1432 850 τὴν
1451 798 1655 853 Δαφνου-

179 867 273 908 σίαν
292 864 410 923 φήμη
432 883 474 922 γε
494 861 598 908 οὖσα
619 867 686 907 καὶ
707 865 807 916 θεὸς
826 863 852 921 ἦ
872 862 1015 922 φήμη,
1049 866 1116 907 καὶ
1135 863 1212 918 ἅμ’
1237 863 1418 918 ἤκουσαν
1440 867 1651 922 ὃιαπεφω-
1676 875 1707 910 E:

123 944 169 978 10
179 933 352 990 νήκεσαν
363 967 376 987 ,
414 937 504 990 περὶ
522 941 614 984 ταῖς
630 934 847 991 σφετέραις
867 936 1022 990 γυναιξὶ
1042 935 1109 976 καὶ
1130 933 1285 983 τέκνοις
1305 932 1655 990 κατορρωδήσαν-

178 1021 255 1054 τες.
328 1002 440 1057 ὅμως
475 1002 675 1058 ἐτᾶχυναν
704 1005 918 1058 ἐπιστῆναι
939 1004 1007 1045 καὶ
1031 1001 1088 1053 ὥς
1111 1001 1219 1057 εἶχον
1248 1002 1424 1057 ἀμῦναι·
1460 1006 1551 1060 περὶ
1575 1005 1654 1060 γὰρ

176 1070 397 1126 τριάκοντα
428 1074 494 1115 καὶ
531 1073 635 1128 πρὸς
665 1070 785 1129 λόγος
816 1073 894 1128 ἔχει
924 1079 1105 1129 μακραῖς
1141 1073 1261 1115 ναυσὶ
1294 1070 1495 1127 μονήρεσί
1519 1090 1562 1116 τε
1588 1074 1656 1115 καὶ

175 1132 356 1198 τριήρεσι
393 1141 500 1184 κατὰ
531 1143 807 1199 Δαφνουσιάς
835 1139 1092 1197 χρήσασθαι.
1162 1139 1336 1191 ταύταις
1366 1139 1548 1192 ἁπάσαις
1579 1160 1657 1184 τα-

171 1208 477 1266 χυναυτούσαις
504 1210 716 1267 ἠπείγοντο
747 1211 851 1266 πρὸς
880 1210 955 1265 τὴν
989 1208 1133 1263 πόλιν,
1181 1208 1270 1264 ἅμα
1302 1215 1558 1267 θαρροῦντες
1588 1213 1656 1254 καὶ

120 1288 163 1324 15
177 1285 234 1338 τῷ
257 1279 299 1323 ἔκ
320 1282 507 1330 Σικελίας
519 1282 699 1339 μεγίστῳ
719 1281 847 1338 πλοίῳ
868 1279 1045 1330 πολλοῦς
1065 1279 1198 1334 ἔχοντι
1217 1279 1314 1329 τούς
1336 1278 1536 1332 ἐπιβάτας
1546 1313 1559 1333 ,
1599 1277 1656 1330 ὥς

171 1351 239 1391 καὶ
271 1349 424 1399 αὐτοὺς
456 1347 701 1404 συναμύνειν
729 1354 788 1407 τῷ
820 1348 919 1405 γε’νει
951 1349 1018 1391 καὶ
1040 1355 1126 1398 τοῖς
1147 1350 1330 1391 ἐπιοῦσιν
1349 1346 1476 1402 ὁμόσε
1493 1355 1652 1403 χωρεῖν.

171 1419 240 1460 καὶ
264 1419 303 1461 οἳ
321 1419 396 1473 μὲν
415 1420 478 1460 ε’πὶ
500 1416 711 1468 τοιαύταις
729 1419 884 1460 ἐλπίσιν
903 1417 1137 1473 ἠπείγοντο,
1176 1415 1197 1459 ὅ
1226 1418 1272 1459 δὲ
1294 1419 1464 1474 Καῖσαρ
1499 1435 1649 1474 προαι-
1671 1442 1700 1476 p
1724 1443 1770 1478 94

171 1485 377 1541 σθόμενος
406 1484 565 1530 τούτων
593 1487 668 1542 τὴν
695 1486 848 1544 ἔφοδον
889 1486 987 1536 τούς
1009 1484 1310 1540 Ῥωμα“ι’·ζοντας
1346 1491 1651 1542 προσκαλεῖται,

174 1556 219 1598 οἳ
240 1558 307 1598 καὶ
342 1554 398 1606 ὥς
425 1553 618 1610 Ῥωμαῖοι
641 1554 799 1606 ἑκόντες
820 1554 986 1605 ἄκοντές
1007 1571 1050 1597 τε
1072 1552 1300 1611 συνήργουν
1322 1562 1409 1605 τοῖς
1427 1553 1649 1614 ἡμετέροις.

168 1709 330 1746 Romanis
361 1710 507 1754 animos,
539 1710 660 1757 utique
692 1711 752 1757 qui
782 1710 939 1746 viderent
969 1710 1048 1746 inde
1070 1723 1137 1746 non
1160 1712 1302 1747 difficile
1323 1711 1494 1756 negotium
1517 1714 1651 1747 restare

169 1757 400 1792 absolvendae
424 1757 685 1803 expugnationis
706 1758 814 1800 urbis,
837 1763 937 1803 quam
960 1757 991 1792 is
1014 1758 1070 1792 cui
1094 1760 1234 1805 proprie
1258 1759 1478 1794 incumbebat
1501 1769 1544 1792 ex
1568 1758 1651 1793 offi-

169 1804 224 1837 cio
251 1803 341 1837 tueri
365 1815 407 1838 ac
431 1815 650 1849 propugnare
673 1804 884 1838 deseruerat.
907 1809 1044 1849 tegmen
1068 1817 1149 1850 ergo
1173 1806 1302 1849 regium
1327 1804 1451 1850 capitis
1475 1809 1511 1838 et
1534 1816 1648 1840 ensem

167 1849 386 1896 imperatoris
406 1850 572 1895 fugientis
594 1855 758 1896 tanquam
776 1851 947 1896 primitias
965 1851 1150 1896 spoliorum
1168 1851 1263 1886 urbis
1285 1857 1411 1898 captae
1434 1855 1471 1885 et
1496 1851 1648 1886 votivum

152 1897 351 1931 'anatliema
375 1901 620 1931 consecrarunt
645 1897 753 1941 palam
777 1897 1033 1942 appendentes,
1065 1897 1101 1932 id
1125 1909 1262 1944 quoque
1284 1897 1499 1933 consecuturi
1520 1901 1560 1932 nt
1578 1897 1647 1932 isto

168 1943 366 1988 spectaculo
398 1943 524 1977 fiducia
559 1943 667 1978 omnis
700 1943 901 1987 Byzantinis
931 1948 1175 1986 excuteretur,
1209 1944 1240 1979 si
1263 1955 1364 1991 quam
1387 1943 1423 1977 in
1448 1943 1647 1978 Latinorum

167 1989 290 2034 opibus
312 1993 475 2034 tanquam
506 1989 637 2024 idoneis
661 1990 703 2023 ad
726 1989 822 2035 ipsos
845 1989 1078 2025 defendendos
1101 1991 1345 2025 collocassent:
1379 1989 1463 2035 quid
1488 1990 1576 2024 enim
1601 1991 1645 2025 ab

165 2034 212 2070 iis
235 2035 303 2069 iam
335 2035 406 2069 tale
438 2047 580 2081 sperare
603 2039 849 2081 possent‘cum
874 2047 989 2070 eorum
1023 2036 1211 2084 principem
1232 2049 1328 2084 spem
1350 2047 1435 2072 suae
1456 2036 1566 2082 ipsius
1587 2048 1645 2071 sa-

166 2081 248 2116 lutis
271 2082 360 2115 ultro
382 2081 417 2116 in
441 2082 524 2127 fuga
546 2081 764 2117 constituisse
786 2083 998 2117 cernerent?

258 2127 391 2161 Accidit
411 2132 524 2162 autem
548 2141 590 2163 ea
614 2140 670 2162 res
693 2133 763 2162 tam
787 2128 889 2171 mira,
914 2140 988 2163 cum
1013 2128 1153 2173 vulgata
1171 2132 1244 2172 est,
1267 2132 1308 2163 ut
1331 2128 1397 2175 ipsi
1420 2128 1564 2162 Romani
1589 2128 1645 2162 vi-

168 2175 282 2207 ctores
304 2173 574 2219 inopinatissima
597 2185 776 2209 successus
799 2175 952 2209 novitate
974 2175 1161 2221 stupefacti
1185 2176 1242 2209 vix
1266 2174 1414 2221 propriis
1437 2174 1542 2208 oculis
1566 2186 1644 2209 cre-

167 2219 311 2261 derent,
350 2231 392 2253 ac
425 2231 464 2254 se
493 2233 583 2266 quae
617 2221 775 2255 manibus
807 2222 974 2255 tenebant
1005 2233 1108 2266 aegre
1141 2221 1428 2267 persuaderentur
1455 2220 1642 2266 possidere.

165 2265 360 2311 pervolavit
392 2270 508 2300 autem
540 2267 717 2302 celerrime
750 2267 792 2301 ad
824 2267 965 2301 Latinos
991 2267 1222 2314 Daphnusiam
1256 2271 1492 2313 oppugnantes
1519 2271 1643 2311 captae

166 2310 264 2346 urbis
287 2312 398 2356 fama,
435 2323 519 2347 vere
542 2314 651 2356 fama,
686 2314 751 2347 hoc
775 2316 829 2348 est
851 2313 997 2347 divinum
1019 2325 1084 2348 nec
1107 2315 1250 2348 humano
1279 2313 1428 2348 delatum
1452 2312 1642 2347 ministerio

164 2357 343 2399 indicium,
379 2369 454 2392 cum
486 2359 598 2393 adhuc
628 2370 685 2393 res
708 2359 810 2394 fieret
839 2359 1048 2404 divulgatum
1076 2360 1203 2406 procul.
1248 2359 1298 2393 illi
1321 2359 1422 2394 simul
1446 2359 1640 2403 audierunt,

164 2403 265 2438 simul
288 2404 497 2438 consternati
528 2404 700 2450 fractique
730 2406 849 2440 animis
881 2410 961 2440 sunt
993 2407 1135 2441 horrore
1165 2405 1372 2441 discriminis
1405 2405 1566 2449 extremi,
1603 2405 1640 2439 in

165 2461 234 2496 quo
264 2450 394 2484 versari
426 2450 601 2485 carissima
632 2451 775 2496 pignora
805 2453 987 2486 liberorum
1011 2453 1258 2498 coniugumque
1280 2451 1484 2486 sentiebant.
1531 2462 1641 2496 qnare

164 2506 280 2530 omnes
302 2507 368 2531 uno
393 2496 522 2545 impetu
549 2497 704 2537 solvunt,
744 2509 926 2532 occurrere
949 2497 994 2532 ad
1016 2498 1246 2533 defensionem
1270 2503 1331 2533 aut
1352 2497 1515 2532 ultionem
1538 2498 1641 2532 festi·-

165 2546 297 2578 nantes.
345 2543 442 2577 aiunt
466 2543 608 2577 classem
634 2543 833 2578 Latinorum
855 2544 899 2578 ad
925 2544 1155 2590 Daphnnsiam
1178 2545 1284 2579 fuisse
1305 2544 1442 2579 navium
1463 2544 1640 2588 longarum

164 2587 306 2622 circiter
328 2589 469 2633 triginta
492 2589 688 2624 uniremium
713 2595 773 2624 aut
794 2590 992 2626 triremium.
1038 2591 1162 2637 quibus
1187 2589 1320 2625 cunctis
1343 2594 1416 2625 toto
1439 2590 1568 2635 impetu
1593 2589 1638 2623 ad

164 2635 283 2668 urbem
302 2636 512 2676 ferebantur,
535 2636 682 2670 fidentes
706 2636 809 2671 etiam
832 2637 990 2671 oneraria
1013 2649 1103 2682 quae
1124 2637 1245 2672 aderat
1267 2648 1312 2671 ex
1334 2636 1468 2671 Sicilia·
1481 2635 1639 2677 maxima,

163 2679 316 2726 plurimis
338 2686 462 2716 onusta
485 2682 702 2726 vectoribus,
741 2694 882 2728 quornm
906 2682 1060 2717 auxiliari
1083 2695 1190 2730 opera
1212 2694 1275 2729 pro
1299 2682 1552 2718 necessitudine
1575 2692 1638 2725 ge-

164 2726 256 2761 neris
277 2738 400 2762 usuros
424 2739 462 2763 se
481 2740 546 2763 non
568 2728 774 2763 dubitabant
798 2729 834 2764 in
857 2729 1005 2774 praelio,
1037 2729 1066 2764 si
1095 2729 1342 2765 decernendum
1364 2730 1467 2763 soret.
1513 2727 1567 2761 his
1587 2726 1639 2763 illi

163 2773 290 2818 spebus
322 2774 460 2808 animati
493 2775 739 2820 procedebant.
787 2779 827 2810 at
848 2775 980 2810 Caesar
1001 2775 1164 2811 infestum
1188 2787 1303 2811 eorum
1327 2775 1510 2810 adventum
1529 2783 1636 2818 prae-

162 2818 312 2854 sentiens
334 2821 503 2855 Romanos
526 2822 586 2867 qui
608 2821 672 2855 sub
696 2821 794 2856 Italis
814 2821 848 2856 in
871 2823 957 2857 urbe
980 2823 1208 2858 constiterant
1237 2826 1424 2863 convocat,
1456 2824 1493 2853 et
1518 2819 1636 2853 adme-

162 2863 254 2899 nitos
276 2865 418 2910 originis
438 2867 594 2902 volentes
617 2867 772 2903 nolentes
802 2868 919 2915 adegit
940 2868 984 2904 ad
1007 2874 1143 2904 nostrus
1166 2880 1230 2916 pro
1254 2866 1344 2902 virili
1365 2865 1530 2901 iuvandas
1552 2876 1635 2911 par-

218 2917 390 2965 Georgc'us
419 2920 646 2966 Pachymeres
668 2921 698 2955 I.
1302 2919 1356 2958 10
