1884 3262
243 188 340 232 376
668 188 902 232 GEORGII
929 190 1276 237 PACHYMERIS

243 300 443 348 ἀκουσίως
475 299 708 357 ἀφορισμόν
729 301 959 357 ἐπιτίθησιν
979 303 1181 363 ἱσταμένῳ
1196 337 1210 358 ,
1245 306 1315 363 ἐφ’
1338 302 1371 366 ᾧ
1399 307 1494 351 κατ’
1521 305 1700 365 ἀνάγκην

242 369 342 410 εἷ’ποι
365 368 414 409 τοὶ
439 369 492 417 εἷς
511 370 641 423 κρίσιν
663 370 771 412 ἰδίαν
797 373 884 426 περὶ
913 376 994 414 τῶν
1017 371 1197 416 Ἰταλῶν.
1268 372 1288 417 ὅ
1319 375 1361 418 δ’
1388 377 1589 431 ἐνσχεθεὶς
1607 377 1699 431 -άμ-

241 435 504 491 ᾳοτέρωθεν,
543 436 661 480 ἔνθεν
683 438 759 491 μὲν
779 443 838 497 τῷ
861 444 935 482 τοῦ
954 441 1156 494 βασιλέως
1175 437 1294 501 φόβῳ
1321 444 1472 487 ἐκεῖθεν
1493 446 1537 487 δὲ
1555 450 1604 502 τῇ
1625 449 1699 488 τοῦ

241 505 476 560 άφορισμοῦ
499 505 715 566 εὐλαβείᾳ,
751 507 877 561 μίσος
908 509 1215 552 ἒναπολέλειπτο
1230 543 1243 562 ,
1277 513 1348 553 καί
1372 528 1414 567 γε
1438 511 1630 568 ὡμολόγει
1651 513 1699 556 τὸ

240 571 402 624 πάθος,
449 571 504 623 ὡς
530 576 644 617 δυοῖν
672 573 902 630 κρήμναται
938 577 1182 633 ἀμφοτέρων
1212 575 1346 634 φόβου
1378 581 1443 621 καὶ
1474 579 1733 635 εὐλαβείας,5

191 648 221 681 D
249 642 314 682 καὶ
338 639 398 683 ὅτι
421 641 472 683 τὰ
495 646 568 685 τοῦ
588 641 818 697 πνεύματος
839 646 1087 701 προτιμητέα
1117 645 1143 701 ἢ
1173 646 1224 688 τὰ
1252 652 1325 689 τοῦ
1355 645 1557 701 σώματος.
1607 647 1700 692 τότε

241 712 410 765 ὸιαιρῶν
430 710 560 766 ἔλεγεν
581 709 636 761 ὥς
655 712 693 754 οἷ
713 713 787 767 μὲν
809 715 878 755 ε’πί
895 731 970 756 τινι
989 716 1055 756 καὶ
1074 716 1149 757 εἰσὶ
1171 717 1236 757 καὶ
1259 715 1453 770 λέγονται,
1485 716 1523 758 οἱ
1544 718 1588 759 δὲ
1607 716 1699 760 οὔτ’

241 779 339 820 εἰσὶν
373 778 466 822 οὕτε
495 780 701 836 λέγονται,
741 781 779 824 οἱ
810 783 853 824 δέ
871 782 1053 838 λέγονται
1072 784 1146 836 μὲν
1169 783 1242 826 οὐκ
1265 785 1338 826 εἶσὶ
1367 784 1436 835 δέ,
1468 784 1507 826 οἷ
1527 784 1569 826 δ’
1598 784 1702 827 ἀνά-

242 851 364 889 παλιν
386 850 459 890 εἶσὶ
481 849 555 901 μὲν
576 849 621 891 οὐ
646 850 827 905 λέγονται
848 851 912 893 δὲ·
950 852 992 893 ἐν
1022 850 1184 901 τούτοις
1217 852 1384 895 τακτέον
1411 853 1478 893 καὶ
1505 850 1698 905 Ἰταλούς,

240 916 299 970 μὴ
337 917 576 971 λεγομένους
610 919 684 971 μὲν
715 918 809 960 ἀλλ’
844 918 965 968 ὄντας
984 918 1147 974 ἐνόχους
1166 920 1327 976 αἱρέσει.
1396 925 1518 962 ‘coito
1538 921 1608 962 τὸν
1627 921 1701 974 μὲν
1714 934 1758 968 10

240 983 496 1040 πατριάρχην
527 984 729 1042 ἐθάρρυνε
756 987 899 1039 πλέον,
945 992 1110 1041 βασιλεῖ’
1135 989 1178 1030 δὲ
1200 989 1328 1030 δεινὸν
1359 986 1470 1038 ἔδοξε
1492 991 1556 1030 καὶ
1575 987 1699 1045 βαρύ.

188 1057 221 1092 Ε
246 1058 342 1096 λῦσε
357 1054 400 1096 δὲ
420 1054 629 1110 λαιψηρὴν
649 1054 800 1110 ἀγορὴν
823 1055 989 1109 αὐτίκα,
1027 1056 1083 1111 μὴ
1103 1054 1186 1105 οἷός
1203 1056 1255 1098 θ’
1274 1055 1494 1111 ὑπενεγκεῖν
1515 1057 1611 1107 τοὺς
1631 1055 1702 1100 λό-

239 1138 357 1178 γους’
385 1121 685 1177 ἀνασεσόβηται
699 1123 775 1179 γὰρ
795 1126 983 1166 ἐντεῦθεν
999 1122 1022 1178 ἦ
1037 1122 1150 1180 θήρα
1171 1129 1228 1182 τῷ
1242 1129 1413 1178 βασιλεῖ,
1434 1127 1499 1166 καὶ
1517 1125 1591 1167 οὐκ
1603 1123 1702 1179 εἶχεν

241 1190 263 1234 ὅ
285 1208 321 1233 τι
343 1192 408 1232 καὶ
421 1191 535 1242 λε’ξει,
558 1189 612 1240 ὡς
628 1190 706 1234 ὑπ’
732 1191 906 1247 ἀνάγκης
926 1185 1141 1247 ἀληθεύειν
1162 1195 1391 1242 δοκοῦντος.
1429 1192 1523 1234 ἀλλ’
1545 1193 1581 1235 οἱ
1594 1193 1700 1249 ἀμφὶ

240 1259 311 1302 τὸν
331 1256 612 1315 ἀρχιδιάκονόν
629 1277 671 1302 τε
689 1262 754 1301 καὶ
776 1260 846 1302 τὸν
869 1259 1284 1316 πρωταποστολάριον
1304 1262 1416 1315 δίκην
1437 1266 1606 1316 σφηκῶν
1629 1259 1700 1315 ‹⁴29-
1713 1264 1756 1299 15

241 1326 445 1382 μήσαντες
467 1329 631 1370 ἐνοδίων
652 1330 808 1383 ἐπεῖχον
831 1333 1012 1384 στερρῶς
1032 1333 1090 1386 τῷ
1110 1329 1250 1386 Βέκκῳ
1272 1327 1325 1378 ὥς
1347 1333 1480 1377 κακῶς
1508 1331 1714 1385 κρίνοντι,’

243 1398 363 1455 λογίῳ
387 1398 453 1437 καὶ
476 1394 608 1439 ταῦτά
627 1413 669 1452 γε
690 1395 775 1439 ὄντι
793 1398 859 1438 καὶ
878 1395 980 1452 ὑπὲρ
1004 1396 1100 1446 τοὺς
1123 1397 1297 1446 πολλοὺς
1320 1399 1506 1439 δοκοῦντι
1525 1404 1701 1453 φρονεῖν.

107 1465 131 1496 l’
158 1466 225 1500 2256
390 1464 466 1509 13.
534 1459 691 1521 Ἡμέρα
710 1469 923 1521 παρῆλθεν
949 1467 1100 1520 ἐκείνη,
1136 1467 1201 1507 καὶ
1222 1463 1242 1508 ὂ
1258 1463 1525 1521 χαρτοφύλαξ
1545 1472 1603 1523 τῳ
1622 1471 1702 1519 βα-

244 1537 352 1575 σιλεῖ’
376 1530 671 1588 ἀπηχθάνετο,
706 1535 840 1583 αἰτίας
875 1534 1163 1591 ἓργολαβοῦντι
1192 1538 1266 1576 τοῦ
1289 1532 1464 1589 βλάψαι.
1535 1536 1602 1576 καὶ
1636 1532 1700 1576 δι’

333 1629 386 1666 13.
413 1626 516 1674 θύρα
538 1629 580 1664 Ρ.

241 1720 394 1762 feneret,
418 1720 613 1765 intelligens
636 1732 711 1755 eum
728 1746 739 1763 ,
763 1733 806 1755 ne
829 1720 918 1766 quod
945 1721 1148 1767 promiserat
1172 1721 1286 1755 facere
1310 1720 1464 1762 auderet,
1487 1720 1703 1766 imperatoris

241 1766 443 1800 contrarium
467 1767 579 1811 palam
601 1778 733 1801 sensum
756 1767 972 1812 studiumque
994 1767 1256 1801 demonstrantis
1279 1768 1482 1801 verecundia
1506 1766 1704 1810 constringi,

239 1812 376 1846 tandem
408 1813 536 1846 invitus
566 1813 649 1846 licet
679 1813 715 1848 in
746 1813 970 1847 necessarium
994 1813 1164 1847 consilium
1198 1813 1344 1847 trahitur
1374 1812 1560 1857 imperandi
1584 1811 1617 1846 ei
1638 1813 1702 1846 sub

241 1858 475 1900 anathematis,
500 1858 529 1892 si
554 1863 707 1900 recuset,
731 1858 921 1892 incurrendi
946 1870 1065 1903 poena,
1088 1862 1126 1891 ut
1149 1858 1229 1902 quid
1254 1859 1419 1892 iudicaret
1442 1858 1484 1892 de
1507 1857 1601 1892 Italis
1623 1869 1703 1902 pro-

238 1904 358 1937 ferret.
407 1904 471 1938 hoc
493 1904 633 1949 imperio
656 1905 874 1949 perturbatus
898 1905 1031 1938 Veccus
1054 1908 1119 1946 est,
1143 1904 1231 1937 inter
1250 1904 1327 1937 hinc
1350 1903 1484 1948 quidem
1506 1903 1595 1937 haud
1618 1904 1703 1937 mol-

238 1948 318 1983 liter
341 1955 515 1993 urgentem
538 1950 730 1994 praesentis
752 1950 895 1994 Augusti
918 1954 1042 1983 metum
1059 1973 1068 1991 ‚
1099 1949 1178 1982 inde
1201 1956 1313 1983 autem
1336 1953 1454 1983 contra
1477 1949 1702 1983 stimulantem

239 1994 470 2029 consciscendi
501 1995 723 2030 anathematis
752 1995 945 2040 scrupulum
984 1995 1112 2029 medius
1142 1994 1178 2028 in
1201 2000 1276 2029 arto
1300 1995 1538 2040 deprehensus.
1585 1995 1702 2039 itaque

238 2040 339 2074 huius
363 2041 467 2086 ipsius
490 2042 699 2075 consessione
722 2041 901 2085 angustiae
923 2041 1108 2076 orationem
1141 2041 1333 2084 ingressus,
1362 2040 1394 2074 ei
1426 2040 1564 2075 exordio
1587 2039 1702 2074 subie-

240 2086 287 2119 cit
310 2097 405 2130 sese‚
436 2098 510 2121 cum
542 2087 620 2121 hinc
644 2099 664 2121 a
687 2087 852 2121 saeculari
875 2091 1064 2132 potestate,
1090 2085 1183 2120 cuius
1206 2086 1258 2120 vis
1282 2086 1315 2120 in
1340 2097 1461 2131 corpus
1484 2090 1556 2127 est,
1579 2085 1659 2120 inde
1680 2096 1702 2120 a

241 2131 410 2177 spiritali,
445 2145 533 2178 quae
567 2133 601 2166 in
636 2134 778 2167 animam
810 2132 920 2175 valet,
950 2133 985 2167 in
1016 2132 1151 2166 diversa
1182 2132 1410 2177 propellatur,
1435 2131 1549 2176 potius
1572 2131 1702 2166 animae

242 2178 418 2212 consulere
440 2179 526 2213 velle
550 2190 649 2224 quam
674 2178 819 2223 corpori.
866 2184 936 2213 tum
960 2189 1040 2213 usus
1063 2177 1246 2223 partitione
1269 2178 1317 2212 sic
1340 2177 1445 2211 dixit:
1481 2176 1643 2223 “quidam
1666 2181 1703 2210 et

241 2227 320 2257 sunt
344 2228 379 2258 et
403 2225 562 2259 dicuntur
585 2225 770 2265 haeretici3
802 2224 950 2259 nonnulli
982 2235 1091 2269 neque
1121 2226 1199 2257 sunt
1231 2235 1342 2269 neque
1365 2223 1545 2265 dicuntum
1568 2222 1626 2256 alii
1648 2222 1703 2257 di-

242 2275 364 2303 cuntur
388 2270 545 2315 quidem,
569 2271 628 2305 sed
652 2283 718 2305 non
741 2276 838 2312 sunt3
862 2275 1032 2316 postremo
1057 2269 1162 2314 aliqui
1185 2269 1259 2303 vice
1281 2280 1382 2304 versa
1404 2273 1502 2311 sunt,
1534 2268 1614 2302 licet
1636 2279 1703 2302 non

241 2314 418 2358 dicantur,
442 2317 542 2350 tales.
589 2316 624 2351 in
647 2318 733 2350 hanc
756 2316 905 2350 ultimam
929 2316 1069 2350 classem
1093 2315 1296 2359 redigendos
1320 2320 1401 2360 puto
1425 2315 1550 2355 Italos,
1576 2313 1702 2359 quippe

240 2360 299 2405 qui
325 2372 398 2395 cum
423 2362 603 2396 haereseos
627 2374 691 2397 non
723 2363 880 2396 dicantur
903 2362 974 2404 rei,
998 2372 1121 2395 revera
1144 2366 1257 2394 tamen
1281 2373 1320 2395 eo
1348 2361 1486 2394 crimine
1508 2359 1700 2395 tenentur-¹¹

241 2418 282 2440 ea
305 2406 413 2441 libera
439 2419 506 2442 vox
538 2419 692 2453 magnam
722 2408 848 2443 adiecit
880 2407 1096 2452 patriarchae
1119 2407 1376 2448 confidentiam,
1411 2406 1621 2451 perculitque
1643 2415 1701 2438 ea·

241 2451 317 2485 dem
340 2452 576 2497 imperatorem
590 2479 599 2495 ,
634 2454 691 2499 qui
725 2466 790 2488 non
822 2454 945 2488 leviter
979 2452 1157 2496 indignans
1180 2452 1231 2487 sic
1254 2453 1434 2486 obductum
1459 2450 1608 2485 consiliis
1629 2449 1701 2484 suis

241 2498 383 2539 ostium,
415 2504 613 2533 conventum
650 2500 762 2534 subito
795 2500 950 2545 abrupit,
985 2511 1059 2532 cum
1093 2510 1158 2532 non
1197 2499 1340 2532 haberet
1373 2498 1408 2532 in
1441 2500 1595 2542 promptu
1619 2494 1701 2540 quid

239 2547 419 2588 reponeret
443 2543 617 2589 inopinato
642 2546 733 2580 dicto
751 2571 760 2589 ‚
786 2546 840 2580 cui
863 2545 1048 2579 necessitas
1070 2544 1146 2589 ipsa
1171 2544 1245 2582 illa,
1269 2555 1336 2589 qua
1359 2544 1471 2577 suerat
1494 2551 1702 2585 expressum,

240 2589 439 2624 veracitatis
473 2590 710 2624 auctoritatem
749 2591 960 2635 adiungeret.
1008 2601 1124 2625 verum
1149 2590 1401 2624 archidiaconus
1424 2593 1460 2622 et
1479 2589 1699 2632 protaposto-

238 2635 344 2669 larius
367 2635 473 2670 instar
496 2635 710 2670 irritatorum
734 2636 769 2670 in
793 2637 895 2671 trivio
920 2637 1120 2671 crabronum
1144 2636 1250 2669 coorti
1286 2635 1410 2669 acriter
1434 2633 1471 2666 in
1496 2633 1643 2665 Veccum
1665 2631 1701 2664 in

242 2693 280 2714 os
303 2680 353 2715 illi
375 2682 591 2715 vehementer
615 2682 826 2716 obsistebant
850 2687 889 2716 ut
912 2684 1000 2716 male
1027 2681 1207 2726 iniqueque
1230 2681 1417 2721 iudicanti,
1447 2677 1601 2723 quamvis
1623 2688 1703 2711 cae-

244 2732 320 2760 tera
344 2726 480 2772 sapiens
503 2732 594 2761 esset
618 2733 654 2760 et
677 2733 854 2771 praestare
879 2728 991 2762 multis
1015 2727 1168 2761 doctrina
1191 2727 1370 2761 videretur.
1635 2767 1644 2776 ι

335 2773 390 2807 13.
435 2773 475 2806 In
498 2773 586 2807 hunc
608 2773 742 2806 modum
765 2777 941 2806 transacta
967 2786 1007 2807 eo
1031 2773 1087 2807 die
1114 2783 1168 2806 res
1190 2772 1329 2807 infixum
1352 2768 1567 2814 imperatoris
1591 2779 1701 2802 animo

245 2816 380 2863 reliquit
404 2818 521 2863 gravis
542 2818 578 2853 in
599 2819 747 2855 vaccum
774 2818 1017 2864 indignationis
1039 2821 1212 2862 aculeum,
1237 2828 1303 2863 quo
1324 2815 1382 2850 ille
1403 2814 1595 2849 stimulante
1618 2824 1701 2848 cau-
