1884 3262
275 182 371 229 404
693 181 930 225 GEORGII
938 199 941 204 ’
963 182 1312 228 PACHYMERIS

271 297 365 338 ’δέον
386 289 677 346 ἐντευξόμενον.
752 292 902 347 διένεμε
920 292 998 350 γὰρ
1021 292 1166 337 ἑαυτὸν
1187 296 1280 349 δίχα
1300 303 1385 347 τοῖς
1404 315 1447 340 τε
1468 298 1672 352 δεομένοις
1691 301 1734 350 ἒξ

225 376 253 408 Β
281 362 415 410 ἐλέους
443 356 486 403 εὗ
515 358 682 415 πάσχειν
715 368 800 412 τοῖς
829 379 872 404 τε
901 363 1138 417 φερομένοις
1157 364 1227 405 καί
1242 380 1280 406 τι
1298 365 1399 420 πρὸς
1417 366 1634 423 ἀποφυγὴν
1654 372 1733 410 τῶν

274 426 535 486 ἐγκλημάτων
563 430 779 483 δικαίωμα.
851 432 918 472 καὶ
941 437 1025 480 τοῖς
1047 432 1121 484 μὲν
1141 431 1214 481 τὰς
1242 432 1311 487 ἐφ’
1337 431 1484 476 ἑαυτοῦ
1511 452 1731 491 προσωπο-

273 502 400 540 ποιῶν
420 494 534 546 λιτάς
553 514 595 540 τε
617 496 774 555 ῥυσσάς
792 515 834 541 τε
855 497 1138 554 παραβλῶπάς
1171 499 1213 542 τ’
1238 499 1473 556 ὀφθαλμώ,
1503 501 1637 559 ἐθήρα
1660 504 1730 546 τὸν

273 567 315 609 ἐκ
347 569 420 608 τοῦ
450 565 650 619 βασιλέως
687 566 822 618 ἔλεον,
860 565 1068 623 ὁμολογῶν
1106 568 1179 621 μὲν
1215 567 1339 618 αὐτὸς
1375 566 1479 626 ὗπέρ
1507 571 1655 614 ἐκείνου
1682 572 1763 614 τὸό

272 641 480 686 πταῖσμα,
526 632 715 688 δεόμενος
749 636 793 677 δὲ
825 634 1032 691 ἀφεθῆναι
1060 640 1134 678 τοῦ
1162 637 1495 691 προστιμωμὲνου
1522 643 1581 696 τῷ
1610 641 1731 682 πταί-

272 716 421 757 σματι·
458 705 540 745 τῶν
568 704 612 745 δὲ
641 706 706 745 καὶ
736 702 1075 760 θαρραλεώτερον
1096 702 1341 759 ὑπερμαχῶν
1361 709 1420 763 τῷ
1440 711 1654 761 κρατοῦντι
1678 706 1732 757 ὡς

273 770 548 824 ἀδικουμένων
571 768 696 825 ἐζήτει
725 771 799 826 τὴν
823 770 952 815 λύσιν.
1023 772 1070 814 οὐ
1089 772 1167 828 γὰρ
1189 771 1391 827 ἑρμηνέως
1412 773 1572 831 ἔχρῃζεν
1590 776 1630 825 ἐς
1651 773 1672 818 ὅ
1691 793 1730 818 τι

220 856 249 890 c
272 837 406 895 μάθοι
425 839 477 881 τὰ
499 843 573 881 τοῦ
595 839 786 894 δεομένου
810 845 896 889 πῶς
915 839 964 882 ἂν
986 839 1135 894 ἔχοιεν,
1174 840 1270 883 ἀλλ’
1294 841 1418 890 αὐτὸς
1435 841 1615 895 ἀκούων,
1650 841 1729 897 μό-

270 926 340 951 νον
361 907 483 958 &gurm
506 906 721 960 ἀληθεύειν
742 908 813 951 τὸν
835 908 999 964 λέγοντα
1031 907 1084 958 ὥς
1115 908 1462 963 ἇνυσθησομένων
1480 915 1562 953 τῶν
1582 909 1725 966 λόγων,
1743 920 1786 953 10

269 981 327 1035 τῷ
347 980 512 1030 βασιλεῖ
528 975 651 1025 αὐτὸς
672 977 887 1032 διακρίνων
908 977 981 1026 τὰς
1003 977 1208 1031 ἀναδοχάς
1238 979 1408 1020 ἐποιεῖτο
1429 979 1532 1021 κατὰ
1551 979 1625 1028 τὰς
1642 981 1729 1034 κρί-

269 1062 361 1093 σεις.
435 1045 592 1086 εἵποντο
613 1045 657 1086 δὲ
675 1046 740 1086 καὶ
761 1045 798 1086 οἳ
818 1044 919 1099 πρὸς
940 1045 1009 1087 τὸν
1030 1051 1260 1101 κρατοῦντα
1280 1044 1391 1101 λόγοι
1410 1046 1513 1088 κατὰ
1531 1047 1606 1095 τὰς
1625 1046 1727 1090 ἀνα-

269 1109 409 1167 δοχάς.
456 1110 730 1171 προῳκονόμει
748 1112 826 1168 γὰρ
846 1113 950 1168 πρὸς
969 1113 1015 1156 τὸ
1033 1111 1235 1168 χρήσιμον
1256 1116 1322 1155 καὶ
1347 1113 1422 1163 τὸς
1443 1116 1531 1170 περὶ
1555 1112 1726 1158 ἑκάστου

268 1178 506 1237 ἀναφορᾶς,
547 1178 601 1230 ὥς
622 1180 696 1235 τὴν
715 1181 789 1234 μὲν
810 1179 1113 1236 προτάττεσθαι
1136 1181 1210 1235 τὴν
1234 1181 1276 1222 δ’
1299 1179 1604 1224 ὑποτάττεσθαι
1611 1216 1625 1235 ,
1661 1184 1728 1225 καὶ

268 1249 343 1303 τὴν
367 1249 441 1302 μέν
469 1248 884 1304 πρωτολογησομένην
905 1249 978 1304 τὴν
1008 1249 1048 1291 δ’
1070 1247 1354 1304 ὖστερήσασαν
1366 1282 1379 1301 ,
1417 1248 1519 1292 ὥστε
1539 1252 1606 1293 καὶ
1625 1255 1727 1293 πολ·
1741 1257 1782 1291 15

217 1331 247 1365 1)
274 1315 387 1366 λάκις
405 1314 759 1373 μετεγγράφεσθαι
783 1317 922 1372 τὸτῆς
945 1317 1158 1374 ἀναφορᾶς
1187 1315 1442 1373 γραμμάτιον
1467 1316 1726 1373 συμβεβήκει,

269 1384 324 1434 ὥς
346 1385 534 1438 δευτέρου
555 1384 580 1439 ἢ
599 1387 666 1426 καὶ
683 1386 822 1440 τρίτου
845 1384 871 1440 ἢ
895 1387 960 1427 καὶ
979 1384 1160 1428 ὑστάτου
1194 1385 1472 1440 τεθησομένου
1492 1391 1566 1429 τοῦ
1589 1403 1726 1442 παρα-

268 1453 422 1506 ξυσμὸν
455 1453 498 1494 ἔκ
529 1456 611 1495 τῶν
645 1451 809 1495 εἲκότων
839 1458 998 1509 κινῆσαι
1019 1454 1218 1506 βασιλέως
1234 1452 1502 1511 ὑφορωμένου
1512 1487 1524 1506 ,
1564 1459 1726 1511 πρῶτον

268 1523 315 1564 ὁὲ
340 1539 382 1577 γε
413 1524 489 1563 τοῦ
516 1519 541 1575 ἢ
577 1521 730 1581 ῥαδίως
758 1521 1095 1578 ἀνυσθησομένου
1123 1521 1147 1577 ἢ
1177 1523 1242 1564 καὶ
1261 1524 1315 1572 εἷς
1333 1520 1615 1579 χαριεντισμόν
1634 1540 1724 1566 τινα

357 1653 410 1687 19.
434 1648 457 1696 ἢ
480 1649 565 1696 καὶ]
590 1652 625 1688 εἰ
644 1651 706 1689 καὶ
729 1653 768 1687 P.

265 1765 408 1800 rentium
438 1765 659 1808 necessariis,
693 1777 833 1812 quorum
850 1768 949 1800 esset
970 1765 1116 1810 egestati
1147 1766 1327 1810 largitione
1350 1765 1606 1807 consulendum,
1638 1765 1724 1800 alte-

263 1823 337 1845 rum
359 1810 480 1845 delatis
505 1811 698 1847 criminibus
722 1811 982 1856 periclitantium
999 1839 1007 1853 ‚
1031 1812 1152 1855 quibus
1175 1812 1230 1845 vel
1253 1812 1295 1845 ad
1318 1812 1545 1856 depulsionem
1570 1811 1723 1845 obiecto-

265 1869 338 1891 rum
362 1856 447 1890 falso
471 1856 606 1901 patroni
630 1857 779 1890 efficacis
803 1869 907 1902 opera
929 1858 983 1890 vel
1007 1857 1048 1890 ad
1080 1856 1195 1891 delicti
1218 1857 1359 1890 convicti
1382 1856 1510 1890 veniam
1533 1856 1721 1900 impetran-

264 1904 342 1937 dam
365 1902 548 1936 auctoritas
581 1902 812 1948 deprecatoris
847 1907 1032 1946 optaretur.
1080 1913 1120 1934 ac
1145 1903 1259 1936 borum
1283 1903 1416 1947 quidem
1438 1913 1478 1935 eo
1501 1903 1614 1935 studio
1638 1913 1720 1936 cau-

264 1960 321 1983 sas
353 1948 642 1993 amplectebatur,
678 1953 716 1982 ut
739 1948 908 1982 officiosas
930 1947 1004 1980 illas
1027 1947 1192 1981 hominum
1217 1948 1332 1991 generi
1357 1958 1463 1981 noxae
1486 1947 1720 1981 medicatrices

263 1994 381 2035 Litas,
407 2004 492 2038 quas
516 1994 683 2027 Homerus
707 1994 842 2027 claudas
865 2003 1006 2037 rugosas
1028 1992 1179 2027 distortis
1202 1993 1305 2026 oculis
1328 1993 1477 2032 inducit,
1501 1992 1575 2036 ipso
1599 2003 1722 2037 corpo-

262 2041 312 2074 ris
336 2039 455 2074 habitu
479 2050 582 2084 agens
606 2043 903 2084 repraesentaret,
938 2038 998 2071 tali
1022 2043 1164 2083 captans
1186 2038 1300 2083 specie
1323 2038 1571 2072 miserationem
1595 2038 1720 2083 princi-

262 2086 318 2131 pis
341 2085 506 2130 susceptis
530 2084 599 2119 suis
624 2085 866 2127 necessariam,
899 2083 1062 2118 confitens
1093 2084 1226 2129 quidem
1250 2084 1324 2128 ipse
1348 2095 1461 2118 eorum
1484 2083 1616 2117 nomine
1636 2094 1719 2128 peo-

264 2136 398 2174 catum,
433 2130 565 2165 remitti
599 2135 712 2165 autem
734 2131 983 2176 poenitentibus
1005 2141 1145 2174 poenam
1170 2141 1301 2174 rogans.
1348 2141 1410 2174 pro
1434 2128 1501 2163 alio
1524 2128 1719 2164 miserorum

263 2189 390 2221 genere
413 2177 512 2222 culpa
535 2177 727 2210 vacantium
749 2176 994 2211 interveniebat
1027 2175 1267 2217 confidentius,
1300 2174 1422 2208 obnixe
1453 2175 1657 2209 contendens
1683 2179 1719 2209 et

263 2223 446 2268 principem
465 2233 601 2267 urgenS,
624 2227 663 2256 ut
686 2222 827 2267 penuria
850 2221 1082 2256 laborantibus
1105 2233 1202 2267 opem
1225 2221 1299 2254 iure
1322 2221 1465 2265 quodam
1486 2219 1634 2265 ipsorum
1657 2220 1719 2255 de-

266 2269 368 2302 bitam
393 2280 436 2301 ne
458 2268 634 2312 indulgere
658 2270 893 2310 cunctaretur,
926 2266 1153 2301 velocissimus
1177 2268 1221 2301 ad
1243 2266 1477 2311 intelligendas
1498 2265 1718 2300 necessitates

262 2314 504 2356 indigentium,
540 2318 575 2347 et
612 2314 662 2348 eis
691 2313 878 2358 exponendi
911 2323 970 2347 eas
1000 2313 1106 2346 fusius
1137 2324 1195 2346 seu
1225 2312 1373 2346 laborem
1396 2323 1456 2346 seu
1479 2310 1718 2346 verecundiam

266 2359 490 2397 lucrifaciens.
511 2360 775 2404 perspicacitate
798 2359 934 2403 benigni
956 2357 1056 2392 animi
1079 2359 1199 2392 auditu
1221 2358 1333 2392 statim
1357 2357 1465 2402 primo
1489 2360 1610 2391 cuncta
1629 2367 1719 2391 oom-

266 2405 525 2451 prehendentis‚
559 2405 630 2439 sine
655 2417 748 2439 mora
779 2416 926 2451 operave
949 2403 1171 2447 diligentioris
1202 2403 1410 2448 interpretis.
1458 2403 1718 2447 abundabatque

266 2450 401 2496 patroni
432 2450 558 2483 caritas
589 2451 631 2484 ad
663 2463 791 2485 omnem
814 2450 889 2485 falsi
920 2449 1140 2494 suspicionem
1163 2449 1360 2483 abolendam
1381 2448 1580 2494 plenamque
1603 2446 1718 2481 conci-

265 2497 409 2530 liandam
432 2495 597 2529 clientulis
619 2497 738 2538 fidem,
763 2497 837 2530 dum
862 2507 939 2530 suas
962 2495 1135 2538 angustias
1159 2496 1354 2529 narrabant.
1400 2493 1600 2528 occurrebat
1615 2491 1717 2537 quin-

265 2542 369 2576 etiam
399 2540 610 2575 diffidentiae
639 2542 848 2586 supplicum,
882 2545 918 2575 et
947 2540 1172 2585 impetrabilia
1195 2543 1312 2585 petere
1334 2540 1426 2585 ipsos
1449 2548 1603 2573 asserens
1625 2537 1715 2571 ultro

265 2587 415 2622 addebat
439 2586 557 2620 timide
580 2587 758 2630 agentibus
789 2587 917 2621 animos
940 2585 1106 2628 audendi,
1140 2587 1409 2630 suggerebatque
1440 2583 1484 2618 ad
1507 2582 1716 2636 persuaden-

265 2634 343 2668 dum
375 2636 498 2679 aptas,
533 2642 596 2677 pro
629 2644 752 2676 genere
784 2644 825 2666 ac
857 2636 947 2667 statu
981 2643 1125 2673 causae,
1165 2631 1326 2676 postulati
1349 2629 1522 2664 evincendi
1544 2627 1714 2670 rationes3

263 2678 467 2724 easdemque
489 2677 667 2720 digerebat
687 2679 938 2711 accommodato
960 2677 1002 2712 ad
1025 2677 1126 2710 finem
1147 2680 1298 2721 optatum
1319 2675 1457 2715 ordine,
1494 2673 1604 2718 perite
1627 2673 1722 2718 ‹liin--

263 2725 380 2758 dicans
409 2734 497 2769 quae
525 2722 655 2756 illarum
685 2722 827 2767 proponi
856 2723 974 2767 prior,
1014 2733 1101 2767 quae
1123 2721 1243 2756 subiici
1274 2720 1394 2759 alteri,
1427 2730 1514 2773 quae
1543 2721 1713 2764 postremo

260 2769 416 2814 subiungi
436 2769 510 2803 loco
532 2767 683 2802 deberet.
728 2768 817 2801 unde
838 2768 1058 2810 contingebat
1077 2779 1180 2812 saepe
1201 2766 1323 2810 refingi
1343 2764 1550 2809 rescribique
1567 2763 1714 2798 libellum

259 2816 456 2861 supplicem,
479 2813 581 2848 etiam
602 2813 670 2848 iam
692 2813 840 2849 oblatum
863 2813 1022 2859 principi,
1053 2824 1160 2858 usque
1181 2811 1347 2846 interdum
1368 2810 1414 2845 ad
1436 2809 1598 2856 principis
1620 2809 1714 2844 eius-
