1846 3262
211 205 305 251 170
621 204 858 249 GEORGII
899 206 1251 253 PACHYMERIS

205 319 303 368 λούς
331 318 375 360 δὲ
404 317 713 370 συμπλέκοντας
742 323 875 362 ταῦτα
895 325 954 380 τῷ
976 323 1067 377 περὶ
1097 321 1169 364 τὸν
1187 320 1445 381 πατριάρχην
1467 324 1673 381 συμβάντι

204 386 260 438 ὥς
281 387 355 430 οὐκ
377 388 542 436 ἐνδίκως
562 386 872 443 ἀπρακτοῦντος
901 393 1096 446 μεγίστην
1117 391 1244 447 nibem
1265 392 1338 448 τὴν
1359 393 1567 451 ταραχήν,
1605 399 1672 439 καὶ

201 461 411 512 προσεῖναι
431 455 478 497 τὸ
500 455 667 511 εὔλογον
677 490 690 510 ,
723 455 780 507 ὥς
803 460 838 500 εἲ
857 464 992 515 παρῆν
1011 458 1197 513 πάντως,
1235 461 1426 515 ἐμποδών
1446 462 1499 505 ἂν
1520 465 1669 508 ἐκεῖνον

199 529 345 580 στῆναι
363 530 454 574 ταῖς
482 525 687 575 ἐπινοίαις.
759 531 832 570 νῦν
855 529 900 570 δὲ
926 529 1253 584 προαιρουμένου
1273 534 1347 572 τοῦ
1365 532 1567 584 βασιλέως
1587 551 1671 575 πα-

183 600 416 654 Χρανομεῖν,
460 592 718 649 παρανόμοις
748 595 893 646 ἄλλαις
927 597 1075 653 ἀρχαῖς
1117 598 1394 654 συμπέρασμα
1425 600 1703 657 παράνομον5

147 669 176 702 C
201 665 465 718 ἐπεισῆχθαι,
504 661 559 713 ὠς
578 666 645 706 καὶ
663 664 734 707 τὸν
752 665 1007 722 πατριάρχην
1028 669 1393 723 παραλογίσασθαι
1413 670 1478 710 καὶ
1499 671 1570 712 τὸν
1586 675 1670 724 βα-

197 733 310 774 σιλέα
344 733 552 788 πτερνίσαι
582 740 672 783 ταῖς
701 734 751 776 ὀὐ
787 739 930 785 καλαῖς
961 739 1051 792 περὶ
1080 737 1126 778 τὸ
1158 740 1274 779 θεῖον
1293 734 1571 792 ὗπολήψεσιν,
1611 736 1669 789 ὥς

197 802 348 844 ἐκείνου
372 799 397 856 ἢ
417 801 473 856 μὴ
498 803 732 858 ἐφορῶντος
751 802 776 858 ἢ
798 804 856 859 μὴ
887 805 1230 859 μετελευσομένου
1261 804 1332 848 τὸν
1354 803 1667 861 ἇμαρτήσαντα.

198 870 249 913 τὰ
281 870 325 912 δ’
357 872 412 919 εἷς
440 868 618 927 μεγάλην
651 870 755 915 εἷναί
779 873 817 915 οἳ
848 873 923 928 τὴν
940 872 1146 930 ταραχήν,
1187 872 1243 924 ὥς
1270 876 1337 916 καὶ
1358 878 1544 917 κίνδυνον
1563 873 1670 918 ὑπο-

198 943 400 982 νοεῖσθαι.
479 940 616 982 ταῦθ’
660 939 681 984 ὁ
714 946 876 998 κρατῶν
910 942 1165 999 λογιζόμενος
1207 942 1425 986 συνάπτειν
1455 943 1581 999 ἤθελε
1615 944 1668 987 τὰ
1681 951 1726 984 10

201 1006 440 1062 ἅσύναπτα,
478 1007 552 1063 τήν
581 1027 623 1052 τε
648 1014 721 1053 τοῦ
757 1010 1012 1067 πατριάρχου
1047 1011 1381 1055 ἀποκατάστασιν
1403 1015 1470 1054 καὶ
1496 1013 1570 1068 τὴν
1593 1017 1668 1056 τοῦ

198 1079 365 1134 γνησίου
395 1079 598 1131 βασιλέως
628 1078 853 1134 ἀπραξίαν·
891 1081 942 1122 τοὶ
964 1081 1006 1123 δ’
1029 1077 1135 1136 ἦσαν
1157 1083 1268 1124 λίνον
1284 1080 1343 1136 μὴ
1361 1083 1459 1139 λίνῳ
1483 1080 1668 1138 συγκλῶ-

145 1149 177 1183 D
203 1151 338 1190 θοντα
369 1145 575 1203 πράττειν.
646 1147 746 1202 ἔγνω
782 1152 881 1203 γοῦν
919 1154 1143 1206 πειρᾶσθαι
1184 1155 1259 1192 τοῦ
1305 1148 1588 1206 πατριάρχου,
1634 1152 1669 1192 εἴ

199 1214 308 1258 οὕτω
329 1219 411 1257 τῶν
442 1215 546 1257 κατὰ
572 1215 644 1258 τὸν
675 1214 866 1272 Ἰωάννην
903 1216 1078 1272 ἐχόντων
1104 1219 1399 1274 ἀπηρτημένως
1437 1218 1571 1276 πάντῃ
1599 1221 1666 1261 καὶ

199 1283 416 1338 ἀνειμένως
443 1283 568 1333 αὐτὸς
596 1284 810 1327 κατανεύοι
843 1286 917 1340 τὴν
949 1289 1006 1335 εἷς
1031 1287 1107 1342 τὴν
1132 1286 1249 1329 πόλιν
1274 1289 1459 1339 εἴσοδον,
1497 1287 1600 1343 πρὸς
1622 1289 1666 1330 δὲ
1678 1294 1722 1330 15

192 1354 265 1394 ’καὶ
296 1352 370 1406 τὴν
405 1355 661 1407 προστασίαν
692 1358 764 1406 τῆς
793 1355 1029 1407 ἐκκλησίας,
1074 1358 1140 1398 καὶ
1175 1357 1336 1413 στέφειν
1366 1351 1492 1405 αὖθις
1516 1358 1666 1399 ἐκεῖνον

195 1425 420 1475 βασιλικῶς
442 1420 547 1463 κατὰ
567 1420 613 1464 τὸ
635 1418 824 1479 δεύτερον
843 1429 1082 1480 προαιροῖτο
1104 1423 1166 1464 ἐπὶ
1186 1427 1260 1478 τῆς
1277 1422 1431 1471 πόλεως
1452 1420 1570 1480 (εἶναι
1586 1422 1666 1479 γὰρ

198 1563 377 1606 efficeret,
400 1562 571 1608 ingentem
594 1575 633 1598 se
655 1564 844 1599 subiturum
866 1563 1026 1599 invidiam
1051 1568 1087 1599 et
1108 1563 1282 1609 erupturis
1301 1563 1381 1597 inde
1404 1563 1587 1598 assultibus
1609 1563 1667 1598 vix

192 1621 315 1656 >parem
348 1611 499 1644 futurum
530 1612 732 1655 reputabat,
766 1610 932 1657 siquidem
963 1611 1138 1645 habituros
1170 1622 1290 1655 parum
1318 1610 1382 1644 sibi
1405 1621 1533 1655 aequos
1555 1610 1666 1654 pluri-

198 1667 291 1697 mos,
316 1658 419 1690 rebus
450 1656 658 1691 imminentes
689 1657 810 1699 novis,
840 1657 1028 1703 speciosum
1060 1661 1276 1703 praetextum
1309 1656 1442 1690 validae
1465 1655 1667 1690 conflandae

197 1702 378 1745 factionis,
402 1703 614 1737 obtendendo
637 1703 799 1738 videlicet
821 1703 952 1737 arcanis
977 1703 1126 1737 odiorum
1151 1703 1272 1745 causis,
1296 1702 1395 1736 livori
1418 1705 1454 1736 et
1474 1702 1665 1746 ambitioni,

197 1749 333 1794 publice
358 1749 530 1794 plausibili
553 1752 588 1783 et
611 1749 646 1783 in
671 1749 818 1795 speciem
840 1749 998 1795 religioso
1023 1749 1095 1784 zelo
1119 1748 1314 1783 vindicandi
1336 1750 1381 1783 ab
1403 1748 1526 1782 iniuria
1542 1753 1587 1782 *et
1609 1759 1666 1782 re-

198 1794 346 1841 ponendi
369 1795 402 1828 in
426 1796 580 1829 thronum
604 1802 759 1841 ereptum
784 1797 951 1830 exulantis
975 1796 1049 1830 sine
1078 1806 1182 1830 causa
1205 1795 1422 1841 patriarchae
1439 1820 1449 1837 ‚
1480 1806 1521 1828 ac
1543 1793 1666 1828 verisi-

197 1841 322 1875 militer
353 1840 510 1875 iactando
546 1842 696 1876 voluisse
726 1842 966 1887 imperatorem
999 1854 1041 1876 eo
1072 1842 1191 1887 procul
1222 1841 1376 1875 habendo
1400 1851 1559 1875 amovere
1582 1851 1603 1874 a
1625 1851 1664 1874 se

199 1889 374 1922 molestum
399 1887 585 1931 arbitrum,
619 1900 719 1933 quem
749 1888 835 1923 satis
858 1893 974 1922 nosset
1007 1889 1096 1922 haud
1119 1899 1266 1932 unquam
1290 1887 1522 1933 acquieturum
1545 1886 1664 1930 ingra-

199 1932 245 1967 tis
269 1933 339 1967 eius
364 1937 400 1968 et
420 1934 553 1968 iniustis
576 1934 823 1977 molitionibus;
849 1939 884 1968 et
906 1934 1062 1980 quoniam
1086 1939 1326 1980 praeoptasset
1357 1932 1569 1977 illegitimam
1592 1943 1665 1965 mo-

199 1979 372 2014 narchiam
403 1979 553 2025 legitimo
586 1981 727 2026 collegio
768 1992 947 2025 supremae
980 1980 1185 2026 potestatis,
1233 1979 1495 2013 ecclesiasticum
1528 1989 1667 2024 quoque

202 2037 395 2071 supremum
424 2027 656 2071 magistratum
688 2027 894 2071 illegitimum
925 2027 1103 2069 maluisse,
1131 2025 1288 2071 quoniam
1318 2036 1360 2059 ex
1393 2037 1455 2066 eo,
1486 2035 1561 2058 cum
1584 2024 1668 2058 talis

198 2076 311 2114 esset,
345 2072 622 2118 suffragationem
645 2074 680 2108 in
706 2085 802 2108 suum
826 2073 890 2118 ipsi
914 2073 1054 2107 similem
1078 2078 1267 2118 sperasset3
1300 2083 1342 2106 ac
1365 2070 1492 2116 duplici
1515 2077 1664 2116 utraque

199 2117 440 2154 scelestissima
471 2120 593 2154 iniuria
626 2120 868 2154 consciscenda
895 2120 929 2153 in
960 2125 1091 2165 patrem
1126 2129 1321 2162 sacrorum,
1353 2128 1451 2163 quem
1476 2116 1663 2151 circumve-

202 2164 328 2206 nisset,
353 2165 389 2199 in
411 2166 572 2211 pupillum
598 2166 801 2212 principem,
831 2177 931 2211 quem
955 2167 1228 2211 supplantasset,
1259 2165 1346 2200 male
1369 2175 1407 2197 se
1430 2164 1473 2198 de
1496 2163 1560 2197 deo
1583 2173 1664 2197 sen-

200 2211 270 2245 tire
303 2211 514 2255 declararet,
545 2213 671 2259 quippe
701 2224 800 2258 quem
831 2212 1004 2247 videretur
1036 2211 1170 2257 opinari
1192 2216 1251 2245 aut
1280 2222 1347 2245 non
1375 2210 1492 2244 videre
1514 2208 1663 2254 quaein

199 2257 310 2302 ipsum
342 2263 543 2302 peccantur,
582 2265 642 2293 aut
665 2260 843 2294 connivere
874 2259 915 2293 ad
942 2258 1091 2300 scelera,
1125 2258 1244 2303 poenis
1274 2267 1388 2291 eorum
1412 2266 1582 2301 nunquam
1605 2265 1663 2289 re-

200 2303 370 2348 petendiS.
418 2305 538 2350 quibus
561 2317 603 2339 ex
626 2307 729 2339 rebus
763 2305 820 2339 vel
843 2305 980 2350 propria
1004 2304 1246 2350 probabilitate
1269 2304 1324 2338 vel
1355 2302 1510 2337 artificiis
1533 2302 1671 2335 adver-f

200 2349 348 2383 santium
377 2351 503 2396 populo
536 2352 710 2397 persuasis
741 2351 916 2385 maximam
939 2351 1103 2385 orituram
1127 2350 1415 2396 perturbationem
1440 2350 1553 2394 palam
1575 2351 1662 2388 erat,

198 2398 337 2440 tamque
360 2399 459 2430 atrox
481 2398 695 2431 excitandum
718 2397 906 2432 discordiae
923 2397 1030 2431 civilis
1047 2397 1247 2440 incendium,
1271 2408 1338 2442 quo
1362 2395 1548 2441 periculum
1570 2396 1664 2427 esset

200 2452 244 2474 ne
279 2446 383 2486 caput
417 2454 456 2476 ac
486 2444 613 2478 familia
636 2444 742 2489 ipsius
764 2444 860 2478 simul
883 2455 958 2478 cum
987 2444 1062 2489 ipsa
1096 2443 1270 2489 republica
1292 2442 1532 2486 conflagraret.
1579 2439 1669 2487 talia

199 2493 364 2531 reputans
386 2489 636 2535 formidansque
654 2490 841 2536 imperator
856 2494 1058 2524 connectere
1078 2489 1286 2525 insociabilia
1302 2488 1420 2530 voluit,
1442 2486 1663 2532 patriarchae

200 2533 362 2567 videlicet
394 2535 640 2570 restitutionem
671 2542 706 2570 et
739 2537 1048 2571 exauctorationem
1078 2535 1218 2582 legitimi
1242 2534 1415 2581 principis,
1461 2533 1526 2567 hoc
1547 2537 1662 2566 autem

200 2583 277 2613 erat
299 2579 402 2614 telam
425 2585 543 2615 texere
567 2582 635 2616 lino
659 2582 761 2616 linum
784 2595 850 2617 non
872 2583 1040 2629 iungendo
1055 2608 1066 2627 ‚
1099 2583 1159 2618 sed
1183 2581 1333 2616 diversas
1367 2591 1429 2614 nec
1452 2583 1576 2613 natura
1599 2589 1660 2612 co-

201 2625 383 2660 haerentes
415 2626 449 2660 in
484 2638 583 2661 unum
615 2634 744 2663 stamen
767 2629 932 2663 intricare
965 2631 1135 2664 materias.
1182 2628 1248 2662 hoc
1271 2627 1444 2673 proposito
1477 2633 1662 2669 aggressus

202 2677 283 2706 ante
307 2672 416 2707 omnia
440 2677 492 2707 est
514 2677 647 2708 tentare
669 2675 894 2720 patriarchae*
909 2675 1064 2719 animum,
1088 2674 1208 2722 ecquid
1231 2673 1428 2720 persuaderi
1451 2671 1522 2706 seni
1546 2674 1663 2715 posset

201 2722 242 2751 ut
265 2718 393 2752 relictis
415 2718 450 2753 in
474 2731 636 2765 suspenso
668 2727 705 2754 et
734 2721 770 2755 in
791 2722 942 2765 incerto,
979 2722 1030 2755 uti
1055 2728 1137 2757 tunc
1158 2725 1274 2764 erant,
1307 2718 1442 2755 Ioannis
1465 2716 1583 2764 pupilli
1605 2727 1664 2750 re-

203 2764 286 2806 bus,
307 2765 427 2799 venire
448 2765 525 2811 ipse
547 2767 581 2800 in
606 2767 721 2800 urbem
746 2772 934 2812 annueret,
966 2779 1008 2802 ac
1038 2769 1159 2803 throno
1182 2765 1404 2814 patriarchali
1434 2765 1468 2798 in
1493 2775 1555 2798 sua
1578 2773 1664 2796 vera

202 2812 381 2857 metropoli
405 2822 586 2847 conscenso
609 2813 750 2847 emolliri
783 2825 821 2848 se
852 2819 1030 2860 pateretur
1053 2815 1097 2849 ad
1127 2826 1204 2850 sese
1227 2813 1451 2848 coronandum
1478 2810 1527 2844 ibi
1550 2809 1662 2843 denuo

202 2867 327 2903 pompa
350 2864 388 2893 et
408 2859 598 2894 ceremonia
619 2859 870 2896 solemnissima.
917 2872 981 2896 nec
999 2861 1206 2908 desperabat
1218 2870 1290 2895 rem
1309 2860 1377 2907 ipsi
1393 2856 1534 2906 probari
1548 2867 1666 2904 posse,
