1884 3262
428 179 504 222 DE
536 178 822 223 MICHAELE
851 179 1232 226 PALAEOLOGO
1264 181 1313 224 L.
1348 179 1428 226 IV.
1566 181 1666 228 265

188 289 405 339 τόπουλον.
476 292 499 339 ὅ
525 294 712 350 λίβελλος
744 294 852 340 καθ’
870 293 916 339 ἓν
942 293 1166 354 κεφάλαιον
1187 293 1558 354 ὓπανεγινώσκετο,
1600 298 1670 340 καὶ

188 365 225 406 εἰ
254 363 338 419 ἴχοι
369 363 468 414 τούς
497 364 847 422 μαρτυρήσοντας
882 364 1096 422 ἠρωτᾶτο..
1163 365 1184 410 ὅ
1217 366 1267 410 δέ
1293 385 1336 423 γε
1371 363 1669 424 ’(πραγμοῖτων

190 437 381 490 φανερῶν
392 433 418 454 ”
454 432 561 477 εἶπεν
598 439 628 460 “
641 435 689 479 οὗ
717 433 836 479 τόνδε
857 433 884 490 ἢ
907 432 1026 478 τόνδε
1054 434 1212 492 ἀνάγκη
1234 434 1335 479 εἶναι
1361 435 1434 480 τὸν
1455 434 1668 493 μάρτυρα,

190 501 289 544 ἀλλ’
324 501 412 557 ἅμα
446 501 712 558 σύμπαντας,
752 503 816 548 ὅτι
848 505 916 547 καὶ
952 502 1102 554 πάντες
1133 507 1348 553 συνοίδασι
1386 506 1628 562 γενομένοις,
1644 506 1670 526 ”

156 578 178 615 5
192 569 248 621 ὥς
264 575 364 628 γοῦν
386 573 610 630 ἕκλεγέντες
629 574 737 624 τινὲς
754 570 1038 630 ἢρωτήθησαν
1057 577 1141 616 τῶν
1161 578 1239 617 τοῦ
1260 572 1439 630 κλήρου,
1476 577 1543 618 καὶ
1562 579 1673 630 μᾶλ-

187 644 262 683 λον
283 643 374 698 περὶ
395 635 479 685 ‘cmi'
495 640 698 696 σουλτάν,
736 644 806 686 καὶ
828 644 863 685 εἲ
883 640 1206 692 συλλιτανεύσας
1226 647 1285 702 τῷ
1312 641 1549 701 πατριάρχῃ
1568 661 1669 701 συγ-
1691 660 1723 695 Β

188 711 396 754 καθίσειεν
426 711 805 768 ἄναγινωσιῖομένου
830 716 907 755 τοῦ
927 715 1171 768 θεολογικοῦ
1199 710 1321 768 λόγου
1341 712 1448 755 κατὰ
1470 713 1518 756 τὸ
1544 711 1673 770 σύνη-

188 778 289 831 θες,
326 780 456 830 εὐθὺς
483 779 722 838 ὡμολόγουν
747 779 856 825 οὕτω
885 782 1102 838 γενέσθαι,
1139 782 1213 825 τὸν
1234 783 1280 825 δὲ
1301 781 1481 825 σουλτὰν
1506 784 1541 825 εἲ
1559 786 1672 839 Χρι-

190 847 359 900 στιανός
391 850 501 893 ἔστιν
534 851 612 895 εἴτε
644 852 712 894 καὶ
739 850 799 906 μὴ
825 850 885 906 μὴ
917 851 1065 894 eide-'vm
1086 851 1270 908 ἔφασκον
1280 884 1294 905 ,
1331 852 1433 902 τέως
1454 850 1498 895 δ’
1521 853 1673 896 ἐκεῖνον

136 925 182 960 10
193 915 284 960 τότε
325 919 578 975 Χριστιανὸν
617 921 793 975 νομίζειν
833 919 1040 976 ἄντικρυς.
1110 921 1151 963 οἱ
1178 925 1279 977 γοῦν
1311 912 1517 977 κρίνοντες
1546 926 1670 965 τοῦτο

189 984 319 1041 μόνον
348 986 575 1043 λαμβάνειν
613 988 770 1045 ἤθελον
800 988 849 1032 τὸ
881 987 1260 1033 συλλιτανεύσαντα
1295 995 1588 1045 καθεσθῆναι,
1624 991 1673 1034 τὸ

192 1055 237 1098 δ’
260 1056 338 1099 εἴτε
362 1057 617 1113 Χριστιανὸς
638 1058 716 1102 εἴτε
740 1059 807 1101 καὶ
831 1056 916 1114 μή,
953 1057 1098 1109 αὐτοῖς
1121 1058 1304 1117 ἔφασκον
1329 1059 1522 1116 ζητητέον
1552 1058 1669 1114 εἶναι,

190 1125 258 1167 καὶ
280 1126 346 1168 ἐπὶ
363 1124 528 1177 τούτοις
548 1129 694 1171 πολλοὶ
710 1125 944 1185 παρήγοντο
963 1126 1301 1185 μαρτυρήσοντες
1319 1128 1368 1172 τὸ
1389 1130 1516 1185 σε’βας
1536 1130 1672 1189 ἐκείνῳ
1697 1139 1727 1174 C

188 1193 249 1248 μὴ
276 1194 385 1238 κατὰ
404 1196 686 1254 Χριστιανοὺς
711 1195 836 1250 εἶναι,
873 1196 948 1241 οὐκ
970 1196 1065 1241 οἶδα
1087 1198 1133 1242 δ’
1158 1197 1237 1242 εἴτ’
1262 1197 1445 1255 ἀληθές,
1483 1199 1562 1242 εἴτε
1591 1199 1675 1255 μὴν

136 1267 178 1304 15
193 1262 494 1321 θεραπεύοντες
522 1266 596 1310 τὸν
623 1271 873 1325 κρατοῦντα.
943 1267 1047 1318 τέως
1077 1267 1128 1311 δέ
1152 1285 1219 1325 γε,
1270 1265 1327 1319 ὥς
1354 1266 1530 1326 ὕστερον
1563 1266 1676 1324 ἡμᾶς

189 1332 484 1378 πυνθάνεσθαι
503 1340 587 1380 τῶν
604 1334 803 1380 τοιούτων
821 1336 938 1387 τέλος
955 1334 1172 1391 λαβόντων
1186 1370 1200 1390 ,
1238 1335 1259 1381 ὅ
1281 1338 1462 1381 σουλτὰν
1482 1337 1678 1381 ἀποστεί-

190 1405 268 1452 λας
287 1403 392 1460 πρὸς
409 1404 484 1448 τὸν
501 1410 759 1463 κρατοῦντα,
797 1407 880 1449 ἐπεὶ
902 1406 1017 1463 παρὰ
1037 1406 1113 1462 τὴν
1136 1405 1267 1450 αὐτοῦ
1287 1408 1425 1450 αῗτίαν
1443 1404 1678 1463 μεμαθήκει

191 1471 264 1515 τὸν
291 1470 551 1531 πατριάρχην
581 1475 830 1526 ἓξελαθὲντα
845 1507 858 1528 ,
898 1474 975 1518 σὺν
997 1474 1139 1525 ἄλλοις
1159 1473 1220 1526 οἷς
1240 1472 1414 1531 ἐμήνυε,
1452 1477 1521 1519 καὶ
1549 1481 1677 1532 τοῦτο

187 1541 413 1597 χαριέντως
431 1541 457 1598 ἢ
476 1547 637 1598 μᾶλλον
657 1546 725 1587 καὶ
747 1543 919 1599 βαθέως
948 1542 1178 1600 ἁπτόμενος
1201 1543 1485 1602 προσεμήνυεν
1495 1578 1510 1599 ,
1552 1545 1679 1597 ἀξιῶν

135 1612 354 1654 ἳοστεῖλαί
382 1611 422 1654 οἱ
451 1616 536 1656 τῶν
562 1613 714 1661 ἐκείνου
742 1611 1022 1671 διαφερόντως
1049 1614 1103 1657 τοὶ
1131 1613 1220 1671 ἱερὰ
1246 1611 1538 1670 περιάμματα,
1577 1614 1605 1658 ἃ
1627 1615 1677 1671 δὴ
1703 1630 1734 1666 Ῑ)

193 1681 262 1721 καὶ
288 1678 481 1736 ε’γκόλπια
505 1679 526 1724 ὃ
546 1682 680 1732 κοινὸς
698 1681 886 1737 ὀνομάζει
908 1680 1052 1738 λόγος,
1088 1684 1156 1725 καὶ
1180 1684 1215 1725 εἲ
1233 1681 1454 1737 βούλοιτο,
1492 1685 1561 1726 καὶ
1586 1685 1679 1739 χοί-

194 1764 270 1806 ρου
299 1750 599 1808 ταριχευθέντα
626 1750 763 1811 μηρὸν
796 1749 852 1803 ὥς
883 1749 1124 1810 ὀρεγόμενος
1155 1749 1296 1810 φάγοι.
1368 1753 1436 1795 καὶ
1471 1752 1594 1797 τοῦτ’
1626 1748 1679 1809 ἦν

192 1932 268 1974 est,
292 1932 328 1964 et
352 1942 396 1966 an
417 1934 527 1967 testes
549 1932 694 1968 haberet
716 1933 839 1979 quibus
862 1933 1082 1968 confirmaret
1103 1945 1193 1980 quae
1216 1934 1420 1976 accusabat,
1443 1933 1678 1979 interrogatus

192 1980 248 2010 est
269 1976 415 2012 delator.
449 1978 508 2013 ille
530 1991 612 2014 vero
635 1980 814 2026 respondit
834 1991 949 2015 rerum
972 1980 1084 2026 palam
1105 1981 1365 2016 manifestarum
1387 1981 1478 2015 hunc
1500 1983 1562 2015 aut
1582 1981 1677 2015 illum

190 2023 317 2057 adduci
339 2028 463 2059 testem
485 2036 552 2060 nou
574 2025 722 2071 debere,
753 2027 815 2062 sed
845 2026 946 2062 simul
977 2026 1174 2070 universos,
1204 2027 1297 2074 quod
1322 2038 1434 2073 aeque
1455 2037 1572 2061 omues
1596 2038 1679 2060 con-

191 2068 257 2103 scii
290 2071 460 2105 factorum
492 2083 514 2106 a
546 2083 585 2107 se
617 2073 841 2118 allegatorum
874 2074 954 2108 sint.
1001 2078 1040 2108 ut
1069 2079 1183 2108 autem
1207 2073 1328 2108 selecti
1351 2074 1488 2119 quidam
1515 2084 1559 2107 ex
1585 2073 1677 2107 clero

191 2115 400 2162 interrogati
421 2119 625 2164 praesertim
648 2119 692 2154 de
710 2121 874 2162 Sustane,
898 2124 1012 2154 utrum
1034 2119 1092 2155 ille
1114 2120 1213 2154 simul
1235 2120 1373 2154 litanias
1397 2119 1583 2153 recitasset
1603 2130 1680 2153 cum

193 2162 415 2207 patriarcha,
440 2168 477 2199 et
499 2164 578 2200 dum
601 2167 775 2211 legeretur
797 2166 933 2201 divinus
955 2177 1067 2201 sermo
1092 2166 1136 2201 de
1161 2178 1267 2208 more,
1294 2165 1482 2200 assedisset
1502 2176 1581 2207 una,
1604 2171 1680 2199 sta-

196 2207 260 2242 tim
284 2209 538 2255 responderunt
558 2211 611 2247 ita
633 2215 764 2248 factum
786 2213 914 2256 fuisse,
947 2214 1073 2248 Sultan
1094 2224 1177 2247 vero
1202 2212 1419 2247 Christianus
1441 2222 1549 2245 necne
1572 2211 1620 2246 sit
1642 2222 1681 2246 se

196 2254 353 2297 nescire3
387 2267 430 2290 ac
462 2261 535 2292 tum
566 2258 703 2304 quidem
735 2270 774 2294 se
807 2262 948 2306 putasse
982 2260 1076 2294 illum
1101 2258 1344 2294 Christianum.
1391 2257 1480 2292 velle
1503 2260 1618 2292 autem
1641 2269 1681 2292 se

195 2300 336 2335 aiebant
362 2300 493 2337 iudices
514 2305 580 2339 hoc
602 2306 710 2340 solum
732 2316 798 2351 pro
826 2306 1020 2341 testimonio
1045 2305 1224 2351 accipere,
1255 2304 1356 2339 simul
1385 2315 1504 2338 orasse
1525 2308 1561 2338 et
1583 2314 1680 2338 asse-

196 2346 290 2381 disse
313 2347 513 2384 Sultanem:
549 2351 662 2396 qualis
685 2355 799 2386 autem
829 2353 959 2396 fuerit,
996 2352 1211 2386 Christianus
1233 2362 1278 2385 an
1301 2362 1474 2396 paganus,
1511 2361 1681 2397 quaeren-

194 2392 275 2427 dum
299 2404 342 2427 ex
366 2406 404 2428 se
427 2407 494 2430 non
518 2407 605 2430 esse.
653 2405 793 2443 praeter
815 2398 878 2432 hos
901 2410 984 2442 ergo
1008 2398 1168 2444 producti
1192 2396 1251 2430 alii
1274 2398 1371 2431 multi
1394 2401 1475 2432 sunt
1497 2397 1556 2443 qui
1579 2397 1680 2432 testi-

195 2439 384 2474 ficarentur
405 2452 472 2476 nou
497 2453 574 2476 esse
596 2443 687 2478 illum
710 2444 886 2489 religionis
914 2444 1133 2479 Christianae
1155 2444 1332 2478 cultorem.
1379 2445 1474 2490 quod*
1493 2448 1607 2478 utrum
1628 2442 1680 2476 illi

196 2497 240 2519 ex
273 2497 356 2521 vero
389 2488 604 2523 affirmarent
635 2501 679 2524 an
710 2491 941 2536 obsequentes
973 2490 1172 2536 imperatori
1202 2489 1395 2535 fingerent,
1437 2489 1528 2524 haud
1569 2489 1679 2524 habeo

196 2537 417 2578 compertum.
464 2535 686 2579 cognovimus
716 2540 831 2571 tamen
859 2541 1004 2582 postea,
1037 2536 1170 2582 perlato
1202 2535 1272 2570 iam
1306 2539 1343 2570 et
1369 2535 1563 2571 executioni
1584 2547 1680 2570 man-

196 2578 278 2612 dato
308 2579 455 2622 iudicio,
487 2581 667 2616 Sultanem
695 2582 755 2617 ubi
787 2583 942 2618 audisset
975 2594 1039 2617 sua
1070 2594 1175 2618 causa
1205 2582 1398 2628 depositum
1430 2582 1677 2628 patriarcham,

196 2623 333 2659 misisse
363 2626 408 2660 ad
438 2625 682 2673 imperatorem
715 2628 815 2674 (sive
843 2629 880 2663 id
912 2629 989 2664 ioco
1017 2628 1092 2664 sive
1121 2628 1212 2664 serio
1235 2632 1296 2663 aut
1317 2640 1522 2675 quocunque
1545 2629 1680 2662 demum

199 2671 337 2706 consilio
369 2673 521 2718 fecerit)
553 2674 613 2720 qui
637 2686 714 2710 eum
737 2679 901 2721 rogarent
923 2675 968 2710 ad
990 2687 1029 2710 se
1051 2675 1189 2710 mittere
1210 2687 1255 2710 ne
1277 2681 1483 2720 gravaretur
1513 2674 1680 2721 quaedam

198 2727 243 2750 ex
266 2717 337 2752 suis
361 2719 477 2754 sacris'
493 2721 669 2763 amuletis,
690 2733 780 2768 quae
802 2721 953 2767 vulgaris
978 2733 1089 2757 sermo
1111 2725 1217 2757 vocat
1238 2721 1415 2768 encolpia‚
1435 2720 1610 2756 icunculas
1625 2720 1680 2754 vi-

198 2761 324 2816 delicet
356 2765 488 2809 gestari
518 2766 562 2803 de
595 2768 681 2802 collo
717 2768 908 2814 pendentes
935 2768 983 2803 ad
1014 2769 1127 2804 sinum
1147 2768 1322 2813 religionis
1344 2779 1448 2802 causa
1471 2767 1610 2810 solitas,
1642 2768 1680 2801 et

199 2809 340 2844 iussisse
363 2814 402 2846 ut
425 2811 593 2848 adderent
623 2825 682 2857 se,
718 2814 750 2849 si
780 2814 886 2849 vellet
907 2814 1096 2861 imperator
1122 2814 1299 2860 religionis
1321 2825 1405 2849 suae
1426 2813 1598 2859 specimen
1620 2823 1679 2848 ca-

200 2864 304 2899 pere,
336 2857 392 2892 vel
422 2860 519 2904 porci
550 2859 684 2896 salitum
714 2861 825 2896 femur
856 2860 955 2897 avide
986 2863 1222 2898 comesturum.
1269 2872 1338 2908 quo
1361 2859 1554 2896 testimonio
1578 2859 1678 2906 plane
