1884 3262
266 210 385 264 710²
628 241 631 244 <
665 205 978 262 OBSERVAT.
1010 203 1321 255 PAGHYMER.
1355 210 1357 212 '

731 342 1003 394 quantitas
1041 342 1258 396 eclipsis.

272 437 322 463 ex
341 434 491 461 summa
504 419 881 464 semidiametrorum
1225 425 1280 463 30
1321 422 1323 424 ’
1391 420 1447 463 48

272 480 366 519 tolle
384 479 508 518 visam
525 477 775 516 latitudinem
1255 480 1282 518 6
1393 478 1447 518 19

273 541 398 576 restat
415 534 613 585 quantitas
632 534 782 586 eclipsis
1229 532 1284 574 24
1394 534 1448 575 29

272 593 316 631 in
337 590 530 642 scrupulis
1043 588 1150 633 1469

275 661 375 699 quae
393 645 610 699 multiplica
627 657 698 698 per
1125 649 1152 688 6

275 703 398 743 habes
1017 700 1154 747 58814
1183 701 1238 754 (9

138 762 166 798 Ρ
191 762 258 799 501
282 772 382 812 quae
401 757 524 797 divisa
537 770 609 810 per
626 755 836 796 semidiam.
891 755 982 795 solis
1068 761 1147 800 931

276 817 377 856 dant
390 815 529 866 digitos
539 818 580 864 9,
606 818 645 851 et
658 826 708 852 ex
719 813 876 852 residuo
885 813 990 854 fiunt
1099 817 1154 860 36

278 873 478 926 quantitas
494 883 584 922 ergo
600 875 661 913 est
675 869 784 922 digiti
810 872 853 914 9.
881 873 946 912 36.

763 970 980 1011 Duratio
1019 971 1250 1023 eclipsis·

391 1051 547 1090 Petitur
568 1062 618 1087 ex
644 1049 838 1101 scrupulis
864 1049 1013 1088 mediae
1042 1050 1260 1089 durationis
1297 1062 1387 1091 cum
1421 1053 1537 1092 motu
1569 1046 1731 1089 horario

282 1109 399 1153 lunae
419 1108 461 1145 in
478 1105 689 1148 incidentia
711 1111 751 1143 et
771 1107 982 1145 emersione
1001 1107 1237 1159 compositis.

303 1189 306 1193 ’
368 1198 518 1224 summa
535 1185 917 1226 semidiametrorum
1010 1188 1064 1228 30
1147 1184 1202 1226 48
1261 1185 1367 1227 1848

367 1254 482 1281 arcus
499 1241 603 1283 inter
621 1247 758 1281 centra
1037 1245 1064 1283 6
1151 1243 1202 1283 19
1289 1244 1371 1283 379

933 1300 1405 1360 ’ΞΜ
1436 1316 1656 1360 33477202

914 1458 917 1461 Δ
953 1397 1170 1459 differentia
1275 1396 1380 1442 1469
1436 1398 1674 1468 31670218Ι
1743 1442 1745 1445 ,

1230 1489 1383 1514 summa
1438 1472 1657 1516 65147420

292 1631 477 1684 scrupula
495 1631 646 1671 mediae
664 1631 885 1672 durationis
996 1638 1051 1679 30
1164 1638 1191 1680 9
1306 1636 1414 1679 1809

500 1733 557 1771 ad
585 1733 923 1774 incidentiam
1253 1736 1312 1774 ad
1340 1735 1671 1776 emersionem

353 1801 463 1839 locus
482 1800 599 1839 lunae
618 1814 697 1841 una
711 1800 810 1839 hora
828 1808 919 1840 ante
936 1802 1063 1843 visam
1184 1803 1294 1845 locus
1310 1805 1426 1842 lunae
1442 1817 1523 1842 una
1540 1803 1638 1842 hora
1657 1805 1746 1852 post

482 1855 679 1908 synodum
702 1864 936 1898 accuratam.
1236 1862 1432 1913 synodum
1455 1864 1690 1898 accuratam.

698 1935 737 1974 S.
795 1935 842 1974 G.
1303 1940 1342 1978 S.
1400 1940 1447 1978 G.
1630 1945 1634 1949 '

706 1992 733 2032 9
792 1994 844 2034 16
900 1991 955 2033 44
1011 1993 1067 2035 52
1307 1997 1335 2036 9
1393 1998 1445 2038 17
1500 1993 1555 2037 47
1611 1993 1667 2036 52

304 2045 475 2083 ascensio
510 2051 619 2085 recta
651 2047 790 2098 puncti
815 2048 1064 2087 culminantis

361 2101 560 2152 eclipticas
760 2106 843 2148 306
900 2107 954 2147 36
1011 2103 1063 2147 15
1365 2110 1447 2150 336
1503 2110 1556 2150 36
1613 2105 1667 2148 15

304 2156 324 2207 (
335 2162 527 2207 punctum

307 2212 327 2262 (
339 2213 554 2251 culminans
682 2216 736 2256 10
817 2215 846 2259 4
904 2216 956 2260 15
1038 2222 1066 2260 0
1285 2221 1333 2264 11
1420 2220 1447 2263 4
1503 2216 1558 2261 44
1641 2219 1670 2258 0

308 2268 328 2318 (
338 2269 548 2320 eclipticae,
1741 2294 1743 2298 ·
1755 2295 1757 2297 ·

310 2324 518 2364 declinatio
791 2329 843 2370 19
903 2331 955 2371 16
1038 2333 1067 2372 0
1423 2334 1451 2374 9
1506 2330 1562 2375 49
1643 2332 1672 2371 0

310 2381 504 2421 australis.

311 2436 497 2475 distantia
518 2438 656 2488 puncti
1755 2447 1761 2464 ³

313 2493 563 2532 culminantis
578 2508 599 2531 a
613 2493 762 2534 vertice
796 2497 850 2536 60
905 2494 961 2540 42
1043 2500 1071 2540 0
1400 2499 1452 2542 51
1512 2497 1580 2540 15·
1645 2499 1673 2538 0
1715 2517 1718 2522 ·

314 2549 476 2600 angulus
497 2550 701 2590 meridiani
722 2557 762 2590 et

374 2605 569 2657 eclipticas
794 2609 850 2648 76
906 2607 958 2648 14
975 2629 978 2634 ·
1041 2611 1070 2650 0
1197 2634 1199 2636 -
1401 2613 1455 2652 68
1512 2612 1567 2652 30
1646 2609 1675 2649 0

320 2661 505 2699 distantia
523 2662 659 2713 puncti

321 2718 438 2758 culm.
455 2731 478 2755 a
491 2718 585 2756 luna
721 2721 748 2759 0
805 2722 857 2761 17
913 2723 968 2762 30
1049 2723 1076 2763 8
1324 2725 1345 2763 1
1405 2724 1458 2764 16
1513 2721 1566 2763 56
1648 2721 1676 2760 0

319 2780 468 2825 puncto
507 2774 740 2813 culminante
765 2775 885 2825 magis
913 2776 1095 2816 orientali
1129 2789 1246 2828 quam
1272 2777 1423 2828 synodo
1448 2777 1492 2815 in
1519 2774 1769 2814 semicirculo·

376 2831 629 2881 ascendente,
658 2837 699 2870 et
720 2831 871 2882 synodo
890 2830 931 2869 in
951 2833 1170 2883 quadrante
1189 2833 1418 2882 occidentali
1438 2832 1650 2884 eolipticae,
1702 2854 1704 2858 ν
