1884 3262
437 188 511 231 DE
544 186 816 229 MICHAELE
851 183 1217 228 PALAEOLOGO
1253 183 1301 225 L.
1335 184 1390 225 V.
1541 182 1638 228 367

195 298 386 357 Σάρδεων
399 297 653 355 Ἀνδρόνικος
675 301 740 341 καὶ
758 297 779 342 ὅ
801 298 977 350 Κυζίκου
1002 301 1043 340 Γ
1040 294 1225 352 εώργιος,
1261 295 1327 336 καὶ
1348 292 1444 348 ‘tax'
1476 292 1526 336 ἂν
1553 295 1635 349 ἔγε-

193 367 297 424 γόνει
307 400 321 420 ,
347 369 381 410 εἶ
401 368 536 410 ἐκεῖνοι
556 366 834 423 κατεδέχοντο)
846 367 1125 421 -συγκρίνων
1144 359 1216 406 οὖν
1232 364 1355 405 ἐκεῖνο
1374 361 1476 418 πρὸς
1495 365 1633 413 τοῦτο,

193 438 260 479 καὶ
282 433 679 491 ἂναγκαστικῶτερον
698 433 892 492 εὖρίσκων
910 433 956 476 τὸ
976 439 1047 476 νῦν
1069 432 1094 487 ἢ
1113 432 1159 475 τὸ
1180 429 1400 486 πρότερον,
1439 428 1524 486 ὅσῳ
1544 427 1636 471 τότε

192 504 266 556 μὲν
284 508 529 559 προσλαβεῖν
548 503 758 559 ἠπείγοντο
774 503 821 545 τὸ
843 501 901 556 μὴ
921 501 1022 557 παρ’
1048 500 1187 548 αὐτοῖς
1208 497 1274 551 ’σ’ν,
1311 502 1384 540 νῦν
1406 497 1448 539 δ’
1473 497 1633 551 ἀποβα-
1656 500 1688 535 D

163 575 276 615 5λεῖν
290 572 341 614 τὰ
363 573 404 614 ἐν
419 574 532 627 χερσὶ
555 569 852 622 κινδυνεύουσι,
888 569 940 612 τὰ
963 568 1067 611 adu}
1093 565 1299 623 προύτεινε
1326 567 1392 607 καὶ
1420 564 1528 608 οὕτω
1554 572 1639 614 τοῖς

193 639 333 684 πάλαι.
407 641 513 694 μηδὲ
540 640 616 696 γὰρ
644 639 777 688 ἄλλως
808 638 906 692 ἔχειν
939 638 1093 679 πείθειν
1122 634 1192 677 τὸν
1223 631 1364 676 mium
1395 630 1638 688 ὑπερμαχεῖν

193 712 275 751 τῶν
296 712 506 764 Γραικῶν,
544 710 578 750 εἲ
597 707 654 762 μὴ
675 711 806 750 ταῦτα
826 706 931 761 λέγοι
959 706 1024 747 καὶ
1052 700 1246 758 πράττοι·
1281 701 1530 754 προσίστατο
1559 700 1638 755 γὰρ

192 776 240 819 ‘td
261 774 510 828 σκάνδαλον,
547 777 613 818 καὶ
643 775 688 818 τὸ
715 773 880 823 λευκοὺς
904 771 1151 829 Ἀγαρηνοὺς
1178 768 1277 812 εἶναι
1308 767 1510 824 Γραικοὺς
1532 768 1634 823 παρ’

195 845 355 894 ε’κείνοις
379 846 512 899 μεῖζον
543 843 677 900 ᾔρετο.
747 842 873 885 ταῦτ’
905 840 986 897 ἄρα
1023 842 1088 882 καὶ
1128 835 1321 897 ᾠκονόμει
1350 835 1419 878 διὰ
1457 836 1531 889 μὲν
1558 840 1638 877 τῶν

142 910 388 960 ιοῑοιούτων
410 914 616 967 εἰρηνικῶν
637 913 824 954 σπονδῶν
842 910 888 952 τὰ
921 906 1149 952 σκάνδαλον
1181 904 1352 948 λύεσθαι
1363 936 1376 956 ,
1416 903 1483 945 διὰ
1504 904 1549 945 δὲ
1567 908 1641 957 τῆς

193 985 268 1023 τοῦ
286 979 515 1023 σκανδάλου
535 977 686 1028 λύσεως
705 980 967 1032 ἐπισχεθῆναι
985 981 1042 1033 τῷ
1065 972 1269 1031 Καρούλῳ
1290 972 1361 1015 τὸν
1378 968 1538 1023 στόλον,
1572 970 1639 1012 διὰ

194 1049 239 1090 δὲ
259 1053 332 1090 τοῦ
353 1046 473 1090 πάλιν
492 1047 689 1101 ἀσφαλῶς
707 1046 804 1092 τοὺς
820 1044 1043 1095 Ῥωμαίους
1062 1042 1161 1095 ἔχειν
1178 1043 1243 1082 καὶ
1260 1040 1318 1093 μὴ
1344 1040 1447 1091 χθὲς
1472 1041 1538 1080 καὶ
1555 1038 1632 1093 πρὸ
1659 1043 1689 1076 E

192 1116 332 1168 τρίτης
347 1112 463 1168 μόγις
486 1111 647 1161 ἰδόντας
665 1112 740 1165 τὴν
767 1113 946 1166 πατρίδα
975 1111 1040 1152 καὶ
1066 1111 1270 1162 δυσχερῶς
1299 1105 1642 1154 ἐπανασωθέντας

193 1179 314 1223 πάλιν
335 1180 512 1236 ἀφέντας
529 1178 853 1234 ἓπανακοῖμπτειν
864 1212 878 1230 ,
913 1177 1016 1234 πρὸς
1031 1181 1088 1236 τῷ
1110 1179 1176 1219 καὶ
1204 1176 1337 1224 ἄλλως
1352 1174 1531 1230 ἔξῆφθαι
1555 1180 1641 1222 τοῖς

141 1261 183 1297 15
196 1250 394 1299 πλείστοις
414 1250 610 1292 κίνδυνον.
680 1252 811 1290 ταῦτα
830 1244 1116 1301 διανοούμενος
1134 1244 1261 1293 πολὺς
1279 1238 1329 1298 ἦν
1354 1243 1420 1284 καὶ
1439 1239 1641 1298 πατριάρ-

289 1382 317 1413 1.
341 1379 403 1414 καὶ
425 1382 502 1423 post
520 1377 633 1423 Ἀνδρ.
650 1379 781 1410 deerat.
929 1374 961 1409 5.
987 1368 1129 1415 οὖτοςῖ
1279 1372 1333 1407 12.
1356 1371 1444 1416 τοῦ]
1470 1369 1641 1406 vov'tov?

195 1480 377 1516 Sardensis
406 1479 616 1513 Andronicus
648 1481 683 1512 et
712 1477 899 1522 Cyzicenus
928 1477 1109 1522 Georgius.
1162 1474 1387 1520 fecissentque
1415 1474 1521 1509 nostri
1552 1474 1643 1519 quod

195 1527 407 1568 offerebant,
443 1525 471 1559 si
499 1525 549 1558 illi
580 1525 783 1569 propositam
815 1523 1035 1557 conditionem
1066 1527 1245 1566 acceptare
1278 1521 1473 1555 voluissent.
1519 1519 1554 1553 in
1577 1521 1642 1553 hac

193 1572 426 1607 recordatione
448 1571 590 1605 celebris
611 1571 693 1604 facti
716 1580 913 1613 comparans
934 1569 1116 1614 imperator
1137 1568 1233 1602 ambo
1255 1571 1426 1612 tempora,
1450 1565 1644 1610 reperiebat

193 1617 300 1662 magis
323 1629 409 1651 nunc
432 1615 655 1651 necessarium
677 1615 713 1649 id
751 1613 925 1649 consilium
958 1614 1085 1655 videri,
1119 1613 1282 1658 siquidem
1306 1618 1388 1646 tunc
1409 1612 1477 1645 ista
1499 1611 1642 1645 maiores

194 1663 300 1697 nostri
323 1663 579 1709 paciscebantur
611 1663 654 1695 ad
687 1661 950 1706 recuperandum
983 1661 1071 1705 quod
1095 1670 1163 1692 non
1194 1659 1378 1692 tenebant:
1411 1657 1506 1695 modo
1530 1663 1642 1690 autem

195 1709 254 1754 agi
275 1709 318 1742 de
341 1719 407 1743 non
429 1708 608 1742 amittendo
633 1707 722 1752 quod
745 1707 781 1740 in
800 1718 898 1740 manu
920 1711 1019 1740 esset.
1065 1705 1154 1739 solet
1176 1711 1286 1738 autem
1307 1703 1411 1736 maius
1435 1702 1548 1747 putari
1571 1713 1641 1735 ma-

194 1755 262 1789 lum
284 1755 428 1799 perdere
449 1753 540 1798 quod
562 1753 757 1798 possideas,
786 1763 885 1797 quam
915 1763 981 1786 non
1004 1750 1182 1796 acquirere
1204 1749 1292 1794 quod
1314 1748 1377 1782 tibi
1401 1748 1547 1782 debitum
1571 1747 1643 1781 exi-

194 1800 321 1835 stimes.
365 1799 396 1833 si
418 1810 500 1842 ergo
523 1803 616 1832 recte
640 1810 681 1832 ac
707 1798 890 1842 prudenter
919 1803 1001 1832 tuuc
1034 1796 1141 1830 nostri
1165 1807 1225 1840 pro
1249 1805 1310 1838 spe
1338 1794 1561 1839 recuperandi
1585 1804 1644 1826 ur-

195 1847 270 1880 bem
298 1844 382 1879 talia
412 1843 608 1889 promittere
639 1848 840 1888 potuerunt,
871 1843 986 1889 quidni
1010 1853 1071 1877 nos
1102 1841 1236 1875 easdem
1259 1840 1332 1874 sine
1355 1840 1445 1874 iusta
1467 1839 1643 1884 vitupera-

193 1890 287 1924 tione
307 1890 514 1936 paciscamur
537 1889 571 1923 in
592 1889 763 1935 praesenti
777 1894 868 1923 metu
885 1889 1030 1923 eiusdem
1048 1887 1142 1921 urbis
1160 1886 1386 1927 amittendae·,
1410 1885 1503 1919 cuius
1523 1893 1642 1929 nempe

194 1936 360 1971 iacturam
380 1935 490 1969 vitare
521 1935 621 1969 aliter
652 1947 720 1969 nou
744 1935 941 1980 possumus?
969 1934 1180 1969 manifestum
1212 1936 1324 1966 autem
1355 1943 1429 1965 esse
1452 1942 1517 1964 non
1542 1941 1641 1975 posse

194 1982 264 2016 ulla
284 1981 416 2016 ratione
440 1980 495 2025 agi
519 1992 592 2014 cum
615 1992 704 2025 papa
729 1992 790 2025 spe
812 1981 989 2014 inducendi
1013 1991 1087 2014 eum
1111 1979 1153 2014 ad
1186 1978 1365 2013 favendum
1388 1976 1552 2018 Graecis,
1575 1974 1642 2009 nisi

194 2027 302 2073 prima
331 2027 367 2060 in
404 2027 516 2060 fronte
548 2026 763 2060 tractationis
797 2026 912 2060 talium
954 2037 1064 2060 rerum
1096 2024 1270 2070 promissio
1309 2028 1402 2056 certa
1443 2022 1641 2055 collocetur:

196 2071 352 2118 quamdiu
380 2071 464 2106 enim
498 2071 688 2106 conciliatio
722 2072 937 2106 ecclesiarum
969 2083 1034 2106 non
1066 2070 1274 2110 ostenditur,
1299 2073 1428 2112 perstat
1451 2066 1641 2101 scandalum

195 2125 317 2159 vetus,
341 2122 376 2151 et
410 2117 639 2151 conventionis
669 2117 772 2151 omnis
803 2118 893 2152 viam
924 2118 1067 2152 obstruit
1087 2116 1173 2161 lapis
1195 2115 1330 2161 quidam
1353 2113 1511 2157 antiquae
1533 2111 1642 2145 offen-

198 2163 319 2204 sionis,
341 2162 596 2208 inveterataque
627 2163 758 2197 Latinis
789 2163 994 2197 consuetudo
1018 2165 1171 2197 Graecos
1201 2158 1411 2194 existimandi
1433 2156 1642 2202 vocandique

197 2208 387 2242 Saracenos
419 2209 530 2249 albos;
559 2208 616 2253 qui
647 2220 765 2243 sensus
795 2208 906 2253 quoad
937 2208 972 2243 in
992 2208 1140 2253 ipsorum
1171 2205 1318 2250 viguerit
1347 2204 1485 2245 animis,
1514 2204 1642 2236 frustra

197 2258 353 2298 speretur
376 2253 474 2286 ullam
495 2265 637 2298 unquam
661 2265 890 2298 processuram
913 2254 1059 2288 cuiusvis
1091 2264 1164 2287 cum
1194 2251 1237 2285 iis
1261 2249 1458 2284 concordiae
1478 2248 1642 2282 ineundae

197 2298 372 2335 rationem.
418 2309 524 2343 quare
545 2310 605 2332 suo
628 2300 779 2333 serviens
812 2300 955 2344 tempori
986 2299 1118 2333 omnino
1152 2296 1328 2331 constituit
1349 2295 1411 2329 hoc
1430 2299 1641 2328 aeternorum

198 2344 408 2379 dissidiorum
432 2355 543 2378 semen
563 2348 598 2377 et
614 2345 825 2378 necessariae
848 2345 1086 2378 conciliationis
1107 2343 1238 2378 unicum
1260 2341 1388 2375 obicem
1402 2340 1532 2381 tollere,
1557 2349 1641 2385 pace

198 2389 444 2424 conditionibus
472 2389 664 2424 memoratis
691 2391 912 2434 paciscenda:
942 2390 1100 2424 scandalo
1135 2399 1234 2434 porro
1256 2391 1384 2428 amoto,
1419 2397 1558 2431 pronum
1579 2385 1642 2417 de-

199 2435 276 2470 inde
298 2440 436 2480 speratu
461 2440 537 2468 erat
567 2445 632 2468 non
654 2446 766 2479 aegre
786 2435 1031 2480 impetrandum
1061 2439 1100 2469 ut
1129 2434 1296 2479 expeditio
1327 2432 1493 2466 maritima
1517 2428 1641 2472 Caroli,

199 2492 288 2526 quae
311 2480 507 2525 praesertim
530 2479 729 2521 timebatur,
751 2481 829 2514 inde
850 2481 1080 2525 impediretur.
1126 2491 1194 2526 qua
1225 2491 1268 2513 ex
1300 2489 1339 2512 re
1363 2477 1519 2512 Romanis
1541 2487 1644 2520 prae·-

200 2537 277 2561 sens
299 2525 452 2571 idemque
475 2525 644 2570 quantivis
674 2526 774 2570 pretii
807 2527 935 2560 fructus
966 2526 1147 2567 existeret,
1170 2536 1289 2571 nempe
1314 2528 1352 2558 ut
1374 2524 1586 2557 firmarentur
1607 2520 1643 2553 in

201 2582 320 2606 secura
342 2571 553 2616 possessione
583 2581 692 2615 nuper
721 2574 815 2605 tanto
844 2572 903 2605 vix
932 2572 1048 2606 labore
1070 2578 1290 2616 recuperatae
1311 2569 1466 2615 patriae,
1497 2578 1561 2600 neu
1585 2577 1644 2599 co-

200 2620 379 2661 gerentur,
411 2616 499 2662 quod
529 2615 747 2650 miserrimum
769 2616 923 2662 idemque
951 2629 1017 2651 non
1046 2617 1184 2652 vitabile
1216 2616 1314 2651 aliter
1335 2617 1446 2654 esset,
1477 2623 1575 2658 quam
1595 2611 1639 2645 ab

200 2661 276 2696 heri
298 2666 356 2696 aut
377 2662 499 2696 nudius
519 2663 591 2696 fere
613 2661 734 2696 tertius
763 2662 916 2696 revisere
946 2663 1135 2707 coepissent
1166 2673 1207 2696 ex
1237 2665 1303 2696 tam
1326 2660 1482 2694 diuturna
1506 2663 1641 2701 tamque

194 2707 276 2742 dira
296 2707 461 2742 servitute
483 2718 608 2742 summa
631 2706 666 2741 vi
688 2712 858 2753 receptam
881 2707 1103 2742 dulcissimam
1125 2707 1289 2753 patriam,
1311 2705 1499 2749 relinquere
1519 2704 1640 2737 iterum

201 2757 238 2787 et
257 2752 293 2787 in
314 2753 494 2799 longinqua
516 2752 615 2787 exilia
635 2752 758 2788 redire.
805 2753 888 2788 talia
909 2753 1090 2800 imperator
1110 2754 1243 2788 assidue
1267 2763 1378 2786 secum
1402 2754 1580 2795 reputans,
1603 2751 1641 2781 et

201 2798 291 2844 apud
310 2799 493 2834 familiares
513 2799 679 2834 disserens
700 2809 774 2833 cum
790 2799 945 2834 continua
962 2799 1183 2834 inculcatione
1203 2797 1346 2844 periculi
1367 2795 1509 2831 extremi
1531 2803 1640 2840 aeque
