1846 3262
469 179 543 222 DE
577 177 857 221 MICHAELE
891 178 1266 223 PALAEOLOGO
1301 179 1347 221 L.
1375 178 1411 224 I.
1605 179 1665 224 21

340 293 386 339 7.
448 291 559 348 ’Ήδη
585 293 660 347 μὲν
686 292 1041 349 αὖτοκρατοῦντος
1065 292 1169 346 μετὰ
1198 292 1354 349 πατέρα
1375 297 1448 335 τοῦ
1464 289 1666 348 Λάσκαρι

207 359 451 418 Θεοδώρου,
490 360 511 405 ὅ
548 363 610 404 ἐπὶ
639 363 814 418 θυγατρὶ
844 361 1097 415 αὐτανεψιόυ
1127 363 1278 405 ἐκείνου
1310 361 1496 417 γαμβρὸς
1525 359 1664 405 ὁΠα-

201 429 413 485 λαιολόγος
433 430 608 486 Μιχαὴλ
629 436 687 490 τῷ
698 434 772 473 τοῦ
789 428 967 486 μεγάλου
985 428 1263 477 κονοσταύλου
1286 431 1518 487 διαπρέπων
1535 430 1661 480 ἀξιώ-

201 517 301 554 ματι
326 499 395 555 (τὸ
419 499 462 541 δ’
493 499 651 554 ἀξίωμα
681 496 903 556 προνόμιον
933 497 1034 554 εἶχεν
1063 500 1107 541 ἐκ
1124 503 1302 542 παλαιοῦ
1321 502 1378 548 εἷς
1398 507 1536 554 χεῖρας
1555 498 1662 555 ἄγειν

164 567 270 613 5τόν
293 567 438 622 ἔχοντα
464 573 587 611 τοῦτο
608 567 717 611 ἅπαν
739 567 786 610 τό
809 569 850 618 ἐξ
865 567 1034 610 Ἰταλῶν
1054 567 1347 624 στρατιωτικὸν
1365 570 1432 610 καὶ
1459 566 1658 624 ὑπήκοον)

195 636 380 687 ὕποπτος
399 638 473 692 μὲν
497 639 551 687 εἷς
572 638 782 692 βασιλείαν
801 636 866 679 ἀεί
887 636 987 679 ποτ’
1014 631 1063 690 ἦν
1090 638 1157 678 καὶ
1178 631 1326 692 δῆλος,
1364 638 1406 687 ἐξ
1428 631 1483 679 ὧν
1500 635 1659 679 ὑποκα-

194 706 388 760 θημὲνων
416 704 492 761 εἶχε
505 739 519 758 ,
555 707 799 762 νεωτερίσων
821 707 855 748 εἴ
873 709 1018 760 καιροῦ
1037 702 1239 760 λάβηται,
1276 704 1328 747 τὰ
1348 705 1473 747 πιστὰ
1491 706 1535 747 δὲ
1557 705 1656 755 δοὺς
1676 718 1707 752 Β

192 765 259 833 τῷ·
274 781 346 818 τοῦ
369 779 618 831 κρατοῦντος
639 776 764 830 πατρὶ
785 774 1010 831 ἀσφαλέσιν
1031 772 1180 830 ὅρκοις,
1216 775 1283 817 καὶ
1305 773 1355 828 δὴ
1381 776 1446 816 καὶ
1468 773 1658 830 ἀρχιερα-

191 852 321 894 τικαῖς
348 845 598 898 ε’μπεδωθεὶς
626 841 918 900 ἆφοριζούσαις
954 847 1037 886 τῶν
1068 846 1225 886 πιστῶν
1257 843 1407 885 ἐκεῖνον
1434 841 1579 898 ἀραῖς,
1622 843 1664 885 εἴ

136 922 181 957 10
193 931 272 955 που
290 914 356 956 καὶ
379 912 621 955 ἀποστατεῖν
643 919 880 968 προαιροῖτο
896 914 962 955 καὶ
983 913 1166 954 δυσνοεῖν
1188 909 1294 961 ὅλως
1308 917 1395 961 τοῖς
1410 909 1654 964 βασιλεύου-

190 998 267 1024 σιν.
333 983 399 1023 nai
421 981 543 1024 ταῦτ’
566 979 787 1038 ἐπράττετο
810 979 876 1024 ὅτε
904 981 979 1036 τὴν
995 985 1077 1023 τῶν
1098 982 1274 1023 δυσικῶν
1293 980 1654 1033 ἒμπεπιστευμένος

188 1050 302 1107 παρὰ
333 1054 407 1092 τοῦ
437 1050 638 1104 βασιλέως
664 1050 794 1106 ἀρχὴν
825 1049 959 1092 αἰτίαν
990 1050 1079 1103 ἔσχε
1101 1053 1176 1091 τοῦ
1197 1046 1411 1103 συνθήκας
1441 1055 1567 1090 ποιεῖν
1589 1047 1649 1090 δι’

187 1117 433 1175 ἀπορρήτων
462 1118 564 1175 πρὸς
592 1119 662 1162 τὸν
695 1116 898 1173 δεσπότην
921 1122 1004 1161 τῶν
1031 1120 1208 1160 δυσικῶν
1229 1116 1404 1172 Μιχαὴλ
1423 1116 1494 1159 τὸν
1508 1116 1646 1172 ’Ἀγγε-
1671 1125 1701 1160 C

187 1192 281 1240 λον,
321 1187 393 1244 ἐφ’
430 1181 461 1246 ᾧ
493 1192 762 1244 κατεγγυῆσαι
793 1188 864 1230 τὸν
896 1185 1100 1242 δεσπότην
1130 1187 1265 1244 ἐκείνῳ
1301 1186 1375 1240 τὴν
1393 1186 1502 1228 ἰδίαν
1522 1188 1651 1227 παῖδα

131 1266 173 1301 15
186 1256 288 1312 πρὸς
305 1255 459 1312 γάμον,
497 1257 624 1299 αὐτὸν
645 1259 689 1299 δὲ
706 1259 965 1313 παραδοῦναι
983 1256 1057 1312 τὴν
1079 1259 1153 1298 τοῦ
1171 1254 1374 1309 βασιλέως
1387 1252 1545 1310 χώραν,
1582 1256 1650 1296 καὶ

182 1323 256 1368 ὑπ’
280 1325 413 1383 ἐκείνῳ
430 1323 644 1381 γενόμενον
659 1323 935 1382 συμπράττειν
953 1323 1008 1375 ὥς
1028 1324 1130 1374 εἲκός
1149 1323 1224 1379 τὴν
1247 1323 1376 1378 ἀρχὴν
1395 1327 1452 1380 τῷ
1470 1320 1648 1379 δεσπότῃ

182 1396 250 1437 καὶ
277 1399 478 1451 πενθερῷ.
548 1396 869 1451 προσαγγελθεὶς
899 1394 943 1436 ‹5’
975 1395 1038 1436 ἐπὶ
1065 1390 1200 1450 τούτῳ
1220 1391 1322 1447 πρὸς
1347 1391 1521 1445 βασιλέα
1545 1391 1648 1447 πρὸς

182 1463 363 1518 οῗκέτην,
406 1457 439 1520 ᾧ
463 1463 514 1519 δὴ
535 1464 671 1506 καὶτὰ
703 1468 777 1518 τῆς
796 1466 977 1518 βουλῆς,
1010 1460 1065 1511 ὡς
1091 1462 1239 1510 ἐκεῖνος
1258 1464 1495 1515 κατηγορῶν
1522 1459 1639 1515 ἔλεγε,
1666 1466 1698 1500 D

179 1532 501 1589 προσανετὶθετο
522 1565 535 1585 ,
586 1529 828 1588 ἅνήρπαστό
861 1548 903 1574 τε
931 1531 1006 1586 τὴν
1043 1530 1239 1584 ταχίστην
1278 1530 1535 1583 παραλυθεὶς
1571 1532 1645 1582 τῆς

124 1615 170 1649 20
181 1600 311 1658 ἀρχῆς
322 1633 335 1653 ,
373 1602 441 1642 καὶ
464 1605 516 1658 τῇ
535 1605 699 1658 φυλακῇ
723 1598 986 1657 σιδηρόδετος
1006 1600 1244 1657 ἕρριπτεῖτο.
1289 1597 1348 1653 μὴ
1369 1595 1497 1650 δήλου
1516 1597 1562 1639 δὲ
1580 1613 1645 1652 γε-

232 1724 235 1726 ’
267 1734 299 1769 6.
325 1726 393 1778 ἦν]
420 1729 473 1768 ὦν
496 1732 537 1767 Ρ.
675 1733 732 1768 17.
755 1729 845 1778 παρ’
870 1730 1047 1768 οἰκέτουὲ

263 1859 298 1893 7.
345 1858 540 1903 Imperante
563 1856 628 1891 iam
652 1858 840 1893 Theodoro
865 1856 1008 1892 Lascari
1039 1860 1117 1903 post
1139 1860 1289 1902 patrem,
1321 1855 1382 1900 qui
1406 1854 1506 1889 filiam
1531 1867 1638 1901 nepo-

172 1905 220 1939 tis
244 1904 318 1938 eius
342 1917 383 1938 ex
408 1905 517 1937 fratre
541 1904 752 1938 matrimonio
775 1905 839 1938 sibi
864 1905 1042 1945 iunxerat,
1078 1903 1228 1937 Michael
1254 1901 1498 1945 palaeologus,
1524 1901 1638 1945 magni

173 1950 362 1984 conostauli
387 1949 556 1994 dignitate
579 1950 807 1995 conspicuus,
841 1957 876 1985 et
900 1950 999 1985 istius
1023 1949 1243 1993 magistratus
1267 1947 1376 1982 veteri
1400 1947 1477 1982 iure
1501 1960 1542 1982 ac
1565 1948 1637 1993 pri-

170 1996 300 2040 vilegio
325 1996 463 2030 Italicas
488 2007 604 2031 omnes
637 1996 755 2040 copias
789 1998 825 2031 in
850 2001 1023 2043 potestate
1046 1996 1198 2036 habens,
1231 2005 1367 2038 semper
1390 1994 1554 2028 obnoxius
1578 2005 1636 2027 su-

170 2042 379 2088 spicionibus
412 2043 568 2076 affectati
601 2042 720 2087 regni,
754 2048 836 2078 vota
871 2043 945 2077 eius
969 2042 1105 2086 generis
1136 2046 1250 2075 mente
1273 2040 1356 2074 clam
1382 2039 1499 2074 intima
1524 2040 1634 2073 subsi—

169 2088 287 2123 dentia
322 2089 452 2122 frustra
479 2087 554 2133 ipso
577 2089 730 2130 celante,
765 2101 839 2123 cum
873 2090 964 2123 ultro
995 2086 1133 2122 indiciis
1156 2091 1393 2131 erumperent,
1419 2086 1631 2120 manifestum

169 2139 402 2178 argumentum
435 2135 635 2179 praebuisse
667 2134 760 2169 visus
783 2140 836 2169 est
859 2135 1053 2170 ambitionis
1083 2133 1247 2167 inhiantis
1268 2132 1476 2166 novitatibus
1490 2157 1500 2173 ‚
1529 2138 1564 2166 et
1587 2133 1630 2166 ad

168 2180 298 2225 aliquid
323 2181 510 2214 audendum
536 2186 786 2225 prorupturae,
820 2182 851 2215 si
885 2193 923 2216 se
956 2181 1024 2215 ulla
1047 2179 1098 2214 rei
1122 2190 1198 2212 cum
1221 2190 1284 2223 spe
1309 2177 1423 2222 aliqua
1444 2177 1631 2212 tentandae

167 2232 362 2271 opportuna
389 2226 524 2260 occasio
560 2228 752 2272 praeberet.
799 2227 899 2262 fidem
931 2227 989 2262 ille
1020 2231 1132 2260 tamen
1166 2224 1296 2270 parenti
1329 2223 1547 2268 imperatoris
1569 2224 1631 2258 fir-

165 2272 314 2307 missimo
351 2272 567 2307 iureiurando
604 2274 857 2315 adstrinxerat3
901 2279 938 2308 et
967 2285 1005 2307 se
1039 2273 1129 2306 ultro
1162 2270 1345 2305 subiiciens
1380 2270 1627 2315 pontificalium

165 2319 417 2352 anathematum
450 2319 535 2353 diris
569 2331 666 2364 quam
690 2320 834 2354 maxime
858 2319 1058 2359 horrendis,
1090 2318 1119 2352 si
1145 2328 1288 2362 unquam
1312 2321 1372 2350 aut
1396 2316 1543 2349 deficere
1567 2322 1629 2351 ant

164 2364 299 2398 omnino
325 2364 492 2398 dissidere
516 2365 560 2398 ab
584 2366 846 2410 imperatoribus
877 2367 910 2399 in
935 2366 1080 2399 animum
1102 2363 1302 2403 induceret,
1338 2362 1551 2406 persuasisse
1575 2362 1628 2395 vi-

162 2410 312 2444 debatur
343 2421 381 2444 se
411 2415 622 2445 constantem
654 2411 688 2445 in
721 2412 838 2446 officio
862 2414 1034 2452 futurum3
1057 2421 1133 2445 cum
1158 2407 1358 2443 Occidentis
1381 2407 1626 2453 procuratione

161 2456 228 2490 sibi
252 2457 296 2490 ab
319 2456 527 2501 imperatore
551 2458 711 2499 credita,
746 2457 906 2492 initarum
939 2458 1070 2492 occulte
1101 2455 1298 2501 pactionum
1327 2466 1400 2488 cum
1425 2454 1626 2489 Occidentis

160 2502 308 2547 despota
333 2502 505 2536 Michaffle
529 2505 659 2547 Angelo
691 2504 902 2538 insimulatus
924 2509 990 2538 est.
1036 2502 1191 2536 nimirum
1222 2501 1312 2535 inter
1336 2509 1395 2534 eos
1423 2500 1626 2534 convenisse

159 2549 359 2590 ferebatur,
394 2554 433 2582 ut
467 2548 612 2594 despota
642 2549 745 2583 filiam
770 2551 1002 2593 desponderet
1026 2548 1250 2592 Palaeologo‚
1283 2546 1342 2581 ille
1365 2546 1536 2587 vicissim,
1561 2558 1625 2592 pro

160 2606 200 2628 ea
225 2605 292 2638 qua
315 2594 459 2639 polleret
483 2596 574 2640 apud
598 2595 794 2638 imperatori
818 2597 992 2630 subiectas
1016 2600 1137 2640 gentes
1169 2599 1204 2627 et
1227 2593 1320 2638 apud
1346 2592 1534 2626 exercitum
1559 2603 1622 2626 au-

159 2640 341 2682 ctoritate,
374 2640 506 2675 ambitu
529 2647 564 2675 et
585 2642 832 2685 suffragatione
856 2654 916 2676 sua
941 2642 1028 2676 viam
1052 2641 1095 2675 ad
1118 2639 1294 2685 imperium
1319 2649 1439 2673 socero
1463 2638 1622 2672 muniret.

157 2687 223 2720 hac
248 2687 292 2720 de
315 2698 353 2720 re
376 2687 467 2732 apud
502 2687 740 2732 imperatorem
765 2700 828 2734 per
851 2688 1048 2722 familiarem
1072 2687 1206 2721 delatus
1236 2685 1352 2729 (quem
1378 2685 1484 2719 totius
1508 2684 1623 2718 consi-

155 2732 214 2774 lii,
237 2737 276 2765 ut
301 2732 377 2777 ipse
401 2733 594 2767 accusando
620 2733 750 2775 aiebat,
782 2734 983 2780 participem
1007 2733 1156 2777 fecerat)
1181 2736 1331 2766 actutum
1355 2732 1623 2776 comprehensus

156 2782 193 2810 et
215 2778 374 2812 redactus
397 2778 432 2811 in
453 2779 605 2813 ordinem
629 2781 829 2824 catenisque
851 2780 1057 2814 constrictus
1071 2779 1203 2814 carceri
1227 2777 1387 2812 traditur.
1436 2789 1477 2810 ac
1501 2787 1624 2821 quam-

155 2834 254 2868 quam
278 2824 368 2859 nullo
391 2824 477 2859 satis
501 2825 653 2860 evidenti
677 2831 818 2861 extante
839 2827 927 2862 tanti
949 2826 1101 2861 criminis
1123 2823 1273 2865 iudicio,
1296 2822 1417 2858 merito
1441 2823 1624 2858 dubitare-
