1884 3262
679 196 782 242 Lm.
801 195 869 243 11.³
908 194 1111 241 NOTAE:
1524 194 1625 240 637

162 321 333 361 quorum
348 306 586 347 sententiam
605 309 687 346 non
705 307 801 345 satis
818 305 1011 358 expressit
1033 305 1248 357 interpres,
1271 304 1374 355 *dum
1396 305 1520 345 vertit
1541 306 1624 344 sibi

162 367 319 416 reglum
337 379 477 403 nomen
498 364 715 402 adsciscit.-
741 363 836 401 satis
859 364 962 401 enim
983 375 1037 400 ex·
1051 361 1379 412 consequentibus
1399 370 1564 415 apparet
1580 375 1622 402 se

161 422 272 460 illum
303 435 377 473 pro
404 422 643 474 imperatore
666 420 843 470 gessisse,
872 425 912 458 et
932 419 1052 458 talem
1074 419 1270 456 consuetis
1288 419 1431 458 ritibus
1452 420 1625 470 inaugu-

160 478 242 516 rari
265 490 306 515 se
335 491 491 516 curasse
520 491 541 515 a
562 476 764 527 Bulgariae
783 476 990 528 episcopo,
1017 480 1064 513 ut
1083 488 1178 513 mox
1202 474 1319 513 docet
1338 475 1444 513 idem
1470 477 1625 526 Grego-

158 548 245 583 ras;
274 535 335 572 cui
359 541 493 572 noster
512 534 757 571 consentiens
777 532 898 584 paulo
919 531 1106 580 inferius,
1135 529 1213 568 hoc
1237 532 1382 583 capite,
1410 532 1454 570 id
1472 534 1624 571 sactum

157 590 208 628 ab
228 589 459 628 Achridensi
479 590 681 641 episcopo,
710 588 776 627 eui
802 587 963 627 lacobus
986 598 1130 626 nomen
1153 592 1256 637 erat,
1286 588 1424 627 tradit.
1481 602 1622 642 nempe

157 646 299 686 Achris
315 647 520 698 Bulgariae
539 645 766 697 metropolis
786 650 884 683 erat.

270 716 305 741 c.
323 706 392 744 31.
448 702 621 740 Victoria
640 701 718 740 hoc
737 701 864 754 capite
885 705 1067 748 narrata,
1097 712 1174 750 qua
1196 698 1383 751 Princeps
1401 698 1574 738 Achatae
1598 715 1622 739 a

156 759 345 797 Romanis
365 758 531 797 ducibus
550 764 687 810 captus
706 763 785 807 est,
814 757 1038 809 proditione
1057 756 1212 794 loannis
1229 755 1363 806 nothi,
1391 758 1550 795 confuse
1571 758 1622 795 ab

155 815 383 867 Acropolita
410 829 444 854 c.
461 818 516 858 82
542 820 581 852 et
606 828 628 852 a
659 814 835 864 Gregora
862 814 887 852 l.
909 817 941 855 3·
959 826 999 864 p.
1018 813 1071 853 35
1097 818 1352 852 memoratur.
1410 813 1622 852 clarissime

155 873 332 910 omnium
352 885 437 909 eam
459 878 594 910 noster
611 871 795 922 exponit,
829 869 1011 908 indicatis
1033 868 1115 907 eius
1132 869 1280 916 causis,
1309 882 1479 920 quarum
1503 875 1621 922 prae-'-

154 929 269 980 cipua
287 928 363 966 suit
378 927 614 966 contumelia
631 927 768 965 Ioanni
789 925 914 964 notho
931 926 1059 974 illata,
1087 938 1207 975 quam
1225 924 1294 963 ille
1312 925 1535 977 proditione
1552 928 1621 966 ul-

153 986 317 1022 tus·suis
336 984 545 1022 foederatis
561 996 740 1034 magnam
757 982 972 1034 improviso
990 981 1139 1019 cladem
1159 981 1354 1023 intulerit.
1410 982 1509 1020 illud
1526 989 1619 1021 tan-

152 1046 238 1078 tum
270 1053 292 1076 a
324 1045 462 1078 nostro
490 1039 808 1092 praetermissum
836 1037 913 1075 hoc
933 1038 1043 1086 loco,
1070 1037 1140 1074 sed
1164 1037 1339 1089 positum
1354 1044 1490 1089 postea
1506 1053 1540 1077 c.
1564 1042 1617 1082 13

151 1096 178 1134 l.
194 1099 242 1144 2,
270 1103 493 1147 opportune
511 1097 679 1146 suggerit
698 1094 937 1145 Acropolita,
966 1100 1048 1132 tres
1066 1094 1339 1132 Romanorum
1362 1095 1493 1143 duces,
1523 1095 1616 1146 qui-

151 1153 226 1190 bus
256 1151 322 1189 hic
347 1165 543 1190 successus
572 1152 760 1202 contigit,
799 1152 985 1189 Ioannem
1015 1149 1213 1188 Michaelis
1239 1149 1406 1202 Augusti
1434 1152 1612 1201 fratrem,

149 1210 451 1246 Constantinum
477 1209 702 1246 'sominium
729 1214 767 1245 et
786 1207 968 1245 Alexium
988 1206 1305 1257 Strategopulum
1331 1207 1373 1245 in
1394 1210 1613 1259 praemium

149 1264 339 1304 victoriae
367 1265 484 1303 fuisse
514 1265 563 1302 ab
591 1266 829 1316 imperatore
860 1268 995 1301 auctos
1025 1261 1263 1301 honoribus:
1291 1263 1478 1302 Ioannem
1506 1265 1611 1304 enim

148 1321 260 1373 prius
292 1322 639 1359 sebastocratorem
682 1321 886 1371 despotam
917 1325 1115 1367 creatum,
1150 1319 1335 1359 Tornicio
1362 1333 1460 1358 vero
1494 1328 1611 1359 antea

149 1391 291 1428 magno
319 1378 540 1446 primicerio
570 1376 889 1415 sebastocratoris
913 1376 1073 1414 titulum
1096 1375 1296 1416 collatum.
1353 1376 1523 1427 denique
1539 1393 1612 1418 τον

148 1430 524 1499 Στρατηγόπουλον
529 1429 709 1482 Ἀλέξων
737 1432 885 1484 (verba
913 1438 1007 1471 sunt
1032 1432 1304 1484 Acropolitae)
1342 1432 1465 1486 μέγαν
1493 1434 1612 1486 δομέ-

149 1500 285 1530 στικον
305 1489 331 1531 o‘
349 1485 603 1543 αὐτοκράτωρ
623 1486 860 1542 τετιμηκῶς,
889 1485 946 1530 δι’
968 1484 1192 1540 α’πυστολῆς
1211 1491 1392 1540 τετίμηκε
1413 1491 1611 1543 Καίσαρα.

147 1547 217 1584 Str
218 1547 478 1598 alegopulum
503 1547 695 1584 Alexium
716 1549 840 1598 ptius
864 1560 892 1583 a
918 1560 959 1584 se
982 1545 1225 1583 honoratum
1244 1547 1389 1596 magni
1405 1545 1614 1585 dotnaesttci
1634 1553 1664 1587 Ρ
1684 1553 1753 1588 445

147 1603 305 1653 officio,
339 1603 551 1641 Caesarem
577 1603 775 1640 absentem
799 1602 907 1640 dixit
921 1634 932 1652 ,
960 1610 998 1639 et
1017 1603 1141 1640 istius
1161 1603 1243 1654 ipsi
1261 1603 1481 1654 dignitati-s·
1497 1606 1613 1641 misit

146 1660 343 1709 insignia.
401 1659 467 1697 hie
493 1660 634 1697 Cacsar
661 1659 780 1711 paulo
807 1665 899 1710 post
923 1664 1059 1710 captus
1078 1659 1126 1695 ab
1147 1658 1347 1708 hostibus,
1375 1665 1424 1697 ut
1442 1673 1525 1711 cap.
1542 1673 1609 1698 se·-

147 1715 286 1769 quenti
318 1722 454 1754 noster
483 1715 629 1764 tradit,
659 1715 726 1752 sed
749 1729 843 1766 pace
862 1716 963 1753 sacta
982 1716 1081 1753 liber
1100 1715 1302 1766 dimissus,
1331 1715 1471 1754 urbem
1500 1717 1609 1755 Con-

145 1772 443 1823 stantinopolim
468 1779 604 1823 postea
628 1772 776 1823 reecpit
795 1784 816 1810 e
833 1771 992 1811 Latinis.
1047 1778 1137 1822 post
1162 1772 1270 1822 quod
1290 1774 1434 1810 iterum
1455 1780 1607 1824 captus,

145 1832 184 1864 et
212 1827 254 1866 iu
286 1828 395 1866 ltalia
429 1828 608 1867 detentus
641 1828 849 1878 custodia,
876 1828 969 1867 inde
999 1828 1291 1880 permutatione
1320 1841 1411 1866 cum
1445 1829 1606 1868 domina

144 1882 260 1922 Anna
278 1886 487 1939 restitutus
505 1891 563 1923 est
579 1884 740 1937 patriae.

255 1953 294 1991 p.
326 1943 379 1984 91
410 1954 448 1980 v.
476 1944 540 1983 10.
609 1940 865 1979 modulatam
894 1942 1039 1979 iussim
1071 1941 1218 1980 Graece
1246 1939 1406 1993 ἐμμελὲς
1431 1938 1603 1994 βήττειν

142 2002 351 2034 consuetae
379 1998 632 2037 adulatorum
662 2011 791 2037 voces.
847 1998 981 2037 Iuvcn.
1000 1999 1082 2036 Sat.
1102 2001 1148 2039 3:
1177 1997 1352 2036 laudare
1363 2007 1544 2049 paratus
1564 2002 1604 2036 si

141 2053 235 2090 bene
248 2056 427 2092 ructavit
447 2061 522 2096 etc.

253 2122 292 2160 p.
317 2112 372 2150 92
402 2123 442 2148 v.
469 2114 536 2153 23.
593 2125 705 2149 nemo
734 2116 920 2148 contacta
934 2109 1048 2160 firri
1074 2106 1284 2146 candentis
1312 2113 1384 2147 etc.
1441 2110 1600 2148 sustulit

142 2163 274 2203 adhuc
303 2164 486 2217 despota,
516 2167 585 2204 sed
606 2166 760 2205 inhians
785 2165 949 2218 imperio
976 2164 1142 2203 Micha'e'l
1167 2164 1484 2214 iniquum‘usum
1506 2167 1600 2204 adi-

139 2220 256 2271 gendi
286 2228 486 2260 accusatos
518 2222 729 2261 dubiorum
755 2223 964 2262 criminum
983 2221 1041 2259 ad
1064 2221 1327 2264 innocentiam
1348 2222 1594 2272 probandam

140 2277 373 2328 ancipitibus
401 2278 677 2328 experimentis
703 2278 998 2318 Monomachiae
1016 2283 1086 2316 aut
1106 2282 1312 2315 contactus
1329 2291 1476 2316 massae
1496 2293 1594 2317 can-

140 2333 290 2383 dentis3
322 2334 371 2372 de
389 2335 530 2385 quibus
546 2348 618 2373 nos
636 2348 755 2387 supra
775 2336 825 2374 ad
843 2349 882 2386 p.
898 2337 951 2378 33
976 2348 1016 2375 v.
1034 2337 1076 2377 7.

250 2403 290 2441 p-
308 2391 364 2434 94
379 2404 418 2430 v.
437 2393 506 2433 26.
561 2393 661 2431 vicit
675 2399 806 2430 tamen
822 2388 1291 2454 divinapraedestinatio
1311 2394 1384 2429 etc.
1440 2390 1482 2428 in
1500 2403 1596 2429 eve-

140 2445 336 2485 ctionibus
361 2446 568 2486 hominum
599 2447 650 2486 ad
679 2461 797 2499 regna
825 2447 1063 2501 peculiarem
1086 2459 1238 2500 semper
1265 2447 1507 2485 intervenire
1533 2447 1597 2486 dei

138 2503 447 2566 providentiam,
478 2516 577 2555 quae
594 2504 747 2543 nullum
771 2518 815 2542 eo
836 2504 1000 2556 perduci
1018 2504 1193 2555 patiatur
1212 2517 1293 2542 non
1314 2509 1405 2541 ante
1427 2503 1500 2547 sibi
1523 2504 1602 2541 de-v

138 2559 356 2610 signatum,
392 2574 466 2611 pro
492 2566 601 2599 certo
628 2567 668 2599 et
693 2561 811 2612 vulgo
841 2567 936 2600 noto
970 2561 1157 2612 proponit
1182 2561 1264 2612 ipse
1293 2559 1461 2598 Micha'el
1491 2560 1595 2598 infla

138 2627 178 2666 Ρ.
194 2615 279 2658 254
299 2619 411 2659 v.11
440 2615 502 2655 his
519 2617 668 2656 verbis:
697 2617 765 2658 καὶ
764 2592 909 2664 ζἷθεόν,
927 2617 1047 2682 εἴπερ
1075 2617 1155 2658 τινὶ
1177 2615 1282 2672 αλλῳ
1308 2616 1495 2679 μεγίστω,
1524 2615 1594 2655 καὶ

136 2669 371 2713 καταστάσει
389 2674 590 2726 βασιλείας
606 2672 782 2717 συνιέναι
798 2669 1034 2726 πιστεύομεν
1053 2679 1126 2716 etc,

247 2742 286 2780 Ρ-
305 2730 360 2771 95
376 2741 415 2768 v.
434 2729 460 2770 4
479 2743 562 2780 sqq.
620 2730 741 2778 Quod
758 2729 822 2768 hic
839 2730 1003 2779 dicitur,
1032 2730 1206 2769 solutum
1227 2743 1250 2767 a
1270 2726 1422 2781 synodo
1438 2726 1592 2777 antiqui

135 2782 318 2833 religione
347 2786 603 2825 iurisiurandi
631 2785 879 2836 Michaelem‘,
908 2787 1049 2838 quibus
1071 2787 1306 2839 exprimitur
1325 2783 1477 2832 verbis,
1507 2796 1591 2821 non

135 2838 299 2879 videtur
330 2841 438 2882 aliud
467 2854 608 2883 sonare
634 2856 753 2895 quam
780 2843 994 2885 declarasse
1019 2843 1125 2896 ipsos
1155 2842 1280 2895 quid
1270 2854 1312 2881 m
1331 2853 1375 2881 re
1395 2845 1518 2890 esset,
1548 2844 1597 2878 et>
