1884 3262
402 226 476 268 DE
512 225 788 269 MICHAELE
821 224 1195 270 PALAEOLOGO
1225 226 1276 267 L.
1311 223 1383 267 VI.
1533 222 1632 269 455

172 339 565 397 καταφυτευθέντων
596 340 821 391 παντοίων,
858 337 960 393 ὕλην
986 336 1092 393 εἶχον
1115 338 1183 380 καὶ
1201 334 1355 392 ταύτην
1375 340 1451 392 τῆς
1467 335 1564 381 κατ’
1585 338 1629 379 ἓ-

172 411 302 452 κείνου
334 409 611 465 συκοφαντίας
619 440 634 460 ,
671 407 774 462 παρ’
810 406 862 462 ἣν
899 408 1034 449 αἰτίαν
1063 408 1129 449 καὶ
1157 403 1288 460 μόνον.
1312 403 1492 455 ἀκούσας
1520 405 1625 448 κατὰ
1647 413 1677 447 Β

171 482 254 520 πᾶν
272 476 421 519 ἐκέλευε
441 477 512 519 καί
529 475 570 531 γ’
592 475 798 532 ἀφανίζειν
818 474 1006 531 τέλεονς)
1041 473 1096 524 ὥς
1113 478 1213 530 γοῦν
1233 474 1350 516 οὐδὲν
1369 473 1469 516 ἄλλο
1495 472 1520 528 ἢ
1541 478 1627 516 λοι-

171 546 290 600 δορία
320 543 462 600 ἠνύετο
474 577 487 596 ,
525 544 677 593 σκοπὸς
708 543 750 585 δ’
772 538 821 597 ἦν
839 545 985 585 ἐκεῖνον
1004 540 1249 598 ἄπειρηκότα
1269 542 1371 599 πρὸς
1391 542 1466 592 τὰς
1483 543 1628 599 ἐπιφο-

138 613 246 670 5ρᾶς
267 618 349 656 τῶν
371 612 528 668 ἱ’βρεων
551 616 841 666 παραιτεῖσθαι
857 610 929 653 τὸν
952 607 1125 665 θρόνον,
1160 610 1289 665 μηνὸς
1309 612 1516 666 Κρονίου,
1551 627 1626 664 με-

171 680 323 735 σούσης
356 682 542 736 νηστείας
552 713 566 732 ,
602 681 785 733 λίβελλον
811 676 979 735 γράφειν
1007 682 1066 736 τῷ
1095 684 1321 733 συγγραφεῖ
1343 676 1626 737 παραιτήσεως

170 747 366 792 ἐπιτάττει
377 781 390 801 ,
436 749 507 791 καί
528 747 570 804 γ’
604 747 765 797 ἕπιδοὺς
791 751 954 800 βασιλεῖ
978 747 1313 804 προσποιουμένῳ
1342 746 1399 801 μὴ
1432 747 1626 800 δέχεσθαι

169 816 472 872 ἀπηλλάττετο,
505 818 571 858 καὶ
603 816 737 873 φέρων
765 820 816 872 τῇ
847 819 920 870 τῆς
937 812 1241 870 Παναχράντου
1260 819 1366 871 μονῇ
1389 812 1538 857 ἑαυτὸν
1560 816 1623 856 δι’-

169 888 306 928 δωσιν.
378 880 428 939 ’ἦν
449 879 562 937 οὖνὴ
583 884 770 938 ἐκκλησία
800 883 989 937 ποιμένος
1016 883 1296 937 κεχηρωμὲνη,
1331 881 1436 937 μήτ’
1467 884 1618 925 ἐκείνου
1644 886 1673 920 C

117 964 159 997 10
171 952 394 1009 παρόντος,
431 954 496 994 καὶ
529 951 651 994 ἄλλον
675 949 986 1006 ἅντεισάγεσθαι
1007 950 1081 993 οὐκ
1099 946 1149 1005 ἦν
1170 949 1274 1000 ὅλως
1291 955 1350 1008 τῷ
1368 955 1533 1002 βασιλεῖ
1548 955 1623 994 θε-

166 1020 315 1076 λητόν·
352 1023 394 1062 ἐν
425 1024 483 1077 τῷ
514 1019 665 1073 μεταξὺ
690 1019 767 1075 γὰρ
795 1019 964 1071 πέμπων
983 1020 1048 1060 καὶ
1073 1017 1198 1061 αὐτὸν
1221 1018 1272 1073 δὴ
1291 1016 1362 1060 τὸν
1382 1018 1473 1061 υἱὸν
1491 1018 1622 1061 αὐτοῦ

166 1090 239 1132 τὸν
254 1088 426 1143 βασιλέα
441 1085 693 1142 Ἀνδρόνικον
715 1089 900 1142 ἐπειρᾶτο
918 1083 1152 1141 μαλάττειν.

305 1155 379 1202 14.
444 1155 511 1197 Ἔν
542 1153 724 1213 τοσούτῳ
754 1157 798 1198 δὲ
827 1156 894 1197 καὶ
922 1156 1108 1210 πρέσβεις
1142 1154 1185 1196 ἔκ
1210 1150 1368 1208 Ῥώμης
1400 1152 1514 1207 παρὰ
1542 1157 1617 1196 τοῦ
1639 1160 1671 1194 D

165 1222 282 1267 πάπα
311 1225 546 1280 ἐφίστανται
576 1223 654 1274 ἔξω
684 1241 762 1266 που
782 1221 936 1273 πόλεως
956 1227 1028 1277 τῆς
1044 1223 1258 1278 Ἀδριανοῦ
1277 1219 1517 1276 ἐπανήκοντι
1537 1226 1619 1275 βα-

113 1303 154 1338 15
167 1297 280 1336 σιλεῖ’.
349 1294 415 1333 καὶ
442 1291 486 1341 ὃς
517 1292 652 1334 θέλων
680 1289 903 1343 συσκιάζειν
924 1292 1039 1347 σφίσι
1062 1291 1112 1333 τὰ
1132 1290 1237 1333 κατὰ
1256 1290 1329 1332 τὸν
1346 1287 1617 1346 πατριάρχην,

166 1363 327 1410 ἐκείνοις
352 1361 425 1413 μὲν
454 1361 586 1408 αἰτίας
614 1356 888 1412 πλαττόμενος
919 1357 974 1408 ὥς
1002 1358 1227 1414 ἀπειρηκὼς
1259 1358 1363 1413 ἔλεγε
1394 1357 1496 1414 πρὸς
1523 1357 1620 1407 τούς

166 1427 315 1478 πόνους
347 1426 369 1470 ὃ
401 1426 677 1483 πατριάρχης,
718 1429 783 1469 καὶ
814 1426 1013 1482 ἀνεθῆναι
1038 1427 1172 1470 θέλων
1201 1426 1264 1468 ἐπὶ
1292 1423 1418 1478 πολύ,
1455 1426 1624 1481 ἐκχωρεΐ

167 1497 270 1552 πρὸς
305 1495 444 1550 καιρὸν
475 1501 548 1538 τοῦ
579 1496 887 1550 πατριαρχείου,
933 1497 1003 1536 καί
1033 1512 1076 1550 γε
1116 1495 1272 1549 μέλλειν
1302 1494 1476 1547 ἐντυχεῖν
1506 1498 1618 1550 σφᾶς
1638 1500 1667 1534 P
1691 1501 1758 1536 312

167 1566 301 1624 ἐκείνῳ
324 1561 436 1620 παρά
453 1581 530 1606 τισι
551 1568 633 1607 τῶν
653 1563 757 1606 κατὰ
777 1563 850 1618 τὴν
871 1561 988 1606 πόλιν
1005 1566 1143 1618 μονῶν
1159 1576 1168 1587 ·
1204 1563 1351 1607 ἐκεῖνον
1376 1562 1421 1604 δὲ
1449 1561 1617 1617 πέμψας

164 1719 299 1755 rietatis
321 1731 384 1766 per
405 1719 549 1765 phialam
574 1719 861 1762 conscribillatae,
884 1718 918 1753 in
942 1721 1089 1754 atrocem
1113 1718 1307 1754 calumniam
1330 1716 1497 1752 traxerint
1517 1716 1614 1762 quasi

165 1766 290 1812 piaculi
323 1766 478 1806 nefandi,
519 1766 611 1799 cuius
643 1766 685 1799 ad
717 1766 819 1800 solam
853 1766 1050 1800 mentionem
1084 1765 1353 1799 conclamandum
1383 1762 1615 1797 exterminium

165 1817 256 1846 esset
285 1811 434 1845 ultimum
467 1811 497 1844 ei
529 1812 727 1856 quicumque
758 1811 1006 1845 insimularetur
1028 1816 1096 1845 tam
1119 1810 1275 1845 horrendi
1298 1809 1454 1843 videlicet
1475 1808 1614 1842 sacrile-

164 1858 258 1903 gii),
291 1869 388 1900 cum,
423 1858 576 1902 inquam,
598 1857 755 1891 iudicium
777 1857 814 1890 id
839 1858 919 1891 nihil
941 1857 1006 1891 nisi
1029 1857 1184 1901 petulans
1205 1855 1390 1890 convicium
1416 1859 1452 1888 et
1474 1854 1615 1898 ignomi-

164 1903 261 1937 niosa
282 1903 452 1937 traductio
477 1903 688 1947 patriarchae
710 1903 848 1937 nominis
872 1907 907 1936 et
930 1903 1187 1937 existimationis·
1212 1907 1318 1943 esset,
1355 1900 1519 1945 facileque
1551 1911 1613 1944 ap—

162 1953 303 1995 pareret
325 1960 421 1982 unum
445 1949 527 1982 illud
550 1955 708 1991 spectare
731 1955 886 1982 auctores
909 1950 1105 1982 fautoresve
1134 1947 1360 1982 tumultuosae
1382 1945 1480 1979 huius
1503 1944 1614 1978 crimi-

102 1998 105 2001 “
162 1994 327 2035 nationis,
354 1999 393 2028 ut
415 1994 471 2039 qui
495 2005 535 2028 ea
558 1994 772 2028 licentissime
794 1994 1084 2035 incomifiabatur,
1114 1993 1275 2028 ferendae
1296 1992 1403 2036 impar
1426 1990 1615 2025 istiusmodi

162 2040 332 2074 vexationi
357 2045 459 2084 atque
480 2039 637 2074 infamiae
660 2041 771 2074 sedem
794 2041 1019 2084 honoremque
1040 2040 1267 2081 detrectaret,
1290 2038 1325 2072 id
1347 2038 1491 2071 Ioannes
1513 2035 1613 2068 intel-

163 2085 290 2129 ligens,
313 2097 425 2119 mense
447 2085 572 2119 Martio
595 2085 686 2119 circa
708 2085 849 2119 medium
872 2085 1129 2131 quadragenarii
1151 2084 1287 2125 ieiunii,
1309 2094 1364 2116 me
1386 2082 1482 2115 huius
1505 2081 1613 2114 histo-

163 2131 235 2165 riae
265 2131 463 2175 scriptorem
495 2131 594 2165 iussit
622 2131 768 2165 libellum
791 2131 1012 2165 abdicationis
1033 2142 1115 2164 suae
1143 2129 1374 2167 conscribere3
1412 2138 1510 2172 quem
1534 2136 1608 2159 cum

163 2176 360 2221 imperatori
389 2176 585 2217 obtulisset,
622 2177 678 2211 illo
710 2177 886 2210 simulante
909 2189 946 2210 se
967 2188 1033 2210 non
1055 2176 1231 2220 accipere,
1269 2172 1424 2207 continuo
1446 2171 1612 2205 recedens

163 2222 198 2255 in
229 2221 484 2255 Panachrantae
517 2222 753 2256 monasterium
777 2234 814 2256 se
837 2222 976 2256 abdidit.
1021 2227 1095 2255 erat
1129 2232 1210 2264 ergo
1233 2218 1374 2253 ecclesia
1397 2223 1534 2262 pastore
1556 2215 1608 2250 vi-

163 2269 288 2308 duata,
311 2267 374 2299 hoc
396 2267 529 2311 quidem
552 2279 616 2300 non
635 2273 869 2313 comparente,
892 2273 928 2301 et
945 2267 1044 2301 alium
1067 2267 1100 2300 in
1124 2267 1195 2300 eius
1213 2265 1320 2298 locum
1343 2264 1528 2308 subrogare
1544 2273 1607 2295 no-

163 2313 255 2346 lente
284 2312 414 2346 omnino
445 2313 658 2356 imperatore.
705 2325 779 2347 nam
813 2313 902 2347 inter
929 2313 1012 2346 alios
1044 2323 1127 2357 quos
1158 2311 1200 2344 ad
1224 2309 1449 2355 patriarcham
1474 2319 1517 2341 ex
1539 2307 1606 2341 isto

162 2369 299 2392 recessu
322 2357 543 2390 revocandum
565 2362 600 2391 et
621 2363 660 2391 ut
680 2358 814 2404 publico
838 2371 879 2392 ac
900 2369 961 2392 suo
982 2357 1110 2391 muneri
1130 2369 1167 2391 se
1190 2355 1349 2389 redderet
1366 2353 1525 2388 orandum
1543 2363 1606 2397 per

162 2404 198 2438 id
221 2407 351 2447 tempus
372 2402 550 2446 allegavit,
572 2402 678 2448 ipsum
702 2404 801 2438 etiam
824 2404 927 2437 filium
949 2403 1118 2448 proprium
1142 2406 1179 2436 et
1199 2400 1328 2447 imperii
1350 2400 1510 2444 collegam
1533 2401 1605 2433 An-

162 2449 332 2484 dronicum
355 2450 509 2481 conferre
532 2459 569 2482 se
591 2449 632 2482 ad
655 2449 744 2483 illum
768 2453 803 2483 et
825 2448 939 2482 conari
961 2459 1102 2482 exorare
1123 2447 1231 2481 iussit.

255 2493 308 2528 14.
354 2494 441 2527 Dum
464 2494 548 2527 haec
569 2499 751 2537 geruntur,
773 2494 879 2538 legati
901 2494 1008 2527 Roma
1030 2505 1051 2526 a
1073 2505 1163 2539 papa
1185 2492 1278 2527 missi
1298 2493 1479 2526 occurrunt
1499 2489 1605 2533 impe·

162 2540 269 2574 ratori
302 2539 488 2573 revertenti
521 2539 767 2584 Adrianopolim
802 2544 839 2573 et
866 2539 954 2572 illam
992 2538 1163 2572 civitatem
1179 2539 1320 2573 nondum
1342 2536 1505 2581 ingresso.
1552 2534 1605 2567 his

161 2586 220 2619 ille
241 2586 276 2618 in
298 2585 414 2630 primis
437 2584 565 2617 studuit
589 2596 678 2629 quae
699 2584 789 2618 circa
809 2583 1036 2629 patriarcham
1066 2596 1174 2630 nuper
1194 2586 1376 2618 evenerant
1398 2582 1433 2615 in
1459 2579 1605 2625 speciem

162 2642 260 2676 quam
284 2631 447 2664 minimum
470 2624 667 2664 infridiosam
694 2631 829 2671 fucare,
863 2641 904 2664 ac
934 2630 1023 2674 quod
1052 2629 1249 2664 dissimulari
1278 2627 1439 2673 nequibat
1466 2628 1604 2664 factum,

161 2676 353 2710 inumbrare
382 2675 665 2709 comminiscendis
698 2675 824 2717 causis,
857 2687 929 2708 cum
951 2675 1080 2709 diceret
1099 2679 1358 2720 praegravatum
1379 2671 1604 2718 patriarcham

162 2721 334 2755 laboribus
355 2721 538 2755 functionis
559 2721 668 2762 istius,
692 2733 758 2765 quo
780 2721 822 2754 ab
845 2720 888 2754 iis
909 2721 1094 2774 respiraret
1114 2721 1253 2755 otiosius
1275 2730 1417 2772 seseque
1432 2716 1604 2757 reficeret,

163 2778 183 2800 e
205 2766 422 2812 patriarchali
445 2767 488 2800 ad
511 2772 642 2811 tempus
665 2766 851 2800 excessisse
872 2768 1019 2811 palauo,
1049 2768 1197 2801 futurum
1226 2769 1339 2799 tamen
1361 2762 1444 2808 ipsis
1467 2764 1604 2807 praesto

163 2823 238 2846 cum
264 2823 304 2846 eo
327 2813 555 2858 congressuris
578 2812 666 2857 apud
689 2812 851 2857 quaedam
873 2811 966 2846 urbis
988 2812 1201 2846 monasteria.
1245 2811 1353 2855 ipsum
1383 2813 1493 2842 autem
1515 2805 1605 2840 Vec-

165 2868 241 2890 cum
262 2868 324 2902 per
348 2864 460 2893 certos
482 2870 504 2893 a
528 2870 566 2894 se
586 2857 705 2893 missos
727 2857 878 2902 rogavit,
907 2857 1092 2904 deponeret
1120 2856 1424 2904 pusillanimitatem
1456 2863 1605 2893 omnem;
