1884 3262
659 193 764 237 LIB.
797 192 833 236 1.
877 192 1241 238 GLOSSARIUM.
1578 193 1678 240 567

222 305 440 345 ciliatorem
460 304 735 356 sacrilegarum
755 304 983 356 nuptiarum
1002 304 1190 342 Isaacium
1206 303 1407 351 Caesarem
1426 303 1545 343 alium
1562 303 1675 342 istius

219 363 307 401 loco
333 362 577 400 sacerdotem
602 361 844 410 submisisse,
886 358 933 408 ὃς
956 359 1023 400 καὶ
1040 376 1115 412 την
1135 360 1357 413 ἷερολογίαν
1375 359 1569 409 ἐτέλεσεν,
1601 363 1675 412 qm]

218 420 421 471 nuptialia
439 434 460 456 ν
461 421 546 456 itus·
561 433 622 455 σε]
624 419 822 456 emoniam
829 418 994 469 peregit.
1050 415 1148 454 haec
1166 416 1387 468 Bryennius
1413 416 1573 466 Caesar,
1605 418 1674 468 qui

217 476 337 527 paulo
357 482 448 514 ante
480 476 723 513 functionem
753 473 917 512 eandem
949 473 1071 511 verbo
1095 469 1273 527 εὐλογεῖν
1298 473 1588 523 designaverat,
1622 473 1672 512 de

216 538 326 570 aestu
340 546 387 570 ac
412 531 597 583 scrupulo
617 531 760 584 prioris
786 530 998 569 sacerdotis
1024 530 1081 568 sic
1100 529 1290 568 sc1ibens:
1320 527 1554 582 συναγαγων
1581 529 1672 570 ἔαυ-

215 604 288 629 τον
303 588 372 629 καὶ
388 604 509 656 γνους
524 603 605 644 οπῃ
626 590 754 628 κακοῦ
773 586 934 639 φέρεται
954 587 1132 639 μοιχείαν
1151 602 1234 638 αμα
1251 585 1320 626 καὶ
1334 587 1540 638 τριγαμιαν
1559 582 1670 627 εὔλο-

214 647 320 699 γῶν,
364 645 434 683 ubi
463 629 640 697 εὐλογεῖν
667 644 772 682 idem
801 649 860 681 est
884 643 994 694 quod
1024 643 1261 696 ἷερολογεῖνε
1296 647 1510 692 utrumque
1538 648 1670 681 autem

215 701 408 752 significat
432 713 586 739 sacrum
614 700 726 739 illum
755 700 879 739 ritum
903 713 981 750 quo
1010 699 1190 737 sacerdos
1213 712 1377 762 sponsos
1396 699 1438 735 in
1460 699 1670 737 matrimo-

216 758 328 796 nium
359 757 584 808 coniungit3
622 770 738 807 quem
774 755 1105 795 benedictionem.
1122 755 1170 793 ab
1206 755 1374 805 antiquis
1403 755 1669 793 ecclesiasticis

215 814 472 866 scriptoribus
485 813 623 852 Latine
639 819 825 852 vocatum
842 813 1025 852 vidimus.
1068 812 1110 850 in
1128 825 1207 862 quo
1228 817 1360 849 tamen
1385 816 1443 849 est
1463 805 1666 862 praeterea

215 870 505 910 observandum
523 883 603 908 esse
622 876 662 908 et
682 870 797 908 aliam
811 870 1124 908 benedictionem
1143 867 1376 920 nuptialem,
1407 880 1504 917 quae
1526 868 1666 906 coniu-

213 927 325 978 gibus
349 940 422 980 per
438 927 582 975 verba,
611 932 659 965 ut
679 926 789 977 loqui
804 926 950 974 solent,
982 926 1029 973 de
1045 925 1240 976 praesenti
1259 920 1348 962 rato
1366 924 1442 962 iam
1460 924 1667 963 matrimo—

213 983 280 1021 nio
309 997 332 1021 a
360 983 564 1022 sacerdote
593 983 785 1034 copulatis
808 983 907 1021 solet
932 981 1133 1030 adhiberi3
1162 981 1212 1019 (10
1241 994 1319 1032 qua
1345 980 1574 1032 intelligitur
1599 981 1666 1019 illa

213 1039 388 1090 quaestio
416 1053 533 1091 quam
558 1039 728 1090 theologi
759 1043 944 1087 movent,
987 1052 1041 1076 an
1066 1040 1122 1075 sit
1141 1045 1357 1090 peccatum
1388 1050 1666 1075 consummare

211 1098 518 1134 matrimonium
544 1103 636 1133 ante
654 1096 838 1133 ecclesiae
861 1093 1166 1132 benedictionem
1183 1102 1253 1132 etc.
1277 1093 1369 1132 vide
1385 1092 1559 1131 Sanchez
1579 1094 1605 1135 l,
1625 1096 1663 1134 3.

202 1151 312 1204 disp.
334 1155 399 1195 12.
457 1157 653 1191 caeterum
669 1152 780 1203 prior
799 1151 864 1190 illa
885 1151 933 1189 de
949 1165 1026 1202 qua
1046 1151 1219 1189 diximus
1247 1150 1468 1189 benedictio
1486 1156 1545 1188 est
1563 1163 1663 1200 quae

209 1206 276 1246 hic
295 1209 512 1262 ἵερολογίας
534 1215 575 1247 et
594 1209 808 1262 ἷερολογεῖν
825 1222 852 1246 x
856 1208 1029 1246 ocabulis
1048 1208 1294 1259 exprimitur.
1330 1205 1412 1244 11110
1426 1206 1520 1244 facit
1541 1206 1663 1244 Geor..

208 1265 260 1316 gii
271 1264 522 1317 Acropolitae
537 1266 660 1312 locus,
688 1265 788 1303 Hist.
808 1278 848 1302 n.
870 1267 935 1305 33.
992 1267 1187 1317 πληροῦσι
1207 1261 1281 1314 τήν
1294 1265 1375 1302 τῶν
1390 1263 1547 1302 παίδων
1564 1275 1664 1303 συν-

207 1317 381 1377 ᾄφειαν,
419 1325 494 1363 τοῦ
520 1337 767 1374 πατριαρχου
801 1323 839 1360 Γ
836 1335 1009 1373 ερμανου
1030 1336 1077 1360 τα
1094 1322 1165 1372 τῆς
1186 1320 1404 1372 ἷερολογίας
1425 1318 1662 1366 τελέσαντος.

208 1378 289 1429 agit
310 1378 359 1416 de
376 1379 524 1430 nuptiis
546 1377 744 1415 Theodori
771 1377 935 1414 iunimis
951 1377 1122 1414 Lasca1is
1150 1390 1238 1414 cum
1257 1375 1407 1416 Helena
1424 1374 1505 1413 filia
1524 1375 1662 1413 Asanis

206 1434 410 1485 Bulgariae
426 1435 536 1486 legis.
595 1434 695 1471 adde
714 1439 752 1470 et
764 1433 925 1471 titulum
945 1446 1030 1471 can.
1052 1435 1077 1474 6
1115 1431 1443 1470 Neocaesariensis
1462 1432 1615 1469 recitati
1638 1445 1660 1468 a

206 1490 408 1530 Matthaeo
426 1491 602 1529 Blastare
619 1490 741 1528 verbo
760 1486 909 1557 γάμος-ς
946 1489 1014 1540 qui
1041 1489 1096 1526 sic
1118 1487 1255 1526 habet.
1285 1487 1375 1541 περὶ
1396 1489 1469 1528 τοῦ
1491 1484 1546 1540 μὴ
1569 1500 1658 1528 συν·

207 1550 417 1588 εστιᾶσθαι
434 1550 490 1602 τῷ
516 1547 748 1619 διγαμοῦντι
771 1543 838 1586 τὸν
870 1541 1186 1599 ἱερολογήσαντα.

321 1588 600 1655 ἰχνηλάτης
612 1600 649 1655 *)
673 1616 716 1667 p.
741 1601 824 1643 464
845 1615 883 1640 v.
903 1605 941 1643 9.
997 1606 1180 1642 καθικετε
1183 1615 1248 1641 vet
1275 1598 1318 1640 ἐκ
1340 1614 1420 1639 των
1445 1596 1660 1651 ἰχνηλάτου

203 1660 488 1712 παραβολικων
515 1665 588 1697 etc.
647 1659 703 1697 ait
728 1659 1029 1709 imperatmem,
1068 1671 1158 1696 cum
1189 1656 1343 1696 videret
1371 1656 1564 1706 quosdam
1591 1657 1658 1694 in-

204 1716 386 1753 consulto
403 1716 487 1754 zelo
504 1715 728 1767 improbare
755 1715 1004 1755 concordiam
1033 1728 1122 1753 cum
1142 1714 1288 1752 Latinis
1306 1712 1463 1761 initam,
1493 1725 1657 1763 congie-

203 1771 288 1823 gari
305 1772 458 1810 iussisse
476 1771 674 1824 episcopos
695 1785 827 1810 omnes
842 1777 882 1809 et
901 1771 1134 1820 monachos3
1162 1777 1246 1808 tum
1262 1770 1391 1821 ipsum
1410 1769 1450 1806 in
1466 1768 1533 1806 illo
1559 1782 1656 1807 con-

202 1841 312 1866 sessu
333 1828 506 1867 medium
534 1829 750 1867 orationem
779 1827 1001 1878 inchoasse,
1029 1800 1202 1878 rogaiido
1222 1840 1271 1864 ex
1294 1822 1514 1864 Ichnelatae
1531 1822 1655 1863 Para-

201 1883 359 1934 bolicis,
389 1886 498 1923 cuius
534 1885 611 1923 loci
641 1885 692 1923 ad
718 1885 796 1923 hoc
823 1891 979 1936 tempus
1006 1898 1130 1936 appol
1134 1884 1218 1921 tuni
1243 1882 1448 1935 plerosque
1475 1882 1655 1932 ipsorum

200 1940 404 1980 recordari
436 1941 676 1991 confidebat,
714 1955 763 1980 ne
792 1941 924 1993 potius
953 1941 1114 1980 mallent
1141 1939 1287 1979 imitari
1314 1938 1428 1978 avide
1446 1938 1653 1990 praefesti-

201 2003 341 2036 nantes
360 2011 476 2048 quam
495 1998 684 2051 prudenti
702 1998 891 2050 patientia
912 1998 1176 2036 maturitatem
1192 1996 1441 2035 occasionum
1461 2001 1500 2032 et
1515 2008 1651 2034 rerum

198 2059 410 2106 expectare
434 2057 619 2094 cessando
634 2055 780 2096 solitos.
837 2055 984 2092 multos
1012 2054 1114 2103 dies,
1141 2066 1190 2091 ne
1217 2053 1344 2090 dicam
1370 2050 1650 2098 hebdomadas,

200 2110 244 2148 in
272 2110 389 2149 huius
413 2125 500 2150 sum
523 2112 599 2150 loci
625 2111 878 2150 meditatione
906 2116 1098 2150 versatus.
1156 2110 1268 2148 cuius
1294 2121 1382 2145 cum
1408 2082 1650 2157 intelligendi

201 2179 283 2204 una
299 2179 385 2217 spes
408 2174 448 2204 et
463 2171 566 2206 ratio
587 2168 662 2205 sita
681 2174 782 2206 esset
800 2168 842 2205 in
862 2167 1003 2205 notitia
1020 2165 1221 2217 scriptoris
1244 2165 1285 2202 in
1311 2177 1359 2201 eo
1379 2162 1649 2211 1311111115,ῒο-

201 2229 290 2260 tum
321 2235 384 2260 me
414 2223 505 2261 dedi
528 2224 813 2274 investigationi
842 2224 1006 2261 istorum
1035 2222 1315 2285 norpoessolmmv
1350 2218 1559 2270 ἰχνηλάτου
1580 2215 1647 2256 1110

200 2285 530 2328 memoratorum,
557 2279 785 2330 ignotissimi
813 2286 900 2318 tum
919 2279 1015 2316 mihi
1042 2280 1186 2344 opelis,
1218 2275 1349 2326 quoad
1366 2275 1649 2313 eruditissimus

200 2335 315 2373 iuxta
334 2334 712 2386 humanissimumque
736 2338 813 2374 Leo
838 2335 1003 2373 Allatius
1022 2334 1046 2375 ἆ
1063 2330 1172 2374 πάνυ
1190 2333 1318 2384 primo
1335 2331 1543 2381 indicium,
1575 2331 1646 2370 de—

200 2391 294 2429 inde
317 2392 431 2429 etiam
450 2391 602 2443 copiam
627 2393 779 2443 perrari
805 2394 885 2431 eius
917 2397 955 2428 et
974 2390 1121 2428 Latinis
1141 2402 1302 2440 prorsus
1318 2388 1512 2426 hactenus
1527 2388 1642 2426 inco-

199 2447 297 2499 gniti
320 2448 588 2486 commentarii
611 2449 714 2487 fecit.
765 2453 893 2487 totum
928 2447 1044 2485 avide
1063 2445 1225 2498 perlegi:
1267 2445 1500 2496 quinetiam,
1536 2444 1643 2495 quod

199 2504 256 2542 sic
285 2504 470 2555 expedire
483 2504 610 2543 visum
629 2511 699 2554 est,
727 2505 872 2555 raptim
892 2503 1100 2544 Latinitate
1120 2502 1312 2541 donatum
1329 2502 1370 2540 in
1390 2501 1534 2540 harum
1556 2501 1641 2538 Ob-

199 2562 467 2599 servationum
495 2560 749 2612 appendicem
774 2560 931 2598 conieci.
997 2560 1052 2597 ibi
1078 2558 1256 2607 videbit,
1292 2557 1325 2597 si
1350 2560 1454 2596 tanti
1483 2557 1640 2604 iudicet,

171 2659 173 2662 ,
199 2617 398 2656 studiosus
416 2618 540 2655 lector
563 2630 678 2668 quem
697 2617 779 2654 eius
804 2616 870 2654 hic
889 2615 1069 2666 indigitat
1086 2616 1297 2668 imperator
1313 2615 1465 2663 locum,
1496 2613 1639 2650 disser-

197 2674 347 2712 tatione
361 2673 583 2725 parabolica
601 2680 733 2721 sexta,
763 2685 839 2722 qua
858 2673 1005 2710 sabellis
1021 2672 1072 2709 ad
1091 2671 1135 2710 id
1159 2671 1258 2723 aptis
1276 2671 1444 2710 stultitia
1460 2669 1639 2707 traduci-

198 2734 265 2769 tur
282 2743 420 2788 eorum
437 2744 535 2782 quos
552 2730 645 2783 ipsis
671 2729 800 2770 statim
830 2729 1002 2769 exordiis
1024 2729 1230 2783 longorum
1245 2728 1490 2782 negotiorum
1509 2725 1637 2778 impa-

287 2851 328 2896 *)
347 2853 392 2888 ef.
415 2852 568 2888 Glossar.
591 2852 690 2888 alter.
711 2863 743 2887 v.
768 2849 974 2898 ἰχνηὶάτης.
