1884 3262
514 189 619 232 LIB.
648 188 722 232 111.
773 185 1258 233 CHRONOLOGICUS.
1519 187 1617 232 717

168 313 276 351 cere,
304 299 378 339 sibi
403 298 561 350 suisque
578 296 791 350 perniciem
813 295 977 347 creavit,
1003 301 1051 335 ut
1067 294 1305 335 Plutarchus
1320 301 1455 334 narrat
1472 293 1514 333 in
1533 296 1618 334 eius

154 358 246 398 'vita
267 363 305 395 et
326 355 451 395 Thuc.
475 356 504 394 l.
523 358 564 397 7.

275 412 447 453 felicius
473 409 707 462 Agathocles
749 416 789 448 et
822 408 1006 458 acutius,
1053 408 1149 447 dum
1179 408 1342 446 classem
1362 407 1406 445 in
1439 406 1617 447 Africam

163 469 363 508 traiiceret
381 474 420 507 et
447 466 645 506 horrenda
677 464 772 504 solis
793 466 962 504 defectio
982 465 1268 514 intercederet,
1310 464 1391 503 suis
1411 471 1519 502 metu
1543 465 1621 502 de·-

163 525 298 574 iectis,
326 525 384 563 nil
400 524 615 562 timendum
636 537 657 561 a
676 522 856 575 prodigio
878 522 1077 574 professus
1099 527 1159 559 est
1175 521 1223 558 iis
1248 521 1316 572 qui
1340 521 1417 558 iam
1438 521 1480 557 in
1498 534 1620 559 cursu

163 587 309 620 essent:
348 581 383 619 si
412 580 632 632 deliquium
660 585 865 630 antequam
893 584 1014 631 portu
1037 578 1249 616 solvissent
1278 577 1529 627 contigisset,
1565 578 1621 615 ti-

162 638 350 676 mendum
368 638 472 675 forte
490 635 616 675 videri
630 665 643 686 ,
673 635 741 673 sed
760 634 943 674 euntibus
965 640 1006 673 et
1025 641 1226 686 praeterea
1249 634 1382 672 minus
1403 634 1618 671 fortunatis

161 694 308 732 Siculis
337 693 441 731 nihil
468 692 623 733 adversi
651 690 926 742 metuendum3
966 691 1013 729 iis
1044 697 1172 729 autem
1199 689 1249 728 ad
1280 704 1378 742 quos
1398 690 1550 739 ibatur,
1580 695 1620 728 et

159 750 392 789 florentibus
412 747 796 800 chartaginiensibus
818 749 1001 787 fortunae
1022 747 1301 797 mutationem,
1332 747 1367 785 si
1383 759 1462 797 qua
1481 759 1530 784 ex
1547 752 1620 784 ta·-

160 806 267 845 libus
288 806 407 857 signis
425 805 754 858 portendebatur,
785 818 869 843 esse
891 804 1258 857 pertimescendam.

271 863 359 902 Non
381 869 526 900 nocent
549 862 737 913 eclipses,
768 861 844 899 nisi
871 860 980 913 quod
1006 866 1177 898 noceant
1204 858 1479 911 opinantibus3
1510 857 1615 896 nihil

161 931 212 957 ex
230 932 270 957 se
291 919 387 958 mali
405 918 583 957 fundunt
597 918 659 956 sol
679 924 718 956 et
737 918 833 956 luna
855 917 977 968 magis
996 916 1041 954 in
1057 916 1374 968 oppositionibus
1392 921 1430 953 et
1448 915 1613 966 synodis

160 989 275 1027 quam
304 981 416 1014 extra
442 975 545 1015 illas.
606 974 765 1012 condita
794 979 886 1012 sunt
914 972 1012 1011 haec
1045 973 1175 1010 sidera
1204 987 1226 1009 a
1253 972 1357 1011 bono
1389 971 1551 1009 domino
1573 977 1614 1009 et

158 1038 322 1084 parente
341 1031 514 1070 universi
542 1030 866 1078 clementissimo,
895 1030 1168 1080 gubernantur
1183 1042 1304 1066 manu
1331 1028 1613 1079 sapientissima

160 1088 210 1125 ad
229 1088 400 1126 filiorum
425 1086 629 1125 commoda
649 1093 689 1124 et
707 1087 884 1124 salutem.
921 1085 1163 1124 defectiones
1180 1085 1338 1136 quando
1360 1084 1610 1133 contingunt,

157 1144 356 1182 naturales
377 1149 470 1182 sunt
490 1150 529 1181 et
546 1143 743 1182 innoxiae.
789 1156 870 1180 non
890 1147 1021 1193 pestes
1038 1147 1250 1192 generant,
1275 1155 1354 1179 non
1370 1140 1474 1178 bella
1492 1140 1611 1189 cient,

158 1213 237 1238 non
269 1207 415 1238 mortes
447 1200 674 1252 principum
706 1198 966 1248 annuntiant,
1004 1210 1088 1235 non
1112 1204 1337 1249 temporum
1367 1196 1609 1235 calamitates

157 1263 224 1295 aut
241 1270 450 1307 regnorum
475 1255 756 1294 conversiones
775 1254 989 1295 minantur.

269 1314 328 1351 Ab
351 1313 436 1365 ipso
465 1311 605 1350 mundi
629 1311 792 1349 exordio
821 1310 1009 1363 eclipses,
1046 1315 1091 1348 ut
1107 1309 1226 1348 modo
1245 1309 1367 1358 fiunt,
1399 1307 1612 1359 eademque

157 1369 242 1419 lege
266 1375 303 1407 et
320 1369 459 1407 ordine
482 1374 522 1407 et
540 1381 706 1406 numero
725 1367 893 1416 fiebant3
924 1373 963 1404 et
985 1367 1019 1404 si
1035 1366 1204 1418 Keplero
1223 1366 1416 1416 creditur,
1447 1365 1506 1404 sol
1525 1365 1613 1417 ipse

159 1426 248 1463 fons
265 1425 367 1463 lucis
387 1431 426 1462 et
443 1425 639 1464 bonorum
661 1425 858 1472 omnium,
895 1422 1035 1461 mundi
1063 1423 1203 1460 oculus
1221 1423 1437 1471 beneficus,
1469 1421 1611 1460 condi-

158 1487 223 1519 tus
245 1487 304 1520 est
318 1481 360 1519 in
379 1481 517 1534 eclipsi
532 1481 707 1519 subiecta
734 1481 830 1518 luna
849 1480 892 1517 in
909 1480 1039 1531 primo
1058 1481 1184 1530 gradu
1205 1479 1344 1518 Cancri
1356 1508 1368 1528 ,
1397 1478 1440 1515 in
1461 1478 1611 1516 aestivo

157 1537 328 1576 solstitio
373 1538 508 1576 multis
548 1537 704 1576 Africae
738 1536 965 1587 regionibus
1001 1536 1094 1575 solis
1130 1541 1332 1588 aspectum
1361 1535 1614 1586 impediente.

157 1594 246 1645 quis
269 1595 325 1632 ita
344 1595 518 1633 sentiens
550 1594 686 1632 credat
717 1594 880 1645 eclipses
900 1593 1061 1641 noxias,
1093 1598 1133 1630 et
1150 1593 1271 1630 solem
1288 1592 1418 1644 ipsum
1439 1591 1482 1629 in
1500 1597 1613 1629 tanta

157 1651 219 1689 sui
239 1657 278 1688 et
295 1651 435 1689 mundi
453 1650 688 1688 infelicitate
713 1649 761 1687 ab
787 1650 937 1702 optimo
957 1655 1117 1700 parente
1135 1649 1207 1686 deo
1228 1647 1433 1686 creatum?

139 1714 141 1716 '
269 1708 360 1747 XV.
418 1708 533 1745 Certe
550 1713 639 1745 ante
664 1706 769 1744 bella
790 1713 828 1744 et
849 1712 977 1758 pestes
995 1705 1141 1743 fiebant
1171 1705 1334 1756 eclipses
1349 1734 1360 1754 ,
1392 1711 1481 1742 ante
1501 1717 1610 1754 reges

156 1769 294 1813 natos,
324 1769 415 1801 ante
440 1763 735 1815 provinciarum
764 1770 802 1801 et
823 1775 1034 1813 regnorum
1057 1761 1288 1800 divisionem
1311 1761 1353 1798 in
1370 1760 1440 1798 illa
1457 1761 1610 1799 antedi-

155 1820 408 1859 luvianorum
435 1820 698 1870 longaevitate
727 1832 822 1871 paee
851 1825 888 1857 et
918 1818 1084 1857 sanitate
1117 1824 1198 1856 tam
1226 1818 1412 1856 diuturna
1442 1818 1608 1869 eclipses

155 1875 323 1925 fiebant,
354 1882 393 1914 et
421 1882 520 1914 tunc
550 1883 662 1916 erant
689 1876 933 1914 innocentes.
989 1875 1096 1913 unde
1125 1880 1163 1912 et
1183 1874 1341 1926 quando
1359 1874 1503 1912 noxiae
1526 1886 1608 1911 esse

156 1933 400 1984 coeperunt?
438 1932 542 1971 unde
563 1933 752 1984 malignos
777 1932 976 1982 influxus,
1005 1945 1104 1984 quos
1125 1938 1262 1983 postea
1280 1937 1361 1969 tam
1378 1930 1606 1982 frequentes

155 1989 340 2027 afflarunt
353 2016 366 2037 ,
391 1988 606 2041 accepere?

267 2045 396 2084 Prima
420 2045 616 2095 omnium,
650 2058 751 2097 quae
777 2044 820 2082 in
837 2045 985 2082 Graeca
1004 2043 1170 2081 historia
1190 2042 1428 2080 describitur
1444 2041 1603 2094 eclipsis

157 2101 275 2149 solis,
303 2108 461 2139 narratu
482 2103 529 2139 ab
547 2102 738 2141 Herodot.
758 2101 784 2141 l.
802 2104 838 2149 1,
868 2100 1002 2138 Medos
1032 2106 1071 2137 et
1098 2099 1227 2150 Lydos
1247 2104 1464 2150 pugnantes
1482 2099 1603 2137 inve-

153 2157 215 2194 nit
233 2163 272 2194 et
292 2157 534 2196 conciliavit.
563 2157 802 2196 ⁴Alexandro
819 2156 1056 2195 faustissima
1075 2156 1150 2193 fuit
1170 2154 1325 2207 eclipsis
1342 2156 1473 2203 lunae,
1502 2167 1603 2206 quae

156 2219 247 2251 ante
271 2218 509 2265 postremam
538 2213 622 2251 eius
654 2215 703 2252 de
733 2213 851 2252 Dario
871 2212 1078 2251 victoriam
1099 2211 1273 2262 contigit.
1330 2211 1483 2263 profuit
1503 2212 1602 2250 Cae-

141 2266 233 2307 'sari
263 2269 355 2307 solis
385 2269 454 2307 illa
482 2282 582 2320 quae
606 2269 647 2307 in
678 2270 849 2308 transitu
872 2268 1108 2317 Rubiconis,
1147 2268 1227 2305 alea
1257 2267 1305 2306 de
1323 2268 1490 2320 imperio
1507 2268 1603 2306 reti-

154 2324 284 2363 nendo
319 2324 442 2374 iacta,
480 2325 584 2363 facta
616 2332 698 2376 est,
737 2327 786 2365 de
817 2339 894 2377 qua
919 2325 992 2363 Dio
1019 2325 1049 2364 l.
1078 2323 1117 2365 4.
1155 2324 1308 2376 profuit
1337 2330 1376 2362 et
1402 2325 1473 2362 illa
1501 2338 1602 2376 quae
1622 2323 1652 2358 P
1674 2324 1741 2361 507

153 2380 416 2420 Pharsalicam
434 2395 602 2433 pugnam
624 2382 850 2433 praecessit;
884 2395 983 2434 quae
1001 2381 1035 2419 si
1054 2381 1238 2433 Pompeio
1262 2382 1418 2420 funesta
1440 2380 1600 2433 dicitur,

157 2450 231 2476 cur
249 2451 332 2475 non
353 2450 474 2488 aeque
493 2438 645 2476 Caesari
665 2439 873 2477 fortunata
886 2438 1051 2477 dicenda
1068 2437 1153 2476 est'?

265 2493 355 2532 Non
389 2493 539 2531 occidit
562 2493 782 2545 Augustum
822 2495 1002 2547 ecclipsis
1030 2494 1146 2532 lunae
1164 2521 1176 2541 ‚
1215 2508 1314 2546 quae
1343 2495 1602 2546 quadraginta

154 2555 247 2602 post
278 2550 361 2587 eius
387 2556 555 2588 mortem
583 2550 718 2589 diebus
746 2550 831 2590 visa
865 2557 947 2600 est3
987 2550 1107 2589 immo
1126 2550 1206 2589 eius
1227 2551 1431 2590 occasione
1450 2552 1600 2589 Drusus

151 2605 386 2644 rebellantes
406 2605 451 2644 in
471 2606 673 2645 Pannonia
692 2608 887 2646 Romanas
905 2607 1078 2658 legiones
1096 2608 1146 2645 ad
1170 2607 1288 2647 fidem
1315 2614 1352 2646 et
1370 2607 1600 2658 obsequium

152 2663 367 2703 revocavit.
427 2667 467 2700 et
485 2662 520 2700 si
540 2663 630 2714 quis
655 2663 863 2702 advertere
889 2664 1010 2713 velit,
1048 2664 1182 2716 plures
1210 2665 1312 2702 sorte
1332 2677 1421 2701 cum
1442 2663 1591 2701 eventi-

152 2716 226 2756 bus
243 2718 454 2758 fortunatis
479 2731 593 2770 quam
620 2733 710 2759 cum
728 2720 895 2759 sinistris
916 2720 1080 2772 eclipses
1103 2720 1334 2760 coniunctas
1358 2719 1592 2757 numerabit.

262 2775 308 2813 In
342 2775 434 2814 fatis
462 2775 621 2814 Romuli
649 2777 848 2829 prosperis
875 2782 915 2816 et
949 2777 1060 2815 urbis
1088 2777 1276 2816 felicitate
1311 2775 1463 2827 positae
1496 2780 1591 2813 sunt

151 2829 313 2882 eclipses
338 2832 438 2872 duae
462 2832 632 2884 solares,
671 2833 714 2871 in
741 2839 938 2886 conceptu
969 2833 1077 2874 illius
1104 2847 1182 2873 una
1191 2863 1204 2885 ,
1243 2833 1287 2871 in
1304 2831 1422 2871 huius
1446 2831 1591 2871 funda-
