1884 3262
271 218 370 262 420
695 215 932 259 GEORGII'
962 216 1316 261 PACHYMERIS

220 329 250 362 D
271 328 482 381 Ῥωμαίοις
504 326 743 370 ἀπέκλεισαν
759 327 834 378 τὰς
855 328 959 371 κατὰ
977 325 1200 371 θάλασσαν
1222 327 1440 380 κελεύθους
1457 332 1523 373 καὶ
1544 347 1736 387 πραγμα-

271 400 402 446 τείας,
447 395 554 438 ἀλλὰ
583 397 650 437 καὶ
687 401 770 438 τῶν
808 399 1031 440 Βενετικῶν
1069 394 1233 456 πλούτῳ
1277 414 1320 439 τε
1353 401 1420 440 καὶ
1459 406 1735 455 παρασκευαῖς

268 464 502 520 ὑπερέσχον.
576 464 645 506 διὰ
672 469 795 507 τοῦτο
838 464 1044 519 ξυνέβαινε
1085 467 1200 522 σφίσι
1236 467 1304 508 καὶ
1337 465 1734 518 καταλαζονεύεσθαι

269 532 327 588 μὴ
351 529 479 585 μόνον
507 536 590 575 τῶν
625 537 700 575 τοῦ
737 533 876 589 γένους
907 535 1065 576 ἐκείνων
1095 533 1199 576 ἀλλὰ
1230 535 1296 575 καὶ
1329 531 1539 587 Ῥωμαίων
1578 535 1730 580 αὐτῶν.

269 601 691 656 προσπεφιλοτίμηται
716 602 791 655 μὲν
821 597 894 644 οὖν
926 601 1119 655 βασιλεὺς
1149 602 1262 652 ἰδίως
1293 603 1362 643 καί
1389 619 1465 644 τινι
1491 602 1638 657 εὐγενεῖ
1654 607 1695 645 Γ
1692 612 1766 646 ε-5

269 672 410 726 νου’ί·τῃ
423 701 435 721 ,
473 670 680 724 Μανουὴλ
701 671 900 727 λεγομένῳ
920 675 994 712 τοῦ
1014 671 1227 725 Ζαχαρίου
1241 703 1254 725 ‚
1289 669 1341 711 τὰ
1370 675 1444 724 τῆς
1464 670 1559 712 κατ’
1582 670 1732 713 ἄνατο-

127 751 155 784 Ρ
182 749 245 785 285
271 738 345 792 λὴν
374 738 570 786 Φωκαίας
592 736 750 793 ὄρεινά,
785 738 987 791 μέταλλον
1007 736 1196 791 στύψεως
1214 738 1371 793 ἔχοντα,
1408 737 1479 794 ἐφ’
1501 732 1558 780 ὧν
1578 738 1627 793 δὴ
1656 757 1732 781 κα-

270 804 463 860 τοικήσας
481 804 644 860 σύναμα
669 810 727 864 τῷ
757 808 847 864 ἰδίῳ
871 810 958 864 λαῷ
987 804 1201 862 εἶργάζετο.
1270 808 1335 848 καὶ
1366 805 1496 848 πολλὰ
1519 810 1592 860 τῆς
1612 807 1732 861 ἔργα-

272 876 365 924 σίας
395 872 652 928 ἀπονάμενος
681 877 746 916 καὶ
777 874 898 917 πλέον
932 874 1080 929 ἤθελεν
1108 874 1207 930 ἔχειν
1229 875 1272 916 ἐκ
1298 878 1371 928 τῆς
1393 878 1466 917 τοῦ
1484 879 1732 930 κρατοῦντος

266 943 369 998 πρὸς
391 942 539 985 ἐκεῖνον
569 942 770 995 εὐμενείας
791 945 857 985 καὶ
888 943 1127 992 διαθέσεως.
1197 943 1312 997 ἠξίου
1347 947 1444 998 γοῦν
1460 942 1518 997 μὴ
1541 942 1729 985 ἀνεῖσθαι
1746 953 1788 986 10

268 1015 307 1053 Γ
305 1013 504 1060 ενου“ι’·ταις
530 1011 572 1052 ἐκ
600 1015 682 1053 τῶν
711 1010 796 1054 ἅνω
823 1016 959 1066 μερῶν
989 1011 1056 1053 διὰ
1091 1008 1311 1065 θαλάσσης
1330 1011 1522 1061 Εὐξείνου
1547 1009 1733 1066 κατάγειν

267 1080 520 1134 στυπτηρίας
548 1078 777 1133 μέταλλον,
822 1079 906 1121 ἐπεὶ
938 1083 1068 1135 πολλῇ
1100 1080 1176 1121 τινὶ
1213 1083 1394 1132 χρῶνται
1436 1077 1567 1136 ταύτῃ
1605 1079 1658 1121 τὰ
1690 1081 1733 1129 ἐξ

267 1149 385 1202 ε’ρίων
407 1144 636 1203 ὑφάσματα
652 1148 880 1200 μιαίνοντες
896 1145 1086 1201 χρώμασι
1108 1145 1347 1203 διαφόροις,
1385 1144 1440 1196 ὥς
1460 1145 1562 1201 ὁρᾶν
1583 1147 1727 1197 ἔξεστι.

266 1217 333 1258 καὶ
364 1213 385 1257 ὃ
416 1214 609 1268 βασιλεὺς
637 1212 868 1258 κατανεύων
902 1215 1127 1258 ἐπέταττεν.
1199 1215 1237 1256 οἳ
1265 1215 1339 1268 μὲν
1366 1210 1439 1257 οὖν
1471 1215 1513 1256 ἐν
1547 1219 1598 1271 τῇ
1618 1213 1754 1257 πόλεί

215 1300 245 1333 B
271 1287 308 1326 Γ
306 1276 505 1334 ενουῗται,
541 1281 629 1336 ἅμα
647 1284 721 1336 μὲν
753 1280 986 1337 αἰδούμενοι
1015 1282 1090 1337 τὴν
1120 1282 1333 1336 βασιλίκὴν
1360 1280 1606 1338 πρόσταξιν,
1641 1281 1728 1336 ἅμα
1742 1291 1783 1326 15

267 1352 393 1394 δὲκαὶ
417 1348 472 1400 ὥς
491 1350 565 1405 τὴν
585 1348 702 1393 πόλιν
736 1351 810 1405 τὴν
845 1349 1019 1406 ἐσχάτην
1048 1349 1254 1404 ἀπόβασιν
1288 1350 1465 1404 ἔχοντες,
1504 1350 1643 1404 ἔμενον
1665 1352 1729 1392 ἐπὶ

266 1417 421 1476 τρόπου
446 1422 520 1462 τοῦ
540 1418 592 1462 τὰ
614 1419 890 1474 ἐπεσταλμένα
910 1423 1105 1477 πληροῦν.
1163 1419 1279 1462 ἄλλοι
1303 1420 1350 1462 δέ
1366 1435 1467 1468 τινες
1486 1420 1529 1462 ἐκ
1547 1422 1589 1462 Γ
1585 1417 1728 1469 ενούας

356 1528 389 1562 6.
409 1526 493 1574 τῷἲ

263 1610 376 1640 tarent
399 1607 543 1641 Pontum
565 1608 812 1650 transfretare,
851 1610 987 1642 utentes
1014 1606 1057 1643 ad
1079 1607 1114 1642 id
1144 1619 1211 1641 non
1234 1606 1367 1653 penitus
1386 1606 1540 1641 rotundis
1561 1605 1622 1641 sed
1646 1618 1727 1640 con-

265 1658 400 1686 tractae
423 1652 643 1697 longitudinis
665 1653 817 1695 navibus,
844 1665 928 1698 quas
953 1654 1020 1697 ipsi
1041 1653 1181 1688 Taritas
1203 1658 1339 1687 vocant.
1384 1653 1448 1686 hac
1471 1651 1519 1686 illi
1540 1651 1727 1686 strenuita-

265 1705 300 1731 te
325 1710 365 1731 ac
389 1698 564 1742 diligentia
602 1710 667 1734 non
700 1700 796 1733 modo
828 1699 990 1733 Romanis
1021 1699 1211 1733 maritimae
1242 1697 1481 1744 negotiationis
1507 1698 1581 1732 vias
1611 1708 1726 1732 omnes

261 1743 506 1786 interclusere,
536 1745 750 1790 fructumque
785 1756 825 1778 ac
859 1745 986 1778 lucrum
1020 1746 1063 1778 ad
1086 1757 1123 1779 se
1147 1750 1285 1779 traxere
1308 1744 1439 1779 navalis
1463 1743 1610 1778 universi
1634 1756 1726 1778 corn-

262 1788 397 1823 mercii:
435 1800 552 1824 verum
586 1790 690 1824 etiam
720 1790 755 1823 id
787 1791 959 1824 consecuti
992 1796 1097 1834 sunt,
1130 1795 1168 1824 ut
1202 1802 1338 1824 numero
1362 1789 1544 1835 pecuniae,
1575 1795 1611 1823 et
1634 1789 1725 1835 quod

262 1834 342 1868 inde
366 1834 563 1880 plerumque
587 1836 819 1880 consequitur,
845 1836 936 1869 cultu
961 1847 1002 1869 ac
1026 1837 1106 1869 luxu
1129 1841 1265 1870 ornatus
1290 1837 1375 1869 varii
1396 1846 1586 1880 pompaque
1609 1835 1725 1869 dome-

266 1880 355 1913 stica
377 1879 553 1923 speciosae
576 1881 815 1925 pretiosaeque
841 1881 1059 1925 supellectilis
1085 1882 1231 1915 Venetos
1262 1881 1327 1914 iam
1351 1881 1441 1925 ipsos
1465 1885 1541 1924 post
1562 1891 1600 1913 se
1622 1880 1724 1914 relin—

265 1930 419 1970 querent.
467 1925 546 1959 hinc
570 1937 661 1960 more
682 1926 808 1968 ingenii
831 1926 962 1959 humani
987 1926 1132 1970 contigit
1154 1926 1238 1971 ipsis
1261 1926 1384 1959 efferre
1407 1936 1483 1959 sese
1506 1925 1723 1969 arrogantius

266 1975 302 2004 et
324 1970 527 2005 insolescere
542 1997 552 2012 ‚
586 1983 651 2005 non
685 1971 760 2005 aliis
787 1972 885 2005 modo
911 1971 1044 2005 Latinis
1077 1983 1157 2017 prae
1180 1983 1218 2005 se
1240 1971 1456 2016 spernendis,
1478 1971 1539 2004 sed
1562 1971 1723 2005 Romanis

263 2015 368 2050 etiam
390 2015 426 2049 in
450 2016 593 2051 Oriente
623 2017 878 2051 dominantibus.
925 2018 1131 2051 attribuerat
1162 2021 1273 2051 autem
1304 2017 1435 2051 liberali
1461 2016 1638 2061 privilegio
1660 2017 1723 2050 im-

266 2066 404 2106 perator
428 2061 558 2096 cuidam
582 2062 757 2097 Genuensi
789 2062 918 2102 nobili,
953 2062 1006 2096 cui
1028 2062 1178 2096 Manueli
1203 2074 1322 2096 nomen
1345 2068 1439 2102 erat.
1466 2062 1656 2096 Zachariae
1677 2063 1722 2096 fi-

264 2107 330 2148 lio,
366 2106 542 2141 Phocaeae
572 2113 728 2142 montana
761 2119 849 2154 quae
877 2107 1052 2142 Orientem
1076 2111 1255 2152 spectant,
1287 2109 1407 2153 quibus
1424 2107 1546 2147 'insunt
1569 2107 1720 2142 aluminis

263 2152 411 2187 fodinae.
457 2152 505 2186 ibi
537 2153 596 2188 ille
627 2155 782 2188 habitans
815 2165 888 2188 cum
925 2154 991 2187 sibi
1012 2154 1165 2188 subiecta
1195 2165 1372 2199 operarum
1396 2153 1606 2187 multitudine
1628 2153 1723 2188 inde-

265 2199 356 2232 fessa
385 2198 564 2233 laborabat
597 2200 745 2234 eruenda
777 2199 1062 2244 distrahendaque
1095 2199 1162 2233 ista
1194 2211 1322 2241 merce3
1355 2211 1395 2233 ac
1419 2210 1491 2233 cum
1515 2200 1592 2233 inde
1614 2200 1720 2245 pluri-

264 2255 352 2277 mum
383 2243 610 2288 congessisset
641 2245 747 2288 lucri,
778 2250 903 2290 gustu,
932 2250 972 2279 ut
1002 2246 1068 2288 fit,
1101 2250 1263 2290 quaestus
1295 2245 1327 2279 in
1361 2245 1502 2290 amplius
1533 2244 1720 2279 ditescendi

265 2289 354 2322 sitim
377 2300 538 2324 accensus
562 2290 631 2325 voti
655 2303 692 2325 se
715 2290 812 2324 huius
833 2292 905 2324 fore
928 2296 1112 2335 compotem
1135 2291 1307 2336 speravit,
1329 2291 1365 2329 si>
1381 2290 1590 2335 benignitate
1611 2290 1720 2335 impe—

264 2334 407 2375 ratoris,
443 2347 540 2379 quem
571 2336 635 2370 sibi
663 2338 832 2370 faventem
864 2339 938 2370 erat
972 2340 1155 2381 expertus,
1187 2336 1328 2371 ulterius
1351 2337 1401 2370 uti
1424 2342 1597 2381 pergeret.
1642 2347 1718 2371 cum

263 2378 370 2424 igitur
393 2381 602 2424 exposuisset
624 2393 729 2427 prono
751 2382 794 2416 ad
818 2381 865 2415 illi
893 2381 1148 2426 gratificandum
1171 2382 1322 2427 Augusto
1345 2381 1716 2417 accommodatissimum

264 2425 306 2458 ad
327 2424 381 2458 sui
404 2427 591 2470 compendii
614 2428 763 2462 rationes
785 2428 880 2468 sore,
904 2427 934 2461 si
957 2432 1100 2472 negaret
1123 2428 1282 2472 deinceps
1305 2428 1378 2462 aliis
1403 2428 1641 2463 Genuensibus
1662 2429 1716 2462 fa-

264 2470 424 2504 cultatem
446 2471 646 2515 importandi
669 2474 798 2507 alumen
821 2485 840 2507 e
863 2473 1092 2518 superioribus
1116 2485 1178 2518 per
1200 2473 1342 2507 Pontum
1360 2474 1528 2508 Euxinum
1547 2472 1713 2519 partibus,

262 2515 340 2549 inde
362 2515 527 2560 siquidem
549 2518 615 2552 vim
638 2518 765 2553 inferre
787 2530 939 2563 magnam
961 2518 1006 2553 illi
1031 2525 1275 2553 consueverant
1297 2519 1393 2553 istius
1415 2518 1536 2553 mercis
1559 2517 1716 2552 vendibi-

263 2561 303 2595 lis
326 2561 362 2594 in
384 2561 520 2606 primis,
551 2564 706 2608 quoniam
730 2564 912 2609 plurimus,
943 2569 1046 2610 prout
1075 2564 1242 2610 hodieque
1266 2565 1438 2606 cernitur,
1462 2564 1535 2599 eius
1557 2574 1638 2597 usus
1661 2567 1714 2598 est

264 2606 297 2641 in
321 2607 440 2652 pannis
466 2619 486 2641 e
508 2607 587 2641 lana
608 2614 705 2644 texta
727 2610 838 2643 colore
860 2610 957 2644 vario
988 2610 1164 2652 fucandis,
1197 2610 1392 2664 impetravit
1421 2609 1509 2655 quod
1532 2609 1655 2652 voluit3
1678 2614 1715 2644 et

263 2652 374 2687 edicto
396 2652 541 2697 Augusti
569 2653 636 2688 rite
669 2655 799 2698 signato
822 2655 1038 2690 interdictum
1074 2667 1115 2690 ea
1137 2656 1367 2699 negotiatione
1389 2654 1624 2690 Genuensibus
1649 2660 1714 2692 est.

263 2697 322 2731 isti
345 2698 502 2740 decreto,
524 2699 584 2732 ubi
607 2700 756 2742 enotuit,
792 2712 833 2734 ea
866 2701 1001 2746 quidem
1032 2701 1260 2736 Genuensium
1284 2712 1382 2746 pars,
1407 2712 1494 2754 quae
1516 2700 1713 2734 domicilium

263 2743 558 2790 Constantinopoli
578 2745 724 2779 habebat
747 2749 782 2779 et
805 2745 885 2779 sede
907 2748 1116 2781 fortunarum
1138 2747 1204 2781 iam
1226 2746 1296 2781 illic
1318 2749 1502 2780 constituta
1523 2757 1588 2780 non
1611 2747 1713 2781 alium

262 2789 342 2823 alibi
365 2789 495 2835 uspiam
515 2795 686 2836 receptum
712 2802 749 2825 se
771 2791 897 2825 habere
919 2793 1106 2835 sentiebat,
1130 2792 1295 2836 refragari
1318 2791 1514 2826 auctoritati
1536 2791 1711 2837 principis,

259 2833 293 2868 in
316 2835 411 2870 cuius
434 2835 562 2872 ditione
597 2837 752 2881 viveret,
784 2848 849 2872 non
871 2848 976 2879 ausa,
1005 2838 1084 2873 talis
1116 2837 1276 2884 deinceps
1297 2837 1485 2872 invectione
1506 2837 1710 2872 mercimonii
