<?xml version="1.0" encoding="UTF-8"?>
<!DOCTYPE html PUBLIC "-//W3C//DTD XHTML 1.0 Transitional//EN"
    "http://www.w3.org/TR/xhtml1/DTD/xhtml1-transitional.dtd">
<html xmlns="http://www.w3.org/1999/xhtml" xml:lang="en" lang="en">
 <head>
  <title>
</title>
<meta http-equiv="Content-Type" content="text/html;charset=utf-8" />
  <meta name='ocr-system' content='tesseract 3.04.00' />
  <meta name='ocr-capabilities' content='ocr_page ocr_carea ocr_par ocr_line ocrx_word'/>
</head>
<body>
  <div class='ocr_page' id='page_1' title='image "./corpusscriptorum17niebuoft_0253.png"; bbox 0 0 1884 3262; ppageno 0'>
   <div class='ocr_carea' id='block_1_1' title="bbox 394 190 1638 249">
    <p class='ocr_par' dir='ltr' id='par_1_1' title="bbox 394 190 1638 249">
     <span class='ocr_line' id='line_1_1' title="bbox 394 190 1638 249; baseline 0.008 -16"><span class='ocrx_word' id='word_1_1' title='bbox 394 191 471 233; x_wconf 88' lang='lat' dir='ltr'><strong>DE</strong></span> <span class='ocrx_word' id='word_1_2' title='bbox 504 190 784 234; x_wconf 75' lang='grc' dir='ltr'><em>ΜΙοΗΑΕιΕ</em></span> <span class='ocrx_word' id='word_1_3' title='bbox 816 190 1193 249; x_wconf 81' lang='lat' dir='ltr'>PALAEOLOGO</span> <span class='ocrx_word' id='word_1_4' title='bbox 1228 195 1276 238; x_wconf 91' lang='lat' dir='ltr'><strong>L.</strong></span> <span class='ocrx_word' id='word_1_5' title='bbox 1302 194 1378 242; x_wconf 82' lang='lat'>111.</span> <span class='ocrx_word' id='word_1_6' title='bbox 1538 196 1638 243; x_wconf 85' lang='lat'><strong>235</strong></span> 
     </span>
    </p>
   </div>
   <div class='ocr_carea' id='block_1_2' title="bbox 99 301 1692 1683">
    <p class='ocr_par' dir='ltr' id='par_1_2' title="bbox 99 301 1692 1683">
     <span class='ocr_line' id='line_1_2' title="bbox 157 301 1639 369; baseline 0.005 -21"><span class='ocrx_word' id='word_1_7' title='bbox 157 301 370 360; x_wconf 72' lang='grc' dir='ltr'><em>θοῦμενος</em></span> <span class='ocrx_word' id='word_1_8' title='bbox 391 306 633 364; x_wconf 84' lang='grc' dir='ltr'><em>προσβαίνει</em></span> <span class='ocrx_word' id='word_1_9' title='bbox 659 310 719 366; x_wconf 80' lang='grc' dir='ltr'><strong>τῷ</strong></span> <span class='ocrx_word' id='word_1_10' title='bbox 746 302 896 365; x_wconf 79' lang='grc' dir='ltr'><em>Γᾶνῳ,</em></span> <span class='ocrx_word' id='word_1_11' title='bbox 935 306 1148 358; x_wconf 79' lang='grc' dir='ltr'><em>ἀπολιπών</em></span> <span class='ocrx_word' id='word_1_12' title='bbox 1180 308 1279 361; x_wconf 72' lang='grc' dir='ltr'><em>τοὺς</em></span> <span class='ocrx_word' id='word_1_13' title='bbox 1308 310 1476 363; x_wconf 74' lang='grc' dir='ltr'><em>λοιποὺς</em></span> <span class='ocrx_word' id='word_1_14' title='bbox 1507 313 1639 369; x_wconf 78' lang='grc' dir='ltr'><em>ζητεῖν</em></span> 
     </span>
     <span class='ocr_line' id='line_1_3' title="bbox 158 373 1637 438; baseline 0.004 -20"><span class='ocrx_word' id='word_1_15' title='bbox 158 373 240 432; x_wconf 80' lang='grc' dir='ltr'><em>ὅπῃ</em></span> <span class='ocrx_word' id='word_1_16' title='bbox 263 373 474 428; x_wconf 79' lang='grc' dir='ltr'><em>σώζοιντο.</em></span> <span class='ocrx_word' id='word_1_17' title='bbox 544 380 628 419; x_wconf 83' lang='grc' dir='ltr'><strong>τῶν</strong></span> <span class='ocrx_word' id='word_1_18' title='bbox 647 376 726 434; x_wconf 84' lang='grc' dir='ltr'><strong>γὰρ</strong></span> <span class='ocrx_word' id='word_1_19' title='bbox 758 373 929 418; x_wconf 77' lang='grc' dir='ltr'><strong><em>κατόπιν</em></strong></span> <span class='ocrx_word' id='word_1_20' title='bbox 953 375 1099 420; x_wconf 85' lang='grc' dir='ltr'><em>ῗόντων</em></span> <span class='ocrx_word' id='word_1_21' title='bbox 1131 381 1199 422; x_wconf 81' lang='grc' dir='ltr'><em>καὶ</em></span> <span class='ocrx_word' id='word_1_22' title='bbox 1228 378 1331 434; x_wconf 80' lang='grc' dir='ltr'><em>μάλ’</em></span> <span class='ocrx_word' id='word_1_23' title='bbox 1367 380 1637 438; x_wconf 69' lang='grc' dir='ltr'><strong>ἀπεγίνωσκεν</strong></span> 
     </span>
     <span class='ocr_line' id='line_1_4' title="bbox 158 438 1638 505; baseline 0.005 -19"><span class='ocrx_word' id='word_1_24' title='bbox 158 441 216 494; x_wconf 83' lang='grc' dir='ltr'><strong>ὥς</strong></span> <span class='ocrx_word' id='word_1_25' title='bbox 243 441 528 500; x_wconf 73' lang='grc' dir='ltr'><em>ἇλωσομὲνων.</em></span> <span class='ocrx_word' id='word_1_26' title='bbox 600 441 708 500; x_wconf 81' lang='grc' dir='ltr'><em>ἦσαν</em></span> <span class='ocrx_word' id='word_1_27' title='bbox 741 443 786 487; x_wconf 72' lang='grc' dir='ltr'><strong>δ’</strong></span> <span class='ocrx_word' id='word_1_28' title='bbox 826 438 942 488; x_wconf 67' lang='grc' dir='ltr'><em>οὗτοι</em></span> <span class='ocrx_word' id='word_1_29' title='bbox 975 446 1022 489; x_wconf 76' lang='grc' dir='ltr'><em>οἳ</em></span> <span class='ocrx_word' id='word_1_30' title='bbox 1050 447 1102 503; x_wconf 85' lang='grc' dir='ltr'><strong>δὴ</strong></span> <span class='ocrx_word' id='word_1_31' title='bbox 1137 448 1184 491; x_wconf 69' lang='lat' dir='ltr'><strong>ri</strong></span> <span class='ocrx_word' id='word_1_32' title='bbox 1209 450 1424 503; x_wconf 82' lang='grc' dir='ltr'><em>βασιλικὸν</em></span> <span class='ocrx_word' id='word_1_33' title='bbox 1453 458 1638 505; x_wconf 81' lang='grc' dir='ltr'><em>ταμιεῖον</em></span> 
     </span>
     <span class='ocr_line' id='line_1_5' title="bbox 158 510 1689 575; baseline 0.006 -20"><span class='ocrx_word' id='word_1_34' title='bbox 158 510 411 568; x_wconf 82' lang='grc' dir='ltr'><em>διεκόμιζον,</em></span> <span class='ocrx_word' id='word_1_35' title='bbox 451 516 518 557; x_wconf 80' lang='grc' dir='ltr'><em>καὶ</em></span> <span class='ocrx_word' id='word_1_36' title='bbox 542 514 582 558; x_wconf 77' lang='grc' dir='ltr'><em>οἳ</em></span> <span class='ocrx_word' id='word_1_37' title='bbox 601 514 710 572; x_wconf 75' lang='grc' dir='ltr'><strong>ἀμφὶ</strong></span> <span class='ocrx_word' id='word_1_38' title='bbox 729 513 801 557; x_wconf 79' lang='grc' dir='ltr'><strong>τὸν</strong></span> <span class='ocrx_word' id='word_1_39' title='bbox 821 515 1002 558; x_wconf 63' lang='lat' dir='ltr'><strong>aovi-uir</strong></span> <span class='ocrx_word' id='word_1_40' title='bbox 1024 515 1248 573; x_wconf 85' lang='grc' dir='ltr'><em>Ἀζατίνην.</em></span> <span class='ocrx_word' id='word_1_41' title='bbox 1303 519 1453 569; x_wconf 75' lang='grc' dir='ltr'><em>ἐκεῖνος</em></span> <span class='ocrx_word' id='word_1_42' title='bbox 1468 521 1544 575; x_wconf 71' lang='grc' dir='ltr'><strong>μὲν</strong></span> <span class='ocrx_word' id='word_1_43' title='bbox 1562 515 1642 564; x_wconf 70' lang='grc' dir='ltr'><strong>οὖν</strong></span> <span class='ocrx_word' id='word_1_44' title='bbox 1658 532 1689 568; x_wconf 81' lang='grc' dir='ltr'><strong>Β</strong></span> 
     </span>
     <span class='ocr_line' id='line_1_6' title="bbox 124 579 1635 642; baseline 0.005 -16"><span class='ocrx_word' id='word_1_45' title='bbox 124 579 316 632; x_wconf 75' lang='grc' dir='ltr'><em>ὄῦποδῦς</em></span> <span class='ocrx_word' id='word_1_46' title='bbox 348 583 396 626; x_wconf 83' lang='grc' dir='ltr'><strong>τὸ</strong></span> <span class='ocrx_word' id='word_1_47' title='bbox 434 582 556 641; x_wconf 73' lang='grc' dir='ltr'><em>ὅρος,</em></span> <span class='ocrx_word' id='word_1_48' title='bbox 600 581 894 640; x_wconf 83' lang='grc' dir='ltr'><em>ταχυδρόμους</em></span> <span class='ocrx_word' id='word_1_49' title='bbox 919 583 1115 639; x_wconf 73' lang='grc' dir='ltr'><em>πέμπων,</em></span> <span class='ocrx_word' id='word_1_50' title='bbox 1166 585 1289 630; x_wconf 73' lang='grc' dir='ltr'><em>ἔνθεν</em></span> <span class='ocrx_word' id='word_1_51' title='bbox 1311 588 1388 642; x_wconf 74' lang='grc' dir='ltr'><strong>μὲν</strong></span> <span class='ocrx_word' id='word_1_52' title='bbox 1419 587 1635 634; x_wconf 66' lang='grc' dir='ltr'><em>ἐσκέπτετο</em></span> 
     </span>
     <span class='ocr_line' id='line_1_7' title="bbox 156 650 1639 714; baseline 0.004 -20"><span class='ocrx_word' id='word_1_53' title='bbox 156 650 256 701; x_wconf 75' lang='grc' dir='ltr'><em>τοὺς</em></span> <span class='ocrx_word' id='word_1_54' title='bbox 277 652 456 709; x_wconf 72' lang='grc' dir='ltr'><em>ἐχθροὺς</em></span> <span class='ocrx_word' id='word_1_55' title='bbox 476 650 665 704; x_wconf 74' lang='grc' dir='ltr'><strong><em>ἐπιόντας</em></strong></span> <span class='ocrx_word' id='word_1_56' title='bbox 691 650 916 696; x_wconf 74' lang='grc' dir='ltr'><strong>λανθάνων</strong></span> <span class='ocrx_word' id='word_1_57' title='bbox 944 652 1171 711; x_wconf 77' lang='grc' dir='ltr'><em>ἔκφεύγειν,</em></span> <span class='ocrx_word' id='word_1_58' title='bbox 1208 655 1329 699; x_wconf 70' lang='grc' dir='ltr'><em>ἔνθεν</em></span> <span class='ocrx_word' id='word_1_59' title='bbox 1357 657 1402 699; x_wconf 79' lang='grc' dir='ltr'><strong>δὲ</strong></span> <span class='ocrx_word' id='word_1_60' title='bbox 1421 659 1488 700; x_wconf 82' lang='grc' dir='ltr'><em>καὶ</em></span> <span class='ocrx_word' id='word_1_61' title='bbox 1506 675 1639 714; x_wconf 86' lang='grc' dir='ltr'><em>ταχυ-</em></span> 
     </span>
     <span class='ocr_line' id='line_1_8' title="bbox 156 720 1635 783; baseline 0.005 -19"><span class='ocrx_word' id='word_1_62' title='bbox 156 726 395 765; x_wconf 78' lang='grc' dir='ltr'><em>ναυτοῦσαν</em></span> <span class='ocrx_word' id='word_1_63' title='bbox 411 720 559 779; x_wconf 82' lang='grc' dir='ltr'><strong><em>τριήρη</em></strong></span> <span class='ocrx_word' id='word_1_64' title='bbox 579 728 800 779; x_wconf 78' lang='grc' dir='ltr'><strong><em>προσσχεῖν</em></strong></span> <span class='ocrx_word' id='word_1_65' title='bbox 820 722 889 765; x_wconf 78' lang='grc' dir='ltr'><em>διὰ</em></span> <span class='ocrx_word' id='word_1_66' title='bbox 912 723 1068 778; x_wconf 72' lang='grc' dir='ltr'><em>ταχέων</em></span> <span class='ocrx_word' id='word_1_67' title='bbox 1097 731 1187 775; x_wconf 81' lang='grc' dir='ltr'><em>τοῖς</em></span> <span class='ocrx_word' id='word_1_68' title='bbox 1215 724 1327 781; x_wconf 75' lang='grc' dir='ltr'><em>ὄρεσι</em></span> <span class='ocrx_word' id='word_1_69' title='bbox 1349 725 1635 783; x_wconf 69' lang='grc' dir='ltr'><em>παρεσκεύαζε.</em></span> 
     </span>
     <span class='ocr_line' id='line_1_9' title="bbox 156 789 1638 852; baseline 0.004 -19"><span class='ocrx_word' id='word_1_70' title='bbox 156 791 224 833; x_wconf 78' lang='grc' dir='ltr'><em>καὶ</em></span> <span class='ocrx_word' id='word_1_71' title='bbox 249 790 299 845; x_wconf 83' lang='grc' dir='ltr'><strong>δὴ</strong></span> <span class='ocrx_word' id='word_1_72' title='bbox 323 791 423 841; x_wconf 76' lang='grc' dir='ltr'><strong>τούς</strong></span> <span class='ocrx_word' id='word_1_73' title='bbox 439 792 516 846; x_wconf 75' lang='grc' dir='ltr'><strong>μὲν</strong></span> <span class='ocrx_word' id='word_1_74' title='bbox 534 793 580 834; x_wconf 75' lang='grc' dir='ltr'><strong>ἐκ</strong></span> <span class='ocrx_word' id='word_1_75' title='bbox 599 789 729 835; x_wconf 87' lang='grc' dir='ltr'>τόπου</span> <span class='ocrx_word' id='word_1_76' title='bbox 750 789 878 835; x_wconf 85' lang='grc' dir='ltr'><em>τόπον</em></span> <span class='ocrx_word' id='word_1_77' title='bbox 897 791 1080 848; x_wconf 76' lang='grc' dir='ltr'><em>ἀμείβων</em></span> <span class='ocrx_word' id='word_1_78' title='bbox 1098 799 1278 844; x_wconf 80' lang='grc' dir='ltr'><em>συνετῶς</em></span> <span class='ocrx_word' id='word_1_79' title='bbox 1299 794 1494 852; x_wconf 71' lang='grc' dir='ltr'><em>ἐμφανεῖς</em></span> <span class='ocrx_word' id='word_1_80' title='bbox 1513 795 1638 847; x_wconf 75' lang='grc' dir='ltr'><em>ὄντας</em></span> 
     </span>
     <span class='ocr_line' id='line_1_10' title="bbox 157 859 1638 922; baseline 0.005 -21"><span class='ocrx_word' id='word_1_81' title='bbox 157 859 264 902; x_wconf 81' lang='grc' dir='ltr'><em>κατὰ</em></span> <span class='ocrx_word' id='word_1_82' title='bbox 295 859 344 903; x_wconf 82' lang='grc' dir='ltr'><strong>τὸ</strong></span> <span class='ocrx_word' id='word_1_83' title='bbox 373 860 555 916; x_wconf 84' lang='grc' dir='ltr'><em>λεληθὸς</em></span> <span class='ocrx_word' id='word_1_84' title='bbox 588 862 868 918; x_wconf 76' lang='grc' dir='ltr'><strong>διεδίδρασκε·</strong></span> <span class='ocrx_word' id='word_1_85' title='bbox 920 862 996 918; x_wconf 88' lang='grc' dir='ltr'><strong>τὴν</strong></span> <span class='ocrx_word' id='word_1_86' title='bbox 1028 863 1074 906; x_wconf 79' lang='grc' dir='ltr'><strong>δὲ</strong></span> <span class='ocrx_word' id='word_1_87' title='bbox 1101 863 1258 918; x_wconf 79' lang='grc' dir='ltr'><em>μαθὼν</em></span> <span class='ocrx_word' id='word_1_88' title='bbox 1297 863 1638 922; x_wconf 81' lang='grc' dir='ltr'><em>εὐτρεπισθεΐσαν</em></span> 
     </span>
     <span class='ocr_line' id='line_1_11' title="bbox 103 924 1638 989; baseline 0.003 -17"><span class='ocrx_word' id='word_1_89' title='bbox 103 938 147 972; x_wconf 86' lang='grc'><strong>10</strong></span> <span class='ocrx_word' id='word_1_90' title='bbox 158 934 370 985; x_wconf 80' lang='grc' dir='ltr'><em>παρεῖναι,</em></span> <span class='ocrx_word' id='word_1_91' title='bbox 405 930 673 986; x_wconf 78' lang='grc' dir='ltr'><em>συγκαταβὰς</em></span> <span class='ocrx_word' id='word_1_92' title='bbox 693 937 779 981; x_wconf 83' lang='grc' dir='ltr'><em>τοῖς</em></span> <span class='ocrx_word' id='word_1_93' title='bbox 798 935 957 982; x_wconf 76' lang='grc' dir='ltr'><em>λοιποῖς</em></span> <span class='ocrx_word' id='word_1_94' title='bbox 980 936 1057 975; x_wconf 84' lang='grc' dir='ltr'><em>τοῦ</em></span> <span class='ocrx_word' id='word_1_95' title='bbox 1085 924 1208 989; x_wconf 69' lang='grc' dir='ltr'><em>ὅρους</em></span> <span class='ocrx_word' id='word_1_96' title='bbox 1239 932 1430 987; x_wconf 68' lang='grc' dir='ltr'><em>ἐπέβαινέ</em></span> <span class='ocrx_word' id='word_1_97' title='bbox 1445 951 1488 977; x_wconf 89' lang='grc' dir='ltr'><strong>τε</strong></span> <span class='ocrx_word' id='word_1_98' title='bbox 1506 936 1574 977; x_wconf 81' lang='grc' dir='ltr'><em>καὶ</em></span> <span class='ocrx_word' id='word_1_99' title='bbox 1596 936 1638 985; x_wconf 76' lang='grc' dir='ltr'><strong>ἔς</strong></span> 
     </span>
     <span class='ocr_line' id='line_1_12' title="bbox 158 996 1637 1058; baseline 0.005 -18"><span class='ocrx_word' id='word_1_100' title='bbox 158 996 602 1042; x_wconf 77' lang='grc' dir='ltr'><em>Κωνσταντινούπολιν</em></span> <span class='ocrx_word' id='word_1_101' title='bbox 641 997 869 1052; x_wconf 79' lang='grc' dir='ltr'><em>διεσώζετο.</em></span> <span class='ocrx_word' id='word_1_102' title='bbox 947 1001 990 1044; x_wconf 80' lang='grc' dir='ltr'><em>οἱ</em></span> <span class='ocrx_word' id='word_1_103' title='bbox 1025 1001 1070 1044; x_wconf 77' lang='grc' dir='ltr'><strong>δ’</strong></span> <span class='ocrx_word' id='word_1_104' title='bbox 1097 1001 1215 1046; x_wconf 70' lang='grc' dir='ltr'><em>ἄλλοι</em></span> <span class='ocrx_word' id='word_1_105' title='bbox 1250 1001 1637 1058; x_wconf 78' lang='grc' dir='ltr'><em>διασκεδαννύμενοι</em></span> 
     </span>
     <span class='ocr_line' id='line_1_13' title="bbox 154 1066 1688 1129; baseline 0.006 -21"><span class='ocrx_word' id='word_1_106' title='bbox 154 1071 369 1122; x_wconf 76' lang='grc' dir='ltr'><em>πανταχοῦ</em></span> <span class='ocrx_word' id='word_1_107' title='bbox 387 1071 462 1123; x_wconf 77' lang='grc' dir='ltr'><strong>τῆς</strong></span> <span class='ocrx_word' id='word_1_108' title='bbox 483 1066 653 1129; x_wconf 74' lang='grc' dir='ltr'><em>Θρᾴκης</em></span> <span class='ocrx_word' id='word_1_109' title='bbox 673 1069 713 1112; x_wconf 76' lang='grc' dir='ltr'><em>οἱ</em></span> <span class='ocrx_word' id='word_1_110' title='bbox 728 1070 805 1124; x_wconf 74' lang='grc' dir='ltr'><strong>μὲν</strong></span> <span class='ocrx_word' id='word_1_111' title='bbox 821 1067 1054 1126; x_wconf 80' lang='grc' dir='ltr'><em>ἡλίσκοντο,</em></span> <span class='ocrx_word' id='word_1_112' title='bbox 1093 1071 1133 1115; x_wconf 75' lang='grc' dir='ltr'><em>οἱ</em></span> <span class='ocrx_word' id='word_1_113' title='bbox 1153 1072 1199 1115; x_wconf 75' lang='grc' dir='ltr'><strong>δὲ</strong></span> <span class='ocrx_word' id='word_1_114' title='bbox 1217 1073 1260 1115; x_wconf 77' lang='grc' dir='ltr'><strong>ἔκ</strong></span> <span class='ocrx_word' id='word_1_115' title='bbox 1281 1075 1357 1115; x_wconf 78' lang='grc' dir='ltr'><strong>τοῦ</strong></span> <span class='ocrx_word' id='word_1_116' title='bbox 1376 1072 1489 1129; x_wconf 81' lang='grc' dir='ltr'><em>παρὰ</em></span> <span class='ocrx_word' id='word_1_117' title='bbox 1507 1070 1634 1125; x_wconf 82' lang='grc' dir='ltr'><em>δόξαν</em></span> <span class='ocrx_word' id='word_1_118' title='bbox 1656 1084 1688 1119; x_wconf 87' lang='lat' dir='ltr'>C</span> 
     </span>
     <span class='ocr_line' id='line_1_14' title="bbox 155 1133 1637 1196; baseline 0.005 -18"><span class='ocrx_word' id='word_1_119' title='bbox 155 1137 223 1178; x_wconf 79' lang='grc' dir='ltr'><em>καὶ</em></span> <span class='ocrx_word' id='word_1_120' title='bbox 243 1133 499 1190; x_wconf 76' lang='grc' dir='ltr'><em>διεσώζοντο.</em></span> <span class='ocrx_word' id='word_1_121' title='bbox 571 1138 612 1181; x_wconf 82' lang='grc' dir='ltr'><em>οἶ</em></span> <span class='ocrx_word' id='word_1_122' title='bbox 625 1138 766 1194; x_wconf 79' lang='grc' dir='ltr'><em>μέντοι</em></span> <span class='ocrx_word' id='word_1_123' title='bbox 782 1156 826 1196; x_wconf 78' lang='grc' dir='ltr'><strong>γε</strong></span> <span class='ocrx_word' id='word_1_124' title='bbox 847 1143 931 1183; x_wconf 86' lang='grc' dir='ltr'><strong>τῶν</strong></span> <span class='ocrx_word' id='word_1_125' title='bbox 952 1140 1110 1184; x_wconf 71' lang='grc' dir='ltr'><em>οἰκείων</em></span> <span class='ocrx_word' id='word_1_126' title='bbox 1118 1174 1133 1194; x_wconf 94' lang='grc'><em>,</em></span> <span class='ocrx_word' id='word_1_127' title='bbox 1170 1139 1232 1192; x_wconf 81' lang='grc' dir='ltr'><em>οἷς</em></span> <span class='ocrx_word' id='word_1_128' title='bbox 1263 1158 1307 1185; x_wconf 87' lang='grc' dir='ltr'><strong>τε</strong></span> <span class='ocrx_word' id='word_1_129' title='bbox 1325 1140 1371 1185; x_wconf 83' lang='grc' dir='ltr'><strong><em>τό</em></strong></span> <span class='ocrx_word' id='word_1_130' title='bbox 1400 1141 1536 1185; x_wconf 78' lang='grc' dir='ltr'><em>κοινὸν</em></span> <span class='ocrx_word' id='word_1_131' title='bbox 1558 1159 1637 1186; x_wconf 86' lang='grc' dir='ltr'><strong>τα-</strong></span> 
     </span>
     <span class='ocr_line' id='line_1_15' title="bbox 154 1205 1633 1268; baseline 0.005 -20"><span class='ocrx_word' id='word_1_132' title='bbox 154 1211 286 1260; x_wconf 85' lang='grc' dir='ltr'><em>μιεῖον</em></span> <span class='ocrx_word' id='word_1_133' title='bbox 316 1205 615 1263; x_wconf 73' lang='grc' dir='ltr'><em>ἐπετέτραπτο,</em></span> <span class='ocrx_word' id='word_1_134' title='bbox 663 1207 742 1251; x_wconf 74' lang='grc' dir='ltr'><strong>οὖν</strong></span> <span class='ocrx_word' id='word_1_135' title='bbox 767 1206 933 1260; x_wconf 78' lang='grc' dir='ltr'><em>τούτοις</em></span> <span class='ocrx_word' id='word_1_136' title='bbox 961 1211 1007 1253; x_wconf 75' lang='grc' dir='ltr'><strong>δὲ</strong></span> <span class='ocrx_word' id='word_1_137' title='bbox 1034 1211 1103 1252; x_wconf 78' lang='grc' dir='ltr'><em>καὶ</em></span> <span class='ocrx_word' id='word_1_138' title='bbox 1138 1210 1179 1254; x_wconf 79' lang='grc' dir='ltr'><em>οἱ</em></span> <span class='ocrx_word' id='word_1_139' title='bbox 1212 1210 1321 1268; x_wconf 75' lang='grc' dir='ltr'><strong>ἀμφὶ</strong></span> <span class='ocrx_word' id='word_1_140' title='bbox 1345 1210 1417 1254; x_wconf 84' lang='grc' dir='ltr'><strong>τὸν</strong></span> <span class='ocrx_word' id='word_1_141' title='bbox 1437 1209 1633 1266; x_wconf 81' lang='grc' dir='ltr'><em>σουλτάν,</em></span> 
     </span>
     <span class='ocr_line' id='line_1_16' title="bbox 102 1273 1639 1339; baseline 0.003 -20"><span class='ocrx_word' id='word_1_142' title='bbox 102 1273 233 1324; x_wconf 65' lang='lat'><strong>1518«,-</strong></span> <span class='ocrx_word' id='word_1_143' title='bbox 257 1278 342 1318; x_wconf 83' lang='grc' dir='ltr'><strong>τῶν</strong></span> <span class='ocrx_word' id='word_1_144' title='bbox 360 1275 526 1332; x_wconf 72' lang='grc' dir='ltr'><em>ἐχθρῶν</em></span> <span class='ocrx_word' id='word_1_145' title='bbox 544 1274 665 1332; x_wconf 85' lang='grc' dir='ltr'><em>μόλις</em></span> <span class='ocrx_word' id='word_1_146' title='bbox 692 1276 936 1335; x_wconf 75' lang='grc' dir='ltr'><em>διαδράντες</em></span> <span class='ocrx_word' id='word_1_147' title='bbox 960 1286 1125 1336; x_wconf 83' lang='grc' dir='ltr'><em>χεῖρας,</em></span> <span class='ocrx_word' id='word_1_148' title='bbox 1165 1279 1213 1324; x_wconf 84' lang='grc' dir='ltr'><strong>τὸ</strong></span> <span class='ocrx_word' id='word_1_149' title='bbox 1242 1285 1318 1336; x_wconf 83' lang='grc' dir='ltr'><strong>τῆς</strong></span> <span class='ocrx_word' id='word_1_150' title='bbox 1341 1279 1479 1323; x_wconf 76' lang='grc' dir='ltr'><em>Λῖνου</em></span> <span class='ocrx_word' id='word_1_151' title='bbox 1502 1278 1639 1339; x_wconf 65' lang='grc' dir='ltr'><em>φρού-</em></span> 
     </span>
     <span class='ocr_line' id='line_1_17' title="bbox 156 1341 1638 1405; baseline 0.004 -19"><span class='ocrx_word' id='word_1_152' title='bbox 156 1361 245 1400; x_wconf 85' lang='grc' dir='ltr'><em>ριον</em></span> <span class='ocrx_word' id='word_1_153' title='bbox 268 1341 534 1396; x_wconf 72' lang='grc' dir='ltr'><em>ὗπεισδιῖντες</em></span> <span class='ocrx_word' id='word_1_154' title='bbox 565 1350 648 1389; x_wconf 82' lang='grc' dir='ltr'><strong>τῶν</strong></span> <span class='ocrx_word' id='word_1_155' title='bbox 683 1348 826 1391; x_wconf 84' lang='grc' dir='ltr'><em>δεινῶν</em></span> <span class='ocrx_word' id='word_1_156' title='bbox 852 1347 1138 1393; x_wconf 74' lang='grc' dir='ltr'><em>ἀναπνέουσιν.</em></span> <span class='ocrx_word' id='word_1_157' title='bbox 1208 1348 1259 1392; x_wconf 81' lang='grc' dir='ltr'><em>οὗ</em></span> <span class='ocrx_word' id='word_1_158' title='bbox 1287 1348 1371 1405; x_wconf 88' lang='grc' dir='ltr'><strong>μὴν</strong></span> <span class='ocrx_word' id='word_1_159' title='bbox 1399 1350 1446 1392; x_wconf 75' lang='grc' dir='ltr'><strong>δὲ</strong></span> <span class='ocrx_word' id='word_1_160' title='bbox 1478 1351 1546 1392; x_wconf 76' lang='grc' dir='ltr'><em>καὶ</em></span> <span class='ocrx_word' id='word_1_161' title='bbox 1580 1351 1638 1401; x_wconf 76' lang='grc' dir='ltr'><strong>εἷς</strong></span> 
     </span>
     <span class='ocr_line' id='line_1_18' title="bbox 156 1409 1637 1472; baseline 0.005 -17"><span class='ocrx_word' id='word_1_162' title='bbox 156 1412 262 1456; x_wconf 71' lang='grc' dir='ltr'><em>πολὺ</em></span> <span class='ocrx_word' id='word_1_163' title='bbox 282 1414 424 1471; x_wconf 80' lang='grc' dir='ltr'><em>σφίσιν</em></span> <span class='ocrx_word' id='word_1_164' title='bbox 440 1409 535 1469; x_wconf 79' lang='grc' dir='ltr'><strong>ἦνῆ</strong></span> <span class='ocrx_word' id='word_1_165' title='bbox 557 1419 641 1458; x_wconf 84' lang='grc' dir='ltr'><strong>τῶν</strong></span> <span class='ocrx_word' id='word_1_166' title='bbox 664 1413 803 1460; x_wconf 87' lang='grc' dir='ltr'><em>πόνων</em></span> <span class='ocrx_word' id='word_1_167' title='bbox 842 1416 999 1471; x_wconf 76' lang='grc' dir='ltr'><em>ἄνεσις,</em></span> <span class='ocrx_word' id='word_1_168' title='bbox 1039 1416 1135 1460; x_wconf 78' lang='grc' dir='ltr'><em>ἀλλ’</em></span> <span class='ocrx_word' id='word_1_169' title='bbox 1175 1418 1318 1462; x_wconf 82' lang='grc' dir='ltr'><em>ε’κεΐνοι</em></span> <span class='ocrx_word' id='word_1_170' title='bbox 1341 1414 1555 1472; x_wconf 76' lang='grc' dir='ltr'><em>μαθόντες</em></span> <span class='ocrx_word' id='word_1_171' title='bbox 1582 1418 1637 1462; x_wconf 82' lang='grc' dir='ltr'><strong>τὰ</strong></span> 
     </span>
     <span class='ocr_line' id='line_1_19' title="bbox 155 1480 1638 1546; baseline 0.005 -22"><span class='ocrx_word' id='word_1_172' title='bbox 155 1483 245 1540; x_wconf 81' lang='grc' dir='ltr'><em>περὶ</em></span> <span class='ocrx_word' id='word_1_173' title='bbox 267 1482 340 1525; x_wconf 78' lang='grc' dir='ltr'><strong>τὸν</strong></span> <span class='ocrx_word' id='word_1_174' title='bbox 358 1480 563 1539; x_wconf 82' lang='grc' dir='ltr'><em>σουλτάν,</em></span> <span class='ocrx_word' id='word_1_175' title='bbox 597 1486 665 1527; x_wconf 78' lang='grc' dir='ltr'><em>καὶ</em></span> <span class='ocrx_word' id='word_1_176' title='bbox 689 1483 752 1528; x_wconf 81' lang='grc' dir='ltr'><strong>ὅτι</strong></span> <span class='ocrx_word' id='word_1_177' title='bbox 771 1489 823 1543; x_wconf 85' lang='grc' dir='ltr'><strong>τῇ</strong></span> <span class='ocrx_word' id='word_1_178' title='bbox 843 1486 964 1546; x_wconf 71' lang='grc' dir='ltr'><em>Αἴνῳ</em></span> <span class='ocrx_word' id='word_1_179' title='bbox 985 1485 1226 1544; x_wconf 74' lang='grc' dir='ltr'><em>προσμένει,</em></span> <span class='ocrx_word' id='word_1_180' title='bbox 1272 1485 1361 1542; x_wconf 80' lang='grc' dir='ltr'><em>ἅμα</em></span> <span class='ocrx_word' id='word_1_181' title='bbox 1384 1488 1430 1530; x_wconf 78' lang='grc' dir='ltr'><strong>δὲ</strong></span> <span class='ocrx_word' id='word_1_182' title='bbox 1459 1489 1527 1530; x_wconf 81' lang='grc' dir='ltr'><em>καὶ</em></span> <span class='ocrx_word' id='word_1_183' title='bbox 1547 1490 1638 1546; x_wconf 78' lang='grc' dir='ltr'><em>περὶ</em></span> 
     </span>
     <span class='ocr_line' id='line_1_20' title="bbox 154 1551 1692 1616; baseline 0.005 -22"><span class='ocrx_word' id='word_1_184' title='bbox 154 1555 239 1595; x_wconf 84' lang='grc' dir='ltr'><strong>τῶν</strong></span> <span class='ocrx_word' id='word_1_185' title='bbox 260 1551 399 1595; x_wconf 76' lang='grc' dir='ltr'><em>ἄλλων</em></span> <span class='ocrx_word' id='word_1_186' title='bbox 406 1585 419 1605; x_wconf 91' lang='grc'><em>,</em></span> <span class='ocrx_word' id='word_1_187' title='bbox 458 1553 584 1597; x_wconf 76' lang='grc' dir='ltr'><em>ἐκεῖσε</em></span> <span class='ocrx_word' id='word_1_188' title='bbox 603 1556 807 1610; x_wconf 82' lang='grc' dir='ltr'><em>πανδημεὶ</em></span> <span class='ocrx_word' id='word_1_189' title='bbox 826 1553 993 1609; x_wconf 77' lang='grc' dir='ltr'><em>συνάμα</em></span> <span class='ocrx_word' id='word_1_190' title='bbox 1010 1556 1078 1598; x_wconf 81' lang='grc' dir='ltr'><em>καὶ</em></span> <span class='ocrx_word' id='word_1_191' title='bbox 1100 1559 1160 1615; x_wconf 77' lang='grc' dir='ltr'><strong>τῷ</strong></span> <span class='ocrx_word' id='word_1_192' title='bbox 1183 1557 1489 1616; x_wconf 80' lang='grc' dir='ltr'><em>Κωνσταντίνῳ</em></span> <span class='ocrx_word' id='word_1_193' title='bbox 1508 1574 1637 1600; x_wconf 86' lang='grc' dir='ltr'><em>συνα-</em></span> <span class='ocrx_word' id='word_1_194' title='bbox 1660 1565 1692 1601; x_wconf 90' lang='lat' dir='ltr'>D</span> 
     </span>
     <span class='ocr_line' id='line_1_21' title="bbox 99 1621 1641 1683; baseline 0.005 -20"><span class='ocrx_word' id='word_1_195' title='bbox 99 1621 429 1679; x_wconf 65' lang='lat' dir='ltr'><strong>20390103e‘vuc</strong></span> <span class='ocrx_word' id='word_1_196' title='bbox 458 1622 534 1677; x_wconf 83' lang='grc' dir='ltr'><strong>τὴν</strong></span> <span class='ocrx_word' id='word_1_197' title='bbox 566 1621 684 1666; x_wconf 86' lang='grc' dir='ltr'><em>πόλιν</em></span> <span class='ocrx_word' id='word_1_198' title='bbox 711 1622 1011 1682; x_wconf 79' lang='grc' dir='ltr'><em>περιεκάθηντο</em></span> <span class='ocrx_word' id='word_1_199' title='bbox 1043 1626 1110 1668; x_wconf 80' lang='grc' dir='ltr'><em>καὶ</em></span> <span class='ocrx_word' id='word_1_200' title='bbox 1144 1625 1257 1668; x_wconf 81' lang='grc' dir='ltr'><em>δεινοὶ</em></span> <span class='ocrx_word' id='word_1_201' title='bbox 1291 1626 1481 1680; x_wconf 76' lang='grc' dir='ltr'><em>ἐποίουν,</em></span> <span class='ocrx_word' id='word_1_202' title='bbox 1520 1629 1641 1683; x_wconf 84' lang='grc' dir='ltr'><em>δῆλοι</em></span> 
     </span>
    </p>
   </div>
   <div class='ocr_carea' id='block_1_3' title="bbox 153 1788 1640 2906">
    <p class='ocr_par' dir='ltr' id='par_1_3' title="bbox 153 1788 1640 2906">
     <span class='ocr_line' id='line_1_22' title="bbox 156 1788 1637 1839; baseline 0.005 -17"><span class='ocrx_word' id='word_1_203' title='bbox 156 1788 253 1823; x_wconf 84' lang='lat' dir='ltr'><strong>exitii</strong></span> <span class='ocrx_word' id='word_1_204' title='bbox 275 1794 368 1826; x_wconf 88' lang='lat' dir='ltr'><strong>metu</strong></span> <span class='ocrx_word' id='word_1_205' title='bbox 401 1790 438 1825; x_wconf 90' lang='lat' dir='ltr'><strong>in</strong></span> <span class='ocrx_word' id='word_1_206' title='bbox 475 1791 615 1827; x_wconf 85' lang='lat' dir='ltr'><strong>exitium</strong></span> <span class='ocrx_word' id='word_1_207' title='bbox 651 1794 804 1828; x_wconf 85' lang='lat' dir='ltr'><strong>ruentes.</strong></span> <span class='ocrx_word' id='word_1_208' title='bbox 851 1791 987 1828; x_wconf 89' lang='lat' dir='ltr'><strong>tandem</strong></span> <span class='ocrx_word' id='word_1_209' title='bbox 1017 1793 1226 1839; x_wconf 80' lang='lat' dir='ltr'>aegerrime,</span> <span class='ocrx_word' id='word_1_210' title='bbox 1260 1793 1454 1830; x_wconf 85' lang='lat' dir='ltr'><strong>faventibus</strong></span> <span class='ocrx_word' id='word_1_211' title='bbox 1485 1794 1637 1830; x_wconf 89' lang='lat' dir='ltr'><strong>noctium</strong></span> 
     </span>
     <span class='ocr_line' id='line_1_23' title="bbox 155 1836 1638 1884; baseline 0.005 -15"><span class='ocrx_word' id='word_1_212' title='bbox 155 1836 328 1878; x_wconf 87' lang='lat' dir='ltr'><strong>tenebris,</strong></span> <span class='ocrx_word' id='word_1_213' title='bbox 351 1837 488 1872; x_wconf 85' lang='lat' dir='ltr'><strong>iuvante</strong></span> <span class='ocrx_word' id='word_1_214' title='bbox 522 1839 566 1873; x_wconf 92' lang='lat' dir='ltr'><strong>ad</strong></span> <span class='ocrx_word' id='word_1_215' title='bbox 599 1839 771 1875; x_wconf 87' lang='lat' dir='ltr'><strong>latendum</strong></span> <span class='ocrx_word' id='word_1_216' title='bbox 804 1839 984 1874; x_wconf 78' lang='lat' dir='ltr'><strong>solitudine</strong></span> <span class='ocrx_word' id='word_1_217' title='bbox 1006 1840 1139 1875; x_wconf 87' lang='lat' dir='ltr'><strong>callium</strong></span> <span class='ocrx_word' id='word_1_218' title='bbox 1162 1841 1351 1884; x_wconf 84' lang='lat' dir='ltr'><strong>inviorum,</strong></span> <span class='ocrx_word' id='word_1_219' title='bbox 1383 1843 1520 1876; x_wconf 89' lang='lat' dir='ltr'><strong>Ganum</strong></span> <span class='ocrx_word' id='word_1_220' title='bbox 1543 1853 1638 1876; x_wconf 90' lang='lat' dir='ltr'><strong>mou-</strong></span> 
     </span>
     <span class='ocr_line' id='line_1_24' title="bbox 155 1884 1640 1934; baseline 0.004 -18"><span class='ocrx_word' id='word_1_221' title='bbox 155 1885 225 1917; x_wconf 91' lang='lat' dir='ltr'><strong>tem</strong></span> <span class='ocrx_word' id='word_1_222' title='bbox 250 1884 448 1919; x_wconf 86' lang='lat' dir='ltr'>conscendit</span> <span class='ocrx_word' id='word_1_223' title='bbox 469 1884 675 1930; x_wconf 87' lang='lat' dir='ltr'><strong>imperator,</strong></span> <span class='ocrx_word' id='word_1_224' title='bbox 698 1885 831 1922; x_wconf 88' lang='lat' dir='ltr'><strong>relictis</strong></span> <span class='ocrx_word' id='word_1_225' title='bbox 854 1886 1054 1930; x_wconf 80' lang='lat' dir='ltr'><strong>comitibus,</strong></span> <span class='ocrx_word' id='word_1_226' title='bbox 1079 1892 1115 1921; x_wconf 90' lang='lat' dir='ltr'><strong>et</strong></span> <span class='ocrx_word' id='word_1_227' title='bbox 1136 1887 1203 1922; x_wconf 90' lang='lat' dir='ltr'><strong>sibi</strong></span> <span class='ocrx_word' id='word_1_228' title='bbox 1224 1893 1329 1933; x_wconf 87' lang='lat' dir='ltr'><strong>prout</strong></span> <span class='ocrx_word' id='word_1_229' title='bbox 1351 1888 1496 1934; x_wconf 90' lang='lat' dir='ltr'><strong>quisque</strong></span> <span class='ocrx_word' id='word_1_230' title='bbox 1518 1892 1640 1934; x_wconf 84' lang='lat' dir='ltr'><strong>posset</strong></span> 
     </span>
     <span class='ocr_line' id='line_1_25' title="bbox 154 1928 1638 1980; baseline 0.005 -18"><span class='ocrx_word' id='word_1_231' title='bbox 154 1928 256 1963; x_wconf 88' lang='lat' dir='ltr'><strong>iussis</strong></span> <span class='ocrx_word' id='word_1_232' title='bbox 279 1930 470 1966; x_wconf 89' lang='lat' dir='ltr'><strong>consulere.</strong></span> <span class='ocrx_word' id='word_1_233' title='bbox 517 1943 594 1966; x_wconf 89' lang='lat' dir='ltr'><strong>nam</strong></span> <span class='ocrx_word' id='word_1_234' title='bbox 618 1945 678 1967; x_wconf 87' lang='lat' dir='ltr'><strong>eos</strong></span> <span class='ocrx_word' id='word_1_235' title='bbox 701 1943 837 1968; x_wconf 86' lang='lat' dir='ltr'><strong>suorum</strong></span> <span class='ocrx_word' id='word_1_236' title='bbox 857 1932 917 1979; x_wconf 93' lang='lat' dir='ltr'><strong>qui</strong></span> <span class='ocrx_word' id='word_1_237' title='bbox 943 1945 1031 1979; x_wconf 87' lang='lat' dir='ltr'><strong>pone</strong></span> <span class='ocrx_word' id='word_1_238' title='bbox 1050 1935 1315 1969; x_wconf 80' lang='lat' dir='ltr'><strong>assectabantur</strong></span> <span class='ocrx_word' id='word_1_239' title='bbox 1333 1934 1444 1979; x_wconf 89' lang='lat' dir='ltr'><strong>magis</strong></span> <span class='ocrx_word' id='word_1_240' title='bbox 1459 1934 1638 1980; x_wconf 77' lang='lat' dir='ltr'>magisque</span> 
     </span>
     <span class='ocr_line' id='line_1_26' title="bbox 154 1974 1638 2027; baseline 0.004 -18"><span class='ocrx_word' id='word_1_241' title='bbox 154 1974 364 2021; x_wconf 74' lang='lat' dir='ltr'><strong>desperabat</strong></span> <span class='ocrx_word' id='word_1_242' title='bbox 385 1977 540 2023; x_wconf 85' lang='lat' dir='ltr'><strong>effugere</strong></span> <span class='ocrx_word' id='word_1_243' title='bbox 561 1990 664 2025; x_wconf 87' lang='lat' dir='ltr'><strong>posse</strong></span> <span class='ocrx_word' id='word_1_244' title='bbox 686 1990 806 2014; x_wconf 83' lang='lat' dir='ltr'><strong>manus</strong></span> <span class='ocrx_word' id='word_1_245' title='bbox 828 1979 988 2014; x_wconf 77' lang='lat' dir='ltr'><strong>hostium.</strong></span> <span class='ocrx_word' id='word_1_246' title='bbox 1034 1986 1135 2014; x_wconf 85' lang='lat' dir='ltr'><strong>erant</strong></span> <span class='ocrx_word' id='word_1_247' title='bbox 1165 1985 1279 2015; x_wconf 84' lang='lat' dir='ltr'><strong>autem</strong></span> <span class='ocrx_word' id='word_1_248' title='bbox 1310 1980 1346 2015; x_wconf 88' lang='lat' dir='ltr'><strong>hi</strong></span> <span class='ocrx_word' id='word_1_249' title='bbox 1369 1980 1428 2027; x_wconf 89' lang='lat' dir='ltr'><strong>qui</strong></span> <span class='ocrx_word' id='word_1_250' title='bbox 1452 1992 1575 2027; x_wconf 91' lang='lat' dir='ltr'><strong>penum</strong></span> <span class='ocrx_word' id='word_1_251' title='bbox 1600 1984 1638 2015; x_wconf 91' lang='lat' dir='ltr'><strong>et</strong></span> 
     </span>
     <span class='ocr_line' id='line_1_27' title="bbox 154 2021 1636 2076; baseline 0.004 -21"><span class='ocrx_word' id='word_1_252' title='bbox 154 2021 332 2076; x_wconf 76' lang='lat' dir='ltr'><strong>pamniam</strong></span> <span class='ocrx_word' id='word_1_253' title='bbox 365 2023 618 2068; x_wconf 79' lang='lat' dir='ltr'><strong>imperatoriam</strong></span> <span class='ocrx_word' id='word_1_254' title='bbox 654 2026 858 2072; x_wconf 84' lang='lat' dir='ltr'><strong>portabant,</strong></span> <span class='ocrx_word' id='word_1_255' title='bbox 892 2030 929 2060; x_wconf 86' lang='lat' dir='ltr'><strong>et</strong></span> <span class='ocrx_word' id='word_1_256' title='bbox 959 2026 1084 2061; x_wconf 88' lang='lat' dir='ltr'><strong>Sultan</strong></span> <span class='ocrx_word' id='word_1_257' title='bbox 1106 2027 1274 2066; x_wconf 78' lang='lat' dir='ltr'><strong>Azatinus</strong></span> <span class='ocrx_word' id='word_1_258' title='bbox 1302 2038 1378 2061; x_wconf 89' lang='lat' dir='ltr'><strong>cum</strong></span> <span class='ocrx_word' id='word_1_259' title='bbox 1401 2027 1484 2062; x_wconf 88' lang='lat' dir='ltr'><strong>suis.</strong></span> <span class='ocrx_word' id='word_1_260' title='bbox 1530 2039 1636 2072; x_wconf 89' lang='lat' dir='ltr'><strong>porro</strong></span> 
     </span>
     <span class='ocr_line' id='line_1_28' title="bbox 153 2070 1636 2118; baseline 0.005 -17"><span class='ocrx_word' id='word_1_261' title='bbox 153 2071 343 2114; x_wconf 69' lang='lat' dir='ltr'><strong>imperator</strong></span> <span class='ocrx_word' id='word_1_262' title='bbox 365 2070 424 2104; x_wconf 89' lang='lat' dir='ltr'><strong>ubi</strong></span> <span class='ocrx_word' id='word_1_263' title='bbox 447 2075 594 2106; x_wconf 88' lang='lat' dir='ltr'><strong>montem</strong></span> <span class='ocrx_word' id='word_1_264' title='bbox 616 2073 740 2115; x_wconf 87' lang='lat' dir='ltr'><strong>subiit,</strong></span> <span class='ocrx_word' id='word_1_265' title='bbox 764 2073 895 2107; x_wconf 78' lang='lat' dir='ltr'><strong>celeres</strong></span> <span class='ocrx_word' id='word_1_266' title='bbox 916 2071 1114 2107; x_wconf 85' lang='lat' dir='ltr'><strong>in&#39;diversa</strong></span> <span class='ocrx_word' id='word_1_267' title='bbox 1135 2073 1285 2116; x_wconf 86' lang='lat' dir='ltr'><strong>mittens,</strong></span> <span class='ocrx_word' id='word_1_268' title='bbox 1308 2073 1389 2107; x_wconf 88' lang='lat' dir='ltr'><strong>hinc</strong></span> <span class='ocrx_word' id='word_1_269' title='bbox 1410 2073 1545 2118; x_wconf 88' lang='lat' dir='ltr'><strong>quidem</strong></span> <span class='ocrx_word' id='word_1_270' title='bbox 1570 2073 1636 2108; x_wconf 82' lang='lat' dir='ltr'><strong>ho-</strong></span> 
     </span>
     <span class='ocr_line' id='line_1_29' title="bbox 155 2115 1635 2165; baseline 0.004 -17"><span class='ocrx_word' id='word_1_271' title='bbox 155 2118 229 2148; x_wconf 88' lang='lat' dir='ltr'><strong>stes</strong></span> <span class='ocrx_word' id='word_1_272' title='bbox 251 2115 478 2151; x_wconf 77' lang='lat' dir='ltr'><strong>adventantes</strong></span> <span class='ocrx_word' id='word_1_273' title='bbox 499 2118 763 2164; x_wconf 84' lang='lat' dir='ltr'><strong>speculabatur,</strong></span> <span class='ocrx_word' id='word_1_274' title='bbox 786 2119 977 2153; x_wconf 73' lang='lat' dir='ltr'><strong>attentione</strong></span> <span class='ocrx_word' id='word_1_275' title='bbox 1006 2130 1135 2154; x_wconf 88' lang='lat' dir='ltr'><strong>summa</strong></span> <span class='ocrx_word' id='word_1_276' title='bbox 1159 2125 1322 2165; x_wconf 85' lang='lat' dir='ltr'><strong>satagens</strong></span> <span class='ocrx_word' id='word_1_277' title='bbox 1345 2119 1456 2153; x_wconf 87' lang='lat' dir='ltr'><strong>latere</strong></span> <span class='ocrx_word' id='word_1_278' title='bbox 1478 2119 1573 2164; x_wconf 86' lang='lat' dir='ltr'><strong>ipsos</strong></span> <span class='ocrx_word' id='word_1_279' title='bbox 1597 2123 1635 2154; x_wconf 88' lang='lat' dir='ltr'><strong>et</strong></span> 
     </span>
     <span class='ocr_line' id='line_1_30' title="bbox 156 2159 1635 2211; baseline 0.005 -18"><span class='ocrx_word' id='word_1_280' title='bbox 156 2159 331 2205; x_wconf 78' lang='lat' dir='ltr'><strong>effugere,</strong></span> <span class='ocrx_word' id='word_1_281' title='bbox 355 2162 389 2196; x_wconf 84' lang='lat' dir='ltr'><strong>in</strong></span> <span class='ocrx_word' id='word_1_282' title='bbox 412 2163 511 2198; x_wconf 88' lang='lat' dir='ltr'><strong>aliam</strong></span> <span class='ocrx_word' id='word_1_283' title='bbox 533 2176 617 2200; x_wconf 86' lang='lat' dir='ltr'><strong>vero</strong></span> <span class='ocrx_word' id='word_1_284' title='bbox 639 2169 774 2211; x_wconf 86' lang='lat' dir='ltr'><strong>partem</strong></span> <span class='ocrx_word' id='word_1_285' title='bbox 795 2165 919 2200; x_wconf 87' lang='lat' dir='ltr'><strong>missos</strong></span> <span class='ocrx_word' id='word_1_286' title='bbox 943 2177 1067 2200; x_wconf 86' lang='lat' dir='ltr'><strong>curare</strong></span> <span class='ocrx_word' id='word_1_287' title='bbox 1088 2165 1269 2211; x_wconf 81' lang='lat' dir='ltr'><strong>diligenter</strong></span> <span class='ocrx_word' id='word_1_288' title='bbox 1291 2165 1392 2199; x_wconf 86' lang='lat' dir='ltr'><strong>iussit</strong></span> <span class='ocrx_word' id='word_1_289' title='bbox 1421 2169 1461 2199; x_wconf 92' lang='lat' dir='ltr'><strong>ut</strong></span> <span class='ocrx_word' id='word_1_290' title='bbox 1485 2165 1635 2201; x_wconf 84' lang='lat' dir='ltr'><strong>triremis</strong></span> 
     </span>
     <span class='ocr_line' id='line_1_31' title="bbox 157 2206 1635 2258; baseline 0.005 -19"><span class='ocrx_word' id='word_1_291' title='bbox 157 2217 259 2252; x_wconf 88' lang='lat' dir='ltr'><strong>quam</strong></span> <span class='ocrx_word' id='word_1_292' title='bbox 282 2206 424 2252; x_wconf 87' lang='lat' dir='ltr'><strong>primum</strong></span> <span class='ocrx_word' id='word_1_293' title='bbox 447 2215 664 2255; x_wconf 89' lang='lat' dir='ltr'><strong>occurreret,</strong></span> <span class='ocrx_word' id='word_1_294' title='bbox 693 2211 802 2247; x_wconf 89' lang='lat' dir='ltr'><strong>monti</strong></span> <span class='ocrx_word' id='word_1_295' title='bbox 832 2223 901 2258; x_wconf 88' lang='lat' dir='ltr'><strong>qua</strong></span> <span class='ocrx_word' id='word_1_296' title='bbox 923 2223 1018 2247; x_wconf 89' lang='lat' dir='ltr'><strong>mare</strong></span> <span class='ocrx_word' id='word_1_297' title='bbox 1040 2213 1153 2257; x_wconf 89' lang='lat' dir='ltr'><strong>tangit</strong></span> <span class='ocrx_word' id='word_1_298' title='bbox 1174 2212 1352 2247; x_wconf 79' lang='lat' dir='ltr'><strong>confestim</strong></span> <span class='ocrx_word' id='word_1_299' title='bbox 1374 2223 1413 2246; x_wconf 89' lang='lat' dir='ltr'><strong>se</strong></span> <span class='ocrx_word' id='word_1_300' title='bbox 1436 2211 1635 2249; x_wconf 83' lang='lat' dir='ltr'><strong>admovens.</strong></span> 
     </span>
     <span class='ocr_line' id='line_1_32' title="bbox 158 2253 1634 2305; baseline 0.005 -20"><span class='ocrx_word' id='word_1_301' title='bbox 158 2257 195 2286; x_wconf 88' lang='lat' dir='ltr'><strong>et</strong></span> <span class='ocrx_word' id='word_1_302' title='bbox 218 2253 335 2287; x_wconf 85' lang='lat' dir='ltr'><strong>hostes</strong></span> <span class='ocrx_word' id='word_1_303' title='bbox 358 2254 495 2299; x_wconf 88' lang='lat' dir='ltr'><strong>quidem</strong></span> <span class='ocrx_word' id='word_1_304' title='bbox 517 2268 595 2291; x_wconf 84' lang='lat' dir='ltr'><strong>mox</strong></span> <span class='ocrx_word' id='word_1_305' title='bbox 624 2261 832 2305; x_wconf 83' lang='lat' dir='ltr'><strong>apparentes</strong></span> <span class='ocrx_word' id='word_1_306' title='bbox 865 2258 974 2293; x_wconf 91' lang='lat' dir='ltr'><strong>locum</strong></span> <span class='ocrx_word' id='word_1_307' title='bbox 1007 2270 1051 2294; x_wconf 84' lang='lat' dir='ltr'><strong>ex</strong></span> <span class='ocrx_word' id='word_1_308' title='bbox 1083 2259 1158 2294; x_wconf 91' lang='lat' dir='ltr'><strong>loco</strong></span> <span class='ocrx_word' id='word_1_309' title='bbox 1190 2264 1326 2293; x_wconf 83' lang='lat' dir='ltr'><strong>mutans</strong></span> <span class='ocrx_word' id='word_1_310' title='bbox 1349 2258 1496 2292; x_wconf 86' lang='lat' dir='ltr'><strong>solerter</strong></span> <span class='ocrx_word' id='word_1_311' title='bbox 1518 2258 1634 2301; x_wconf 89' lang='lat' dir='ltr'><strong>elusit,</strong></span> 
     </span>
     <span class='ocr_line' id='line_1_33' title="bbox 158 2300 1633 2351; baseline 0.005 -18"><span class='ocrx_word' id='word_1_312' title='bbox 158 2310 331 2344; x_wconf 88' lang='lat' dir='ltr'><strong>nunquam</strong></span> <span class='ocrx_word' id='word_1_313' title='bbox 351 2300 395 2335; x_wconf 90' lang='lat' dir='ltr'><strong>iis</strong></span> <span class='ocrx_word' id='word_1_314' title='bbox 421 2301 488 2336; x_wconf 86' lang='lat' dir='ltr'><strong>etsi</strong></span> <span class='ocrx_word' id='word_1_315' title='bbox 510 2303 677 2339; x_wconf 84' lang='lat' dir='ltr'><strong>acerrime</strong></span> <span class='ocrx_word' id='word_1_316' title='bbox 698 2305 939 2350; x_wconf 84' lang='lat' dir='ltr'><strong>indagantibus</strong></span> <span class='ocrx_word' id='word_1_317' title='bbox 963 2310 1177 2351; x_wconf 87' lang='lat' dir='ltr'><strong>conspectus.</strong></span> <span class='ocrx_word' id='word_1_318' title='bbox 1224 2306 1395 2339; x_wconf 86' lang='lat' dir='ltr'><strong>triremem</strong></span> <span class='ocrx_word' id='word_1_319' title='bbox 1419 2309 1532 2339; x_wconf 86' lang='lat' dir='ltr'><strong>autem</strong></span> <span class='ocrx_word' id='word_1_320' title='bbox 1557 2316 1633 2340; x_wconf 89' lang='lat' dir='ltr'><strong>cum</strong></span> 
     </span>
     <span class='ocr_line' id='line_1_34' title="bbox 158 2345 1635 2397; baseline 0.005 -19"><span class='ocrx_word' id='word_1_321' title='bbox 158 2345 375 2389; x_wconf 84' lang='lat' dir='ltr'><strong>cognovisset</strong></span> <span class='ocrx_word' id='word_1_322' title='bbox 395 2347 597 2384; x_wconf 86' lang='lat' dir='ltr'><strong>instructam</strong></span> <span class='ocrx_word' id='word_1_323' title='bbox 620 2355 760 2395; x_wconf 87' lang='lat' dir='ltr'><strong>praesto</strong></span> <span class='ocrx_word' id='word_1_324' title='bbox 783 2362 860 2385; x_wconf 86' lang='lat' dir='ltr'><strong>esse</strong></span> <span class='ocrx_word' id='word_1_325' title='bbox 883 2351 928 2385; x_wconf 89' lang='lat' dir='ltr'><strong>ad</strong></span> <span class='ocrx_word' id='word_1_326' title='bbox 950 2351 1166 2396; x_wconf 88' lang='lat' dir='ltr'><strong>designatum</strong></span> <span class='ocrx_word' id='word_1_327' title='bbox 1189 2351 1309 2395; x_wconf 86' lang='lat' dir='ltr'><strong>littus,</strong></span> <span class='ocrx_word' id='word_1_328' title='bbox 1333 2363 1375 2385; x_wconf 90' lang='lat' dir='ltr'><strong>eo</strong></span> <span class='ocrx_word' id='word_1_329' title='bbox 1399 2362 1475 2385; x_wconf 91' lang='lat' dir='ltr'><strong>cum</strong></span> <span class='ocrx_word' id='word_1_330' title='bbox 1502 2351 1635 2397; x_wconf 82' lang='lat' dir='ltr'><strong>exiguis</strong></span> 
     </span>
     <span class='ocr_line' id='line_1_35' title="bbox 159 2391 1637 2443; baseline 0.005 -19"><span class='ocrx_word' id='word_1_331' title='bbox 159 2391 340 2426; x_wconf 87' lang='lat' dir='ltr'><strong>comitatus</strong></span> <span class='ocrx_word' id='word_1_332' title='bbox 364 2393 487 2439; x_wconf 84' lang='lat' dir='ltr'><strong>dilapsi</strong></span> <span class='ocrx_word' id='word_1_333' title='bbox 509 2395 660 2441; x_wconf 86' lang='lat' dir='ltr'><strong>reliquiis</strong></span> <span class='ocrx_word' id='word_1_334' title='bbox 683 2397 894 2432; x_wconf 86' lang='lat' dir='ltr'><strong>descendens</strong></span> <span class='ocrx_word' id='word_1_335' title='bbox 923 2409 944 2431; x_wconf 89' lang='lat' dir='ltr'><strong>e</strong></span> <span class='ocrx_word' id='word_1_336' title='bbox 965 2403 1079 2432; x_wconf 90' lang='lat' dir='ltr'><strong>monte</strong></span> <span class='ocrx_word' id='word_1_337' title='bbox 1103 2397 1302 2432; x_wconf 88' lang='lat' dir='ltr'><strong>conscendit</strong></span> <span class='ocrx_word' id='word_1_338' title='bbox 1334 2398 1370 2432; x_wconf 88' lang='lat' dir='ltr'><strong>in</strong></span> <span class='ocrx_word' id='word_1_339' title='bbox 1392 2401 1549 2443; x_wconf 85' lang='lat' dir='ltr'><strong>paratam</strong></span> <span class='ocrx_word' id='word_1_340' title='bbox 1573 2410 1637 2432; x_wconf 87' lang='lat' dir='ltr'><strong>na-</strong></span> 
     </span>
     <span class='ocr_line' id='line_1_36' title="bbox 157 2437 1636 2490; baseline 0.005 -19"><span class='ocrx_word' id='word_1_341' title='bbox 157 2437 239 2480; x_wconf 82' lang='lat' dir='ltr'><strong>vim,</strong></span> <span class='ocrx_word' id='word_1_342' title='bbox 264 2441 300 2472; x_wconf 90' lang='lat' dir='ltr'><strong>et</strong></span> <span class='ocrx_word' id='word_1_343' title='bbox 320 2438 370 2473; x_wconf 90' lang='lat' dir='ltr'><strong>sic</strong></span> <span class='ocrx_word' id='word_1_344' title='bbox 393 2440 721 2488; x_wconf 88' lang='lat' dir='ltr'><strong>Constantinopolim</strong></span> <span class='ocrx_word' id='word_1_345' title='bbox 740 2444 856 2478; x_wconf 82' lang='lat' dir='ltr'><strong>salvus</strong></span> <span class='ocrx_word' id='word_1_346' title='bbox 876 2444 999 2478; x_wconf 87' lang='lat' dir='ltr'><strong>tenuit.</strong></span> <span class='ocrx_word' id='word_1_347' title='bbox 1046 2444 1104 2479; x_wconf 92' lang='lat' dir='ltr'><strong>alii</strong></span> <span class='ocrx_word' id='word_1_348' title='bbox 1128 2443 1253 2490; x_wconf 87' lang='lat' dir='ltr'><strong>passim</strong></span> <span class='ocrx_word' id='word_1_349' title='bbox 1273 2444 1417 2490; x_wconf 83' lang='lat' dir='ltr'><strong>dispersi</strong></span> <span class='ocrx_word' id='word_1_350' title='bbox 1434 2455 1499 2489; x_wconf 86' lang='lat' dir='ltr'><strong>per</strong></span> <span class='ocrx_word' id='word_1_351' title='bbox 1520 2445 1636 2479; x_wconf 87' lang='lat' dir='ltr'><strong>Thra-</strong></span> 
     </span>
     <span class='ocr_line' id='line_1_37' title="bbox 158 2483 1633 2536; baseline 0.005 -18"><span class='ocrx_word' id='word_1_352' title='bbox 158 2483 244 2519; x_wconf 89' lang='lat' dir='ltr'><strong>ciam</strong></span> <span class='ocrx_word' id='word_1_353' title='bbox 267 2486 394 2530; x_wconf 86' lang='lat' dir='ltr'><strong>partim</strong></span> <span class='ocrx_word' id='word_1_354' title='bbox 426 2487 519 2532; x_wconf 88' lang='lat' dir='ltr'><strong>capti</strong></span> <span class='ocrx_word' id='word_1_355' title='bbox 550 2494 650 2530; x_wconf 84' lang='lat' dir='ltr'><strong>sunt,</strong></span> <span class='ocrx_word' id='word_1_356' title='bbox 683 2490 807 2536; x_wconf 87' lang='lat' dir='ltr'><strong>partim</strong></span> <span class='ocrx_word' id='word_1_357' title='bbox 840 2495 981 2536; x_wconf 80' lang='lat' dir='ltr'><strong>praeter</strong></span> <span class='ocrx_word' id='word_1_358' title='bbox 1013 2490 1203 2536; x_wconf 88' lang='lat' dir='ltr'><strong>opinionem</strong></span> <span class='ocrx_word' id='word_1_359' title='bbox 1224 2490 1410 2525; x_wconf 84' lang='lat' dir='ltr'><strong>incolumes</strong></span> <span class='ocrx_word' id='word_1_360' title='bbox 1433 2494 1633 2526; x_wconf 79' lang='lat' dir='ltr'><strong>evaserunt.</strong></span> 
     </span>
     <span class='ocr_line' id='line_1_38' title="bbox 158 2530 1636 2583; baseline 0.005 -19"><span class='ocrx_word' id='word_1_361' title='bbox 158 2534 198 2564; x_wconf 88' lang='lat' dir='ltr'><strong>at</strong></span> <span class='ocrx_word' id='word_1_362' title='bbox 227 2530 277 2565; x_wconf 81' lang='lat' dir='ltr'><strong>illi</strong></span> <span class='ocrx_word' id='word_1_363' title='bbox 305 2531 567 2568; x_wconf 87' lang='lat' dir='ltr'><strong>domesticorum</strong></span> <span class='ocrx_word' id='word_1_364' title='bbox 598 2534 724 2580; x_wconf 86' lang='lat' dir='ltr'><strong>quibus</strong></span> <span class='ocrx_word' id='word_1_365' title='bbox 755 2540 833 2570; x_wconf 90' lang='lat' dir='ltr'><strong>erat</strong></span> <span class='ocrx_word' id='word_1_366' title='bbox 859 2536 1098 2582; x_wconf 86' lang='lat' dir='ltr'><strong>imperatoriae</strong></span> <span class='ocrx_word' id='word_1_367' title='bbox 1120 2537 1368 2583; x_wconf 87' lang='lat' dir='ltr'><strong>suppellectilis</strong></span> <span class='ocrx_word' id='word_1_368' title='bbox 1397 2541 1435 2571; x_wconf 86' lang='lat' dir='ltr'><strong>et</strong></span> <span class='ocrx_word' id='word_1_369' title='bbox 1470 2536 1636 2583; x_wconf 86' lang='lat' dir='ltr'><strong>pecuniae</strong></span> 
     </span>
     <span class='ocr_line' id='line_1_39' title="bbox 158 2576 1638 2628; baseline 0.005 -18"><span class='ocrx_word' id='word_1_370' title='bbox 158 2576 363 2613; x_wconf 80' lang='lat' dir='ltr'><strong>deferendae</strong></span> <span class='ocrx_word' id='word_1_371' title='bbox 385 2591 470 2614; x_wconf 87' lang='lat' dir='ltr'><strong>cura</strong></span> <span class='ocrx_word' id='word_1_372' title='bbox 492 2580 692 2623; x_wconf 86' lang='lat' dir='ltr'><strong>commissa,</strong></span> <span class='ocrx_word' id='word_1_373' title='bbox 716 2582 934 2625; x_wconf 88' lang='lat' dir='ltr'><strong>quibuscum,</strong></span> <span class='ocrx_word' id='word_1_374' title='bbox 956 2587 996 2616; x_wconf 88' lang='lat' dir='ltr'><strong>ut</strong></span> <span class='ocrx_word' id='word_1_375' title='bbox 1018 2585 1072 2617; x_wconf 85' lang='lat' dir='ltr'><strong>est</strong></span> <span class='ocrx_word' id='word_1_376' title='bbox 1093 2583 1242 2626; x_wconf 89' lang='lat' dir='ltr'><strong>dictum,</strong></span> <span class='ocrx_word' id='word_1_377' title='bbox 1266 2584 1390 2618; x_wconf 85' lang='lat' dir='ltr'><strong>Sultan</strong></span> <span class='ocrx_word' id='word_1_378' title='bbox 1413 2583 1506 2628; x_wconf 89' lang='lat' dir='ltr'><strong>ibat,</strong></span> <span class='ocrx_word' id='word_1_379' title='bbox 1532 2594 1638 2628; x_wconf 80' lang='lat' dir='ltr'><strong>aegre</strong></span> 
     </span>
     <span class='ocr_line' id='line_1_40' title="bbox 158 2623 1636 2676; baseline 0.005 -20"><span class='ocrx_word' id='word_1_380' title='bbox 158 2623 317 2658; x_wconf 87' lang='lat' dir='ltr'><strong>manibus</strong></span> <span class='ocrx_word' id='word_1_381' title='bbox 351 2625 497 2661; x_wconf 85' lang='lat' dir='ltr'><strong>hostium</strong></span> <span class='ocrx_word' id='word_1_382' title='bbox 530 2627 638 2674; x_wconf 87' lang='lat' dir='ltr'><strong>elapsi</strong></span> <span class='ocrx_word' id='word_1_383' title='bbox 671 2629 760 2662; x_wconf 91' lang='lat' dir='ltr'><strong>Aeni</strong></span> <span class='ocrx_word' id='word_1_384' title='bbox 799 2639 913 2663; x_wconf 90' lang='lat' dir='ltr'><strong>arcem</strong></span> <span class='ocrx_word' id='word_1_385' title='bbox 955 2629 1140 2664; x_wconf 82' lang='lat' dir='ltr'><strong>subeuntes</strong></span> <span class='ocrx_word' id='word_1_386' title='bbox 1170 2630 1342 2676; x_wconf 85' lang='lat' dir='ltr'><strong>paululum</strong></span> <span class='ocrx_word' id='word_1_387' title='bbox 1373 2641 1395 2664; x_wconf 85' lang='lat' dir='ltr'><strong>a</strong></span> <span class='ocrx_word' id='word_1_388' title='bbox 1425 2629 1636 2675; x_wconf 85' lang='lat' dir='ltr'><strong>gravissimis</strong></span> 
     </span>
     <span class='ocr_line' id='line_1_41' title="bbox 158 2670 1633 2722; baseline 0.004 -19"><span class='ocrx_word' id='word_1_389' title='bbox 158 2670 328 2705; x_wconf 85' lang='lat' dir='ltr'><strong>aerumnis</strong></span> <span class='ocrx_word' id='word_1_390' title='bbox 350 2672 573 2718; x_wconf 78' lang='lat' dir='ltr'><strong>respiratunt.</strong></span> <span class='ocrx_word' id='word_1_391' title='bbox 621 2674 682 2708; x_wconf 88' lang='lat' dir='ltr'><strong>sed</strong></span> <span class='ocrx_word' id='word_1_392' title='bbox 706 2686 772 2709; x_wconf 91' lang='lat' dir='ltr'><strong>non</strong></span> <span class='ocrx_word' id='word_1_393' title='bbox 794 2674 896 2720; x_wconf 87' lang='lat' dir='ltr'><strong>longa</strong></span> <span class='ocrx_word' id='word_1_394' title='bbox 918 2674 986 2710; x_wconf 86' lang='lat' dir='ltr'><strong>illis</strong></span> <span class='ocrx_word' id='word_1_395' title='bbox 1008 2676 1152 2722; x_wconf 89' lang='lat' dir='ltr'><strong>contigit</strong></span> <span class='ocrx_word' id='word_1_396' title='bbox 1172 2676 1327 2711; x_wconf 79' lang='lat' dir='ltr'><strong>remissio</strong></span> <span class='ocrx_word' id='word_1_397' title='bbox 1345 2676 1509 2710; x_wconf 88' lang='lat' dir='ltr'><strong>laborum.</strong></span> <span class='ocrx_word' id='word_1_398' title='bbox 1555 2686 1633 2721; x_wconf 86' lang='lat' dir='ltr'><strong>nam</strong></span> 
     </span>
     <span class='ocr_line' id='line_1_42' title="bbox 158 2714 1636 2763; baseline 0.004 -14"><span class='ocrx_word' id='word_1_399' title='bbox 158 2714 275 2750; x_wconf 83' lang='lat' dir='ltr'><strong>hostes</strong></span> <span class='ocrx_word' id='word_1_400' title='bbox 303 2718 441 2763; x_wconf 90' lang='lat' dir='ltr'><strong>cognito</strong></span> <span class='ocrx_word' id='word_1_401' title='bbox 465 2719 509 2754; x_wconf 91' lang='lat' dir='ltr'><strong>de</strong></span> <span class='ocrx_word' id='word_1_402' title='bbox 532 2720 676 2756; x_wconf 85' lang='lat' dir='ltr'><strong>Sultane</strong></span> <span class='ocrx_word' id='word_1_403' title='bbox 699 2721 757 2756; x_wconf 91' lang='lat' dir='ltr'><strong>ubi</strong></span> <span class='ocrx_word' id='word_1_404' title='bbox 781 2728 899 2762; x_wconf 86' lang='lat' dir='ltr'><strong>esset,</strong></span> <span class='ocrx_word' id='word_1_405' title='bbox 923 2726 960 2755; x_wconf 91' lang='lat' dir='ltr'><strong>et</strong></span> <span class='ocrx_word' id='word_1_406' title='bbox 983 2734 1058 2757; x_wconf 90' lang='lat' dir='ltr'><strong>eum</strong></span> <span class='ocrx_word' id='word_1_407' title='bbox 1081 2734 1156 2758; x_wconf 90' lang='lat' dir='ltr'><strong>cum</strong></span> <span class='ocrx_word' id='word_1_408' title='bbox 1180 2723 1258 2758; x_wconf 87' lang='lat' dir='ltr'><strong>aliis</strong></span> <span class='ocrx_word' id='word_1_409' title='bbox 1280 2723 1317 2757; x_wconf 91' lang='lat' dir='ltr'><strong>in</strong></span> <span class='ocrx_word' id='word_1_410' title='bbox 1341 2723 1426 2756; x_wconf 80' lang='lat' dir='ltr'><strong>Aeni</strong></span> <span class='ocrx_word' id='word_1_411' title='bbox 1449 2733 1531 2756; x_wconf 86' lang='lat' dir='ltr'><strong>arce</strong></span> <span class='ocrx_word' id='word_1_412' title='bbox 1554 2733 1636 2756; x_wconf 85' lang='lat' dir='ltr'><strong>ver-</strong></span> 
     </span>
     <span class='ocr_line' id='line_1_43' title="bbox 158 2761 1636 2813; baseline 0.003 -17"><span class='ocrx_word' id='word_1_413' title='bbox 158 2761 248 2806; x_wconf 85' lang='lat' dir='ltr'><strong>sari,</strong></span> <span class='ocrx_word' id='word_1_414' title='bbox 274 2765 390 2799; x_wconf 88' lang='lat' dir='ltr'><strong>statim</strong></span> <span class='ocrx_word' id='word_1_415' title='bbox 414 2767 614 2812; x_wconf 87' lang='lat' dir='ltr'><strong>congregati</strong></span> <span class='ocrx_word' id='word_1_416' title='bbox 638 2779 712 2802; x_wconf 91' lang='lat' dir='ltr'><strong>cum</strong></span> <span class='ocrx_word' id='word_1_417' title='bbox 738 2767 962 2802; x_wconf 87' lang='lat' dir='ltr'><strong>Constantino</strong></span> <span class='ocrx_word' id='word_1_418' title='bbox 995 2769 1149 2804; x_wconf 82' lang='lat' dir='ltr'><strong>universi</strong></span> <span class='ocrx_word' id='word_1_419' title='bbox 1171 2770 1290 2804; x_wconf 88' lang='lat' dir='ltr'><strong>urbem</strong></span> <span class='ocrx_word' id='word_1_420' title='bbox 1313 2768 1540 2810; x_wconf 86' lang='lat' dir='ltr'><strong>obsederunt,</strong></span> <span class='ocrx_word' id='word_1_421' title='bbox 1571 2779 1636 2813; x_wconf 87' lang='lat' dir='ltr'><strong>op-</strong></span> 
     </span>
     <span class='ocr_line' id='line_1_44' title="bbox 159 2813 1637 2863; baseline 0.003 -21"><span class='ocrx_word' id='word_1_422' title='bbox 159 2815 351 2853; x_wconf 82' lang='lat' dir='ltr'><strong>pugnantes</strong></span> <span class='ocrx_word' id='word_1_423' title='bbox 373 2822 475 2857; x_wconf 87' lang='lat' dir='ltr'><strong>quam</strong></span> <span class='ocrx_word' id='word_1_424' title='bbox 498 2818 661 2858; x_wconf 88' lang='lat' dir='ltr'><strong>poterant</strong></span> <span class='ocrx_word' id='word_1_425' title='bbox 681 2813 902 2856; x_wconf 85' lang='lat' dir='ltr'><strong>ferocissime,</strong></span> <span class='ocrx_word' id='word_1_426' title='bbox 926 2826 969 2849; x_wconf 82' lang='lat' dir='ltr'><strong>ac</strong></span> <span class='ocrx_word' id='word_1_427' title='bbox 985 2815 1088 2863; x_wconf 88' lang='lat' dir='ltr'><strong>plane</strong></span> <span class='ocrx_word' id='word_1_428' title='bbox 1110 2827 1195 2862; x_wconf 88' lang='lat' dir='ltr'><strong>prae</strong></span> <span class='ocrx_word' id='word_1_429' title='bbox 1214 2827 1253 2850; x_wconf 85' lang='lat' dir='ltr'><strong>se</strong></span> <span class='ocrx_word' id='word_1_430' title='bbox 1267 2817 1419 2850; x_wconf 77' lang='lat' dir='ltr'><strong>ferentes</strong></span> <span class='ocrx_word' id='word_1_431' title='bbox 1441 2814 1637 2848; x_wconf 84' lang='lat' dir='ltr'><strong>destructu-</strong></span> 
     </span>
     <span class='ocr_line' id='line_1_45' title="bbox 158 2857 1632 2906; baseline 0.004 -18"><span class='ocrx_word' id='word_1_432' title='bbox 158 2865 216 2888; x_wconf 83' lang='lat' dir='ltr'><strong>ros</strong></span> <span class='ocrx_word' id='word_1_433' title='bbox 237 2866 275 2890; x_wconf 87' lang='lat' dir='ltr'><strong>se</strong></span> <span class='ocrx_word' id='word_1_434' title='bbox 302 2857 462 2903; x_wconf 84' lang='lat' dir='ltr'><strong>oppidum</strong></span> <span class='ocrx_word' id='word_1_435' title='bbox 485 2870 560 2895; x_wconf 91' lang='lat' dir='ltr'><strong>cum</strong></span> <span class='ocrx_word' id='word_1_436' title='bbox 584 2871 676 2895; x_wconf 88' lang='lat' dir='ltr'><strong>arce.</strong></span> <span class='ocrx_word' id='word_1_437' title='bbox 723 2871 849 2896; x_wconf 86' lang='lat' dir='ltr'><strong>corona</strong></span> <span class='ocrx_word' id='word_1_438' title='bbox 870 2860 978 2906; x_wconf 85' lang='lat' dir='ltr'><strong>igitur</strong></span> <span class='ocrx_word' id='word_1_439' title='bbox 1000 2861 1146 2898; x_wconf 84' lang='lat' dir='ltr'><strong>cinctam</strong></span> <span class='ocrx_word' id='word_1_440' title='bbox 1168 2861 1385 2897; x_wconf 85' lang='lat' dir='ltr'><strong>munitionem</strong></span> <span class='ocrx_word' id='word_1_441' title='bbox 1408 2860 1546 2906; x_wconf 85' lang='lat' dir='ltr'><strong>sagittis</strong></span> <span class='ocrx_word' id='word_1_442' title='bbox 1568 2871 1632 2894; x_wconf 81' lang='lat' dir='ltr'><strong>un·</strong></span> 
     </span>
    </p>
   </div>
  </div>
 </body>
</html>
