1884 3262
429 196 507 238 DE
541 194 822 239 MICHAELE
855 192 1235 238 PALAEOLOGO
1270 194 1319 237 L.
1345 191 1423 238 lv.
1562 191 1660 238 315

186 312 252 356 καὶ
269 304 393 360 οὗτος
412 308 519 352 ἴδιον
545 310 682 364 μεῖζον
701 312 776 352 τοῦ
813 305 1122 364 προλαβόντος·
1158 309 1306 357 ἐκεῖνος
1321 306 1397 361 μὲν
1413 305 1493 363 γὰρ
1512 309 1565 364 τῇ
1587 323 1664 360 με·

184 381 352 425 ταθέσει
371 378 644 435 προσέκρουεν
655 411 668 431 ,
703 376 724 420 ὃ
750 377 795 420 d’
813 377 967 433 Ἰωσὴφ
985 382 1043 436 τῷ
1065 370 1148 420 ἀπὸ
1177 381 1253 419 τοῦ
1279 374 1535 433 πατριάρχου
1554 374 1666 432 ἀφο-

187 453 346 506 ρισμῷ,
382 448 430 491 ὃν
461 447 705 504 ἀφωρίσθαι
736 448 802 490 ἐπὶ
828 452 887 504 τῷ
915 446 974 501 μὴ
999 446 1071 489 τὸν
1098 446 1272 500 βασιλέα
1305 447 1363 494 εἷς
1390 444 1665 499 πνευματικὴν

185 516 359 573 υἱότητα
382 518 590 572 δέχεσθαι.
662 516 702 559 οἱ
727 515 773 558 δ’
807 517 872 558 ἐπὶ
897 519 970 569 τῆς
1002 519 1077 557 τοῦ
1109 512 1412 557 Παντεπόπτου
1436 518 1568 568 μονῆς
1585 531 1667 567 μο-

153 589 303 642 5ναχοὶ
334 588 400 629 καὶ
435 583 702 642 ἀπεθάρρουν
735 586 803 627 καὶ
837 581 1294 640 παρρησιαστικώτερον
1335 582 1537 636 ἔβαλλον,
1576 581 1665 635 ἅμα

184 658 259 711 μὲν
287 653 344 705 ὥς
374 653 587 711 ἐπιβήτορι
620 653 707 708 ἅμα
728 654 773 696 δὲ
796 655 863 696 καὶ
883 651 939 703 ὥς
965 652 1240 709 ἇφωρισμὲνῳ
1264 655 1322 708 τῷ
1342 655 1664 707 πατριαρχοῦντι

185 726 408 780 ἐπέχοντες.
482 726 672 767 ἐντεῦθεν
704 721 782 779 γὰρ
820 723 888 764 καὶ
915 721 1021 778 μέγα
1059 738 1099 764 τι
1133 722 1463 776 συνελογίζοντο,
1514 720 1562 763 τὸ
1592 721 1659 762 καὶ
1682 726 1716 761 Ι)

185 792 294 836 λύειν
323 793 480 845 ἄλυτα,
517 794 585 834 καὶ
608 795 768 846 μᾶλλον
806 792 862 840 εἲς
891 797 1017 847 κρῖμα
1045 791 1112 833 καὶ
1133 791 1190 840 εἰς
1211 790 1421 841 ε’πίτασιν,
1461 788 1535 844 οὐχ
1556 786 1668 838 ὅπως

187 860 400 917 άμετόχως
411 895 424 915 ,
463 860 569 904 ἀλλὰ
593 862 660 903 καὶ
678 866 764 909 τοῖς
785 859 927 910 αὐτοῖς
949 856 1182 913 ἐνεχόμενον
1199 857 1272 901 τὸν
1295 855 1463 901 λύοντα.
1509 857 1666 913 πολλὴν

133 937 178 970 10
193 933 237 974 δὲ
268 933 335 974 καὶ
366 931 442 984 τὴν
473 931 516 972 ἐκ
546 928 678 985 λόγων
720 930 919 985 ἐπιφέρειν
954 926 1219 983 πιθανότητα
1254 926 1342 981 ἅμα
1375 927 1450 979 μὲν
1492 931 1552 985 τῷ
1581 931 1666 970 τῶν

187 998 421 1056 προσώπων
450 1002 569 1055 σφῶν
595 999 830 1056 σεβασμίῳ,
867 996 956 1051 ἅμα
991 999 1037 1040 δὲ
1074 999 1142 1039 καὶ
1171 1001 1231 1054 τῷ
1259 997 1460 1050 συζηλοῠν
1499 995 1662 1045 ἐκείνοις
1685 1003 1719 1038 Ε

187 1067 292 1124 ὑπὲρ
311 1072 384 1111 τοῦ
411 1065 667 1123 πατριάρχου
702 1066 774 1109 τὸν
797 1064 974 1123 Ἰωσήφ,
1014 1066 1062 1109 ὃν
1089 1067 1156 1108 καὶ
1181 1063 1237 1115 ὡς
1261 1062 1468 1120 ὀστράκου
1488 1082 1670 1119 μεταπε-

188 1135 335 1187 σόντος
368 1138 431 1179 ε’πὶ
456 1141 530 1178 τοῦ
559 1140 855 1191 πατριαρχικοῦ
879 1133 1038 1192 θρόνου
1072 1133 1221 1189 ἤκουον
1240 1131 1496 1189 ἓφιζάνοντα.
1567 1131 1669 1176 τού-

188 1223 287 1256 τους
306 1207 396 1261 περὶ
421 1206 613 1248 πλείστου
638 1203 882 1259 ποιούμενος
899 1203 924 1259 ἢ
946 1206 1104 1246 πείθειν
1123 1203 1149 1259 ἢ
1173 1210 1300 1246 ποιεῖν
1319 1202 1503 1245 ε’κποδών
1522 1201 1668 1256 (ὀξεῖαι

135 1275 178 1312 15
189 1275 266 1332 γὰρ
287 1275 423 1324 ἀκίδες
450 1274 556 1317 κατὰ
578 1274 717 1329 ψυχὴν
742 1273 1110 1328 εὐσυνειδητοῦσαν
1129 1273 1168 1316 οἶ
1187 1270 1357 1328 ἔλεγχοι)
1389 1269 1670 1328 εὐπροσώποις

281 1372 315 1406 6.
338 1369 435 1417 μὲν]
459 1369 523 1406 καὶ
547 1369 589 1406 Ρ.
727 1370 762 1406 9.
786 1367 999 1415 ἐνεχόμενοι
1020 1369 1063 1404 Ρ.

188 1462 335 1507 Iosepho
358 1462 520 1507 probrum
543 1460 595 1495 illi
618 1461 675 1495 uni
701 1461 904 1496 conveniens
927 1461 1085 1507 idemque
1108 1460 1180 1494 late
1204 1459 1436 1501 diffamatum,
1459 1459 1551 1505 quod
1573 1458 1669 1494 illum

189 1509 329 1544 aiebant
348 1508 384 1542 in
409 1507 787 1542 excommunicationem
809 1507 1004 1551 incurrisse,
1026 1508 1089 1541 sub
1113 1507 1207 1541 cuius
1228 1506 1502 1540 interminatione
1524 1505 1670 1540 vetitum

191 1555 223 1588 ei
247 1554 325 1588 olim
347 1566 368 1588 a
391 1554 590 1599 patriarcha
613 1554 735 1588 suisset
766 1555 894 1588 habere
921 1554 1085 1598 deinceps
1116 1553 1355 1598 imperatorem
1378 1553 1454 1586 loco
1482 1551 1670 1597 spiritualis

189 1600 253 1635 filii
276 1605 313 1634 et
333 1599 424 1634 illius
448 1600 696 1641 confessiones,
728 1605 768 1634 ut
798 1606 899 1635 antea
935 1605 1187 1641 consueverat,
1221 1599 1255 1632 in
1287 1605 1462 1644 posterum
1498 1597 1671 1643 accipere,

189 1647 281 1692 quod
305 1647 422 1680 facere
444 1651 558 1680 tamen
582 1646 805 1692 perrexisset.
853 1652 958 1692 atque
991 1647 1058 1680 hoc
1080 1649 1226 1690 utroque
1255 1646 1387 1679 nomine
1410 1650 1480 1679 tum
1504 1644 1672 1678 invasoris

188 1693 224 1727 in
247 1691 323 1727 veri
345 1692 510 1727 antistitis
533 1692 679 1726 viventis
702 1693 832 1735 locum,
870 1697 991 1726 contra
1023 1693 1076 1726 fas
1107 1692 1250 1734 intrusi,
1281 1696 1354 1725 tum
1389 1690 1673 1725 excommunicati

189 1743 332 1784 propter
354 1738 537 1773 conscitam
560 1741 706 1784 culpam,
729 1739 824 1773 cuius
850 1739 1071 1784 prohibitioni
1092 1739 1208 1772 fuerat
1231 1738 1456 1772 anathematis
1477 1738 1552 1782 ipso
1576 1737 1670 1770 facto

188 1784 387 1819 incurrendi
409 1784 619 1819 denuntiatio
643 1796 796 1827 annexa,
820 1785 1066 1830 Pantepopteni
1093 1785 1297 1831 praesertim
1318 1784 1471 1818 monachi
1495 1782 1671 1817 liberrime

190 1831 483 1877 audacissimeque
512 1832 658 1867 omnium
688 1831 868 1878 Iosephum
907 1832 1152 1876 exagitabant,
1184 1833 1328 1865 alteram
1350 1830 1386 1865 in
1411 1830 1530 1876 primis
1553 1828 1670 1863 crimi-

193 1877 364 1912 nationem
396 1878 618 1912 vehementer
658 1881 933 1923 exaggerantes,
973 1878 1116 1924 eiusque
1144 1877 1382 1922 indignitatem
1414 1875 1623 1922 argumentis
1647 1886 1669 1908 e

189 1923 267 1958 iure
290 1935 333 1958 ac
357 1923 533 1969 disciplina
557 1924 789 1959 ecclesiastica
812 1924 968 1970 speciose
992 1924 1142 1959 collectis
1166 1925 1455 1965 demonstrantes,
1486 1922 1577 1968 quod
1600 1932 1669 1955 non

191 1974 326 2004 tantum
357 1971 536 2006 absolvere
567 1971 787 2005 absolutionis
818 1971 1033 2016 incapacem,
1067 1971 1220 2016 privatus
1249 1970 1326 2015 ipse
1350 1969 1550 2004 ‘nominatim
1585 1967 1667 2002 talis

191 2015 437 2051 iurisdictionis
462 2023 655 2062 potestate,
691 2021 917 2061 attentasset;
951 2018 1011 2052 sed
1035 2022 1279 2063 praeterquam
1303 2027 1425 2062 expers
1449 2014 1667 2049 auctoritatis

192 2062 349 2096 solvendi
371 2063 539 2108 alterius,
563 2064 664 2098 etiam
688 2064 814 2109 ligatus
838 2063 913 2110 ipse
935 2075 1072 2110 quoque
1095 2070 1132 2097 et
1155 2063 1322 2098 contracti
1347 2061 1555 2106 conscitique
1583 2071 1667 2094 ana-

191 2109 352 2142 thematis
385 2109 519 2145 vinculo
552 2110 778 2154 constrictus,
809 2110 903 2144 istud
930 2110 1040 2155 ipsum
1082 2109 1378 2155 praesumpsisset.
1431 2108 1466 2141 in
1500 2118 1568 2152 quo
1599 2117 1667 2140 non

193 2154 348 2188 oratione
370 2159 520 2197 tantum,
543 2157 617 2191 loco
640 2157 761 2202 utique
784 2157 875 2191 vecti
906 2156 1098 2202 plausibili,
1133 2157 1176 2190 ad
1199 2154 1470 2200 persuadendum
1492 2152 1667 2194 valebant,

193 2211 314 2234 verum
339 2201 439 2236 etiam
463 2203 670 2237 auctoritate
692 2209 836 2249 propter
858 2204 1005 2248 speciem
1028 2202 1268 2237 sanctimoniae
1287 2211 1521 2246 personaeque
1541 2210 1582 2232 ac
1595 2197 1667 2232 oris

194 2246 488 2282 commendabilem
512 2249 760 2295 reveritamque
783 2250 884 2293 vulgo
907 2249 1132 2294 gravitatem,
1168 2248 1376 2294 persuadere
1407 2256 1542 2291 semper
1564 2243 1668 2290 quid-

192 2291 246 2326 vis
272 2291 448 2337 idoneam,
472 2299 544 2329 tum
569 2300 682 2329 autem
708 2296 863 2330 efficacia
887 2295 1100 2329 ineluctabili
1123 2295 1327 2335 trahentem,
1351 2293 1500 2338 quando,
1521 2296 1560 2326 ut
1584 2297 1669 2325 tunc

193 2349 259 2372 usu
279 2338 460 2382 veniebat,
487 2341 605 2375 eodem
628 2341 847 2386 impellebant
869 2353 936 2387 quo
967 2341 1082 2376 studia
1109 2343 1230 2386 sponte
1253 2340 1490 2385 plerorumque
1512 2338 1670 2373 incurre-

194 2384 301 2426 bant,
325 2385 392 2418 iam
416 2397 478 2430 per
509 2398 547 2420 se
567 2387 818 2422 incredibiliter
847 2387 1058 2422 infensorum
1082 2387 1224 2432 losepho
1247 2391 1287 2420 ut
1307 2385 1495 2420 subsessori
1517 2383 1668 2425 Arsenii,

194 2442 327 2476 proque
350 2431 406 2465 illo
431 2431 503 2466 solo
527 2444 612 2467 vero
635 2433 851 2479 legitimoque
867 2460 876 2475 ,
897 2435 993 2468 cuius
1020 2444 1219 2478 oppressam
1242 2432 1468 2466 innocentiam
1493 2430 1670 2466 vindicare

194 2477 385 2521 optabant,
417 2478 615 2523 patriarcha
644 2485 879 2514 momentanea
912 2480 1156 2522 conversione,
1190 2479 1285 2513 velut
1314 2477 1496 2514 temerario
1531 2477 1670 2522 tegulae

194 2522 317 2576 lapsu,
350 2530 495 2569 repente
525 2526 699 2570 supposito
738 2526 999 2570 subintrusoque
1038 2525 1324 2572 pseudoantistiti.
1381 2537 1471 2571 quae
1503 2524 1669 2569 Iosephus

193 2568 293 2602 initia
316 2570 479 2604 tumultus
503 2571 797 2615 animadvertens,
822 2578 858 2606 et
881 2571 1016 2606 minime
1038 2573 1283 2606 contemnenda
1306 2576 1401 2606 recte
1428 2582 1590 2611 censens,
1614 2574 1671 2603 ta-

194 2614 260 2669 lem
291 2627 408 2649 eorum
440 2617 680 2663 sopiendorum
712 2618 878 2652 rationem
911 2617 1011 2660 iniit,
1051 2630 1140 2664 quae
1183 2618 1287 2653 multo
1318 2617 1601 2652 vehementiorem
1634 2614 1671 2648 in

193 2671 304 2706 ipsum
328 2661 482 2700 invidiae.
499 2663 667 2698 flammam
691 2665 904 2699 accenderet.
952 2676 1027 2698 oum
1050 2664 1138 2699 enim
1162 2664 1316 2699 adhibito
1351 2664 1386 2698 in
1411 2663 1585 2698 consilium
1609 2661 1672 2695 do·-

195 2705 269 2740 lore
299 2709 531 2761 ‘contumeliae
560 2710 740 2756 propriae,
775 2709 872 2744 cuius
904 2710 1058 2745 acerrimi
1090 2716 1171 2746 sunt
1203 2710 1330 2746 stimuli
1365 2721 1448 2754 erga
1480 2709 1545 2742 sibi
1575 2712 1673 2742 recte

196 2763 350 2787 conscias
384 2760 536 2798 mentes,
563 2756 697 2791 omnino
731 2756 798 2791 sibi
831 2756 1027 2791 faciendum
1059 2758 1240 2792 statuisset
1270 2760 1310 2791 ut
1344 2764 1503 2791 auctores
1526 2754 1673 2789 iniuriae

195 2809 264 2851 quna
297 2799 580 2844 conflictabatur,
612 2808 673 2837 aut
702 2803 746 2837 de
776 2803 945 2838 sententia
978 2803 1166 2839 deduceret
1195 2810 1255 2838 aut
1298 2803 1341 2837 de
1376 2802 1487 2836 medio
1524 2802 1673 2841 tolleret,

195 2855 303 2889 pruno
330 2858 396 2881 non
419 2849 626 2884 succedente
650 2849 844 2896 (quomodo
875 2849 965 2886 enim
987 2850 1140 2886 homines
1172 2854 1274 2896 capto
1299 2848 1521 2884 communiter
1542 2848 1673 2894 impetu
