1884 3262
270 203 369 248 538
671 199 982 246 OBSERVAT.
1014 199 1322 249 PACHYMER.

268 313 316 350 ab
348 309 536 349 occiduis
562 308 742 360 partibus
773 322 866 347 cum
888 308 1206 347 numerosissimo
1229 309 1407 348 exercitu
1422 309 1588 349 infestus
1609 312 1731 349 Con--

269 366 529 417 stantinopoli
555 378 597 402 se
630 365 835 414 admovet,
866 365 980 404 obvia
1011 377 1190 416 quaeque
1214 365 1327 403 foede
1355 373 1511 405 vastans
1532 375 1571 405 et
1591 368 1734 405 mulia·
1760 405 1763 409 ,

267 422 496 474 blaspheme
515 421 558 458 in
587 421 704 459 deum
727 421 893 462 minans.
953 420 1088 459 eodem
1115 427 1295 472 tempore
1318 421 1507 461 sarbarus
1534 423 1671 461 missus
1693 437 1718 461 a

269 478 443 517 Chosroe
463 490 554 516 cum
576 477 702 528 copiis
721 477 973 515 validissimis
991 477 1212 516 orientales
1238 477 1464 528 provincias
1487 479 1717 532 latepopu-

268 536 371 573 latus
398 540 436 572 et
462 534 547 584 ipse
575 534 697 571 altera
716 546 766 571 ex
785 540 894 585 parte
913 533 1299 585 Constantinopolim
1332 534 1577 584 aggreditur,
1610 536 1715 574 ferro

267 591 504 641 flammaque
528 590 673 642 passim
706 591 895 633 saeviens.
950 590 1045 628 inde
1075 603 1126 628 ex
1160 589 1382 642 composito
1417 589 1572 628 barbari
1601 591 1716 630 ambo

268 654 375 686 terra
395 646 572 697 marique
586 646 726 685 urbem
743 646 862 685 simul
883 652 1131 699 oppugnant.
1186 646 1255 684 sed
1272 659 1364 684 cum
1382 646 1605 697 patriarcha
1623 649 1718 686 Ser·-

269 704 358 755 gius
377 703 571 756 populum
590 703 638 740 ad
660 703 863 741 fidendum
881 704 920 740 in
943 704 1122 755 deiparae
1141 702 1360 754 patrocinio
1377 703 1730 754 ipsamqueinvo-⁴

234 764 237 766 ’
274 761 439 798 eandam
467 773 548 796 non
572 760 717 798 frustra
742 765 842 798 esset
867 759 1120 808 adhortatus,
1148 765 1228 797 tam
1258 759 1462 797 manifesta
1490 759 1549 797 ira
1581 759 1644 797 dei
1673 759 1718 798 in

269 823 487 867 utrumque
501 815 686 854 hostilem
704 816 921 855 exercitum
938 816 1129 864 incubuit,
1157 821 1205 853 ut
1224 821 1262 854 et
1281 822 1483 854 terrestres
1501 815 1637 867 copiae
1653 816 1719 854 in..

272 873 501 911 ternecione
526 872 768 922 delerentur,
798 878 838 910 et
860 872 994 910 classis
1013 872 1200 910 universa
1221 878 1364 911 exortu
1387 872 1581 923 procellae
1602 873 1719 911 subi-

273 935 359 979 tae,
390 942 440 967 ex
471 929 561 967 sinu
587 929 734 967 Ceratis
767 929 873 967 dicto
899 928 950 966 ad
973 929 1285 967 substructiones
1311 929 1452 980 templi
1472 928 1652 980 deiparae
1675 928 1719 966 in

271 985 411 1024 littore
429 985 478 1024 ad
497 984 734 1025 Blachernas
750 985 828 1035 siti,
857 986 966 1023 allisa
985 986 1245 1034 frangeretur.
1301 985 1344 1023 in
1363 985 1575 1036 gratiarum
1591 985 1719 1023 actio·-

271 1055 364 1080 nem
405 1055 479 1093 pro
512 1047 624 1079 tanta
662 1041 830 1080 victoria
861 1042 1036 1093 populus
1067 1041 1527 1093 Constantinopolitanus
1559 1048 1733 1080 noctem!

270 1097 527 1151 pervigilavit
557 1097 599 1135 in
625 1097 808 1136 laudibus
836 1098 1039 1149 deiparae,
1068 1104 1107 1136 et
1126 1099 1391 1136 anniversaria
1412 1098 1597 1148 deinceps
1618 1097 1719 1136 reli-

273 1154 391 1206 gione
421 1155 527 1193 idem
553 1159 734 1205 repetens
758 1154 915 1193 initium
944 1154 1056 1192 dedit
1086 1153 1183 1192 huic
1215 1155 1336 1203 festo,
1374 1154 1478 1204 quod
1506 1154 1648 1192 deinde
1674 1153 1720 1192 in

268 1224 485 1263 perennem
515 1210 740 1248 firmitatem
770 1217 828 1249 est
850 1210 1067 1248 stabilitum
1089 1210 1240 1263 duplici
1266 1211 1343 1248 alio
1364 1210 1545 1261 deipaiae
1568 1210 1718 1248 benefi-

271 1267 347 1305 cio.
403 1281 494 1304 nam
518 1279 608 1304 cum
630 1272 721 1317 post
743 1279 889 1305 annum
910 1266 1151 1316 trigesimum
1171 1272 1327 1304 sextum
1344 1266 1503 1317 imperii
1525 1267 1721 1304 Constan-

271 1323 349 1361 tini
375 1323 564 1373 Pogonati
591 1323 808 1361 saraceno}
812 1336 875 1360 um
895 1323 1200 1361 innumeiabiles
1221 1322 1359 1374 copiae
1382 1323 1721 1375 Constantinopo-

269 1379 344 1417 lim
373 1386 460 1418 toto
490 1379 694 1431 septennio
736 1378 1095 1425 circumsedissent,
1136 1378 1308 1418 evidenti
1336 1392 1409 1430 ope
1438 1379 1669 1431 imploratae
1696 1392 1720 1416 a

274 1435 726 1487 Constantinopolitanis
759 1436 801 1474 in
838 1435 1031 1474 auxilium
1072 1435 1254 1487 deiparae
1291 1435 1464 1487 primum
1502 1435 1719 1474 hiemantes

274 1492 408 1543 Cyzici
435 1492 583 1530 multos
608 1505 772 1530 suorum
805 1493 986 1541 amisere,
1015 1505 1110 1530 mox
1134 1498 1242 1530 metu
1262 1491 1304 1529 in
1330 1492 1462 1542 fugam
1489 1492 1611 1530 classe
1631 1497 1720 1530 acta

132 1554 162 1587 P
183 1553 251 1588 366
274 1549 326 1586 ad
342 1549 525 1599 Sylaeum
542 1548 748 1598 ingruente
768 1548 992 1587 saevissima
1008 1554 1241 1601 tempestate
1257 1548 1448 1586 submersi
1465 1549 1599 1586 cuncti
1615 1554 1721 1586 sunt.

271 1611 471 1657 postremo
491 1604 562 1643 sub
582 1606 711 1643 Leone
726 1605 860 1643 Isauro
876 1605 1013 1643 iisdem
1035 1605 1218 1643 Saraceni
1237 1604 1414 1643 victoriis
1428 1605 1583 1654 tumidi,
1614 1603 1721 1656 quod

274 1663 480 1701 Persarum
496 1674 663 1711 regnum
681 1661 931 1709 evertissent,
961 1661 1203 1713 Aegyptum,
1234 1661 1429 1711 Africam,
1459 1661 1720 1712 Aethiopiam,

273 1717 403 1770 ipsam
419 1719 536 1757 etiam
553 1717 786 1770 Hispaniam
805 1717 1097 1756 incursionibus
1114 1724 1343 1768 vastassent,
1361 1731 1449 1755 cum
1466 1718 1574 1756 mille
1590 1717 1734 1755 notin-2

275 1774 403 1824 gentis
438 1774 604 1813 navibus
635 1775 1016 1826 Constantinopolim
1046 1781 1342 1826 oppugnantes,
1377 1774 1454 1812 iam
1489 1774 1644 1825 iamque
1673 1778 1736 1811 ut*-

275 1830 485 1881 sperabant
505 1830 672 1881 capturi,
701 1831 882 1882 deiparae
900 1845 1012 1868 suam
1030 1832 1165 1869 urbem
1181 1831 1327 1869 tuentis
1345 1843 1418 1882 ope
1436 1831 1596 1868 contriti
1613 1835 1719 1875 sunt,

276 1886 451 1938 primum
486 1887 696 1937 plusquam
733 1886 874 1937 viginti
903 1886 1077 1924 millibus
1116 1886 1296 1938 ipsorum
1326 1901 1348 1924 a
1377 1886 1554 1936 Bulgaris
1586 1885 1719 1934 caesis,

279 1942 422 1980 deinde
454 1941 678 1980 foedissimo
714 1942 764 1980 ad
803 1941 1053 1980 Sosthenium
1083 1943 1287 1993 naufragio
1317 1943 1438 1980 classe
1473 1941 1641 1980 maxima
1667 1954 1719 1980 ex

276 2004 390 2050 parte
408 1998 554 2046 deleta3
583 1998 752 2048 denique
769 2012 883 2037 saeva
899 1999 1001 2037 fame
1019 1998 1195 2050 ipsorum
1210 1998 1388 2049 reliquiis
1405 2011 1526 2049 usque
1544 1999 1593 2036 ad
1610 2009 1719 2036 esum

276 2053 540 2093 humanorum
570 2054 825 2104 cadaverum,
865 2055 962 2106 quin
993 2061 1032 2093 et
1062 2061 1298 2104 stercorum,
1336 2055 1505 2102 adactis,
1536 2055 1632 2093 dum
1657 2059 1720 2091 tot

276 2112 380 2149 mala
411 2112 528 2164 pauci
557 2112 784 2163 superstites
814 2111 1006 2161 fugientes
1042 2124 1132 2150 cum
1165 2112 1330 2150 residuis
1358 2111 1526 2161 navigiis
1554 2123 1625 2162 per
1641 2111 1732 2148 Aa*

278 2180 415 2217 gaeum
441 2173 633 2214 currunt,
661 2167 833 2206 immissa
861 2167 1052 2206 divinitus
1082 2168 1272 2218 grandine
1300 2167 1475 2216 ardenti,
1506 2168 1620 2205 cuius
1637 2167 1721 2204 fer-

279 2236 355 2262 vor
382 2224 510 2274 picem
537 2237 614 2274 qua
644 2224 799 2262 tabulae
826 2224 989 2262 navium
1016 2224 1361 2274 agglutinabantur
1378 2223 1598 2274 liquefecit,
1628 2235 1719 2261 cum

277 2292 349 2317 sua
378 2279 433 2316 ibi
463 2293 597 2317 omnes
625 2281 747 2318 classe
769 2280 994 2332 perieiunt,
1023 2281 1150 2318 tribus
1168 2287 1320 2319 tantum
1340 2280 1506 2318 navibus
1524 2279 1573 2317 ad
1595 2278 1720 2317 cladis

277 2334 471 2376 indicium
490 2336 650 2374 domum
675 2336 856 2375 reversis.
913 2334 979 2377 δια
1001 2339 1123 2376 ταῦτα
1152 2337 1336 2388 (subiicit
1356 2337 1462 2374 idem
1482 2335 1641 2387 auctor)
1669 2350 1731 2375 τα·

277 2389 468 2442 ὑπερφυῆ
497 2390 704 2458 θαυμάσιοι
729 2396 799 2443 τῆς
819 2407 1034 2459 παναγνου
1055 2392 1121 2433 καὶ
1139 2389 1387 2462 θεομήτορος
1409 2390 1483 2444 τὴν
1509 2394 1718 2459 παροῦσαν

272 2444 420 2499 ἑορτὴν
450 2444 692 2500 ἑορτάζομεν.
751 2445 967 2497 ἂκαθιστος
985 2448 1027 2489 δὲ
1049 2450 1218 2502 εἴρηται,
1249 2449 1346 2490 διότι
1338 2444 1614 2517 udpssofflocdnv
1629 2443 1731 2487 τότε

277 2505 360 2550 πᾶς
379 2501 399 2544 ὁ
415 2501 508 2551 λαός
525 2519 622 2544 κατα
644 2502 719 2557 τήν
738 2501 864 2545 νύκτα
888 2506 1042 2557 ἐκείνην
1062 2505 1131 2546 τὸν
1148 2503 1279 2558 ὕμνον
1304 2508 1356 2561 τῇ
1377 2507 1448 2545 τοῦ
1464 2501 1583 2558 λόγου
1599 2501 1717 2555 μητρὶ

278 2558 479 2610 ἕμελψαν,
506 2556 619 2599 καὶ
605 2557 666 2600 ότι
696 2559 739 2601 ἐν
766 2565 865 2601 πᾶσι
893 2566 976 2610 τοῖς
1006 2560 1136 2610 ἄλλοις
1163 2562 1288 2610 οἰκοις
1310 2564 1522 2628 καθῆσθαι
1539 2559 1578 2608 ἐξ
1595 2558 1717 2606 ἔθους

283 2614 448 2667 ἔχοντες,
470 2614 513 2655 ἐν
529 2618 613 2662 τοῖς
632 2619 803 2667 παροῦσι
819 2620 889 2669 τῆς
904 2616 1149 2671 θεομήτορος
1167 2615 1288 2671 ὀρθοὶ
1304 2615 1448 2664 πάντες
1462 2611 1716 2668 ἅκροῶμεθα.

279 2670 359 2709 hoc
380 2677 455 2709 est·
477 2678 643 2722 propter
668 2672 767 2709 llaec
793 2675 930 2711 omnia
956 2681 1042 2712 tam
1067 2674 1314 2712 admiranda
1339 2688 1365 2711 a
1393 2673 1622 2711 castis-sima
1653 2669 1718 2708 dec

279 2729 472 2779 genitrice
509 2741 628 2779 opera
652 2735 831 2778 patrata
862 2738 1107 2780 praesentem
1142 2730 1246 2768 diem
1272 2731 1428 2781 sestam
1463 2727 1584 2764 celebr
1587 2741 1716 2766 amus,

282 2783 520 2821 Acatlzietos
540 2797 650 2833 vero,
686 2786 808 2835 quasi
828 2798 967 2823 carens·
985 2789 1173 2834 sessione,
1202 2786 1334 2824 dictus
1355 2792 1431 2833 eet,
1462 2783 1573 2835 quod
1584 2796 1716 2834 popu·-

283 2839 350 2877 las
371 2847 458 2879 tota
475 2847 587 2878 nocte
607 2838 753 2878 stando
769 2839 962 2891 hymnum
979 2842 1168 2894 deiparae
1187 2843 1388 2891 concinat,
1418 2838 1606 2892 quodque
1625 2851 1718 2877 cum
