1884 3262
289 211 386 256 716
688 204 997 250 OBSERVAR
1030 205 1339 252 PAGHYMER.
1390 219 1398 222 ’

286 320 329 358 in
354 315 533 356 exercitu
561 314 763 365 Romano,
801 314 845 353 in
873 328 953 367 quo
986 314 1171 353 tribunus
1205 314 1277 354 sub
1305 314 1541 367 imperatore
1566 314 1733 355 Aemilio

286 374 408 415 Paulo
435 371 653 422 militabat,
704 371 894 410 concione
922 370 1056 409 habita
1081 384 1174 409 suos
1191 371 1242 409 ad
1258 384 1434 424 pugnam
1451 372 1642 412 instruxit
1660 373 1734 411 do-

287 429 448 480 cuitque
468 441 603 466 causas
619 428 829 480 eclipsium
846 434 885 466 et
905 433 1032 467 certos
1051 434 1215 467 eventus
1240 427 1320 466 suis
1334 428 1576 479 temporibus
1593 441 1734 466 neces-

285 485 408 524 sarios
424 518 434 535 ‚
464 491 545 523 tam
573 484 679 522 felici
709 490 852 523 eventu
879 490 925 522 ut
942 484 990 522 ab
1010 484 1065 522 eis
1093 483 1300 524 abstulerit
1316 497 1463 523 vanum
1481 484 1596 522 illum
1615 485 1734 523 timo-

283 555 366 581 rem
395 542 462 592 qui
488 553 538 578 ex
566 542 623 579 rei
645 540 823 579 novitate
851 546 890 578 et
907 540 1114 579 insolentia
1142 540 1237 578 oriri
1255 539 1352 579 solet
1369 539 1662 592 ignorantibus,
1693 546 1733 578 et

284 612 375 636 eum
394 597 597 649 pugnandi
616 597 797 635 ardorem
816 597 964 635 edoctis
985 603 1023 635 et
1046 595 1233 635 vincendi
1252 596 1408 648 cupidis
1423 596 1561 635 iniecit
1578 609 1628 634 ex
1652 609 1731 648 quo

285 656 404 707 plena
434 653 604 693 victoria
632 654 815 694 Romanis
843 653 996 702 evenit,
1039 666 1130 690 cum
1164 658 1302 690 contra
1322 653 1365 691 in
1386 652 1526 692 castris
1545 650 1733 690 Macedo-

284 724 380 749 num
397 710 551 749 novitas
574 716 612 747 et
633 710 855 761 ignorantia
875 710 1015 748 fecerit
1030 722 1094 747 res
1114 714 1156 747 ut
1176 722 1219 747 ea
1237 709 1409 761 prodigii
1423 709 1549 748 instar
1570 708 1732 747 habere-

284 773 374 814 tur,
405 772 443 804 et
472 766 630 819 eclipsis
652 767 736 805 visa
759 767 979 805 existimata
998 765 1050 803 sit
1068 765 1303 817 praenuntia
1329 767 1445 817 fugae
1476 771 1515 804 et
1540 763 1733 804 defectio-

283 823 345 862 nis
366 823 515 872 Persei,
547 836 665 874 quam
686 822 940 861 Macedoniae
957 822 1086 861 clades
1105 827 1164 860 est
1183 828 1406 860 consecuta.

396 890 456 928 Ita
483 904 610 941 nuper
634 890 941 942 christophorus
968 889 1180 928 Columbus
1201 904 1305 928 anno
1335 889 1482 928 Christi
1503 890 1623 939 1493,
1642 901 1734 928 cum
1792 885 1795 888 ¹

284 947 560 984 alimentorum
580 947 714 999 inopia
730 948 950 995 laboraret,
981 960 1055 984 nec
1076 951 1208 998 posset
1224 960 1246 984 a
1266 945 1592 995 Iamaicensibus,
1623 944 1737 996 apud

285 1017 383 1056 quos
413 1002 548 1042 classis
575 1003 772 1055 Hispana,
809 1003 872 1041 cui
901 1008 1104 1055 praeerat,
1144 1003 1372 1055 appulerat,
1413 1002 1455 1041 vi
1483 1007 1522 1039 et
1551 1001 1734 1054 precibus

282 1058 476 1096 auxilium
497 1059 732 1111 impetrare,
760 1072 853 1097 usus
875 1064 936 1096 est
966 1059 1128 1097 scientia
1147 1059 1353 1111 proximae
1379 1058 1559 1110 eclipsis,
1589 1064 1628 1096 et
1642 1057 1733 1095 bar-
1792 1103 1796 1106 Δ

283 1115 385 1152 baris
411 1115 492 1152 eius
511 1115 655 1165 ignaris
673 1121 821 1167 pestem
839 1115 1131 1166 impendentem
1145 1146 1155 1163 ,
1183 1114 1260 1152 nisi
1278 1128 1391 1165 opem
1411 1115 1573 1164 ferrent,
1601 1112 1732 1151 mina-

280 1178 346 1208 tus
366 1171 467 1209 diem
486 1176 524 1208 et
543 1171 680 1209 horam
697 1171 928 1209 defectionis
946 1171 1066 1208 lunae
1085 1170 1235 1218 edixit,
1266 1183 1343 1220 quo
1362 1170 1422 1208 illi
1436 1169 1618 1223 prodigio
1639 1182 1733 1220 per-

283 1227 381 1265 culsi
410 1232 448 1264 et
475 1228 632 1277 gravius
655 1227 806 1278 aliquid
832 1233 1048 1264 metuentes
1062 1226 1112 1263 ad
1134 1226 1371 1264 Columbum
1391 1226 1503 1277 quasi
1525 1239 1596 1265 sua
1616 1225 1732 1264 inhu-

280 1283 471 1321 manitate
487 1283 677 1321 offensum
695 1283 855 1334 copioso
870 1283 1054 1320 instructi
1071 1287 1291 1323 commeatu
1310 1282 1509 1334 supplices
1526 1287 1732 1332 venerunt,

281 1345 319 1377 et
344 1339 499 1379 veniam
516 1340 672 1378 facilius
699 1353 815 1390 quam
832 1338 1044 1391 sperabant
1061 1351 1132 1377 sua
1149 1337 1385 1377 liberalitate
1401 1337 1675 1390 impetrarunt.

139 1425 167 1458 P
189 1423 257 1458 506
391 1418 451 1456 Ita
467 1418 654 1457 Claudius
679 1418 915 1470 imperator,
943 1423 990 1455 ut
1009 1417 1127 1455 habet
1145 1417 1218 1455 Dio
1235 1417 1264 1455 l.
1283 1419 1322 1467 6,
1351 1430 1440 1455 cum
1457 1422 1660 1455 vereretur
1681 1429 1732 1455 ne

278 1475 372 1512 solis
393 1475 563 1514 defectio
583 1475 720 1513 futura
738 1474 803 1513 die
821 1487 893 1512 suo
911 1473 1033 1511 natali
1054 1487 1158 1511 anno
1175 1473 1331 1526 imperii
1355 1474 1494 1524 quinto
1512 1473 1732 1512 tumultum

277 1532 425 1570 Romae
459 1538 616 1583 pareret
646 1543 697 1569 ex
726 1531 948 1581 ignorantia
975 1535 1015 1568 et
1041 1529 1218 1569 novitate
1247 1530 1385 1567 iuncta
1409 1543 1512 1569 vano
1541 1529 1676 1567 timori
1693 1535 1732 1568 et

278 1587 459 1639 opinioni
473 1588 607 1639 vulgi,
636 1587 746 1639 quod
766 1600 809 1625 ea
827 1586 938 1638 signa
953 1592 1083 1626 essent
1095 1586 1340 1638 principibus
1357 1585 1542 1635 infausta,
1569 1585 1739 1637 publico.

278 1644 408 1682 edicto
435 1652 576 1684 notum
605 1644 733 1683 voluit
763 1649 851 1682 ante
876 1644 1027 1694 aliquot
1051 1642 1132 1681 dies
1159 1642 1378 1694 deliquium
1407 1642 1507 1681 illud
1535 1642 1729 1690 futurum,

276 1700 440 1753 insuper
460 1707 499 1740 et
521 1714 655 1739 causas
683 1701 786 1747 eius,
823 1700 1082 1751 quantitatem
1114 1705 1153 1737 et
1169 1698 1419 1737 durationem
1443 1697 1626 1750 exposuit
1649 1703 1731 1735 tam

276 1757 460 1795 distincte
481 1764 519 1796 et
535 1756 857 1807 intelligibiliter,
887 1762 933 1794 ut
952 1769 997 1794 eo
1016 1755 1103 1794 viso
1116 1769 1231 1794 nemo
1251 1755 1409 1794 timeret
1425 1762 1494 1794 aut
1508 1754 1731 1802 miraretur,

279 1827 414 1851 omnes
434 1813 685 1865 imperatoris
707 1812 936 1864 sapientiam
955 1818 1251 1851 venerarentur.

389 1881 496 1919 XIV.
553 1880 726 1918 Tollitur
746 1887 949 1931 praeterea
975 1879 1103 1916 inanis
1128 1879 1199 1916 illa
1227 1878 1359 1929 opinio
1377 1906 1388 1926 ,
1427 1876 1531 1928 quod
1561 1876 1729 1927 eclipses

280 1936 366 1974 orbi
386 1942 574 1986 noceant,
605 1935 712 1987 quod
736 1936 867 1973 clades
887 1940 1014 1987 pestes
1035 1941 1074 1972 et
1089 1934 1191 1972 bella
1211 1934 1341 1984 regnis
1355 1933 1590 1985 importent,
1620 1932 1729 1983 quod

281 1993 507 2030 vastitatem
538 1999 577 2030 et
603 1992 875 2031 subversiones
901 1991 1154 2043 imperiorum
1182 2002 1228 2027 ac
1244 1988 1447 2039 religionis
1465 1989 1532 2027 vel
1554 1988 1730 2026 efficiant

281 2049 346 2087 vel
372 2050 662 2100 praenuntient.
720 2048 904 2086 damnum
933 2047 1037 2086 enim
1068 2046 1343 2097 quodcumque
1373 2051 1480 2083 creat
1504 2044 1661 2096 eclipsis
1683 2044 1728 2082 in

282 2106 438 2143 modica
464 2106 614 2143 iactura
639 2104 740 2142 lucis
769 2111 808 2143 et
828 2103 994 2142 benefici
1011 2103 1187 2142 influxus
1213 2115 1296 2141 non
1312 2101 1521 2139 admodum
1540 2100 1728 2141 diuturna

283 2161 476 2200 consistit.
532 2163 622 2214 plus
653 2174 766 2213 saepe
794 2161 911 2199 unica
938 2173 1020 2198 nox
1048 2166 1118 2198 aut
1144 2159 1224 2197 dies
1250 2157 1413 2209 plurius
1443 2156 1593 2196 mundo
1625 2156 1727 2195 lucis

282 2218 430 2255 amicae
457 2224 494 2256 et
513 2218 770 2268 benignarum
799 2217 1096 2255 influentiarum
1121 2215 1238 2266 eripit
1257 2227 1373 2265 quam
1394 2214 1559 2266 eclipses
1577 2212 1726 2263 decem,

281 2281 321 2312 et
339 2276 535 2326 sapienter
552 2274 658 2312 visus
679 2280 736 2312 est
761 2287 872 2324 agere
900 2273 1088 2323 Pericles,
1127 2273 1320 2310 referente
1345 2269 1559 2309 Plutarcho
1584 2269 1626 2310 in
1643 2269 1727 2307 eius

279 2333 383 2380 vita,
416 2331 485 2381 qui
504 2331 615 2369 navis
632 2330 905 2383 imperatoriae
925 2330 1225 2381 gubernatorem
1255 2326 1395 2378 eclipsi
1420 2325 1515 2364 solis
1529 2325 1725 2374 territum,

279 2386 324 2423 in
359 2387 488 2424 medio
516 2387 706 2426 victoriae
733 2400 852 2425 cursu
877 2400 1007 2425 moras
1032 2385 1270 2434 trahentem,
1313 2382 1522 2435 chlamyde
1540 2381 1725 2430 involvit,

281 2448 321 2480 et
338 2442 595 2493 interrogavit
616 2457 664 2481 an
689 2443 784 2495 quid
812 2456 861 2481 ex
893 2456 937 2481 eo
961 2442 1154 2483 velamine
1182 2440 1344 2479 sentiret
1366 2437 1627 2488 incommodi,
1654 2450 1737 2475 eo-

283 2511 361 2549 que
390 2506 556 2549 negante
578 2500 705 2538 ullum
729 2513 770 2538 se
795 2500 981 2550 sensisse,
1019 2498 1152 2538 docuit
1178 2496 1331 2535 nullum
1359 2495 1485 2534 maius
1502 2509 1524 2532 a
1547 2493 1629 2532 sole
1653 2506 1723 2545 per

280 2555 417 2593 lunam
436 2555 708 2606 interpositam
727 2556 855 2594 velato
873 2555 1090 2595 timendum
1108 2567 1201 2603 esse,
1229 2559 1268 2591 et
1284 2553 1404 2605 paulo
1425 2551 1583 2604 quidem
1599 2549 1723 2588 maius

281 2625 365 2649 esse
397 2612 550 2650 coelum
571 2618 608 2649 et
632 2612 901 2651 diuturniores
930 2613 1015 2651 fore
1031 2611 1234 2660 tenebras,
1264 2609 1333 2649 sed
1351 2608 1474 2647 solem
1495 2620 1577 2646 non
1594 2605 1720 2644 multo

280 2673 374 2718 post
391 2681 460 2706 suo
481 2667 682 2719 splendori
702 2669 786 2707 sine
818 2670 894 2708 alio
917 2668 1168 2708 incommodo
1191 2665 1391 2706 redditum
1407 2664 1480 2713 iri3
1507 2661 1614 2716 quod
1633 2674 1722 2700 cum

281 2724 430 2762 factum
447 2729 569 2772 esset,
596 2737 755 2762 cursum
777 2726 911 2764 classis
932 2725 1084 2764 felicem
1102 2729 1218 2762 nacta
1233 2730 1303 2763 est.

393 2792 483 2830 Non
506 2791 571 2830 ita·
588 2790 719 2830 Nicias
746 2798 815 2829 aut
843 2791 983 2831 doctus
1014 2797 1082 2830 aut
1107 2791 1224 2839 felix,
1265 2789 1335 2842 qui
1355 2788 1420 2828 vel
1444 2783 1639 2837 imperitia
1655 2779 1723 2822 veI

284 2848 563 2900 superstitione
581 2848 627 2887 ab
645 2847 783 2901 eclipsi
801 2847 918 2887 lunae
932 2848 1106 2900 terrim-5,
1134 2847 1285 2888 veritus
1307 2845 1469 2884 classem
1487 2846 1609 2894 portu
1628 2838 1721 2879 edua
1739 2840 1742 2850 ²
