1846 3262
190 270 284 316 100
610 265 850 311 GEORGII
882 263 1236 310 PACHYMERIS

186 379 505 438 λογησομένους,
542 378 638 422 οὐδὲ
668 377 803 439 τούτῳ
834 379 1049 434 ἀγνοοῦντι
1076 379 1150 422 τὸν
1169 375 1472 434 βασιλεύσαντα
1499 378 1594 422 ἀλλ’
1618 381 1658 430 ἒς

132 461 163 494 Ε
187 452 239 495 τὰ
265 449 446 506 μάλιστα
472 449 579 507 φίλῳ
602 448 689 492 ὄντι
699 482 712 502 ,
752 449 878 500 αὐτὸς
896 449 971 505 τὴν
992 449 1189 504 ταχίστην
1209 446 1478 505 ὑποστρέψας
1501 450 1567 491 καὶ
1587 449 1659 492 τὸν

186 522 316 563 παΐὸἀ
345 517 602 574 παραλαβών
628 516 710 562 ὑπὸ
740 522 871 576 πολλῇ
897 523 1034 575 τρυφῇ
1061 535 1103 560 τε
1132 519 1199 560 καὶ
1233 519 1463 577 δορυφορίᾳ
1488 518 1658 575 μεγίστῃ

186 594 259 643 τῆς
287 589 351 630 ἐπὶ
377 592 452 643 τῆς
479 587 656 638 Νικαίας
687 586 848 642 ἥπτετο.
922 586 977 638 ὡς
998 587 1039 629 δ’
1064 587 1291 641 ἐπέστησαν
1306 586 1364 641 μὴ
1383 584 1659 642 μελλήσαντες

187 658 310 716 (οὐδὲ
340 656 417 713 γὰρ
445 652 496 712 ἦν
525 656 687 710 ἀμελεῖν
716 658 806 712 περὶ
842 660 924 700 τῶν
953 659 1127 699 δυσικιῦν
1150 653 1497 712 σκοπουμένοις),
1531 654 1690 704 εὖθύςὸ

186 727 466 782 εὐτρεπίζοντο
496 725 548 768 τὰ
572 729 648 780 τῆς
675 723 946 779 ταινιώσεως,
983 722 1224 776 ἐλπιζόντων
1250 722 1439 776 πάντων,
1479 722 1500 766 ὃ
1522 723 1572 778 δὴ
1592 725 1660 766 καὶ

65 798 94 831 P
120 800 164 835 64
188 796 444 851 συγκείμενον
461 790 533 849 ἦν,
571 799 845 850 ταινιωθῆναι
861 795 935 849 μὲν
954 794 1026 838 τὸν
1048 794 1138 836 νέον
1158 797 1380 847 βασιλικῶς
1399 794 1465 835 καὶ
1486 790 1660 848 πρώτως

186 865 481 922 εὖφημηθῆναι
522 864 846 920 στεφανωθέντα
897 865 963 906 καὶ
1003 861 1272 919 προκατάγειν
1317 861 1389 904 τὸν
1430 862 1658 917 θρίαμβον,

185 935 335 976 ἐκεῖνον
366 934 412 976 δὲ
442 933 510 976 καὶ
527 932 602 988 τὴν
621 934 773 976 ἐκείνου
796 930 968 988 σύζυγον
990 933 1032 974 ἐν
1054 930 1213 989 ὑστέρῳ
1234 932 1579 986 στεφανωθέντας
1600 934 1660 987 τῷ
1677 932 1689 942 “

185 1000 337 1061 πρώτῳ
356 1002 623 1055 μεθέψεσθαι
644 1002 751 1045 κατὰ
772 1001 847 1057 τὴν
867 1001 1084 1057 βασιλικὴν
1115 1003 1182 1043 καὶ
1215 998 1382 1055 συνήθη
1405 1000 1654 1056 προέλευσιν.
1673 1006 1717 1041 10

134 1073 165 1107 Β
191 1071 276 1130 (7)
313 1070 360 1113 τὸ
391 1071 435 1113 δ’
470 1066 521 1126 ἦν
552 1071 596 1113 ἔκ
626 1069 791 1126 πρώτης
817 1070 1042 1128 ἀφετηρίας
1070 1068 1190 1119 δόλος
1212 1071 1278 1112 καὶ
1305 1066 1658 1123 παρασπόνὸησις,

185 1143 243 1191 εἲς
262 1138 347 1183 οἷον
366 1134 464 1194 ἧξον
485 1139 615 1192 τέλος,
648 1139 767 1183 οὐδὲν
787 1139 834 1183 τὸ
857 1137 1054 1194 παράπαν
1074 1138 1278 1195 ἀγνοηθὲν
1298 1145 1383 1188 τοῖς
1402 1141 1581 1186 πολλοῖς.
1622 1136 1661 1178 οἱ

184 1210 259 1265 μὲν
281 1205 354 1252 οὗν
373 1209 415 1251 ἐν
434 1208 536 1251 τέλει
559 1206 965 1264 προκατελήφθησαν
993 1204 1035 1251 εὖ
1068 1206 1276 1256 παθόντες
1298 1210 1363 1250 καὶ
1384 1202 1426 1249 εὖ
1450 1206 1509 1249 ἔτι
1529 1211 1662 1259 τυχεῖν

188 1279 436 1330 ἐλπίζοντες·
475 1278 642 1333 ἐπέδησε
659 1278 737 1334 γὰρ
757 1277 894 1320 αὐτῶν
914 1277 987 1327 τὰς
1005 1275 1206 1333 γλώσσας,
1229 1276 1336 1330 πλὴν
1356 1275 1502 1332 ὀλίγων
1522 1278 1658 1325 τινῶν,

188 1347 242 1389 τὰ
261 1343 595 1403 φιλοτιμήματα,
635 1348 700 1389 καὶ
723 1345 828 1401 εἶχον
847 1344 1010 1402 ἡσύχως
1028 1345 1135 1389 καθ’
1164 1344 1186 1389 ὅ
1207 1363 1245 1388 τι
1266 1347 1485 1402 πραχθείη.
1557 1344 1661 1393 τινὲς
1674 1347 1716 1384 15

138 1420 168 1454 C
193 1417 238 1458 δὲ
266 1419 348 1458 τῶν
381 1418 515 1465 κακῶς
546 1414 771 1458 παθόντων
801 1417 856 1465 εἷς
885 1414 1046 1470 ἄμυναν
1065 1412 1310 1470 λογιζόμενοι
1330 1414 1402 1469 τὴν
1420 1417 1495 1456 τοῦ
1515 1412 1663 1462 παιδὸς

191 1481 499 1541 καταφρόνησιν
527 1486 594 1527 καὶ
622 1484 905 1541 προσέχαιρον.
978 1482 999 1527 ὅ
1025 1483 1163 1539 μέντοι
1182 1500 1225 1539 γε
1241 1480 1496 1539 πατριάρχης
1517 1480 1574 1524 ἔτι
1595 1482 1663 1529 καὶ

191 1553 317 1603 αὐτὸς
339 1554 381 1596 ἐν
402 1554 558 1596 ἐλπίσιν
577 1549 626 1608 ἦν
648 1558 723 1597 τοῦ
742 1553 872 1609 μηδέν
894 1571 934 1596 τι
954 1557 1256 1607 παραβαθῆναι
1277 1556 1360 1596 τῶν
1379 1550 1661 1607 συγκειμένων,

190 1623 259 1664 καὶ
287 1621 405 1665 οὐδέν
439 1638 479 1664 τι
506 1621 825 1680 προσεξηρεύνα.
895 1621 1044 1672 ἔκεῖνος
1071 1621 1119 1664 δέ
1145 1637 1225 1665 τισι
1251 1621 1334 1664 τῶν
1370 1619 1586 1677 ἀρχιερέων
1613 1618 1662 1663 τὸ

192 1690 355 1746 σκέμμα
379 1689 704 1746 κοινωσάμενος,
743 1693 811 1734 καὶ
836 1689 891 1742 ὥς
918 1691 994 1734 οὐκ
1023 1689 1138 1743 ἄξιον
1164 1690 1226 1746 εἴη
1255 1692 1371 1733 παιδὶ
1388 1689 1476 1734 ὄντι
1498 1690 1568 1738 καὶ
1587 1687 1718 1742 τὴν20

223 1803 226 1807 ’
286 1813 341 1848 12.
363 1811 435 1857 εἰς]
461 1810 518 1854 οἷς
540 1812 581 1846 Ρ.

196 1913 298 1949 tionis
321 1925 429 1960 nuper
453 1915 587 1959 factae,
614 1925 703 1960 quae
724 1914 818 1949 illum
840 1917 1039 1949 averterent
1063 1925 1084 1949 a
1105 1913 1285 1949 metuendo
1307 1913 1387 1948 inde
1409 1912 1593 1959 quidquam
1617 1910 1664 1946 si-

194 1961 338 1996 nistrum
371 1961 488 1997 heredi
519 1961 694 1996 Theodori
727 1961 851 2008 prioris
882 1961 1097 2006 imperatoris
1126 1961 1191 1996 sibi
1213 1961 1290 1995 olim
1314 1972 1381 1995 non
1404 1960 1530 2004 ignoti,
1564 1958 1664 2004 quin-

193 2007 299 2041 etiam
319 2007 525 2042 amicissimi.
572 2006 625 2041 his
650 2007 799 2052 peractis
821 2007 996 2042 celerrime
1018 2018 1200 2050 reversus,
1231 2012 1402 2052 assumpto
1426 2016 1540 2040 secum
1562 2005 1665 2039 Ioan-

195 2065 239 2088 ne
261 2060 389 2098 puero,
414 2065 487 2089 cum
512 2053 686 2098 splendido
710 2060 876 2099 apparatu
901 2065 1092 2099 pompaque
1114 2053 1295 2098 magnifica
1317 2051 1583 2087 numerosissimi
1606 2061 1663 2085 sa—

194 2099 309 2133 tellitii
342 2098 505 2134 Nicaeam
535 2100 604 2134 iter
635 2100 788 2134 intendit.
835 2111 902 2145 quo
926 2104 964 2133 ut
992 2104 1240 2145 pervenerunt,
1272 2099 1355 2134 nihil
1387 2098 1537 2136 cunctati
1571 2098 1663 2143 (non

197 2145 286 2180 enim
307 2149 442 2190 tempus
463 2150 577 2181 terere
600 2146 735 2192 sinebat
763 2145 940 2180 solicitudo
963 2157 1076 2180 renum
1106 2146 1356 2190 Occiduarum)
1390 2144 1506 2180 statim
1535 2155 1574 2178 se
1604 2154 1663 2177 ac-

197 2191 335 2235 cingere
365 2193 625 2237 coeperuntad
661 2192 838 2227 solemnem
873 2192 1133 2227 coronationem.
1184 2192 1218 2226 in
1253 2203 1321 2237 qua
1351 2196 1493 2225 eventus
1515 2188 1666 2224 ostendit

196 2239 327 2272 frustra
349 2242 522 2283 speratum
545 2239 589 2273 ab
613 2238 799 2280 universis,
831 2243 889 2280 ut,
921 2238 1197 2283 quemadmodum
1221 2241 1446 2280 convenerat,
1483 2235 1665 2282 priorim-

198 2283 373 2328 peratorio
395 2283 589 2319 diademate
609 2285 827 2331 insigniretur
849 2290 884 2319 et
906 2285 1078 2329 Augustus
1111 2285 1358 2319 acclamaretur
1382 2282 1666 2323 adolescentulus,

197 2329 418 2383 praeiretque
443 2331 572 2366 'cunctis
591 2330 627 2365 in
650 2342 772 2377 pompa
795 2331 1007 2376 triumphali,
1039 2342 1128 2376 quae
1151 2330 1213 2364 tali
1237 2330 1415 2365 occasione
1439 2327 1667 2363 coronationis

196 2379 439 2420 unperatorum
462 2377 550 2411 solet
569 2377 719 2418 institui,
745 2376 965 2422 palaeologus
986 2388 1068 2411 vero
1093 2381 1128 2410 et
1150 2377 1249 2411 huius
1272 2376 1396 2411 coniux
1418 2375 1566 2411 secundo
1589 2375 1668 2420 post

197 2421 292 2455 illum
317 2421 433 2455 ordine
456 2423 669 2468 procederet.
715 2424 762 2468 (7
771 2424 790 2468 )
825 2423 888 2458 hoc
909 2434 991 2458 vero
1013 2422 1082 2457 suit
1103 2423 1290 2468 impingere
1312 2423 1348 2457 in
1370 2422 1471 2456 limen
1493 2424 1529 2455 et
1551 2431 1572 2455 a
1593 2419 1668 2465 pri-

199 2467 263 2507 mis
286 2468 448 2502 aberrare
470 2470 668 2504 carceribus
691 2481 752 2516 per
775 2469 886 2503 dolum
910 2474 947 2503 et
967 2468 1118 2503 foederis
1138 2469 1394 2510 infractionem3
1415 2479 1460 2502 ex
1479 2477 1548 2512 quo
1566 2465 1666 2500 foedo

201 2512 369 2559 principio
392 2513 429 2547 in
452 2526 553 2560 quem
575 2515 676 2550 finem
700 2515 862 2560 proclivis
885 2519 976 2549 esset
999 2515 1190 2561 prolapsio,
1222 2527 1318 2550 nemo
1350 2515 1424 2549 fere
1452 2511 1667 2558 prudentium

201 2570 269 2595 nou
291 2559 472 2595 sentiebat.
518 2572 634 2595 verum
658 2561 901 2608 praeoccupati
930 2561 1102 2595 beneficiis
1126 2565 1162 2596 et
1185 2560 1342 2607 suspensi
1362 2560 1488 2604 spebus
1509 2557 1667 2604 plerique
1686 2599 1689 2601 Ι

202 2605 430 2651 potentiorum
453 2609 652 2641 tacuerunt:
688 2607 822 2652 linguas
844 2607 931 2642 enim
954 2607 1118 2649 omnium,
1149 2610 1331 2653 perpaucis
1353 2605 1527 2651 exceptis,
1557 2603 1666 2639 ambi-

205 2651 318 2686 tiosae
341 2650 540 2696 largitiones
564 2653 806 2696 devinxerant,
836 2658 876 2688 ut
899 2653 1033 2699 quidvis
1056 2653 1154 2688 taciti
1179 2656 1318 2689 ferrent.
1364 2652 1498 2698 quidam
1520 2650 1621 2684 etiam
1645 2660 1668 2684 a

202 2700 304 2743 patre
325 2698 425 2743 pueri
447 2703 535 2745 quae
558 2710 625 2733 non
650 2699 828 2734 voluerant
847 2700 961 2745 passi,
992 2699 1202 2735 dulcedinem
1221 2699 1396 2735 vindictae
1416 2697 1584 2744 quendam
1606 2695 1668 2731 de-

205 2746 390 2788 gustabant
418 2743 454 2778 in
487 2745 706 2788 depressione
737 2745 799 2779 filii
830 2747 902 2780 eius
922 2758 943 2780 a
975 2758 1041 2792 quo
1073 2758 1111 2781 se
1142 2746 1288 2781 affectos
1318 2746 1450 2780 'iniuria
1489 2743 1667 2788 putabant-

206 2801 313 2835 quare
336 2790 401 2824 hoc
423 2789 508 2836 ipsis
529 2790 712 2826 iucundum
734 2791 923 2826 accidebat.
969 2792 1166 2837 patriarcha
1186 2796 1278 2827 totus
1298 2791 1495 2826 incumbens
1522 2788 1566 2823 ad
1588 2799 1670 2833 spe-

204 2836 348 2870 randum
380 2836 472 2891 quod
505 2838 668 2883 optabat,
703 2842 781 2872 rata
811 2837 971 2872 videlicet
993 2841 1097 2884 pacta
1117 2842 1283 2873 conventa
1301 2838 1337 2872 iu
1360 2847 1489 2872 summa
1507 2835 1559 2869 rei
1581 2835 1668 2877 fore,

206 2881 289 2915 nihil
311 2882 346 2917 in
368 2882 422 2917 lus
443 2894 649 2930 magnopere
672 2883 820 2919 scrutari
839 2883 967 2928 voluit3
995 2884 1085 2919 unde
1107 2896 1171 2919 nec
1193 2884 1259 2920 nisi
1279 2895 1356 2919 sero
1380 2882 1462 2929 quid
1484 2885 1670 2928 pararetur

206 2927 323 2964 sensit.
368 2928 593 2977 Palaeologus
621 2934 734 2967 autem
756 2934 864 2966 totam
883 2930 951 2966 iam
974 2935 1054 2966 aute
1075 2931 1264 2967 machinam
1285 2942 1361 2967 cum
1382 2927 1584 2975 quibusdam
1607 2937 1670 2962 au-
