1846 3262
219 193 324 239 *208
645 192 881 238 GEORGII
913 157 1275 242 ΡΑΟΗῨΜΕΒΙΞ1

160 323 163 333 ¹
226 324 324 358 νους
345 302 540 356 πολλάκις
563 306 637 362 μέν
660 305 865 363 εὐστοχεῖν
873 340 887 362 ,
924 309 1024 364 μίαν
1051 307 1100 352 δέ
1122 327 1165 367 γε
1187 310 1418 368 σφαλέντος
1435 316 1696 370 κρατηθῆναι

225 375 330 420 κατὰ
366 372 545 437 πόλεμον
582 377 650 419 καὶ
678 377 953 435 ἀμφοτέρους.
1021 375 1115 422 τότε
1143 380 1281 423 τοίνυν
1313 380 1381 424 ἐπ’
1416 381 1549 438 ὀλίγον
1576 399 1698 426 κατε-

87 454 116 488 Ρ
140 455 205 490 139
223 443 410 501 χομένων
448 445 490 487 ἓν
522 448 727 502 φυλακαῖς
753 445 774 489 ὃ
803 447 879 502 μὲν
909 446 1037 503 με’γας
1070 446 1310 502 δομέστικος
1347 447 1623 506 ἀποθνήσκει,
1667 449 1696 505 ἦ
1757 455 1764 458 ’

228 513 272 557 δ’
308 513 460 556 ἐκείνου
491 514 674 571 πενθερὰ
698 514 878 572 Εὖλογία
909 515 1017 559 δεινὰ
1045 516 1170 560 ἐποίει
1188 521 1247 577 τῷ
1267 521 1433 572 βασιλεῖ
1445 518 1697 576 προσαγγέλ-

224 587 358 626 λουσα
385 580 441 633 ὦς
471 581 641 642 προδῴη
668 584 743 639 μὲν
772 582 793 628 ὅ
826 582 1194 641 παρακοιμώμενος
1223 585 1296 629 τὸν
1323 587 1474 642 ἐκείνης
1490 585 1730 645 γαμβρόν,5

226 653 294 694 καὶ
321 649 376 701 ὥς
399 651 584 707 ἐπίτηδες
601 653 837 710 Κκρατηθείη
860 655 928 696 καὶ
949 648 1072 704 οὗτος
1094 656 1149 705 εἷς
1167 651 1370 710 πόλεμον,
1407 653 1596 712 ὀρύσσων
1619 654 1698 712 βό-

226 725 336 776 θρον
358 724 417 779 τῷ
442 720 714 781 συστρατήγῳ
725 755 738 776 ,
777 724 843 765 καὶ
866 720 921 773 ὥς
942 722 1115 782 ἀληθῶς
1133 724 1198 766 ἐπὶ
1216 721 1378 774 τούτοις
1397 731 1694 781 κατηγορεῖται,

157 787 163 791 ”
227 787 374 845 λόγους
404 789 507 843 ἔχων
538 792 606 846 καὶὶ
636 792 880 849 συμφωνίας
911 791 1014 849 πρὸς
1039 792 1111 836 τὸν
1141 793 1350 849 Πρίντζην
1376 790 1599 848 λαμβάνειν
1619 793 1698 850 τὴν

226 862 302 902 τοῦ
326 855 529 915 Λάσκαρι
549 858 770 915 Θεοδώρου
796 864 871 902 τοῦ
896 859 1099 914 βασιλέως
1117 861 1330 918 θυγατέρα
1366 858 1599 926 (κεχήρωτο
1619 861 1697 920 γὰρ

226 931 302 971 τοῦ
322 926 502 983 ἀνδρὸς)
539 928 664 974 ἐκεῖσε
682 926 930 985 διάγουσαν,
969 931 1036 972 καὶ
1055 928 1148 985 μετ’
1173 930 1311 973 αὐτῶν
1334 927 1435 973 εἶναι
1455 928 1697 986 παραδόντα
1711 935 1755 977 10

176 1001 206 1037 Β
231 996 305 1053 τὴν
327 994 494 1053 χώραν,
530 999 597 1039 καὶ
627 995 912 1055 ἀντιπράττειν
941 1002 1001 1057 τῷ
1030 1002 1202 1053 βασιλεῖ.
1273 1002 1408 1042 ταῦτα
1434 998 1610 1055 λέγουσα
1630 999 1703 1043 καί

226 1082 271 1122 γε
294 1070 568 1122 προστιθεῖσα
595 1064 620 1121 ἡ
643 1066 822 1123 Εὗλογία
855 1066 960 1124 πρὸς
981 1066 1054 1110 τὸν
1081 1066 1261 1124 ἀδελφὸν
1281 1067 1439 1123 πιθανὴ
1461 1065 1611 1110 ἐδόκει·
1646 1063 1698 1124 ἦν

227 1134 307 1192 γὰρ
344 1135 388 1177 ἐκ
424 1138 580 1178 πολλοῦ
615 1139 788 1178 τοιαῦτα
827 1133 1011 1185 ἀκούσας
1037 1137 1128 1192 περὶ
1160 1136 1311 1178 ἐκείνου
1339 1137 1406 1178 καὶ
1438 1133 1459 1178 ὃ
1489 1133 1696 1189 βασιλεύς.

228 1204 400 1246 συνίστα
426 1204 471 1246 δὲ
493 1203 568 1253 τὰς
587 1204 831 1261 κατηγορίας
847 1204 916 1246 καὶ
932 1203 984 1247 τὰ
1002 1208 1077 1246 τοῦ
1097 1204 1250 1261 ἀνδρὸς
1269 1201 1606 1260 κατορθώματα,
1641 1203 1699 1255 ὥς

227 1272 332 1323 εἰκὸς
352 1270 452 1315 εἶναι
470 1270 602 1322 οὕτως
619 1271 914 1328 εὐδοκιμοῦντα
933 1271 1125 1316 ὖπελθεΐν
1144 1275 1294 1316 ἐκεῖνον
1311 1272 1384 1316 τὸν
1401 1273 1611 1330 Πρίντζην
1630 1275 1697 1318 καὶ
1709 1280 1754 1317 15

226 1345 401 1384 τοιαῦτα
431 1340 525 1395 μετ’
558 1340 687 1384 αὐτοῦ
722 1338 1061 1400 συσκευάζεσθαι.
1131 1341 1180 1385 τὸ
1204 1340 1252 1384 δέ
1270 1357 1312 1397 γε
1333 1333 1438 1397 πρὸς
1463 1341 1540 1397 τὴν
1561 1346 1699 1399 θυγαψ

226 1409 327 1466 τέρα
360 1413 435 1452 τοῦ
466 1409 670 1463 βασιλέως
698 1411 824 1466 κῆδος
852 1411 920 1452 καὶ
946 1411 1039 1453 λίαν
1060 1409 1198 1454 ἱκανὸν
1220 1407 1404 1464 οἰόμενος
1421 1410 1578 1453 πείθειν
1596 1411 1698 1454 ἐκεῖ·

172 1486 203 1521 C
227 1496 300 1522 νον
332 1476 389 1529 ὥς
415 1478 620 1534 μεγίστοις
653 1476 1106 1536 ἕπιγαμβρευσόμενον,
1155 1480 1223 1522 καὶ
1259 1479 1351 1521 λίαν
1379 1477 1610 1535 παρέκνιζεν
1641 1481 1699 1530 εἷς

224 1546 349 1604 ὀργὴν
381 1546 448 1590 διὰ
475 1546 550 1602 τὴν
578 1551 651 1590 τοῦ
679 1548 826 1600 μίσους
849 1551 923 1601 τῆς
952 1548 1142 1603 γυναικὸς
1163 1544 1362 1602 ὑποψίαν.
1433 1545 1535 1590 ὅθεν
1552 1548 1621 1590 καὶ
1641 1545 1698 1598 ὥς

222 1615 406 1672 ἀληθινὰ
436 1614 489 1659 τὰ
518 1615 679 1659 πιθανοὶ
709 1613 948 1671 δεξάμενος,
984 1622 1175 1675 τιμωρεῖν
1209 1614 1599 1674 παραυτίκαῆθελε
1628 1618 1755 1659 καὶ20

224 1750 321 1791 sent,
351 1748 457 1783 semel
487 1747 725 1792 offenderunt,
756 1747 808 1783 ita
837 1750 878 1782 ut
908 1748 1038 1793 praelio
1060 1748 1210 1783 infausto
1233 1749 1332 1783 ambo
1356 1748 1449 1794 capti
1468 1748 1615 1783 hostium
1639 1760 1698 1784 cu-

223 1795 338 1829 stodia
361 1794 616 1837 detinerentur,
646 1794 680 1828 in
704 1805 773 1839 qua
794 1805 938 1838 magnus
959 1795 1163 1829 domesticus
1187 1799 1223 1829 et
1246 1798 1409 1829 mortuus.
1456 1795 1555 1829 huius
1577 1806 1697 1830 socrus

225 1839 375 1885 Eulogia
399 1851 474 1874 cum
496 1840 599 1874 istum
622 1841 775 1874 nuntium
798 1840 915 1874 dolore
937 1851 998 1874 suo
1023 1842 1167 1875 maximo
1191 1841 1343 1876 auditum
1365 1841 1564 1886 imperatori
1584 1842 1699 1875 refer·
1718 1839 1722 1847 ’

225 1890 304 1930 ret,
328 1886 499 1931 proditum
523 1887 565 1919 ab
589 1886 680 1920 sacri
703 1883 847 1919 cubiculi
873 1887 1049 1931 praefecto
1072 1897 1167 1920 suum
1193 1898 1355 1931 generum
1380 1889 1504 1931 questa
1525 1889 1603 1929 est,
1638 1897 1699 1922 as-

226 1943 345 1968 serens
368 1932 535 1967 volentem
558 1931 758 1966 Maerenum
779 1931 868 1966 bello
891 1931 1019 1966 victum
1042 1933 1166 1974 fuisse,
1190 1936 1227 1967 et
1249 1943 1292 1967 ex
1315 1931 1502 1977 composito
1524 1931 1698 1967 inductum

227 1979 271 2014 ab
295 1978 371 2023 ipso
393 1977 430 2012 in
448 1978 603 2023 provisas
622 1977 763 2012 insidias
785 1989 942 2022 magnum
965 1978 1198 2014 domesticum.
1245 1981 1282 2012 et
1305 1989 1432 2012 revera
1452 1978 1621 2023 quaedam
1642 1978 1697 2013 in-

226 2025 410 2059 crebuerat
438 2035 504 2058 non
538 2034 676 2068 prorsus
702 2023 927 2060 inverisimilis
957 2023 1040 2058 talis
1073 2024 1237 2068 perfidiae
1263 2023 1400 2069 opinio,
1433 2023 1549 2058 multis
1572 2035 1615 2057 ex
1637 2035 1698 2058 su-

226 2070 379 2116 spicione
402 2069 653 2104 affirmantibus
675 2069 788 2114 egisse
810 2069 895 2103 clam
919 2072 955 2103 et
978 2070 1176 2104 convenisse
1200 2081 1274 2104 cum
1300 2070 1459 2114 Principe
1482 2069 1695 2111 Maerennm,

227 2116 394 2163 promissa
423 2115 502 2150 huic
537 2116 580 2150 ab
614 2115 672 2150 illo
704 2114 879 2150 Theodori
912 2115 1073 2149 Lascaris
1104 2115 1318 2161 imperatoris
1341 2115 1462 2159 nuperi
1482 2115 1574 2149 filia:
1610 2115 1698 2150 haec

227 2162 316 2197 enim
345 2161 398 2196 ibi
430 2164 558 2207 nupta,
590 2169 631 2196 ut
659 2161 826 2204 diximus,
858 2161 935 2195 viro
957 2161 1079 2196 deinde
1100 2166 1232 2196 mortuo
1255 2161 1347 2206 apud
1375 2160 1568 2206 Principem
1590 2160 1698 2196 vidua

225 2208 418 2255 perstabat.
464 2207 649 2253 pollicitum
681 2210 794 2242 autem
827 2207 890 2241 tali
920 2208 1075 2242 mercede
1097 2208 1296 2243 Macrenum
1327 2206 1467 2242 aiebant
1490 2206 1698 2241 traditurum

224 2265 304 2289 sese
324 2253 475 2299 Principi
497 2265 586 2299 quae
608 2253 752 2288 Romani
772 2253 811 2287 in
831 2253 1063 2299 Peloponneso
1086 2257 1269 2300 ceperant,
1310 2258 1347 2288 et
1368 2252 1565 2297 imperatori
1585 2263 1697 2298 quan·-

225 2303 298 2335 tum
331 2303 448 2345 posset
477 2300 694 2335 obstiturum.
737 2300 823 2334 haec
845 2299 991 2344 Eulogia
1013 2300 1118 2334 fratri
1150 2300 1270 2334 dicens
1289 2298 1484 2335 verisimilia
1503 2297 1596 2344 loqui
1618 2298 1697 2336 visa

229 2349 307 2387 est,
340 2358 381 2380 eo
405 2346 498 2391 quod
520 2346 712 2380 iamdudum
733 2345 818 2380 talia
839 2345 883 2379 de
906 2345 1068 2381 Maereno
1091 2346 1281 2392 imperator
1312 2344 1479 2380 audisset.
1523 2344 1698 2394 addebant

227 2395 342 2427 autem
365 2391 574 2426 accusationi
595 2392 697 2426 fidem
719 2391 822 2426 fortia
843 2391 911 2425 viri
933 2392 1047 2435 facta,
1084 2403 1128 2426 ex
1158 2393 1282 2438 quibus
1313 2390 1475 2426 credibile
1504 2390 1707 2444 apparebat*

228 2442 386 2472 conatum
418 2438 525 2472 fuisse
555 2437 748 2481 Principem
780 2437 922 2472 delinire
952 2442 1022 2473 tam
1054 2437 1216 2480 inclytum
1245 2436 1334 2472 bello
1357 2436 1478 2471 ducem
1499 2440 1536 2470 et
1557 2446 1592 2469 in
1614 2445 1696 2470 suas

226 2495 305 2518 eum
333 2485 451 2528 partes
481 2484 667 2520 attrahere.
715 2484 806 2529 quod
837 2495 938 2529 porro
971 2484 1162 2518 addebatur
1193 2484 1238 2518 de
1271 2482 1415 2527 coniuge
1436 2481 1503 2527 ipsi
1525 2480 1697 2516 destinata

225 2529 297 2564 filia
329 2529 546 2573 imperatoris
579 2529 772 2572 Theodori,
806 2529 842 2564 id
875 2533 913 2564 et
945 2530 1215 2565 efficacissimum
1244 2527 1453 2563 incentivum
1475 2526 1610 2572 quidvis
1631 2537 1696 2561 au-

226 2574 330 2610 dendi
352 2575 517 2609 Macreno
541 2576 692 2610 futurum
723 2575 888 2618 videbat,
918 2576 1036 2622 utique
1066 2586 1194 2610 summe
1224 2573 1427 2620 expetibiles
1448 2573 1536 2607 tales
1558 2571 1696 2618 nuptias

226 2621 295 2657 sibi
317 2621 488 2655 credituro
511 2623 654 2666 propter
675 2621 879 2656 affinitatem
900 2633 1001 2668 quam
1022 2633 1085 2666 per
1109 2632 1169 2656 eas
1191 2632 1267 2656 cum
1289 2618 1442 2655 maximis
1463 2617 1567 2652 iniret
1585 2617 1696 2652 domi-

225 2668 303 2702 bus.
349 2670 387 2702 et
417 2666 498 2713 quia
528 2667 618 2701 idem
640 2667 888 2702 matrimonium
912 2667 1228 2713 periculosissimum
1250 2667 1354 2701 rebus
1375 2665 1446 2699 suis
1466 2665 1619 2699 futurum
1639 2662 1696 2697 in·-

225 2713 418 2759 telligebat,
438 2712 566 2747 idcirco
589 2713 680 2758 quod
703 2724 777 2748 eam
801 2713 972 2748 mulierem
993 2716 1114 2759 utpote
1136 2723 1287 2748 sororem
1309 2710 1488 2746 excaecati
1504 2722 1526 2744 a
1539 2720 1578 2744 se
1591 2709 1695 2744 Ioan-

227 2760 281 2794 nis
314 2759 382 2795 sibi
414 2770 490 2794 esse
520 2758 687 2793 infensam
708 2758 968 2803 suspicabatur,
1003 2760 1192 2796 concitatus
1212 2758 1250 2792 in
1270 2757 1500 2792 vehementem
1522 2755 1628 2796 iram,
1657 2755 1694 2788 et

228 2817 317 2851 quae
339 2809 473 2840 tantum
493 2804 723 2840 verisimiliter
744 2805 984 2849 narrabantur,
1007 2817 1071 2851 pro
1094 2804 1187 2840 veris
1207 2806 1246 2838 et
1269 2802 1403 2838 omnino
1427 2801 1531 2837 certis
1552 2801 1694 2853 habens,

228 2850 394 2887 atrociter
424 2850 544 2887 ulcisci
572 2852 628 2890 vel
660 2850 804 2898 primam
835 2849 937 2885 istius
967 2851 1067 2887 invisi
1095 2850 1163 2887 sibi
1195 2848 1354 2886 oonnubii
1388 2846 1630 2895 cogitationem
1656 2855 1695 2881 tu
