1846 3262
468 199 544 242 DE
571 200 849 244 MICHAELE
877 203 1255 250 PALAEOLOGO
1285 208 1332 250 L.
1359 208 1391 251 Ι.
1609 214 1673 257 55

198 314 385 370 στιαρίου
415 312 763 371 προστάσσοντος.
833 315 999 369 τούτοις
1027 322 1095 363 καὶ
1123 327 1209 372 τοῖς
1227 320 1429 374 τοιούτοις
1449 323 1496 367 τὸ
1516 325 1674 376 ξανθόν

197 402 241 427 τε
268 387 334 427 καὶ
364 383 599 441 ἇρειμάνιον
626 387 740 443 γε’νος
767 384 1215 444 ἓρεθιζόμενοιὲτοιμοι
1239 387 1345 447 ἦσαν
1368 392 1672 451 κατασφάττειν

197 455 370 505 ἐκείνους
381 488 395 507 ,
429 457 463 497 εἲ
490 453 619 510 μόνον
652 473 712 506 τις
743 454 988 516 παρορμιιόη.
1061 460 1197 503 αῗτίαν
1226 461 1271 503 δὲ
1302 461 1416 516 ἴσχεν
1440 464 1497 513 εἷς
1525 468 1664 518 τοῦτο,
1689 473 1718 507 Β

197 521 251 573 ὥς
282 521 302 566 ὅ
330 529 412 567 τῶν
438 529 601 568 πολλῶν
624 523 743 582 λόγος
762 525 838 580 ἔχει
849 559 863 579 ,
895 524 916 569 ὅ
941 523 1102 570 τούτων
1122 527 1428 587 τῆςφᾶλαγγος
1450 531 1670 589 ἐξηγούμε-

160 599 182 633 5
195 609 261 642 νος
276 626 288 645 ,
325 593 368 644 ὃς
399 595 466 636 καὶ
487 592 613 636 πάλαι
632 595 706 649 μὲν
728 592 994 652 ὡρμημένους
1014 595 1167 647 αὐτούς
1175 632 1189 650 ,
1227 596 1320 642 τότε
1342 599 1387 641 δ’
1410 602 1669 658 ἕξαφθέντας

191 663 314 705 πλέον
336 663 558 714 ἀνεθέντας
577 668 651 706 τοῦ
672 661 808 720 φόβου
828 666 895 706 καὶ
916 666 1182 722 δρασείοντας
1200 666 1252 709 τὰ
1274 666 1477 724 ἀνήκεστα
1496 672 1540 721 ἐξ
1559 669 1667 723 ἕτοί-

188 749 271 786 μου
293 732 462 789 ἠρέθισε
487 732 558 775 τὸν
579 730 708 790 φόνον
728 734 997 789 ἕπιτολμῆσαι
1016 736 1160 792 καιρὸν
1184 736 1367 791 ἔχοντας.
1413 740 1481 781 καὶ
1503 738 1524 783 ὃ
1544 738 1665 797 λόγος

190 802 235 843 ἐκ
265 807 346 845 τῶν
371 799 544 858 ὕστερον
574 801 685 858 φέρει
705 802 754 845 τὸ
774 802 977 847 πιθανόν·
1015 803 1112 848 οὐδὲ
1130 804 1208 862 γὰρ
1229 804 1281 848 ἄν
1304 804 1488 861 ἐτόλμων
1500 842 1513 861 ,
1551 811 1586 852 εἶ
1604 808 1665 866 μή

188 886 303 921 τινας
320 868 586 928 προβιβάσεις
602 869 707 927 εἶχον
717 905 730 924 ,
766 871 1002 924 ἀλλοεθνεῖς
1022 873 1134 925 ὄντες
1153 877 1220 918 καὶ
1239 875 1285 919 τὸ
1306 876 1428 919 πλεόν
1447 875 1660 933 ἐπήλυδες.
1685 892 1715 927 c

133 947 176 980 10
188 941 256 981 καὶ
287 942 321 982 εἷ
354 939 486 990 οὕτως
515 938 622 995 εἶχον
652 943 719 983 καὶ
746 939 884 996 μόνως
914 947 1110 1000 θαρρεῖν,
1151 941 1308 1001 ἀνάγκη
1330 946 1483 997 παντὸς
1500 951 1662 1001 μᾶλλον

184 1008 256 1051 τὸν
284 1008 437 1066 ἄγοντα
465 1007 786 1054 ὑποπτεύεσθαι.
858 1011 981 1070 (19)
1021 1012 1121 1063 τέως
1147 1013 1190 1057 δ’
1219 1009 1292 1057 οὖν
1313 1011 1339 1070 ἢ
1360 1015 1423 1057 ἐπὶ
1443 1019 1503 1075 τῷ
1533 1015 1655 1060 ἂποι-
1677 1032 1710 1066 D

180 1078 340 1137 χομένῳ
363 1076 507 1134 ἒννάτη
532 1079 699 1139 κειμένῳ
718 1084 878 1138 παρῆν,
916 1084 982 1124 καὶ
1002 1081 1080 1125 ἔδει
1107 1082 1181 1136 τὴν
1202 1081 1369 1139 μνήμην
1389 1083 1498 1140 ἄγειν
1522 1085 1659 1146 ἐκείνῳ

182 1148 287 1191 κατὰ
306 1147 355 1203 τὸ
375 1146 567 1204 σύνηθες.
616 1148 856 1205 ἀνέρχονται
872 1152 1011 1193 τοίνυν
1029 1153 1085 1201 εἷς
1101 1151 1174 1208 τὴν
1195 1157 1277 1195 τῶν
1295 1151 1557 1211 Σωσάνδρων
1575 1174 1657 1209 μο-

181 1214 254 1272 νήν
264 1251 277 1270 ,
317 1215 420 1260 ὅπου
451 1219 517 1282 ναὶ
543 1215 562 1260 ὅ
585 1219 726 1276 νεκρὸς
747 1223 821 1262 τοῦ
839 1220 1044 1274 βασιλέως
1063 1218 1233 1276 ἐχόμενα
1251 1226 1328 1264 τοῦ
1347 1223 1506 1280 πατρὸς
1525 1224 1656 1267 τέθα-

125 1293 167 1327 15
181 1304 257 1329 πτο
271 1321 284 1339 ,
321 1291 403 1330 τῶν
423 1287 650 1343 ἱερωμένων
672 1286 760 1331 ὅσοι
782 1294 975 1346 παρῆσαν
996 1291 1133 1335 ε’κεΐσε.
1207 1290 1446 1348 ἄνέρχονται
1466 1293 1512 1336 δὲ
1529 1295 1597 1336 καὶ
1615 1295 1655 1337 οἱ

177 1356 220 1398 ἓν
241 1356 342 1399 τέλει
366 1354 538 1410 πάντες,
573 1359 700 1414 χωρὶς
723 1357 766 1399 δ’
789 1358 947 1401 ἐκείνων
966 1360 1033 1402 καὶ
1055 1363 1137 1402 τῶν
1155 1365 1356 1415 γυναικῶν
1380 1362 1425 1403 αἱ
1444 1359 1652 1418 προῦχου-

177 1441 246 1467 σαι
277 1430 515 1482 ματρῶναι,
549 1428 615 1468 καὶ
640 1430 721 1469 πᾶν
753 1424 850 1470 ὅσον
871 1422 920 1482 ἦν
943 1425 1186 1485 ὑπηρετικὸν
1210 1435 1296 1479 τοῖς
1319 1434 1529 1486 κρατοῦσι.
1601 1432 1650 1475 τὸ

174 1493 313 1549 μέντοι
341 1511 384 1551 γε
413 1495 706 1551 στρατιωτικὸν
733 1497 777 1538 ἐκ
806 1498 999 1553 προνοίας
1037 1499 1105 1540 καὶ
1132 1501 1292 1551 μᾶλλον
1315 1496 1427 1542 κάτω
1454 1501 1545 1556 περὶ
1575 1500 1644 1544 τὸν
1670 1514 1701 1548 Ε

173 1563 348 1617 βασιλέα
383 1563 727 1620 ἐγκαταλέλειπτο.
801 1563 856 1616 ὥς
884 1570 982 1623 γοῦν
1011 1568 1171 1609 πανοικὶ
1206 1569 1272 1609 καὶ
1301 1568 1340 1610 οἶ
1367 1567 1648 1621 Μουζάλωνες

118 1641 163 1676 20
175 1631 324 1690 ᾔεσαν,
355 1634 464 1676 ἰδίαν
489 1633 731 1690 παρά,τοῦς
751 1633 902 1686 ἄλλους
923 1635 1099 1693 στοργὴν
1122 1635 1226 1692 πρὸς
1247 1634 1534 1681 τὸνιθανόντα
1556 1640 1644 1681 ε’πι-

173 1699 443 1758 δεικνύμενοι,
473 1700 565 1746 τότε
595 1702 644 1747 τὸ
672 1701 986 1762 στρατιωτικόν,
1024 1703 1300 1764 διαφερόντως
1319 1706 1366 1749 δέ
1381 1706 1427 1749 τὸ
1446 1704 1642 1751 Ἰταλικόν

168 1861 355 1903 derentur,
387 1859 480 1906 quod
503 1862 766 1907 protovestiarii
788 1861 884 1897 iussu
904 1862 1088 1907 ignominia
1112 1866 1147 1897 et
1170 1862 1382 1898 contumeliis
1405 1863 1644 1899 afficerentur..

169 1909 224 1942 his
251 1912 286 1942 et
309 1907 472 1942 similibus
495 1908 609 1942 rufum
635 1913 670 1942 et
694 1909 893 1943 bellicosum
917 1921 1025 1954 genus
1053 1909 1203 1950 irritati,
1239 1909 1354 1955 parati
1386 1914 1486 1944 erant
1509 1910 1554 1946 ad
1578 1922 1638 1945 eos

169 1953 409 1997 trucidandos,
444 1953 475 1989 si
509 1955 590 1999 quis
621 1955 678 1990 vel
712 1955 882 2001 paululum
915 1956 1116 2002 impelleret.
1164 1955 1327 1990 iactatum
1358 1955 1459 1990 etiam
1485 1962 1538 1992 est
1561 1968 1637 1991 ser-

166 2013 264 2036 mone
289 2001 478 2035 multorum
491 2001 611 2035 ducem
632 2001 734 2036 istius
758 2003 903 2036 Italicae
927 2003 1107 2057 phalangis
1131 2007 1262 2047 partem
1285 2001 1384 2036 istius
1407 2002 1529 2048 culpae
1552 2014 1636 2037 con-

164 2047 308 2082 scivisse
332 2059 399 2081 non
425 2059 582 2093 parvam,
607 2049 737 2094 quippe
761 2048 819 2094 qui
842 2059 923 2083 suos
946 2049 1024 2084 olim
1047 2049 1080 2082 in
1105 2049 1192 2083 hanc
1218 2048 1357 2083 caedem
1380 2059 1526 2093 pronos,
1550 2053 1633 2083 tunc

163 2100 277 2129 autem
299 2094 480 2129 occasione
504 2105 666 2129 accensos
689 2106 800 2137 nova,
822 2099 914 2130 metu
937 2096 1066 2130 solutos
1091 2100 1127 2129 et
1151 2095 1339 2140 gestientes
1363 2095 1474 2129 dirum
1497 2095 1633 2130 facinus

162 2146 322 2195 patrare,
355 2152 395 2175 re
428 2146 550 2186 parata
578 2140 776 2176 incitaverit
806 2146 847 2176 ut
880 2153 1056 2188 erumpere
1080 2153 1146 2187 quo
1170 2141 1428 2175 destinaverant
1449 2141 1632 2176 auderent.

161 2186 222 2231 qui
246 2186 381 2232 quidem
405 2199 518 2222 rumor
541 2198 584 2223 ex
607 2187 650 2221 iis
655 2200 761 2241 *quae
785 2192 970 2223 consecuta
994 2192 1073 2222 sunt
1097 2186 1290 2222 verisimilis
1312 2187 1374 2221 fit·
1405 2199 1518 2232 neque
1542 2188 1631 2222 enim

161 2232 236 2267 ausi
267 2238 398 2267 tantum
432 2237 568 2276 essent,
601 2233 664 2267 nisi
688 2234 771 2268 freti
795 2234 994 2269 auctoribus
1018 2239 1055 2269 et
1077 2233 1229 2268 instincti
1255 2233 1529 2279 persuasionibus
1551 2233 1630 2268 ido-

159 2279 252 2320 fleis,
277 2279 489 2324 alienigenae
513 2285 550 2315 et
573 2280 729 2326 plerique
752 2281 935 2336 adevenae;
961 2293 1030 2326 quo
1053 2284 1145 2315 statu
1169 2280 1319 2315 homines
1342 2280 1372 2314 si
1396 2280 1452 2314 vel
1475 2280 1631 2325 cogitent

160 2326 227 2360 vim
251 2326 401 2367 inferre,
435 2337 575 2372 prorsus
610 2338 751 2361 necesse
774 2327 821 2361 sit
843 2327 1013 2373 suspicari
1038 2327 1095 2372 agi
1119 2326 1239 2372 utique
1263 2326 1305 2361 ad
1330 2325 1365 2359 id
1389 2325 1482 2381 ipsos
1504 2327 1627 2371 impul·

155 2384 237 2427 sore
261 2372 429 2426 quopiam.
485 2373 584 2427 (19)
616 2377 700 2407 tunc
723 2373 928 2408 commodum
951 2385 1058 2408 nonus
1079 2373 1242 2407 illuxerat
1264 2384 1285 2406 a
1308 2378 1417 2407 morte
1439 2372 1626 2419 imperato-

155 2418 204 2453 ris
236 2418 330 2460 dies,
366 2430 433 2473 quo
467 2418 540 2453 eius
563 2421 726 2454 memoria
753 2420 925 2455 consuetis
947 2419 1107 2454 honorari
1141 2419 1265 2454 ritibus
1288 2418 1450 2454 debebat.
1497 2431 1624 2454 conve-

155 2465 253 2499 niunt
275 2464 383 2509 igitur
405 2464 440 2499 in
468 2464 718 2500 Sosandrorum
741 2466 1002 2507 monasterium,
1039 2465 1098 2500 ubi
1131 2476 1258 2511 corpus
1279 2465 1497 2510 imperatoris
1526 2466 1624 2500 iuxta

155 2516 287 2557 patrem
319 2512 487 2556 sepultum
519 2512 655 2553 fuerat,
693 2517 857 2557 quantum
884 2518 959 2547 erat
991 2512 1039 2547 ibi
1070 2523 1245 2547 sacrorum
1276 2512 1463 2554 hominum3
1495 2523 1623 2546 conve-

153 2558 250 2592 niunt
282 2562 318 2592 et
348 2558 569 2602 magistratus
602 2569 732 2599 omnes,
763 2559 924 2594 mulieres
956 2570 1091 2604 quoque
1125 2559 1256 2605 primae
1279 2558 1461 2603 dignitatis
1484 2570 1526 2593 ac
1549 2569 1621 2592 ma-

151 2608 292 2645 tronae,
328 2607 399 2638 tum
431 2604 598 2649 quidquid
629 2604 665 2638 in
697 2605 860 2650 obsequio
892 2605 1084 2660 principum
1107 2609 1195 2639 erat.
1245 2610 1282 2639 at
1304 2604 1470 2639 militares
1495 2603 1617 2649 copiae

151 2650 196 2685 de
227 2650 398 2684 industria
421 2650 544 2705 infra,
582 2651 681 2697 quasi
705 2651 750 2685 ad
773 2652 962 2686 custodiam
987 2653 1082 2685 circa
1106 2650 1319 2707 principem,
1352 2655 1431 2685 sunt
1461 2650 1615 2686 relictae.

151 2700 191 2731 ut
221 2702 332 2730 autem
364 2696 432 2742 ipsi
464 2708 599 2742 quoque
629 2698 828 2733 Muzalones
860 2710 934 2732 cum
965 2698 1135 2732 universis
1163 2697 1332 2752 ipsorum
1338 2697 1476 2731 familiis
1499 2696 1616 2732 eodem

150 2742 377 2778 ascenderant
400 2745 625 2779 ostentandae
647 2744 762 2779 studio
782 2745 880 2790 quasi
896 2745 1104 2790 praecipuae
1127 2743 1332 2778 cuiusdam
1322 2754 1473 2789 1psorum
1497 2743 1533 2777 in
1556 2742 1619 2777 de-

152 2789 305 2824 functum
338 2789 516 2832 caritatis,
547 2790 631 2825 tunc'
653 2790 846 2832 exercitus,
876 2791 1077 2846 praesertim
1103 2802 1185 2825 vero
1210 2790 1350 2825 Italicae
1374 2793 1410 2824 et
1433 2789 1618 2824 auxiliares

150 2840 291 2869 exterae
326 2836 466 2882 copiae,
492 2841 632 2881 captata
664 2837 863 2879 occasione,
897 2838 1022 2892 partim
1056 2836 1195 2872 ultionis
1228 2837 1273 2871 ab
1297 2836 1340 2870 iis
1363 2836 1422 2880 qui
1445 2837 1619 2870 laeserant

150 2882 362 2928 expetendae
397 2881 569 2919 desiderio
598 2883 802 2929 instinctae,
838 2883 963 2930 partim
998 2884 1220 2919 conniventes
1243 2881 1448 2918 audentibus
1471 2883 1617 2928 quadam
