1884 3262
290 212 388 260 542
690 210 1000 257 oBsERvAr.
1006 212 1009 213 ⁷
1032 196 1345 260 PAGHYMER.

399 318 699 374 ’Λλβανῖτᾰι
725 333 766 372 Ρ
784 319 865 363 357
885 323 1009 362 v.13.
1065 320 1145 371 agit
1165 318 1246 360 de
1234 321 1375 361 vicinis
1392 322 1653 376 Dyrrhachio
1661 322 1739 377 po-

287 379 417 433 pulis,
448 383 517 415 aut
550 376 684 428 potius
713 376 948 418 suburbanis
973 377 1150 416 rusticis.
1205 377 1446 418 Albanorum
1470 381 1668 431 regionem
1694 381 1739 420 in

288 433 519 476 'Macedonia
546 433 789 471 Ptolomaeus
819 432 1007 484 agnoscit.
1063 447 1185 485 porro
1217 434 1377 485 antiqua
1404 436 1631 475 Macedonia
1665 451 1740 489 po-

289 490 445 530 stremis
464 489 572 527 hisce
586 489 826 527 Orientalis
814 488 969 542 lmperii
985 489 1222 528 senescentis
1245 491 1521 542 temporibus
1508 505 1552 530 111
1569 500 1740 544 quatuor

290 547 417 586 divisa
452 552 582 598 partes
619 546 796 598 priscum
832 559 976 584 nomen
1001 546 1044 583 in
1073 547 1159 585 sola
1192 546 1474 585 mediterranea
1511 549 1739 591 retinuerat.

288 617 382 657 pars
410 615 507 641 vero
541 602 624 640 eius
655 601 823 640 confinis
856 603 1070 640 Dalmatiae
1103 609 1142 641 et
1165 602 1326 654 Illyrico
1355 603 1545 641 Albania
1533 617 1610 643 13111
1628 611 1738 655 tunc,

287 661 349 698 uti
370 665 409 698 et
422 659 559 708 hodie,
589 659 879 710 appellabatur3
911 658 980 697 ubi
998 665 1081 696 erat
1098 658 1424 711 Dyrrhachiensis
1443 660 1601 709 civitas,
1616 661 1739 700 *cuius

291 730 406 755 casus
427 722 556 754 terrae
577 721 688 753 motu
707 728 863 753 eversae
882 714 949 753 hic
969 721 1224 757 memoratur.
1282 728 1333 754 ex
1352 716 1518 755 Albania
1531 716 1653 769 porro
1669 731 1740 757 re-

288 779 351 812 cte
372 773 516 824 gentile
536 785 680 810 nomen
699 772 893 810 formatur
912 771 1127 810 Albanitae.

400 825 535 881 οἷμηρ
551 830 649 880 octo?
660 844 679 876 ς
714 842 756 879 Ρ.
776 828 857 871 508
882 841 923 869 v.
945 830 1010 869 10.
1068 827 1231 867 videtur
1261 841 1455 881 usurpare
1476 824 1664 882 αμηραλῆ
1690 834 1738 868 ut

286 885 496 938 proprium
526 885 604 923 viri
631 898 800 933 nomen,
831 897 1068 935 quamquam
1098 891 1138 922 et
1165 885 1293 923 videri
1314 886 1436 937 possit
1455 886 1740 949 appellativum
1804 895 1806 897 ’

286 942 530 980 vocabulum
559 940 781 991 dignitatis,
811 942 1055 991 praesectum
1086 941 1204 979 maiis
1231 941 1435 989 indicans3
1464 942 1577 979 cuius
1598 947 1638 981 et
1658 955 1742 980 no—

287 997 408 1035 tionis
427 1004 465 1035 et
477 1011 593 1035 ι170013
613 1010 728 1035 usum
754 997 847 1035 satis
874 997 1064 1035 celebrem
1087 997 1194 1048 apud
1212 997 1286 1036 hos
1303 998 1516 1050 scriptores
1540 998 1740 1049 Neograe-

291 1067 360 1092 cos
378 1053 505 1105 quivis
523 1053 565 1091 in
588 1053 636 1091 iis
655 1059 835 1092 versatus
854 1053 982 1101 novit,
1006 1059 1044 1091 et
1067 1053 1183 1091 docet
1203 1054 1396 1092 Meursius
1418 1054 1540 1093 verbo
1556 1050 1741 1106 Ἀμηρά·

289 1113 375 1157 λιος
394 1117 432 1148 et
448 1106 641 1161 Ἀμηρᾶς.
700 1122 771 1160 ego
791 1110 874 1147 sine
894 1108 1137 1173 praeiudicio
1157 1122 1240 1148 rem
1255 1110 1450 1174 integram·
1464 1110 1506 1147 in
1527 1110 1656 1148 medio
1671 1123 1742 1148 re-

288 1166 450 1217 linquo,
478 1166 703 1218 expximens
730 1165 774 1203 in
802 1166 982 1204 versione
1009 1165 1158 1203 Latinis
1181 1166 1307 1204 literis
1335 1179 1419 1204 eam
1438 1166 1563 1217 ipsam
1584 1178 1740 1215 vocem,

290 1235 408 1272 quam
437 1222 563 1260 lector
594 1235 668 1274 pro
698 1234 771 1260 suo
799 1221 962 1260 arbitrio
979 1222 1047 1260 vel
1061 1221 1222 1274 proprie
1244 1222 1308 1262 vel
1327 1221 1568 1274 appellative
1586 1226 1742 1261 sumere
1804 1220 1808 1225 ’
1829 1206 1831 1210 ⁴

288 1277 458 1346 poterit.

406 1330 757 1402 ἀναδέχεσθαι
793 1331 862 1374 καὶ
901 1328 1130 1384 οἰναδοχή
1166 1347 1210 1384 p.
1237 1332 1319 1375 256
1348 1346 1387 1375 v.
1420 1333 1483 1376 14.
1538 1331 1739 1372 hocloco

155 1394 185 1428 P
205 1394 272 1430 369
296 1391 391 1429 duas
436 1390 526 1428 illas
571 1403 687 1428 voces
732 1386 935 1442 ἅναδοχῆς
979 1395 1018 1428 et
1065 1386 1291 1441 ἄναδέχοιτο
1337 1389 1529 1442 peculiari
1571 1390 1741 1440 quadam

290 1447 478 1498 usurpari
506 1446 766 1485 ecclesiastica
789 1446 973 1494 notione,
1004 1446 1119 1484 facile
1143 1446 1328 1484 attentius
1351 1447 1481 1484 omnia
1502 1445 1741 1497 circumspi-

294 1504 413 1542 cienti
434 1509 551 1554 patet.
611 1503 773 1541 videtur
793 1509 920 1541 autem
938 1503 1047 1554 prius
1069 1503 1307 1540 vocabulum
1331 1497 1556 1554 ἅναδοχῆς
1544 1515 1586 1539 111
1606 1514 1651 1539 00
1672 1501 1739 1540 1110

290 1560 516 1610 significatu
542 1559 657 1610 poni,
686 1565 733 1597 ut
762 1559 913 1597 indicet
942 1552 1227 1596 absolutionem
1254 1558 1570 1596 samamentalem
1595 1559 1639 1595 in
1659 1557 1739 1596 tri-

289 1616 427 1655 bunali
453 1615 709 1654 confessionis
727 1629 891 1653 arcanae
916 1615 1110 1667 impertiri
1131 1614 1422 1666 poenitentibus
1450 1614 1606 1652 solitam
1629 1626 1650 1651 a
1671 1627 1739 1651 sa·-

289 1673 447 1710 cerdote
474 1671 787 1710 iurisdictionem
819 1672 869 1709 ad
900 1671 942 1710 id
974 1671 1213 1716 ordinariam
1233 1671 1300 1709 vel
1319 1671 1531 1721 delegatam
1556 1669 1738 1708 habente.

287 1729 471 1767 similiter
495 1729 657 1766 verbum
679 1724 943 1780 ἀναδέχεσθαι
962 1728 1149 1779 exprimit
1166 1727 1358 1765 actionem
1376 1727 1502 1779 ipsam
1521 1725 1738 1765 sacerdotis

288 1784 541 1825 absolventis.
601 1784 778 1822 continet
807 1790 935 1822 autem
961 1784 1158 1835 posterior
1188 1797 1277 1835 pars
1300 1782 1416 1821 huius
1436 1782 1652 1822 sententiae
1668 1793 1739 1820 13·-

290 1841 438 1878 tionem
479 1840 643 1891 prioris:
686 1840 776 1878 ideo
803 1840 905 1877 enim
935 1839 1072 1878 scribit
1098 1845 1235 1878 auctor
1261 1840 1498 1891 increpitum
1526 1837 1746 1888 Iosephum‘

291 1897 404 1947 quasi
435 1897 666 1935 absolvisset
683 1896 723 1933 in
745 1897 832 1933 foro
854 1896 1114 1934 conscientiae
1138 1896 1359 1946 Augustum
1386 1901 1523 1932 contra
1551 1895 1749 1933 volunta-⁴

291 1959 371 1991 tem
402 1952 670 2004 patriarchae3
713 1952 818 2002 quod
847 1958 1055 2003 postquam
1085 1951 1494 1990 excommunicaverat
1517 1949 1745 2000 Augustum
1811 1952 1813 1955 ’

291 2008 540 2062 patriarcha,
568 2008 756 2047 vetuisset
780 2007 1011 2046 nominatim
1031 2020 1080 2045 ne
1102 2008 1217 2046 etiam
1242 2007 1325 2045 eius
1347 2006 1606 2045 confessarius
1626 2006 1738 2044 Iose-

291 2065 396 2117 phus
427 2065 558 2116 ipsum
587 2078 729 2103 arcano
759 2064 1013 2102 confitentem
1043 2063 1228 2115 deinceps
1247 2063 1398 2101 audiret
1419 2069 1486 2100 aut
1506 2062 1746 2100 absolveret:

293 2121 338 2159 id
365 2127 497 2159 tamen
525 2121 599 2159 sibi
629 2120 747 2158 fuisse
772 2119 1015 2172 prohibitum
1038 2120 1203 2171 negabat
1217 2118 1421 2171 Iosephus.
1477 2132 1569 2157 sane
1588 2118 1752 2157 scimus‘

296 2177 579 2216 dissimulando
599 2176 823 2228 permisisse
847 2176 1111 2228 patriarcham
1136 2182 1184 2214 ut
1210 2177 1431 2225 Augustus,
1453 2175 1555 2213 'licet
1571 2188 1593 2212 a
1611 2187 1652 2212 se
1674 2174 1747 2212 in*->

296 2234 489 2272 terdictus
518 2234 659 2278 sacris,
688 2232 819 2284 aliqua
845 2239 977 2271 tamen
1000 2231 1302 2284 participatione
1319 2244 1520 2269 sacrorum
1535 2235 1736 2279 uteretu1⁴3

298 2295 346 2327 ut
365 2290 549 2328 distincte
564 2288 820 2342 Pachymeres
839 2290 982 2339 refert,
1008 2287 1371 2340 inconsequentiam
1398 2287 1479 2325 eius
1500 2287 1594 2325 facti
1610 2299 1737 2324 excu'-

294 2359 407 2394 sans,
436 2346 464 2385 l.
491 2349 515 2387 3
540 2344 661 2388 c.14.
719 2359 842 2397 quare
867 2345 952 2384 fieri
970 2345 1101 2397 potuit
1119 2351 1166 2384 ut
1190 2351 1230 2384 et
1250 2345 1292 2382 in
1308 2343 1565 2394 relinquendo
1582 2343 1642 2380 illi
1661 2350 1751 2381 usu'

295 2401 422 2440 libero
441 2401 695 2440 confessionis
719 2416 881 2440 arcanae
902 2401 1151 2450 conniveret,
1180 2414 1259 2439 non
1276 2399 1550 2439 interdicendo
1566 2397 1747 2463 Iosepho‘

298 2457 380 2496 eius
396 2458 636 2495 confessario
651 2471 702 2496 ne
721 2458 800 2510 ipsi
821 2458 1082 2510 poenitentiae
1106 2463 1393 2496 sacramentum
1413 2456 1601 2509 privatim
1618 2453 1736 2493 mini-

296 2520 450 2553 straret.
503 2513 595 2552 vide
616 2527 716 2564 quae
734 2521 964 2553 annotamus
982 2515 1102 2553 verbo
1123 2509 1399 2564 πνευματικός.

406 2566 650 2621 ανᾱφοροῖ
663 2584 720 2635 p-
741 2571 823 2613 375
851 2585 890 2610 v.
912 2573 949 2613 8
1007 2567 1198 2623 οἷναφοροῖ
1222 2569 1288 2607 hic
1318 2574 1432 2607 sonat
1451 2567 1733 2620 prolationem,
1746 2583 1755 2586 ··

294 2632 342 2665 ut
365 2625 459 2664 alibi
488 2621 687 2677 προφορά.
744 2633 883 2664 notum
913 2627 1015 2664 enim
1040 2623 1285 2678 προφορικόν
1303 2623 1418 2678 λογον
1433 2622 1579 2675 opponi
1602 2620 1735 2661 ἐνδια-

294 2681 400 2736 θέτφ
422 2682 529 2734 apud
551 2682 743 2729 Graecos,
772 2688 816 2720 ut
835 2683 941 2734 apud
962 2684 991 2719 1
994 2683 1119 2720 atinos
1138 2681 1354 2734 opponitur
1372 2692 1498 2718 sermo
1515 2690 1614 2716 voce
1634 2690 1733 2729 pro·

295 2739 400 2777 latus
435 2743 565 2776 mente
599 2743 809 2787 concepto.
864 2738 992 2776 videri
1022 2739 1136 2776 etiam
1166 2743 1294 2805 potest
1325 2735 1497 2774 adhibita
1522 2747 1602 2771 vox
1633 2745 1735 2784 quae

294 2800 461 2846 plopter
488 2793 813 2845 compositionem
838 2806 889 2832 ex
915 2795 1206 2858 praepositione
1236 2789 1337 2841 οἶνοί,
1365 2789 1641 2853 repetitionem
1665 2793 1734 2826 aut

295 2851 605 2905 resumptionem
630 2848 898 2902 significante,
918 2849 1099 2890 innueret
1117 2850 1232 2890 istam
1249 2846 1611 2903 pronuntiationem
1629 2845 1734 2884 inter
