1884 3262
675 209 777 254 ms.
796 207 854 255 11.
903 174 1116 255 surm
1518 208 1614 255 671

163 320 293 368 anno,
306 325 356 358 ut
371 317 428 358 ibi
444 318 485 358 in
507 319 637 358 fronte
655 318 856 367 scribitur,
882 318 1109 358 dominicae
1123 320 1420 358 incarnationis
1436 330 1618 372 nongen-

163 377 302 413 tesimo
321 390 449 426 nono,
479 375 699 414 indictione
713 375 974 426 duodecima,
997 383 1105 415 sexto
1121 375 1318 415 kalendas
1337 379 1486 415 menois
1505 378 1618 420 Iulii.
1641 382 1671 417 P
1694 382 1761 418 470

161 432 206 470 in
229 445 307 482 quo
337 433 563 481 praesidens
585 433 738 484 synodo
770 432 1091 485 archiepiscopus
1116 439 1210 484 post
1241 434 1363 471 multa
1394 447 1494 485 quae
1517 446 1622 486 pro-

161 489 279 540 ponit
305 488 380 525 alia
409 488 464 526 ibi
492 489 722 538 tractanda,
749 488 829 527 hoc
849 502 1007 541 quoque
1027 490 1076 527 de
1099 490 1370 527 controversia
1398 492 1620 542 processio..

162 544 225 582 nis
250 545 422 596 Spiritus
441 545 577 583 Sancti
591 551 804 595 memorat,
833 544 896 583 his
926 546 1078 584 verbis:
1108 559 1207 583 sane
1225 548 1325 597 quia
1346 549 1525 584 innotuit
1542 561 1621 585 no—

162 600 226 637 bis·
248 609 393 638 sancta
411 599 522 638 sedes
541 602 767 652 apostolica
792 601 931 639 adlusc
958 615 1108 639 errores
1130 609 1167 638 et
1185 602 1460 652 blasphemias
1481 606 1621 642 cuius.

161 655 260 695 dam
282 659 411 708 vigere
437 657 579 695 Photis:
603 660 648 695 in
670 658 866 709 patribus
888 660 1067 697 Orientis
1081 687 1094 709 ‚
1123 660 1169 695 in
1191 660 1392 710 Spiritum
1408 661 1616 710 Sanctum,

162 712 277 764 quod
287 728 368 750 non
390 727 416 750 a
426 713 545 764 filio,
570 715 654 751 nisi
675 722 835 752 tantum
851 729 896 753 ex
907 723 1030 766 patre
1041 714 1259 767 procedat,
1288 716 1618 767 blasphemanti-5,

159 769 373 807 hortamur
397 777 568 807 veste-am
584 770 892 822 fraternitatem
912 779 959 809 ut
982 786 1065 810 una
1086 786 1260 820 mecum,
1288 773 1510 811 secundum
1536 772 1618 812 ad-

160 827 411 863 monitionem
423 825 579 864 domini
587 828 801 865 Romanae
808 827 918 866 sedi-s·
921 827 1140 879 praesidis,
1159 829 1320 879 singuli
1331 838 1513 867 nos-trum
1519 845 1618 882 per-

158 883 306 933 spectis·
329 890 498 934 patrum
537 883 840 922 catholicorum
871 888 1098 935 sententiis,
1129 884 1178 922 de
1201 884 1364 923 divinae
1381 888 1618 938 Scripturae

153 938 361 989 pharetris·
380 946 527 976 acutas
541 942 803 991 proferamus·
829 944 1031 993 sagittas,
1054 949 1236 992 potentes
1255 941 1316 979 ad
1329 942 1618 994 conficiendam

158 994 334 1032 belluam
354 997 524 1033 monstri
540 999 785 1034 renascentis
803 1004 840 1034 et
861 997 922 1035 ad
935 997 1216 1035 terebrandum
1234 1006 1359 1049 caput
1375 1002 1615 1051 nequissimi

158 1053 362 1102 serpentis.
417 1051 516 1089 haec
546 1051 623 1099 ibi;
652 1066 753 1104 quae
780 1054 972 1093 Baronius
992 1055 1202 1105 descripsit
1220 1067 1269 1092 ex
1294 1055 1431 1094 codice
1449 1056 1615 1095 Antonii

158 1107 387 1156 Augustini,
413 1114 578 1159 accepto
598 1121 648 1146 ex
670 1108 908 1147 bibliotheca
926 1112 966 1149 S.
982 1111 1150 1161 Remigii
1166 1110 1408 1153 Rhemensis.
1467 1126 1519 1151 ex
1549 1112 1613 1151 his

155 1163 251 1201 licet
269 1163 486 1215 suspicari,
515 1164 895 1204 increbrescentibus
918 1180 989 1218 per
1006 1166 1218 1218 Hispanias
1245 1173 1286 1206 et
1305 1168 1454 1206 Gallias
1473 1169 1615 1221 dispu-

155 1220 372 1258 tationibus
395 1221 444 1258 de
464 1219 645 1271 dogmate
665 1222 929 1273 processionis
947 1223 1118 1274 Spiritus
1142 1224 1276 1261 Sancti
1295 1236 1344 1261 ex
1358 1231 1473 1276 patre
1492 1225 1613 1264 simul

157 1282 197 1313 et
218 1276 329 1325 filio,
359 1277 581 1314 consultam
611 1277 659 1314 de
688 1291 796 1315 more
822 1279 953 1316 sedem
974 1280 1235 1330 apostolicam
1258 1282 1462 1319 mandasse
1486 1282 1614 1332 inqui-

157 1332 340 1370 sitionem
355 1333 398 1370 in
417 1333 579 1384 synodis
596 1334 907 1385 provincialibus
925 1335 974 1373 de
991 1335 1067 1373 ista
1087 1336 1314 1387 quaestione
1329 1336 1436 1384 fieri3
1458 1351 1504 1374 ac
1523 1351 1614 1390 per.

155 1387 247 1426 latis
278 1395 437 1439 postea,
467 1395 516 1426 ut
540 1395 598 1428 est
621 1390 857 1440 verisimile,
886 1398 1046 1444 patrum
1072 1393 1200 1441 votis,
1230 1394 1453 1430 damnatam
1477 1393 1615 1432 haere-

157 1443 231 1482 sim
271 1445 536 1494 Graecorum,
581 1452 620 1484 et
648 1446 698 1484 ad
728 1460 812 1485 eam
839 1448 1115 1500 extiipandam
1133 1481 1144 1498 ,
1187 1456 1308 1501 prout
1334 1456 1467 1501 patres
1495 1451 1613 1488 etiam

156 1500 491 1551 Aquisgranenses
519 1501 813 1552 iudicaverant,
842 1505 939 1542 utile
963 1505 1225 1543 iudicantium
1250 1505 1343 1543 addi
1367 1506 1549 1557 symbolo
1569 1506 1615 1545 in

156 1557 332 1595 ecclesiis
369 1563 526 1596 cantato
564 1571 705 1597 vocem
732 1560 933 1612 filioque,
977 1562 1165 1600 annuisse
1193 1562 1366 1613 denique
1395 1564 1615 1601 Romanum

153 1613 404 1665 pontificem,
442 1628 536 1652 cum
561 1629 758 1667 magnum
783 1617 932 1654 videret
958 1617 1182 1669 impendere
1202 1619 1455 1669 periculum,
1483 1625 1529 1657 ut
1553 1619 1616 1657 lo-

155 1669 293 1719 quitur
313 1670 511 1718 Andreas,
542 1676 582 1709 et
600 1672 716 1709 multi
735 1685 897 1722 magnae
916 1674 1160 1712 auctoritatis
1184 1675 1459 1713 Occidentales
1481 1680 1613 1727 patres

152 1725 197 1762 id
222 1726 486 1764 necessarium
509 1727 741 1765 iudicarent.
798 1735 838 1767 et
857 1730 912 1767 ita
933 1730 1120 1781 deinceps
1140 1731 1340 1768 communi
1362 1732 1521 1770 decreto
1540 1744 1612 1783 per

153 1786 286 1819 totum
317 1782 574 1821 Occidentem
613 1784 836 1835 symbolum
871 1799 963 1824 cum
997 1786 1203 1825 additione
1220 1788 1394 1838 filioque
1424 1787 1464 1825 in
1491 1788 1611 1826 missa

153 1843 380 1884 cantatum3
408 1845 476 1877 aut
492 1840 628 1891 potius
649 1854 739 1878 cum
757 1841 796 1878 id
815 1848 927 1879 autea
942 1856 1015 1893 per
1036 1843 1206 1880 Galliam
1228 1849 1268 1881 et
1290 1843 1518 1894 Hispaniam
1535 1857 1608 1883 vo-

152 1892 327 1931 luntaria
351 1895 604 1934 ecclesiarum
631 1902 668 1934 et
696 1897 973 1948 episcoporum
1001 1898 1216 1937 devotione
1234 1905 1517 1951 usurparetur,
1545 1913 1608 1939 as-

153 1962 273 1988 sensu
292 1950 461 2002 denique
478 1951 642 1989 Romani
661 1952 863 2003 pontificis
883 1961 941 1992 est
956 1954 1168 1996 firmatum.

268 2006 452 2046 Dedimus
492 2007 681 2046 hactenus
719 2008 923 2049 historiam
965 2011 1179 2049 additionis
1217 2010 1326 2049 vocis
1345 2012 1523 2062 filioque
1551 2010 1605 2048 ad

153 2061 635 2115 Constantinopolitanum
654 2066 897 2116 symbolum,
926 2067 1104 2105 articulis
1120 2074 1343 2118 temporum
1364 2073 1403 2104 et
1420 2079 1605 2118 progres-

153 2117 275 2155 sionis
290 2119 478 2167 gradibus
496 2121 744 2171 distinctam3
775 2135 824 2160 ex
840 2123 954 2160 cuius
971 2123 1034 2161 vel
1053 2123 1223 2173 simplici
1238 2122 1485 2174 expositione
1504 2136 1604 2161 con-

151 2172 235 2211 fido
254 2186 445 2225 apparere
465 2175 729 2215 innocentiam
754 2185 792 2216 et
803 2180 1037 2229 aequitatem
1063 2179 1143 2216 eius
1164 2178 1280 2226 facti,
1313 2184 1359 2216 ut
1377 2192 1502 2230 paene
1521 2192 1601 2231 po-

152 2228 297 2268 tuerim
328 2230 563 2269 lucn‘facere
595 2246 755 2282 operam
787 2235 950 2273 secundi
981 2248 1033 2273 ex
1066 2234 1282 2286 propositis
1315 2235 1479 2287 capituli
1513 2241 1602 2274 tra-

153 2285 308 2334 ctandi‚
339 2300 418 2337 quo
443 2300 530 2325 sum
559 2288 764 2339 pollicitus
791 2290 1152 2329 demonstraturum
1173 2305 1235 2329 me
1253 2291 1368 2329 iustis
1392 2297 1430 2329 et
1450 2291 1604 2330 idoneis

153 2340 204 2380 de
223 2341 352 2380 causis
373 2343 488 2380 istam
512 2357 597 2382 esse
615 2358 636 2382 a
657 2346 805 2384 Latinis
832 2347 1074 2386 additionem
1098 2348 1256 2389 factam.
1311 2360 1403 2385 nam
1429 2347 1603 2398 primum

153 2397 312 2447 quidem
339 2398 554 2437 additionis
580 2401 744 2440 modum
771 2409 811 2441 et
838 2405 1019 2454 gradum,
1060 2417 1138 2454 quo
1162 2403 1337 2454 magistri
1362 2403 1604 2455 et-theologi

153 2452 350 2491 Catholici
372 2455 584 2511 allegatum
608 2458 651 2494 in
672 2459 915 2509 praesidium
939 2459 1085 2498 erroris
1112 2474 1133 2497 a
1154 2460 1388 2510 negantibus
1410 2462 1601 2499 sanctum

153 2508 348 2560 Spiritum
370 2525 392 2547 a
413 2511 497 2549 filio
515 2513 735 2564 procedere
754 2516 1018 2554 testimonium
1043 2516 1464 2569 Constantinopolitani
1486 2531 1602 2568 sym-

150 2564 251 2614 boli,
280 2566 406 2616 patris
424 2567 547 2606 solius
564 2568 606 2607 in
624 2571 888 2620 productione
906 2573 944 2612 S.
966 2573 1137 2623 Spiritus
1153 2573 1337 2611 disertam
1359 2574 1600 2611 mentionem

152 2621 354 2671 facientis,
381 2623 440 2660 sic
468 2624 724 2676 explicabant
753 2633 798 2664 ut
826 2627 952 2666 filium
979 2642 1067 2667 cum
1097 2635 1208 2681 patre
1226 2629 1516 2680 conspirantem
1536 2628 1600 2666 in-

151 2677 276 2727 telligi
307 2686 491 2731 oportere
515 2682 819 2732 contenderent,
849 2697 896 2722 ac
917 2684 975 2722 sic
999 2698 1098 2723 voce
1125 2691 1239 2724 tenus
1262 2698 1402 2724 vocem
1419 2686 1596 2735 filioque

153 2733 332 2782 symbolo
358 2735 572 2786 adderent,
600 2738 686 2788 quis
710 2738 798 2777 iure
827 2740 955 2791 possit
985 2740 1292 2793 reprehendere,
1323 2754 1414 2778 cum
1439 2754 1482 2779 ea
1511 2753 1597 2779 nou

151 2793 231 2825 tam
250 2789 400 2831 additio
425 2805 543 2842 quam
567 2794 763 2845 expositio
791 2795 931 2844 suerit,
958 2810 1041 2835 rem
1060 2799 1263 2850 proferens
1282 2797 1367 2835 illic
1387 2795 1599 2834 abscondi--⁴

150 2849 245 2895 tam,
264 2858 346 2885 non
359 2847 570 2889 intrudens
584 2850 746 2892 aliunde
765 2851 1045 2906 importatam‘?
1073 2854 1253 2897 Andreae
1270 2853 1446 2907 episcopi
1462 2852 1597 2893 Rhodi
