1884 3262
597 192 726 246 1111.
760 192 796 237 1.
848 193 1219 239 eLossfflUM.
1248 215 1253 220 ·
1547 189 1646 240 615

186 302 434 354 imperatoris
472 302 605 342 adhuc
638 303 920 355 parvulorum3
959 311 1000 342 et
1027 310 1240 357 propterea
1266 302 1386 342 huius
1413 302 1646 358 ὑπηρέτημα

186 359 339 398 nullum
357 359 533 398 extitisse
556 373 645 411 erga
663 360 960 412 imperatorem,
990 374 1037 398 ac
1059 374 1109 398 ne
1128 360 1368 399 functionem
1392 361 1550 410 quidem
1565 361 1644 399 im-

184 415 398 455 mediatam
416 416 534 454 ullam
553 429 642 467 erga
662 417 765 468 ipsos
777 417 979 469 parvulos,
1008 418 1117 467 quod
1137 431 1281 455 munus
1299 418 1387 458 eius,
1399 424 1499 455 esset
1517 418 1644 468 impe-

183 485 274 510 rare
303 473 526 511 nutricibus
557 479 598 511 et
627 473 791 523 gerulis,
828 472 896 523 qui
924 473 979 510 eis
1003 472 1152 511 addicti
1180 474 1364 511 curandis
1390 480 1514 511 erant.
1571 487 1645 512 nec

182 541 287 568 vana
328 529 495 568 forsitan
533 529 758 568 coniectura
791 529 913 567 suerit
950 529 1060 567 hunc
1093 529 1367 567 Andronicum
1404 529 1644 580 eunuchum,

183 585 292 636 quod
309 585 538 624 Andronico
561 600 669 624 nunc
684 585 882 636 Augusto,
913 591 1004 622 ante
1021 586 1145 637 patris
1161 585 1371 637 imperium
1389 591 1484 624 nato
1499 615 1511 634 ,
1541 586 1643 624 edu-

182 642 310 680 cando
342 642 549 680 servilibus
578 642 805 681 ministeriis
830 647 1013 680 navasset
1041 654 1221 694 operam,
1252 642 1301 679 ab
1331 655 1376 680 eo
1398 642 1474 680 iam
1501 642 1639 681 adulto

181 699 462 736 manumissum
487 699 646 750 patroni
673 711 818 737 nomen
846 711 956 736 more
981 698 1214 737 libertorum
1236 698 1446 750 accepisse,
1476 704 1515 736 et
1537 699 1641 738 eius-

182 755 272 794 dem
289 755 415 807 gratia
433 761 663 806 promotum
684 755 727 794 in
745 755 858 793 istam
877 754 1137 795 honorificam
1156 756 1455 807 praefecturam.

291 832 451 874 τεθέν
478 847 517 885 p.
533 837 618 877 222
644 847 684 874 v.
701 836 767 875 11.
823 833 900 872 ait:
929 847 1020 872 eum
1052 833 1158 885 regio
1184 834 1250 871 illa
1279 832 1641 885 Maryandenorum

181 897 222 929 et
246 890 534 942 Paphlagoniae
568 891 687 929 rebus
716 890 767 927 ad
796 891 949 928 victum
978 890 1143 928 utilibus
1182 890 1424 936 abundaret,
1468 890 1640 941 signatae

179 953 361 986 monetae
383 960 524 998 parum
554 946 735 991 haberet,
766 947 875 996 quod
899 947 1102 998 vectigalia
1122 947 1161 984 in
1183 947 1354 984 nummis
1378 946 1639 995 exigerentur,

179 1010 336 1042 coactos
363 1016 499 1041 earum
529 1009 728 1042 terrarum
756 1002 904 1041 incolas
932 1003 1069 1052 fuisse,
1109 1002 1159 1040 ad
1186 1009 1325 1040 exacte
1356 1002 1638 1040 conficiendam

176 1061 320 1099 tributi
351 1073 566 1108 summam,
592 1059 766 1098 vendere
797 1059 944 1096 scilicet
971 1059 1040 1097 vili
1068 1058 1253 1097 universa
1279 1071 1379 1109 quae
1402 1059 1639 1108 collegerant

176 1129 300 1155 messe
317 1129 363 1153 ac
381 1116 601 1165 vindemia,
631 1122 671 1153 et
690 1116 745 1153 sic
767 1115 910 1153 deinde
929 1120 1016 1154 toto
1037 1128 1142 1153 anno
1160 1115 1384 1153 necessariis
1409 1115 1460 1152 ad
1483 1115 1637 1153 victum

175 1173 334 1224 eguisse.
391 1172 553 1211 videtur
579 1185 670 1223 ergo
694 1171 761 1210 hic
784 1169 828 1214 τό
854 1170 974 1211 τεθέν
1000 1171 1189 1223 peculiari
1207 1172 1368 1210 notione
1388 1177 1636 1222 usurpatum,

176 1230 229 1268 ad
253 1229 551 1280 significandum
579 1228 776 1280 quidquid
814 1228 1083 1279 reponebatur
1109 1227 1152 1266 in
1182 1241 1378 1266 annonam
1410 1233 1450 1265 et
1481 1227 1635 1266 victum

174 1287 343 1325 familiae
368 1299 438 1338 per
468 1299 628 1324 annum.
686 1297 924 1335 quamquam
953 1298 1035 1322 non
1065 1284 1239 1323 diffiteor
1262 1297 1374 1336 posse
1405 1283 1543 1321 referri
1581 1283 1634 1321 ad

176 1356 370 1381 summam
391 1342 611 1394 impositam
638 1355 710 1393 per
737 1349 895 1379 censum
909 1370 920 1390 ‚
945 1342 1009 1378 cui
1033 1341 1152 1378 semel
1170 1340 1430 1379 exsolvendae
1448 1339 1633 1378 universa

174 1413 330 1438 annona
351 1399 478 1437 alieno
497 1405 676 1451 tempore
701 1398 772 1436 vili
799 1397 989 1435 distracta
1009 1396 1252 1448 profliganda
1280 1403 1365 1435 erat
1386 1396 1533 1434 colonis
1554 1396 1632 1433 mi-

173 1457 290 1504 seris,
318 1455 361 1493 in
379 1456 574 1506 reliquum
595 1468 744 1493 annum
764 1454 876 1493 victu
894 1453 1097 1502 carituris,
1127 1453 1191 1491 cui
1207 1453 1362 1491 notioni
1381 1454 1501 1503 magis
1521 1464 1632 1490 acce-

175 1513 236 1552 dit
252 1512 362 1564 quod
377 1512 520 1563 legitur
537 1512 563 1550 l.
587 1516 607 1554 1
628 1525 662 1553 c.
679 1512 705 1553 5
717 1540 728 1560 ‚
756 1508 802 1552 τό
820 1507 963 1552 λοιπον
981 1512 1056 1550 τοῦ
1075 1509 1261 1557 τεθέντος
1277 1508 1425 1557 τέλους.

292 1590 476 1644 Τελχίν
503 1604 544 1643 p.
564 1590 647 1633 253
664 1603 703 1630 v.
720 1592 759 1630 7.
818 1587 1079 1628 Eustatlu'us‘
1068 1602 1109 1625 111
1130 1587 1238 1627 Iliad.
1251 1601 1331 1639 vp
1342 1586 1420 1630 941
1444 1586 1502 1624 ed,
1516 1587 1630 1626 Rom.

179 1651 384 1700 Τελχῖνας,
414 1647 494 1696 ait,
523 1645 764 1687 πλάττουσιν
788 1645 830 1686 οἷ
859 1648 987 1697 μῦθοι
1013 1639 1209 1696 δαίμονας
1234 1659 1344 1692 τινας
1370 1640 1628 1691 κακοποιούς.
1651 1646 1681 1680 Ρ
1703 1645 1771 1682 426

180 1703 751 1756 chlzinasfinguntsabulae
769 1700 987 1739 daemona-5·
1005 1699 1204 1768 quosdam
1218 1701 1433 1752 maleficos.
1489 1700 1628 1738 similia

173 1767 216 1800 et
233 1761 338 1802 idem
359 1760 464 1798 alibi.
518 1758 756 1811 Hesychius.
789 1762 966 1810 Τελχῖνες
984 1753 1201 1810 βάσκανοι,
1223 1753 1387 1810 γόητες,
1416 1757 1626 1810 φθονεροί.

172 1817 483 1869 Etymologicus:
510 1814 688 1869 λέγονται
706 1813 749 1855 δὲ
772 1818 947 1866 Τελχῖνες
976 1814 1018 1854 οἱ
1042 1813 1240 1866 φθονεροὶ
1262 1829 1330 1853 και
1357 1812 1528 1866 πονηροὶ
1556 1813 1626 1854 καὶ

170 1871 370 1928 βάσκανοι
398 1873 595 1925 δαίμονες.
654 1871 850 1909 dicantur
873 1877 1007 1908 autem
1049 1870 1249 1908 Telchines
1279 1869 1410 1907 invidi
1440 1870 1558 1919 mali,
1589 1877 1626 1906 et

171 1933 367 1969 immanes
382 1928 605 1968 daemones.
660 1927 721 1966 his
745 1927 1047 1965 auctoritatibus
1065 1927 1188 1964 fretus
1209 1927 1366 1964 malum
1386 1933 1422 1964 et
1438 1924 1625 1965 invidum

169 1986 400 2026 daemonem
419 1987 698 2037 interpretatus
715 1998 800 2023 sum
821 1983 898 2022 hoc
916 1984 1004 2022 loco
1031 1986 1205 2035 Τελχῖνα.

282 2051 441 2107 τόμος
469 2052 538 2095 καὶ
564 2055 924 2106 τομογραφεῖν
962 2064 1003 2102 Ρ.
1027 2053 1111 2092 280
1141 2064 1180 2089 v.
1210 2052 1275 2092 16.
1333 2048 1412 2099 agit
1442 2047 1490 2086 de
1521 2048 1622 2086 Ger-

171 2125 289 2150 mano
299 2140 310 2159 ‚
340 2124 456 2160 quem
481 2110 553 2148 sub
579 2109 698 2148 finem
713 2108 982 2161 praecedentis
997 2106 1135 2158 capitis
1153 2106 1307 2143 dixerat
1322 2105 1487 2142 electum
1503 2104 1622 2141 fuisse

170 2167 216 2206 111
258 2173 349 2218 pau
351 2166 521 2204 1archam
557 2180 700 2205 eonem
702 2166 817 2204 dibus
853 2164 1131 2216 plerorumque
1167 2161 1386 2199 antistitum
1420 2160 1514 2198 suffi
1517 2159 1621 2211 agiis,

171 2223 315 2274 quibus
334 2228 374 2260 et
391 2221 636 2273 imperatolis
654 2222 825 2260 calculus
844 2220 1002 2259 accessit
1022 2217 1314 2271 comprobantis
1333 2215 1522 2254 iudicium
1550 2230 1619 2268 sy-

172 2275 445 2333 110&qu
468 2280 550 2318 τῶν
575 2280 724 2318 λοιπῶν
750 2273 916 2348 ἠξιοῦτο
944 2273 1019 2327 τήν
1057 2278 1130 2327 τῆς
1158 2268 1619 2320 Κωνσταντινονπόλεως

171 2336 416 2402 προστασίαν
442 2330 732 2383 αναδὲξασθαι,
763 2331 838 2374 συν
859 2329 920 2380 οἷς
934 2330 1002 2372 καὶ
1018 2330 1042 2372 ὁ
1060 2328 1242 2384 βασιλευς
1257 2327 1334 2381 τήν
1348 2331 1492 2379 ψῆφον
1513 2324 1614 2369 α’πο-

171 2388 398 2444 δεξᾶμενος.
452 2396 549 2430 tune
571 2389 732 2428 videtur
757 2388 954 2427 electionis
972 2388 1155 2426 Germani
1172 2386 1371 2424 decretum
1389 2385 1464 2423 rite
1481 2385 1615 2436 perla-

171 2455 281 2497 tum,
310 2446 418 2498 quod
441 2442 564 2498 τόμος
589 2445 657 2484 1110
685 2445 827 2483 dicitur
854 2443 1106 2483 usitatissima
1138 2443 1220 2481 eius
1244 2442 1354 2481 vocis
1379 2441 1547 2479 notione
1569 2441 1612 2478 in

169 2504 327 2556 scriptis
351 2504 592 2542 Graecorum
617 2502 766 2540 citimae
787 2500 1014 2548 vetustatis,
1041 2500 1268 2552 praesertim
1287 2498 1336 2536 de
1351 2497 1468 2536 rebus
1487 2497 1612 2535 eccle-

171 2561 336 2599 siasticis
359 2558 567 2611 agentium.
623 2563 820 2596 caeterum
843 2556 1038 2595 difficilem
1060 2556 1111 2595 ad
1129 2554 1414 2594 assentiendum
1432 2553 1610 2591 electioni

170 2617 235 2656 sui
261 2631 301 2655 se
325 2616 536 2668 praebente
558 2615 753 2653 Germano
777 2626 840 2652 res
861 2612 1074 2664 pendebat,
1107 2613 1239 2664 quoad
1260 2617 1445 2650 exoratus
1462 2610 1495 2647 is
1514 2616 1608 2646 tan-

171 2674 263 2713 dem
281 2674 330 2712 ab
346 2674 582 2725 imperatore
596 2677 636 2710 et
648 2670 806 2720 reliquis
822 2669 952 2708 amicis
967 2669 1143 2707 annuit.
1173 2675 1214 2708 et
1235 2675 1334 2707 tunc
1354 2666 1404 2704 ad
1428 2664 1609 2717 promul-

170 2730 343 2796 gaudum
373 2730 463 2768 dem
467 2734 574 2767 etum
598 2728 709 2780 prius
732 2727 881 2765 sactum
904 2731 1156 2777 congregatus
1177 2731 1237 2764 est
1258 2729 1389 2763 coetus
1415 2722 1482 2772 qui
1511 2733 1608 2760 voce

169 2782 309 2828 κοινόν
322 2786 502 2826 hocloco
521 2784 780 2837 significatur,
806 2788 854 2821 ut
869 2782 1046 2834 superius
1060 2782 1311 2821 ostendimus.
1367 2778 1609 2817 distulimus-

171 2857 248 2893 que
272 2842 353 2888 huc
377 2842 631 2882 statuendum
655 2840 751 2893 quid
779 2839 844 2878 hic
871 2838 1023 2878 dicatur
1053 2854 1186 2880 κοινον
1213 2835 1292 2878 υπὸ
1313 2832 1419 2889 τόμῳ
1446 2828 1610 2888 γεγονός
