1884 3262
451 193 526 235 DE
559 190 837 234 MICHAELE
868 189 1246 233 PALAEOLOGO
1283 190 1329 231 L.
1359 189 1414 232 V.
1568 186 1667 232 405

197 301 402 356 δόξοντος.
476 303 547 346 ἐπ’
581 303 696 361 αὐτῷ
725 302 803 359 γὰρ
828 303 897 345 καὶ
926 306 1009 345 τῶν
1033 305 1197 344 πολλῶν
1223 297 1434 356 ἐθάρσουν
1455 300 1499 342 αἱ
1518 296 1665 352 τόλμαι

196 372 253 423 ὥς
267 374 386 428 μέχρι
403 373 607 427 βασιλέως
623 368 956 427 ἀναχθησόμεναι
965 403 978 422 ,
1015 372 1082 412 καὶ
1105 370 1269 420 ἔνδοξος
1287 365 1338 424 ἦν
1357 368 1378 412 ὃ
1398 373 1563 423 τολμῶν
1586 369 1665 412 αὗ-

196 444 289 484 τίκα
318 443 407 497 περὶ
435 446 517 484 τῶν
545 442 751 497 σφετέρων
781 441 947 483 δικαίων
975 439 1122 494 λέγειν,
1156 436 1210 488 ὥς
1232 431 1372 494 ἀληθῆ
1395 437 1521 488 δόξαν
1541 437 1664 492 λέγειν

195 510 252 553 δι’
285 511 434 552 ἐκείνου
460 510 562 566 πρὸς
593 509 663 552 τὸν
691 512 934 565 κρατοῦντα.
1005 506 1137 556 οὕτως
1156 502 1206 562 ἦν
1229 507 1330 562 πρὸς
1353 506 1428 557 τὰς
1450 506 1656 561 ἀναδοχᾶς
1682 511 1711 544 1⁴3

161 590 182 625 5
197 583 278 621 τῶν
300 575 533 635 ἀνθρώπων
557 576 578 621 o‘
602 577 704 633 ἀνὴρ
725 574 1027 631 δοκιμώτατος,
1065 574 1169 619 ὥστε
1183 576 1250 617 καὶ
1270 579 1491 630 προλαβεῖν
1511 574 1559 617 οὗ
1577 582 1663 628 χεῖ-

194 645 267 704 ρόν
295 664 386 689 τινα
420 651 503 689 τῶν
525 646 651 689 αὐτοῦ
679 648 733 695 εἰς
763 645 895 700 δεῖγμ’
921 643 1118 700 ἀκριβοῦς
1141 644 1375 700 παρρησίας
1395 645 1460 685 καὶ
1481 647 1556 698 τῆς
1574 645 1663 699 περὶ

192 715 238 760 τὸ
271 717 426 758 δίκαιον
454 712 722 770 ἀντιλήψεως.
790 708 1027 770 θέρουςῆν
1062 710 1196 767 ἀκμή,
1234 714 1301 754 καὶ
1335 710 1357 755 ὅ
1389 716 1553 767 κρατῶν
1573 714 1662 767 περὶ

191 783 238 826 τὸ
260 788 332 838 τῆς
350 785 609 839 μεσημβρίας
626 781 960 837 σταθερώτατον,
995 781 1100 835 μετὰ
1119 781 1191 824 τὸν
1208 779 1302 836 μετ’
1326 779 1494 836 ἄριστον
1515 778 1658 832 ὕπνον,

192 852 297 895 κατὰ
318 852 369 894 τὰ
393 850 528 894 ὠᾶτου
552 853 658 903 μέσα
677 849 909 905 καθήμενος
930 851 1174 906 ἒναιθρίαζε.
1248 846 1520 906 συνεδριάζων
1541 848 1583 890 δ’
1610 844 1661 904 ἦν

139 923 328 978 mimirey
355 922 421 962 καὶ
451 918 706 975 πατριάρχης
735 918 904 975 ἐγγύθεν
933 921 976 962 ἔκ
1012 923 1086 974 τῆς
1109 915 1251 973 χώρας
1270 917 1398 972 ἔχων,
1430 918 1573 972 τηνίκα
1592 919 1659 959 καὶ

189 988 384 1044 βασιλεὺς
424 989 466 1038 ἒξ
505 988 634 1031 ὕπνου
679 987 910 1042 ἀνέγροιτο,
949 989 992 1029 ἐκ
1032 990 1107 1029 τοῦ
1152 984 1308 1044 ῥᾴστου
1323 1004 1325 1006 ·
1340 987 1656 1041 παραγίνεσθαι.

190 1055 421 1111 ἐνετύγχανε
450 1058 609 1107 τοίνυν,
646 1054 756 1111 καὶῆ
780 1057 941 1110 ἓντυχία
971 1054 1136 1105 ἀξίωσις
1163 1053 1266 1110 ὑπὲρ
1290 1052 1518 1109 ἀνθρώπου
1540 1049 1590 1108 ἦν
1608 1053 1654 1097 ὃν
1679 1057 1707 1091 Ρ
1730 1058 1795 1093 275

188 1125 414 1180 ἠδικῆσθαι
442 1126 517 1178 μέν
547 1123 567 1167 ὅ
599 1124 725 1178 ἱερεὺς
756 1126 1029 1180 διιγίνωσκεν,
1068 1123 1117 1166 οὗ
1140 1127 1277 1173 καλῶς
1301 1122 1342 1164 δ’
1368 1123 1470 1177 ἔχων
1491 1122 1511 1165 ὅ
1531 1127 1656 1175 βασι-

189 1194 282 1243 λεὺς
304 1195 392 1249 περὶ
415 1193 562 1235 ἐκεῖνον
582 1193 630 1235 οὐ
652 1192 833 1235 κατένευε
855 1191 1074 1245 σώζεσθαι.
1144 1193 1210 1234 καὶ
1239 1190 1263 1246 ἡ
1298 1191 1484 1241 ἔνστασις
1513 1191 1655 1248 ἀμφο-

135 1269 176 1304 15
189 1263 369 1317 τέρωθεν
406 1261 522 1316 ἱκανὴ
555 1257 604 1315 ἦν
634 1266 871 1317 θορυβῆσαι
903 1263 969 1304 καὶ
1002 1260 1075 1303 τὸν
1103 1258 1322 1304 ἀκούοντα.
1391 1267 1477 1310 τοῖς
1504 1259 1549 1302 δ’
1580 1259 1655 1302 οὐκ

188 1330 325 1386 ἔληγεν
353 1330 432 1382 ἔτι,
463 1329 568 1372 ἀλλὰ
597 1334 653 1386 τῷ
681 1331 756 1383 μὲν
778 1328 832 1379 ὥς
852 1327 954 1386 ὑπὲρ
984 1330 1141 1371 δικαίου
1166 1329 1319 1384 λέγοντι
1344 1326 1364 1370 ὃ
1387 1330 1504 1383 ζῆλος
1529 1327 1653 1380 ἀνέζει

187 1402 254 1442 καὶ
285 1397 736 1455 παρρησιαστικώτερον
765 1397 958 1454 ἕπληττε,
995 1401 1161 1453 βασιλεῖ
1183 1398 1228 1440 δὲ
1249 1396 1295 1440 τὸ
1320 1398 1382 1438 ἐπὶ
1403 1401 1462 1455 τῷ
1485 1399 1653 1453 διαπρε-

279 1531 335 1565 10.
355 1526 466 1576 ἡνίκα
475 1533 493 1566 Ρ

187 1644 261 1679 dem
285 1644 522 1687 offensionem
567 1643 622 1678 cui
644 1646 680 1678 et
701 1643 904 1678 stomachum
931 1645 968 1677 et
991 1640 1200 1687 suspiciones
1221 1652 1455 1686 nonnunquam
1479 1642 1647 1683 movebat,

187 1690 276 1736 quod
299 1690 420 1724 iterum
445 1695 480 1723 et
503 1689 606 1724 tertio
632 1690 854 1734 interpolatus
878 1700 946 1722 una
969 1689 1011 1722 de
1035 1699 1072 1721 re
1094 1687 1161 1732 ipsi
1183 1687 1316 1721 libellus
1338 1687 1586 1730 inculcaretur,
1610 1693 1649 1722 ut

185 1736 252 1770 iam
275 1735 332 1781 qui
355 1736 493 1781 primam
517 1735 778 1781 propositionem
813 1739 994 1779 acceperat
1016 1733 1168 1779 placidus
1197 1733 1360 1778 vultuque
1384 1733 1528 1777 benigno
1553 1744 1648 1778 spem

185 1783 338 1823 fecerat,
375 1781 418 1815 ad
445 1781 549 1815 toties
582 1782 764 1827 replicatas
795 1781 971 1815 instantias
995 1785 1195 1823 corrugaret
1217 1780 1386 1822 frontem,
1423 1785 1576 1813 metuens
1605 1791 1650 1814 ne

184 1839 267 1862 suae
289 1827 357 1861 iam
379 1827 538 1861 facilitati
560 1827 760 1861 illuderetur
775 1852 786 1870 ,
816 1826 1015 1871 praesertim
1038 1825 1312 1859 increbrescente
1334 1824 1540 1859 confidentia
1562 1825 1650 1859 mul-

184 1879 316 1914 torum,
345 1873 402 1918 qui
426 1873 506 1907 freti
530 1873 742 1907 conciliatore
765 1872 976 1906 admissionis
999 1875 1035 1906 et
1057 1871 1174 1905 eodem
1198 1869 1453 1915 supplicationis
1475 1870 1648 1916 suffraga-

183 1926 260 1953 tore
288 1919 504 1964 patriarcha,
540 1919 723 1954 audientiis
745 1918 819 1952 sine
842 1918 910 1952 fine
934 1917 1112 1963 captandis
1135 1916 1427 1963 producendisque
1457 1928 1557 1951 aures
1581 1917 1648 1951 im-

182 1964 353 2011 peratoris
388 1965 620 1999 obtundebant
649 1968 684 1998 et
717 1965 876 1999 videlicet
905 1963 1082 1998 irritabilis
1106 1968 1230 1997 natura
1262 1963 1467 2007 fort-unaque
1500 1962 1647 1997 hominis

181 2011 375 2055 fatigabant
391 2011 603 2057 patientiam,
631 2022 671 2045 eo
693 2010 769 2056 ipso
791 2009 938 2055 gratiam
961 2009 1004 2043 ad
1028 2011 1186 2055 populum
1209 2008 1426 2053 patriarchae
1442 2008 1645 2051 cumulante,

183 2057 274 2102 quod
299 2067 392 2097 eum,
426 2061 465 2090 ut
488 2058 678 2091 consuleret
701 2057 852 2100 miseris,
875 2056 1009 2090 videret
1030 2066 1074 2088 ne
1096 2054 1224 2089 favoris
1247 2054 1382 2099 quidem
1406 2054 1496 2098 apud
1515 2053 1645 2098 priuci-

182 2113 259 2146 pem
283 2101 412 2148 proprii
434 2114 556 2137 cavere
579 2103 799 2147 dispendium.
843 2107 915 2136 tam
946 2102 1089 2135 effusum
1112 2100 1304 2144 efficaxque
1327 2100 1361 2133 in
1384 2110 1471 2132 novo
1493 2100 1646 2143 patriar-

183 2147 247 2181 cha
269 2148 436 2181 eminebat
455 2149 733 2183 sublevandorum
757 2149 893 2193 inopum
915 2147 1075 2182 studium.
1121 2146 1214 2180 cuius
1238 2145 1294 2179 bic
1315 2144 1486 2188 singulare
1509 2144 1644 2190 aliquod

183 2193 371 2237 exemplum
394 2193 482 2227 baud
506 2194 622 2228 inutile
645 2194 751 2228 fuerit
784 2195 934 2235 referre,
968 2193 1057 2227 unde
1088 2191 1258 2236 specimen
1281 2191 1430 2235 prudens
1454 2190 1562 2224 lector
1584 2201 1642 2225 ca-

182 2239 256 2284 piat
277 2239 406 2272 liberae
428 2239 574 2274 fiduciae
596 2240 661 2273 viri
684 2240 782 2274 istius
801 2240 969 2284 fortisque
992 2238 1027 2274 in
1051 2238 1181 2272 iustitia
1214 2236 1459 2282 propugnanda
1483 2239 1641 2270 constan-

179 2284 265 2318 tiae.
313 2288 428 2318 aestas
458 2289 534 2318 erat
562 2297 705 2328 summa,
748 2289 784 2319 et
813 2286 996 2330 imperator
1036 2283 1196 2317 altissimo
1239 2286 1351 2316 stante
1394 2282 1458 2317 sub
1493 2281 1640 2317 medium

181 2330 270 2363 diem
300 2330 371 2363 sole
403 2341 522 2365 recens
545 2341 576 2371 va
607 2331 833 2375 pomeridiano
858 2342 972 2365 somno
995 2329 1030 2364 in
1051 2329 1160 2363 medio
1185 2327 1365 2362 coenaculo
1387 2327 1497 2373 frigus
1521 2331 1642 2374 capta-

180 2377 253 2410 bat.
302 2375 482 2410 obsidebat
514 2382 626 2410 autem
651 2378 744 2411 fores
767 2376 972 2410 audientiam
996 2380 1180 2420 expectans
1203 2374 1397 2419 patriarcba
1420 2386 1439 2408 e
1461 2373 1570 2408 vicino
1595 2373 1640 2408 ad

179 2422 245 2455 hoc
273 2423 448 2466 profectus
479 2428 514 2455 et
542 2421 591 2455 ibi
623 2422 818 2466 considens,
848 2426 887 2456 ut
910 2422 952 2455 ad
976 2421 1117 2466 primam
1140 2421 1184 2453 ab
1208 2424 1406 2465 experrecto
1434 2419 1640 2473 imperatore

179 2473 318 2512 paratus
343 2467 575 2501 admissionem
598 2471 718 2502 staret.
763 2468 928 2501 admissus
950 2467 1085 2500 tandem
1109 2477 1244 2500 causam
1266 2477 1372 2510 agere
1394 2470 1510 2511 coeplt
1532 2466 1639 2500 homi-

180 2513 254 2555 nis,
290 2518 330 2546 ut
355 2512 388 2547 ei
411 2518 617 2558 compertum
641 2518 736 2554 erat,
772 2513 897 2547 iniuste
930 2511 1092 2546 damnati.
1140 2516 1309 2546 caeterum
1332 2511 1408 2546 odio
1432 2511 1578 2557 quodam
1600 2511 1637 2545 in

179 2559 268 2591 bunc
301 2558 462 2592 hominem
492 2564 760 2604 praeoccupatus
796 2559 1002 2603 imperator,
1040 2558 1182 2592 salutem
1213 2556 1326 2592 miseri
1360 2569 1460 2602 quam
1497 2557 1638 2602 petebat

180 2603 374 2648 patriarcba
405 2616 470 2638 non
501 2605 627 2638 annuit.
674 2604 750 2638 hinc
773 2604 928 2648 praesule
951 2604 995 2637 ad
1017 2603 1200 2638 instantius
1222 2603 1470 2649 deprecandum
1504 2602 1636 2637 incum-

180 2649 305 2691 bente,
327 2650 478 2696 principe
499 2662 580 2684 vero
604 2650 638 2684 in
663 2649 807 2694 negandi
827 2649 1002 2695 proposito
1030 2654 1225 2694 perstante,
1250 2655 1422 2683 certamen
1446 2653 1559 2683 ortum
1582 2650 1636 2682 est

180 2695 339 2740 utrinque
359 2696 408 2730 sic
431 2707 605 2730 accensum
628 2700 668 2730 ut
689 2695 866 2729 audientes
887 2695 1186 2738 conturbarentur,
1219 2707 1293 2730 cum
1315 2695 1415 2729 finem
1440 2693 1635 2739 patriarcha
1688 2725 1691 2727 Α

181 2741 345 2784 urgendi,
375 2744 549 2787 Augustus
571 2742 733 2776 renuendi
755 2752 820 2774 non
847 2741 988 2776 faceret.
1034 2741 1077 2776 ad
1102 2746 1286 2776 extremum
1310 2740 1464 2776 conscius
1486 2739 1635 2785 patriar-

181 2786 246 2819 cha
268 2796 306 2819 se
327 2797 388 2832 pro
410 2787 539 2822 iustitia
561 2799 730 2834 pugnare,
752 2787 787 2820 in
809 2786 916 2821 zelum
939 2787 1085 2830 exarsit,
1109 2793 1145 2822 et
1166 2787 1381 2822 liberioribus
1395 2786 1632 2830 imperatorem

182 2831 325 2876 pupugit
345 2833 470 2869 verbis.
515 2834 572 2868 ille
594 2834 704 2868 odium
728 2844 794 2878 quo
816 2831 984 2878 flagrabat
1005 2833 1041 2868 in
1063 2845 1175 2877 reum,
1205 2833 1240 2868 in
1270 2832 1368 2867 nimis
1390 2832 1632 2873 vehementem,
