1884 3262
266 164 364 215 664
655 166 963 210 OBSERVAT.
995 166 1303 215 PACHYMER.

265 280 498 313 reservatas
539 271 595 311 ita
622 271 692 311 ine
708 302 719 322 ‚
748 274 839 312 satis
869 274 1045 313 iudicans
1076 274 1177 313 nihil
1205 281 1452 323 consecutam
1477 277 1574 316 novi
1599 276 1699 318 iuris

266 336 335 368 aut
355 327 433 366 loci
461 327 932 379 constantinopolitanam
958 331 1085 369 sedem
1107 345 1181 383 per
1203 330 1553 374 Chalcedoneusem
1576 347 1699 372 cano—

265 398 377 433 nem,
410 383 478 434 qui
498 389 545 421 ut
567 384 646 422 vim
674 383 836 424 haberet
859 386 1082 425 confirmari
1107 388 1283 427 debuerit
1314 401 1336 424 a
1363 388 1538 427 Romano
1563 389 1699 441 ponti-

265 441 338 479 fice
352 470 364 490 ,
400 452 489 477 cum
510 453 597 478 eum
617 447 747 478 tamen
763 441 829 479 ille
845 442 1125 494 reprobaverit.
1181 443 1248 481 ubi
1267 448 1326 481 est
1342 455 1431 493 ergo
1451 444 1518 482 illa
1535 458 1699 496 posses-

264 496 323 534 sio
352 496 654 547 independentis
693 497 963 548 auctoritatis„
998 505 1066 537 aut
1093 513 1170 550 quo
1199 499 1284 537 iure
1316 512 1362 545 ac
1402 500 1560 550 quaudo
1586 501 1698 549 inita,

265 565 383 603 quam
411 564 451 589 se
471 551 574 590 tueri
600 559 727 590 certos
748 553 814 591 hic
844 555 981 593 Graeci
1007 554 1244 593 schismatici
1268 555 1494 593 affirmant?
1523 569 1614 595 sane
1638 557 1702 594 illi

262 607 430 655 fundum
455 607 614 646 unicum
632 616 697 646 aut
719 610 974 661 praecipuum
1001 607 1239 663 αὕτονομίας
1259 610 1393 659 istius,
1431 617 1470 649 et
1489 611 1634 651 liberae
1649 612 1697 650 ab

263 663 372 701 omni
400 664 596 702 Romanae
632 665 732 702 sedis
775 666 1047 705 iurisdictione
1081 667 1306 718 potestatis,
1346 666 1700 706 Chalcedonensem

260 719 380 758 istum
400 733 586 758 canonem
608 721 847 772 praedicant.
905 723 1089 761 audiatur
1106 737 1178 774 pro
1200 722 1378 767 omnibus
1397 723 1510 763 Anna
1529 723 1701 762 Comne-

260 789 313 814 na
343 775 369 813 1.
395 778 416 817 1
451 776 649 814 Alexiadis
681 791 721 829 p.
740 781 789 819 31
822 778 882 815 ed.
909 779 1000 830 Reg.
1058 781 1125 819 καὶ
1154 776 1319 832 μάλιστα
1346 777 1375 831 η’
1404 775 1715 831 ἐνΧαλκηδόνί

263 826 433 879 σύνοδος
453 832 509 879 εἰς
526 831 731 885 περιωπήν
748 835 932 887 μεγίστην
955 834 1022 875 καὶ
1036 837 1260 888 πρωτίστην
1287 831 1353 875 τὸν
1378 837 1702 876 Κωνσταντινου-

260 883 410 934 πόλεως
437 884 593 940 θρόνον
620 885 964 943 οἷναβιβασαμένη,
993 888 1063 939 τοὶς
1087 888 1164 931 civo}
1183 889 1257 943 τη’ν
1285 890 1524 943 οἰκουμένην
1543 888 1703 938 ’ἅπασαν

263 940 476 994 διοικήσεις
493 941 574 984 ὑπὸ
591 947 731 985 τοῦτον
750 945 921 998 ἐποίησε.
977 947 1034 985 sic
1054 947 1170 986 *Anna
1190 961 1240 986 ex
1259 947 1393 985 codice
1411 947 1603 998 pleniori,
1633 960 1703 985 cu·-

260 999 324 1037 ius
349 998 447 1037 mihi
465 1005 557 1051 post
573 1000 781 1039 editionem
805 1003 918 1053 copia
943 1003 1114 1054 contigit.
1170 1003 1300 1054 itaque
1318 1003 1359 1040 in
1385 1009 1471 1051 tota
1487 1003 1561 1041 ista
1578 1016 1703 1055 pren-

261 1053 413 1093 satione
430 1055 571 1093 summi
587 1055 749 1095 honoris
769 1065 888 1109 caput
903 1058 1035 1109 ipsum
1052 1059 1136 1110 spei
1158 1073 1203 1097 ac
1225 1072 1375 1097 summa
1397 1059 1565 1097 fiduciae
1590 1060 1704 1096 Con-
1761 1097 1763 1100 ,

261 1109 624 1162 stantinopolitanis
635 1112 678 1150 in
697 1126 844 1151 canone
865 1111 1168 1159 chalcedonensi
1183 1115 1400 1167 repositum
1422 1115 1508 1154 suit.
1566 1115 1703 1166 despe-

260 1165 456 1205 ratissima
470 1166 591 1217 igitur
614 1182 728 1206 causa
746 1169 922 1220 ipsorum
947 1177 1064 1208 estet
1084 1185 1246 1223 prorsus
1264 1171 1399 1209 insana
1415 1170 1554 1222 petitio
1566 1201 1579 1220 ,
1610 1183 1702 1208 cum

261 1227 354 1260 ante
374 1222 502 1260 omnia
525 1222 574 1261 de
593 1224 772 1275 primatu·
782 1226 824 1262 in
841 1226 1070 1265 universum
1091 1227 1223 1264 orbem
1243 1240 1292 1264 ne
1311 1226 1596 1277 persomnium
1616 1226 1702 1278 qui-

261 1277 353 1315 dem
377 1277 705 1318 Chalcedonensis
724 1293 848 1318 canon
868 1281 1010 1331 cogitet
1021 1297 1033 1333 3
1060 1288 1146 1321 tum
1161 1282 1202 1319 id
1219 1282 1350 1334 ipsum
1372 1282 1478 1333 quod
1495 1295 1606 1332 agere
1623 1295 1702 1320 vo-

260 1332 336 1370 luit
343 1362 355 1382 ‚
384 1338 430 1370 ut
446 1333 574 1372 sedem
595 1335 1068 1389 constantinopolitanam
1088 1352 1138 1376 ex
1153 1344 1292 1389 quarto
1314 1338 1358 1376 in
1376 1339 1594 1376 secundum
1610 1351 1703 1389 pro,-

261 1394 442 1427 moveret
458 1390 622 1440 gradum
636 1420 647 1441 ,
675 1392 914 1431 reclamante
936 1395 1110 1432 Romano
1129 1394 1314 1447 pontifice
1331 1394 1486 1432 irritum
1502 1399 1542 1432 et
1560 1393 1703 1442 effectu

265 1457 420 1482 cassum
437 1446 636 1486 manserit.
693 1462 738 1486 ac
755 1448 849 1487 licet
874 1450 1116 1501 temporibus
1135 1450 1346 1496 Iustiniani
1364 1449 1443 1488 seri
1461 1463 1703 1498 successores

261 1500 456 1546 Anatolii,
492 1516 568 1553 quo
595 1502 680 1541 iure
716 1518 842 1555 quave
877 1505 1044 1554 iniuria,
1081 1506 1348 1546 Alexandrino
1378 1505 1703 1556 Antiochenoque

261 1555 499 1608 patriarchis
517 1558 731 1610 praepositi
752 1561 933 1611 legantur
953 1562 996 1600 in
1015 1562 1188 1601 Novellis
1210 1562 1319 1609 illius
1335 1562 1603 1614 imperatoris,
1637 1568 1703 1600 ta-

261 1626 355 1651 men
379 1612 422 1650 id
447 1613 545 1652 citra
567 1615 856 1666 praeiudicium
882 1617 1077 1670 primatus
1104 1620 1298 1657 Romanae
1331 1618 1416 1656 sedi
1445 1618 1703 1670 competentis
1731 1653 1734 1655 ,

263 1669 414 1707 sactum
433 1670 638 1709 manifeste
659 1671 833 1711 declarat
858 1673 942 1725 ipse
969 1667 1209 1727 Iustinianus
1235 1675 1278 1712 in
1304 1687 1375 1712 suo
1411 1674 1548 1712 codice
1566 1675 1608 1714 L.
1633 1688 1704 1711 co-

260 1738 467 1776 gnoscere,
496 1725 564 1764 ubi
586 1726 634 1765 de
655 1728 830 1767 Romano
848 1729 1036 1781 pontifice
1053 1731 1229 1782 loquitur
1247 1730 1308 1769 his
1328 1729 1482 1770 verbis:
1510 1744 1579 1768 nec
1599 1732 1703 1768 enim

258 1781 446 1831 patimur
470 1789 517 1819 ut
545 1781 772 1834 quidquam
800 1800 934 1823 eorum
963 1801 1068 1838 quae
1092 1787 1152 1825 ad
1172 1787 1480 1825 ecclesiasticum
1501 1788 1704 1838 pertinent

261 1842 417 1873 statum
427 1865 438 1884 ,
468 1851 546 1875 non
563 1840 685 1876 etiam
702 1840 761 1877 ad
777 1841 951 1879 eiusdem
976 1845 1174 1892 referatur
1189 1841 1491 1881 Beatitudinem
1503 1870 1515 1892 ,
1545 1856 1637 1881 cum
1654 1856 1702 1880 eu

263 1892 320 1928 Sit
340 1899 465 1943 caput
493 1896 671 1931 omnium
701 1898 1046 1935 sanctissimorum
1074 1898 1140 1936 dei
1165 1898 1427 1937 sacerdotum.
1482 1897 1581 1936 haec
1611 1898 1678 1936 ille
1686 1912 1698 1947 5

265 1946 321 1984 ad.v
338 1960 436 1997 quae
453 1947 512 1985 sic
524 1955 706 1999 annotat,
734 1951 879 2003 alioqui
898 1966 1036 2005 expers
1057 1954 1251 1992 Romanae
1273 1953 1572 2002 communionis,
1585 1954 1701 2004 Hugo

266 2003 426 2040 Grotius
437 2032 449 2052 ,
475 2004 516 2041 in
535 2005 744 2057 Sparsione
761 2007 919 2046 Florum
934 2023 974 2060 p.
992 2008 1093 2051 314:
1120 2009 1218 2047 lzaec
1229 2017 1426 2062 perpetua
1428 2011 1526 2059 fuit
1537 2011 1701 2061 piorum

258 2059 494 2110 principum
515 2064 706 2099 sententia
723 2061 783 2100 ad
798 2063 989 2102 tuendam
1004 2066 1187 2103 ecclesiae
1200 2068 1393 2104 unitatem
1407 2079 1607 2118 perquam
1628 2079 1700 2103 ne·
1733 2094 1737 2095 γ

263 2117 452 2153 cessaria.
507 2114 610 2154 idem
636 2116 776 2156 dicunt
808 2120 1118 2160 Valentinianus
1134 2128 1173 2162 et
1190 2121 1382 2160 Placidia
1407 2125 1451 2160 in
1474 2122 1592 2159 Actis
1608 2129 1702 2159 ante

266 2171 480 2208 concilium
503 2171 829 2225 Clzalcedonense,
858 2175 1012 2215 iudices·
1039 2192 1066 2215 a
1091 2180 1298 2216 Martiano
1325 2177 1434 2227 dati,
1470 2186 1506 2216 et
1529 2180 1620 2229 ipsa
1636 2191 1701 2229 sy-

267 2225 400 2264 nodus
430 2227 759 2268 Chalcedonensis
789 2232 816 2273 4
847 2240 925 2271 act.
947 2236 1009 2275 16.
1065 2233 1169 2271 adde
1197 2235 1407 2273 Novellam
1432 2237 1522 2277 131.
1581 2246 1700 2285 quare

270 2282 386 2324 aliam
405 2297 497 2322 suae
516 2287 773 2324 auctoritatis
790 2286 1085 2340 independentis
1114 2290 1532 2342 Constantinopo'itani
1551 2289 1700 2334 confir-,

268 2338 479 2378 mationem
500 2348 698 2390 quaerant.
753 2357 842 2383 nam
860 2343 957 2389 haec
985 2346 1139 2396 quidem
1163 2360 1239 2398 qua
1258 2361 1299 2386 se
1321 2361 1399 2385 una
1419 2347 1493 2385 niti
1510 2347 1699 2395 fatentur,

271 2406 293 2431 e
325 2407 471 2433 canone
501 2395 827 2449 chalcedonensi,
863 2401 994 2452 palam
1016 2401 1181 2454 οἴχεται,
1217 2416 1267 2441 ne
1285 2403 1378 2454 ipsis
1399 2403 1557 2454 quidem
1574 2403 1699 2452 (tanta

270 2449 333 2488 vis
363 2451 540 2489 veritatis
562 2452 661 2505 est),
698 2455 813 2493 etiam
839 2458 1263 2508 postquam-Photiano
1294 2458 1500 2498 schismate
1528 2459 1698 2503 frontem

270 2505 576 2557 perfricuerunt,
602 2509 846 2550 dissimulare
865 2512 1062 2552 interdum
1079 2515 1311 2554 valentibus,
1357 2515 1452 2566 quid
1472 2516 1572 2554 enim
1589 2513 1698 2558 aliud

275 2561 425 2600 indicat
445 2561 488 2599 id
503 2563 814 2617 quodtsuperius
841 2567 918 2606 hoc
940 2569 1026 2621 ipso
1055 2577 1114 2609 est
1135 2571 1262 2623 capite
1278 2578 1500 2620 narratum,
1534 2583 1697 2620 congre-

272 2623 401 2667 gatam
425 2617 496 2656 sub
522 2618 665 2658 Ioanne
693 2623 799 2660 Duca
819 2623 1051 2676 imperatore
1079 2627 1316 2672 Graecorum
1342 2627 1534 2678 synodum
1561 2626 1695 2664 ‹lecre-

271 2672 373 2712 visse
390 2673 619 2724 legationem
640 2675 689 2713 ad
707 2691 866 2729 papam,
895 2694 972 2731 qua
995 2682 1121 2720 suncti
1136 2695 1179 2720 re
1201 2683 1285 2734 ipsa
1306 2683 1386 2721 sint
1406 2682 1579 2734 episcopi
1599 2681 1693 2729 duo,

271 2728 473 2768 Sardensis
491 2730 736 2773 Andronicus
766 2740 804 2772 et
829 2736 1044 2787 Cyzicenus
1075 2738 1282 2789 Georgius,
1309 2752 1381 2791 per
1398 2751 1512 2789 quam
1528 2736 1696 2789 profite-

271 2791 409 2825 rentur
442 2800 483 2825 οε
508 2794 680 2838 paratos
707 2788 869 2840 obsequi
892 2794 1075 2845 pontifici
1101 2795 1284 2834 Romano
1319 2796 1477 2844 eiusque
1502 2795 1547 2831 in
1573 2806 1694 2831 sacra
