1846 3262
428 267 506 309 DE
541 265 822 309 MICHAELE
856 266 1236 311 PALAEOLOGO
1272 268 1319 311 L.
1347 266 1404 311 Π.
1591 266 1657 311 99

171 386 253 425 νεῖν
284 379 415 437 ὁρμῆς
445 379 635 435 ἑτοῖμον,
673 379 776 424 ὅπου
796 398 839 438 γε
859 383 926 424 καὶ
946 380 1056 438 καθ’
1083 375 1140 425 ὧν
1161 381 1236 433 ἴοι,
1269 379 1502 438 προθύμως
1531 386 1654 425 πολε-

169 452 420 506 μησειόντες.
492 450 565 494 τὸν
592 450 730 505 μέντοι
761 467 803 507 γε
834 448 1093 508 πατριάρχην
1114 451 1170 501 εἷς
1192 451 1373 493 Νίκαιαν
1407 450 1651 506 ἀποπέμπει,
1677 462 1706 496 Β

170 519 267 574 μετ’
295 519 430 576 ὀλίγον
450 523 699 574 καταλαβεῖν
722 521 790 562 καὶ
808 519 935 570 αὐτὸς
954 518 1278 575 ὑπισχνούμενος
1296 516 1462 575 συνάμα
1479 525 1538 580 τῷ
1560 521 1652 580 νέῳ,

170 586 545 644 ταινιωθησόμενοι
571 590 638 631 καὶ
661 587 902 646 ἀμφότεροι.
975 587 996 632 ὃ
1017 590 1092 644 μὲν
1114 584 1469 647 οὖν’πατριάρχης
1487 588 1652 646 συνάμα

139 666 159 700 5
173 662 231 717 τῷ
257 656 395 718 κλήρῳ
420 660 487 701 καὶ
512 665 599 708 τοῖς
624 657 881 715 ἀρχιερεῦσι,
916 655 1214 713 συνταξάμενοι
1234 658 1288 702 τὰ
1307 657 1443 701 εἰκότα
1465 665 1549 709 τοῖς
1568 664 1652 712 βα-

170 731 347 780 σιλεῦσι,
378 731 454 782 τῆς
487 729 550 770 ἐπὶ
581 727 760 770 Νίκαιαν
792 726 998 783 ἣπτοντο·
1030 725 1052 771 ὅ
1085 727 1136 770 δέ
1150 745 1193 784 γε
1211 728 1407 782 βασιλεὺς
1427 728 1502 778 τὰς
1523 727 1651 771 δυνά-

168 814 258 852 μεις
285 796 507 850 ἀναλαβὼν
530 798 598 839 καὶ
620 794 827 848 συντάξας
849 794 1015 852 συνάμα
1043 798 1109 840 καὶ
1131 803 1219 847 τοῖς
1240 797 1282 840 ἕν
1303 797 1406 840 τέλει
1427 799 1491 840 ἐπὶ
1516 801 1650 841 Φιλα-

169 866 363 922 δέλφειαν
398 865 571 922 ἤλαυνε,
608 867 676 908 καὶ
707 865 758 917 δὴ
792 866 961 917 ἐπιστὰς
998 871 1051 924 τῇ
1083 864 1198 910 πόλει
1230 867 1387 910 ἐκεῖθεν
1415 866 1493 917 τὰς
1521 866 1651 924 ἄκρας

169 933 332 992 ὠχύρου
343 968 356 987 ,
388 934 487 985 τοὺς
502 935 578 990 μὲν
598 935 791 989 πίμπων,
827 934 978 985 ἄλλους
1000 936 1045 979 δ’
1068 938 1223 979 ἐκεῖθεν
1246 933 1463 990 δεχόμενος
1482 935 1645 979 κατιόν-
1670 940 1700 974 C

115 1012 159 1044 10
171 1021 246 1054 τας
265 1005 332 1046 καὶ
353 1001 503 1061 δώροις
523 1002 578 1055 ὥς
601 1001 687 1048 οἷόν
709 1021 752 1047 τε
773 1002 1141 1062 φιλοτιμούμενος,
1170 1003 1420 1061 προθύμους
1440 1006 1496 1055 εἰς
1513 1010 1649 1062 φυλα-

168 1073 243 1129 κὴν
265 1077 393 1117 ποιῶν
412 1075 479 1116 καὶ
497 1074 866 1131 θαρραλεωτέρους
884 1075 1016 1118 ἐλπίσι
1032 1081 1236 1132 χρησταῖς
1253 1072 1473 1125 καθιστάς.
1544 1092 1650 1132 προ-

166 1142 248 1196 βὰς
278 1142 320 1185 δ’
356 1144 512 1186 ἐκεῖθεν
541 1143 687 1200 μικρὸν
715 1145 783 1186 καὶ
817 1143 870 1187 τὰ
900 1142 1035 1203 κύκλῳ
1067 1134 1318 1200 περιελθιῦν,
1358 1145 1426 1186 καὶ
1454 1143 1552 1194 τούς
1572 1145 1648 1199 μὲν

165 1216 436 1268 προσλαλιαΐς
453 1212 635 1269 ἀγαθαῖς
653 1212 722 1256 toi
730 1230 749 1264 ς
767 1213 812 1256 δὲ
831 1215 1081 1270 φιλοτιμίαις
1099 1213 1197 1264 τοὺς
1215 1214 1260 1256 δὲ
1279 1214 1347 1256 καὶ
1363 1210 1646 1268 ὖποσχίσεσιν,

167 1280 253 1324 ἔστι
281 1281 326 1324 δ’
357 1276 407 1325 οὗ
437 1284 504 1325 καὶ
526 1280 661 1340 φόβον
683 1282 824 1339 κιρνὰς
842 1281 1086 1340 ἦμερότητι,
1123 1283 1178 1326 τὰ
1206 1282 1545 1341 παρεμπίπτοντα
1563 1288 1645 1337 βα·-

111 1355 154 1390 15
166 1354 328 1401 σιλικιῦς
354 1349 670 1409 μετερχόμενος,
710 1350 767 1402 ὥς
788 1350 874 1395 οἷόν
894 1370 937 1395 τε
957 1352 1076 1396 τάκεῖ
1088 1352 1271 1396 καθίστα
1297 1353 1364 1395 καὶ
1385 1352 1643 1411 ἀσφαλέστε-
1668 1357 1700 1391 D

167 1437 240 1476 ρον
261 1428 461 1478 φρουροῖς
483 1419 738 1478 κατωχύρου.
811 1420 887 1476 εἶχε
906 1421 984 1479 γὰρ
1006 1421 1080 1477 τὴν
1101 1422 1166 1464 ε’πὶ
1186 1419 1304 1465 δύσιν
1322 1421 1524 1476 μέριμναν
1537 1454 1551 1474 ,
1589 1419 1645 1470 ὥς

166 1487 340 1544 ἑτοίμων
365 1490 468 1546 πρὸς
486 1490 534 1533 τὸ
552 1490 731 1547 ἄφηνιᾶν
753 1489 906 1543 ὄντων,
944 1493 980 1534 εἲ
1000 1491 1207 1547 εὐκαιρίας
1229 1490 1340 1541 τινὸς
1359 1487 1646 1546 ἔπιδράττοιν-

165 1576 228 1602 το.
289 1557 389 1603 ὅθεν
407 1561 475 1602 καὶ
494 1560 683 1616 πρέσβεις
706 1561 760 1610 εἷς
782 1560 952 1617 Πέρσας
974 1562 1287 1613 ἐξαποστείλας,
1327 1562 1450 1602 τοῦτο
1470 1560 1545 1613 μὲν
1567 1560 1643 1615 δη-

164 1625 376 1678 λώσοντας
397 1630 452 1679 εἷς
472 1629 548 1685 τὴν
570 1628 701 1686 ἀρχὴν
721 1626 986 1672 καταστάντα
1005 1628 1056 1673 Δὃν
1079 1631 1146 1672 καὶ
1168 1629 1350 1686 ἀκριβῶς
1374 1625 1531 1678 ῗδόντες
1546 1626 1642 1685 ᾔδε-

108 1703 268 1751 ΞΟσαν,
311 1701 435 1741 τοῦτο
465 1699 511 1741 δὲ
539 1700 606 1741 καὶ
635 1702 694 1757 τῷ
718 1698 896 1750 σουλτὰν
919 1700 1009 1756 περὶ
1033 1703 1114 1742 τῶν
1138 1699 1220 1743 ἐκεῖ
1236 1694 1489 1755 πραγμάτων
1507 1714 1641 1740 κοινο-

258 1844 313 1879 17.
335 1841 494 1889 ἑτοίμως
516 1845 554 1878 Ρ.

161 1969 422 2005 benevolentiae
444 1982 611 2014 summae,
647 1971 859 2006 alacritatem
882 1983 1018 2018 quoque
1041 1970 1217 2006 maximam
1239 1971 1439 2016 praeferens
1464 1969 1508 2004 ad
1532 1981 1636 2016 quos-

162 2016 219 2051 vis
243 2017 436 2052 subeundos
458 2017 594 2053 labores
616 2019 900 2072 pugnandumque
934 2018 1136 2064 ubicumque
1159 2022 1196 2053 et
1218 2018 1381 2052 adversus
1404 2028 1635 2063 quoscumque

162 2062 318 2097 duceret.
364 2064 595 2108 patriarcham
622 2065 758 2100 interim
786 2065 952 2100 Nicaeam
984 2064 1198 2111 praemittit,
1234 2063 1332 2098 brevi
1353 2063 1472 2098 eodem
1494 2070 1636 2096 secutu-

159 2120 234 2144 rum
258 2121 296 2144 se
319 2109 492 2156 pollicitus
516 2122 591 2146 cum
614 2123 720 2157 puero
744 2112 920 2155 Augusto,
954 2111 1043 2156 regii
1065 2110 1266 2146 diadematis
1294 2121 1361 2145 una
1384 2122 1459 2144 cum
1482 2107 1540 2142 illo
1565 2109 1634 2143 rite

159 2156 354 2190 assumendi
383 2157 509 2201 gratia.
557 2169 665 2203 quare
698 2158 866 2193 Arsenius
899 2170 972 2192 cum
1002 2158 1092 2192 clero
1125 2162 1161 2192 et
1181 2156 1407 2202 ,praesulibus
1432 2155 1509 2189 vale
1541 2154 1633 2188 dicto

159 2202 324 2247 Augustis
355 2202 522 2238 Nicaeam
549 2216 669 2239 versus
701 2204 769 2239 iter
790 2204 911 2239 tenuit.
957 2204 1144 2249 imperator
1166 2215 1248 2237 vero
1270 2203 1413 2247 sumptis
1433 2212 1548 2235 secum
1573 2212 1633 2234 co-

159 2248 247 2294 piis,
275 2249 434 2284 salutatis
456 2249 490 2284 in
514 2250 671 2294 digressu
694 2251 936 2297 optimatibus,
968 2249 1235 2295 Philadelphiam
1259 2250 1434 2294 profectus
1455 2247 1534 2281 inde
1557 2258 1632 2281 rnu-

159 2295 294 2329 niendis
318 2295 456 2330 arcibus
480 2307 596 2331 curam
617 2297 803 2342 impendit,
833 2297 969 2331 mittens
991 2297 1034 2332 ad
1059 2308 1118 2331 eas
1140 2295 1400 2342 praesidiatus,
1431 2293 1633 2328 accersitos-

159 2353 227 2387 que
260 2341 319 2386 qui
342 2341 412 2376 illic
442 2343 582 2376 fuerant
602 2344 749 2388 benigne
771 2343 964 2389 accipiens,
995 2349 1031 2378 et
1053 2342 1225 2377 donativis
1241 2353 1310 2421 (pro
1335 2341 1434 2386 copia
1455 2339 1631 2386 praesenti

158 2387 349 2432 magnificis
372 2387 683 2435 liberalissimisque
706 2390 880 2436 promissis
911 2390 998 2424 bene
1027 2389 1192 2423 animatos
1219 2399 1240 2422 a
1286 2386 1572 2433 perseverandum
1594 2386 1630 2420 in

158 2434 228 2468 fide
254 2434 431 2469 custodiae
464 2435 616 2470 creditae
649 2447 778 2482 speque
809 2436 927 2482 plenos
963 2435 1090 2481 optima
1120 2433 1298 2469 remittens
1328 2433 1418 2468 unde
1451 2436 1650 2467 venerant.>

156 2479 237 2515 hinc
261 2480 397 2526 paulum
420 2493 622 2526 progressus
653 2487 777 2516 cuncta
810 2494 873 2528 per
907 2482 1087 2516 circuitum
1117 2479 1298 2520 lustravit,
1332 2485 1369 2514 et
1399 2480 1460 2513 hos
1493 2478 1628 2524 quidem

156 2526 416 2562 allocutionibus
445 2527 621 2572 benignis,
653 2528 738 2563 alios
769 2528 1027 2573 largitionibus,
1058 2527 1222 2573 quosdam
1247 2525 1422 2572 promissis
1450 2524 1628 2559 demeruit.

156 2573 225 2608 fuit
248 2573 307 2607 ubi
329 2577 365 2607 et
387 2577 554 2608 terrorem
578 2575 775 2609 clementiae
797 2575 1032 2609 submisceret.
1079 2573 1226 2619 denique
1251 2573 1303 2607 ibi
1337 2571 1447 2607 omnia
1477 2571 1628 2606 auctori-

155 2623 231 2654 tate
254 2631 295 2653 ac
319 2620 486 2665 sapientia
508 2619 720 2655 maiestatem
744 2621 877 2664 imperii
899 2623 1041 2655 decente
1058 2619 1256 2661 constituit,
1281 2623 1318 2653 et
1341 2619 1385 2653 ad
1408 2618 1627 2652 securitatem

155 2666 192 2701 in
224 2669 398 2711 posterum
430 2666 609 2712 praesidiis
635 2666 770 2702 idoneis
793 2667 950 2701 firmavit.
998 2666 1194 2702 imminebat
1216 2665 1305 2700 enim
1327 2665 1362 2699 in
1384 2675 1497 2698 rerum
1522 2661 1626 2696 Occi-

155 2712 297 2747 duarum
321 2724 455 2755 curam,
486 2725 562 2748 cum
586 2725 652 2748 non
673 2714 850 2759 ignoraret
869 2713 1005 2748 inhiare
1025 2714 1128 2748 rebus
1154 2713 1249 2747 novis
1272 2711 1331 2757 qui
1354 2711 1532 2758 plurimum
1553 2708 1625 2742 illic

153 2762 337 2804 poterant,
372 2765 408 2794 et
439 2759 483 2794 ad
513 2760 771 2794 detrectandum
800 2759 999 2806 obsequium
1027 2759 1212 2813 iugumque
1245 2757 1358 2804 palam
1388 2755 1625 2791 excutiendum

154 2804 239 2838 nihil
268 2803 332 2839 nisi
364 2806 571 2841 commodam
604 2805 814 2841 occasionem
846 2809 1040 2851 expectare.
1096 2805 1244 2840 indidem
1279 2803 1383 2838 etiam
1413 2805 1546 2847 legatos
1579 2800 1623 2835 ad

151 2850 279 2885 Persas
311 2851 414 2886 misit.
462 2851 586 2898 partim
616 2857 655 2887 ut
685 2851 750 2886 illis
779 2853 991 2898 significaret
1020 2864 1116 2887 suam
1145 2850 1356 2886 evectionem
1379 2849 1414 2883 in
1435 2846 1622 2894 imperium,

152 2907 242 2941 quae
263 2902 364 2941 grata
385 2897 467 2943 ipsis
490 2899 557 2933 suit
578 2899 622 2933 ob
645 2899 793 2944 priorem
817 2899 891 2934 eius
912 2898 1071 2933 notitiam
1094 2903 1130 2932 et
1152 2895 1336 2932 amicitiam
1357 2898 1520 2936 veterem,
1541 2905 1622 2939 par-

152 2942 214 2977 tim
238 2950 276 2978 ut
299 2943 435 2980 Sultani
463 2945 630 2991 quaedam
652 2945 796 2980 interius
819 2945 1103 2981 communicarent
1125 2944 1170 2979 de
1191 2943 1292 2980 modo
1315 2946 1353 2977 et
1375 2941 1489 2977 causis
1511 2943 1622 2975 muta-
