1884 3262
373 199 685 252 OBSERVAT.
717 206 1029 253 Mearm.
1061 191 1167 254 us.
1183 206 1241 252 11.
1270 198 1482 253 Noni:
1553 190 1651 255 623
1698 186 1700 188 ’

184 323 348 369 gustus:
383 317 454 355 sed
467 331 563 355 mox
585 330 690 356 anno
711 317 820 361 1057
841 317 964 356 Isacio
986 318 1188 357 comneno
1208 312 1318 357 ultro
1342 316 1559 356 concedens
1577 317 1652 356 ab-

186 375 340 413 'dicavit
357 374 635 425 principatum.
694 387 799 412 anno
820 373 967 412 Christi
989 377 1095 418 1071
1120 374 1288 414 Michael
1305 381 1561 426 cognomento
1574 375 1653 426 Pa-

188 431 442 482 rapinaceus,
471 430 575 468 filius
596 430 845 469 Constantini
863 431 994 468 Ducae
1012 431 1271 483 imperatoris,
1300 437 1460 470 mortuo
1474 432 1655 470 Romano

188 487 351 538 Diogeni
377 487 583 535 successit,
620 487 809 538 septimus
839 486 946 525 inter
972 486 1170 539 Augustos
1202 488 1441 539 Byzantinos
1466 487 1654 539 Michaeh

188 556 307 593 quem
329 544 434 582 inter
449 549 488 581 et
504 542 613 581 hunc
627 549 809 581 nostrum
828 556 919 582 cum
938 556 1053 582 nemo
1072 544 1128 582 sic
1146 544 1365 595 appellatus
1383 544 1653 596 imperaverit,

187 599 437 649 Palaeologus
454 629 466 650 ‚
502 599 613 637 cuius
639 599 706 637 hic
729 598 936 638 historiam
966 599 1125 650 damus,
1165 600 1436 639 numerandus
1464 601 1542 640 erit
1574 600 1652 639 Mi-

187 655 301 695 cha'el
319 656 416 695 VIII.

302 714 576 752 PALAnoLocx.
633 716 750 749 natus
789 710 856 749 hie
891 724 996 749 anno
1033 711 1179 750 Christi
1208 711 1317 754 1224
1347 724 1398 750 ex
1422 711 1652 753 Andronico
1675 716 1705 752 P
1727 715 1796 752 434

187 769 416 821 Palaeologo
446 782 586 820 magno
616 767 853 817 domestico,
890 774 1017 806 matre
1046 768 1274 819 Palaeologa
1300 769 1429 807 Irenes
1456 776 1496 808 et
1526 770 1655 809 Alexii

186 826 407 877 Palaeologi
435 826 619 876 despotae
647 824 740 863 filia.
793 824 892 863 haec
923 825 1060 874 Irene,
1098 824 1297 863 Michaelis
1332 825 1419 864 avia
1457 833 1651 878 materna,

184 882 267 921 filia
284 882 363 921 fuit
383 883 520 933 Angeli
545 881 755 930 Comneni,
794 895 873 932 quo
902 881 1121 932 imperante
1149 882 1510 934 Constantinopolis
1535 891 1652 936 capta

186 945 247 977 est
274 953 296 976 a
325 939 484 977 Latinis.
542 937 652 976 dedit
690 938 722 975 is
759 950 846 976 eam
891 938 1094 989 coniugem
1131 938 1286 986 Alexio*
1302 938 1532 990 Palaeologo
1575 940 1650 993 (ut

184 995 400 1034 Phrantzes
439 995 585 1033 habet:
634 994 862 1045 Acropolita
893 993 1166 1032 Andronicum
1202 993 1412 1048 appellat),
1461 1009 1578 1046 quem
1608 1003 1648 1035 et

185 1051 389 1104 despotam
409 1051 557 1090 creavit
577 1056 616 1088 et
638 1050 792 1100 imperii
817 1063 1080 1088 successorem
1108 1051 1338 1102 designavit.
1394 1051 1463 1089 sed
1483 1052 1516 1089 is
1534 1053 1648 1092 brevi

180 1111 244 1146 'est
273 1114 477 1156 mortuus,
520 1106 637 1145 unica
674 1118 725 1143 ex
753 1107 915 1158 coniuge
944 1107 1025 1144 filia
1058 1113 1264 1159 suscepta,
1302 1120 1401 1157 quae
1429 1108 1646 1148 Andronici

182 1164 399 1215 Palaeologi
418 1164 548 1214 magni
569 1162 773 1201 domestici
796 1176 921 1211 uxor,
953 1162 1152 1201 Micha'esslis
1174 1164 1391 1215 Palaeologi
1411 1171 1539 1204 mater
1557 1166 1645 1207 suit.

183 1234 306 1271 quare
333 1221 366 1258 is
396 1234 418 1257 a
449 1226 564 1272 patre
593 1220 707 1257 iuxta
733 1225 936 1270 matreque
966 1219 1179 1270 Palaeologi
1212 1220 1512 1272 appellationem
1536 1222 1645 1272 tulit,

181 1273 559 1329 διπλοπαλαιολόγος
581 1281 791 1327 propterea
823 1281 1012 1324 vocatus,
1057 1282 1104 1315 ut
1140 1276 1353 1314 Phrantzes
1383 1276 1504 1317 habet
1539 1292 1573 1317 c.
1604 1283 1644 1321 1.

179 1333 286 1372 idem
305 1332 431 1371 tradit
464 1333 657 1383 Gregoras
684 1331 710 1369 l.
734 1335 758 1373 3
783 1345 821 1383 p.
842 1334 907 1373 32.
964 1332 1034 1370 sed
1062 1338 1103 1370 et
1121 1333 1341 1371 Comnenus
1364 1346 1386 1370 a
1407 1335 1545 1372 matris
1566 1348 1644 1374 avo

180 1389 330 1441 Angelo
352 1390 550 1427 Comneno
579 1389 817 1439 imperatore
845 1388 995 1437 dictus,
1034 1394 1080 1426 ut
1099 1388 1314 1427 Phrantzes
1338 1389 1485 1428 ibidem
1506 1391 1643 1442 docet;

181 1460 230 1484 ac
258 1446 401 1497 passim
430 1446 487 1483 ita
515 1451 684 1484 vocatur
717 1445 766 1482 ab
792 1444 1020 1496 Acropolita
1047 1445 1236 1497 scriptore
1264 1446 1336 1497 ipsi
1361 1447 1642 1487 faventissimo.

179 1503 288 1541 unde
308 1502 543 1540 crediderim
563 1501 760 1539 affectasse
777 1500 1006 1539 Michaelem
1026 1508 1118 1540 ante
1134 1503 1344 1554 imperium
1369 1503 1446 1541 dici
1474 1505 1642 1542 Comne-

179 1571 298 1607 num,
327 1558 436 1609 quod
459 1571 544 1596 eam
575 1570 659 1596 rem
689 1557 877 1596 velificari
904 1558 1109 1596 ambitioni
1134 1572 1227 1596 suae
1258 1558 1448 1599 crederet.
1504 1561 1574 1599 sed
1602 1567 1645 1600 et

177 1614 296 1654 huius
308 1621 488 1667 posteros
506 1614 556 1652 ob
569 1614 813 1662 nobilitatem
832 1614 1001 1665 inclytae
1016 1620 1080 1664 10ss
1090 1614 1272 1666 Augustis
1292 1616 1462 1654 familiae
1473 1617 1644 1656 Comne—

177 1685 323 1710 norum
346 1671 604 1724 appellatione
630 1671 814 1722 gloriatos
838 1671 1054 1708 ostendunt
1078 1671 1354 1723 inscriptiones
1381 1672 1580 1711 Michaelis
1601 1680 1643 1713 et

177 1728 397 1766 Andronici
427 1727 630 1767 Iuniorum
658 1740 680 1763 a
718 1727 896 1764 Pontano
926 1727 1143 1779 descriptae
1180 1728 1291 1767 Notis
1324 1728 1375 1767 ad
1405 1729 1641 1769 Phrantzen.

177 1783 287 1823 hunc
300 1797 421 1835 porro
441 1790 620 1822 nostrum
650 1782 901 1832 Michaelem,
929 1789 1138 1834 postquam
1162 1785 1213 1822 ad
1234 1785 1440 1837 imperium
1459 1787 1642 1837 pervenit

176 1839 289 1879 hand
312 1853 546 1892 magnopere
568 1853 724 1878 curasse
744 1841 986 1878 Comnenum
1015 1840 1115 1890 dici,
1143 1841 1235 1879 licet
1256 1841 1473 1893 intelligere
1491 1856 1542 1880 ex
1559 1844 1639 1881 Pa-

178 1896 384 1949 chymme,
415 1897 483 1947 qui
508 1897 543 1935 ei
565 1896 786 1945 familiaris,
827 1903 868 1934 et
891 1897 963 1934 sub
996 1897 1078 1935 eius
1106 1897 1188 1936 filio
1208 1897 1436 1937 Andronico
1462 1899 1636 1950 Seniore,

176 1967 260 1992 non
290 1953 374 1991 sine
404 1966 500 2001 cura
528 1952 786 1991 demerendae
817 1953 1044 2004 regnatricis
1072 1953 1213 1992 domus
1239 1955 1411 2005 gratiae,
1448 1956 1634 2007 scribens,

175 2023 382 2060 nunquam
399 2023 489 2047 eum
507 2009 582 2048 alio
601 2009 735 2061 gentili
754 2022 870 2060 quam
889 2009 1105 2061 Palaeologi
1121 2011 1280 2048 nomine
1297 2011 1483 2062 designat.

289 2066 492 2106 His'romA
521 2067 680 2104 Reium.
738 2065 836 2104 duas
865 2065 1048 2103 historias
1078 2067 1266 2117 separatis
1291 2068 1556 2105 voluminibus
1590 2074 1632 2107 et

176 2121 304 2159 titulis
330 2122 587 2172 Pachymeres
610 2122 790 2173 reliquit,
827 2128 875 2160 ut
893 2122 935 2160 in
960 2122 1159 2159 codicibus
1176 2123 1332 2173 optimis
1358 2123 1572 2161 Barberino
1591 2131 1633 2163 et

175 2176 371 2215 Auatiano
403 2178 711 2217 distinctissimae
737 2180 933 2229 leguntur.
989 2178 1079 2216 licet
1107 2179 1320 2216 Vaticanus
1344 2179 1630 2231 paraphrastes,

176 2234 246 2284 qui
262 2234 388 2272 multa
406 2236 623 2283 contraxit,
652 2236 843 2285 quaedam
866 2234 1038 2284 addidit,
1066 2234 1252 2285 pleraque
1271 2236 1465 2284 mutavit,
1495 2237 1627 2275 ambas

174 2291 219 2328 in
238 2304 336 2341 opus
354 2303 480 2328 unum
495 2291 743 2340 conflaverit3
773 2291 834 2329 cui
862 2293 965 2329 forte
992 2291 1125 2328 similis
1155 2291 1275 2328 fuerit
1295 2293 1543 2343 Augustanus
1564 2293 1630 2331 ille

176 2345 326 2396 codex,
352 2346 460 2384 unde
488 2360 559 2384 sua
589 2354 774 2399 excerpta
801 2347 967 2386 wolfius
991 2347 1176 2398 sumpsit:
1211 2360 1304 2385 nam
1326 2355 1366 2386 et
1392 2348 1424 2386 is
1441 2363 1563 2387 unam
1579 2363 1630 2389 ex

177 2402 330 2441 duabus
355 2403 606 2453 Pachymeris
641 2403 848 2443 historiam
883 2403 1045 2442 videtur
1074 2416 1291 2454 agnoscere.
1357 2418 1430 2443 nos
1458 2407 1631 2458 priorem

175 2458 378 2497 Michaelis
402 2460 490 2498 VIII
517 2459 732 2511 Palaeologi
764 2466 852 2498 acta
883 2465 1136 2510 exequentem
1164 2460 1283 2498 modo
1319 2460 1477 2510 damus,
1523 2463 1630 2512 alias,

175 2515 251 2553 deo
270 2516 451 2560 volente,
489 2514 760 2562 ‚Andronicum
794 2516 965 2554 eiusdem
987 2515 1208 2568 scriptoris,
1238 2517 1320 2557 sive
1339 2517 1388 2556 de
1401 2518 1519 2569 gestis
1544 2519 1631 2558 An·-

176 2571 331 2610 dronici
350 2572 520 2610 Senioris
539 2572 660 2611 libros
677 2572 761 2621 Vll,
780 2572 822 2610 in
843 2573 968 2610 lucem
987 2572 1174 2624 emissuri.

287 2642 327 2680 p.
351 2632 399 2669 11
422 2642 461 2666 v,
483 2633 518 2670 1.
581 2629 1052 2678 constantinopolitanus
1064 2643 1215 2681 genere,
1244 2637 1356 2668 ortus
1376 2637 1412 2667 et
1433 2628 1628 2668 educatus

176 2683 363 2723 Meaeae.
418 2684 676 2736 Pachymeres
692 2684 812 2723 huius
829 2684 976 2726 Hister.
994 2699 1030 2736 p.
1056 2686 1137 2727 148
1156 2699 1196 2727 v.
1218 2688 1255 2726 7.
1285 2692 1454 2724 testatur
1471 2693 1626 2737 patrem

174 2751 290 2778 suum
306 2741 783 2793 Constantinopolitanum
800 2740 924 2780 civem
942 2742 1073 2789 fuisse,
1094 2742 1254 2780 exulare
1269 2757 1290 2779 a
1307 2742 1433 2793 patria
1446 2748 1624 2782 coactum

175 2795 227 2832 ob
249 2797 406 2835 Latinos
422 2798 480 2835 ibi
496 2797 752 2839 dominantes.
808 2810 900 2835 sane
930 2811 1020 2836 cum
1048 2797 1154 2836 idem
1182 2798 1438 2849 Pacliymeres
1464 2798 1530 2836 hic
1547 2799 1623 2837 do-

174 2858 262 2891 ceat
286 2866 326 2892 se
346 2867 492 2893 annum
517 2854 652 2893 aetatis
671 2853 1007 2906 undevigesimum
1024 2861 1162 2908 agente
1183 2854 1318 2909 pulsos
1342 2854 1624 2895 Constantino-
