1884 3262
216 176 314 222 232
628 170 863 217 GEORGII
905 170 1258 218 PACHYMERIS

214 287 298 344 ἄρα
314 288 381 329 καὶ
400 283 488 341 ἅμα
507 283 581 340 μὲν
602 282 623 327 ὃ
643 283 837 339 βασιλεὺς
848 282 951 341 πρὸς
967 283 1041 340 τὴν
1057 280 1176 327 πόλιν
1187 284 1241 327 τὰ
1260 284 1364 330 κατὰ
1384 281 1503 328 δύσιν
1523 286 1682 341 περιελ-

165 362 196 396 D
222 355 317 399 θὼν
336 353 498 396 ἐνέτεινε
516 352 592 402 τὰς
613 349 736 403 ὁδούς
745 385 759 406 ,
797 350 886 408 ἅμα
906 352 950 396 δ’
975 351 1116 396 ἐκεῖνοι
1135 353 1327 410 ἐξαίφνης
1347 350 1681 411 καταδραμόντες

215 423 291 466 σὺν
311 421 615 480 Κωνσταντίνῳ
641 420 718 471 τὰς
746 421 977 478 δυσχωρίας
1003 425 1079 465 τοῦ
1097 422 1241 476 Αἵμου
1272 422 1542 471 διεκπαίοντες
1567 439 1680 476 παμ-

215 491 364 546 πληθεὶ
384 493 572 547 φανερῶς
592 488 1003 547 ἐστρατοπεδεύοντο.
1072 489 1146 533 οὐκ
1169 485 1220 544 ἦν
1243 490 1288 532 δὲ
1306 487 1504 546 τούτοιςὴ
1527 487 1682 555 σύντακ-

217 561 275 610 ξις
295 558 370 612 μιά
400 559 468 600 καὶ
499 557 570 615 ἔφ’
607 556 666 601 ἑνὶ
696 556 811 617 τόπῳ
841 563 1049 616 κυροῦσα,
1090 557 1186 601 ἀλλ’
1219 557 1418 614 ἀγεληδὸν
1437 557 1530 604 κατ’
1555 558 1716 609 οὖλα-5

216 625 321 681 μους
340 622 653 680 ε’σκεδάννυντο,
685 628 753 669 καὶ
776 627 882 671 κατὰ
908 624 1054 682 λόχους
1076 625 1164 682 ἅμα
1179 632 1265 676 τοῖς
1289 625 1428 676 ἄλλοις
1449 626 1683 683 προσέβαλ-

217 699 311 750 λον,
347 696 419 744 καὶ,
443 694 554 738 δεινὰ
572 695 736 739 ἐποίουν
758 693 1021 746 σκυλεύοντες
1045 693 1296 754 σφάττοντες
1315 692 1584 751 ἀπαγόμενοι,
1613 693 1687 737 οὔ-

219 763 287 806 δὲν
319 761 342 807 ὅ
375 780 415 806 τι
444 763 502 818 μὴ
533 760 786 820 πράττοντες
816 769 899 808 τῶν
923 768 1072 807 κακῶν.
1141 761 1162 807 ὅ
1196 764 1335 818 μέντοι
1356 780 1400 820 γε
1417 763 1611 818 βασιλεῦς
1633 762 1687 807 τὰ

166 846 199 881 Ε
224 830 319 878 κατ’
339 830 492 882 αὐτούς
507 829 563 882 ὥς
581 831 685 883 εῗκὸς
701 829 882 883 ἀκούσας
898 832 1104 891 (οὐδὲγὰρ
1121 829 1264 890 λάθρα
1282 833 1350 876 καὶ
1369 831 1688 890 πεφυλαγμένως

218 899 295 950 τὰς
326 899 517 953 εῗσβολᾶς
544 901 779 954 ἐποιοῦντο,
819 901 927 945 ἀλλὰ
957 902 1073 957 δίκην
1102 900 1231 958 πυρὸς
1265 899 1410 959 ἀγρίου
1440 899 1511 943 διὰ
1530 899 1743 955 ταχέωνω

218 967 291 1012 τὸν
329 972 467 1026 χῶρον
505 966 670 1012 ἅπαντα
704 967 1034 1027 διελάμβανον),
1093 969 1171 1020 τὰς
1211 969 1365 1026 φρένας
1399 969 1688 1018 κατασεισθεὶς

220 1033 381 1093 ἀθρόον
404 1034 723 1093 ἓπεισπεσούσης
741 1043 814 1094 τῆς
834 1036 999 1096 φήμης,
1037 1037 1078 1081 ἒν
1098 1037 1306 1099 ἀμηχανίᾳ
1326 1039 1502 1097 παντοίᾳ
1522 1042 1596 1080 τοῦ
1616 1043 1693 1080 ποῖ

219 1102 418 1162 τράποιτο
439 1100 504 1160 ἦν.
576 1105 670 1149 οὕτε
689 1105 767 1163 γὰρ
790 1103 840 1163 ἦν
861 1105 1071 1162 μάχεσθαι
1088 1104 1413 1161 συνταξάμενον·
1449 1107 1492 1148 αἱ
1510 1105 1588 1163 γὰρ
1611 1107 1688 1148 δυ-

220 1171 361 1228 νάμεις
387 1172 720 1231 προδιελύθησαν
748 1176 805 1226 εἷς
835 1175 887 1219 τὰ
920 1176 1004 1218 ἴδια
1018 1207 1031 1227 ,
1069 1176 1135 1217 καὶ
1154 1175 1250 1230 μετ’
1280 1175 1426 1231 ὀλίγων
1449 1176 1598 1223 ἐκεῖνος
1619 1175 1688 1217 καὶ

219 1245 304 1286 τῶν
333 1246 410 1296 τῆς
441 1241 615 1293 αὐλαίας
651 1242 781 1286 αὐτοῦ
812 1241 1099 1300 ἐπανεζεύγνυ,
1144 1246 1212 1286 καὶ
1248 1242 1384 1294 ἄλλως
1420 1243 1466 1289 δὲ
1492 1240 1687 1298 ἀμάχητοι
1700 1255 1743 1291 15

221 1309 325 1365 πρὸς
348 1308 575 1365 Ῥωμαίους
607 1310 659 1353 τὰ
688 1315 772 1354 τῶν
806 1309 1020 1369 Τοχάρων.
1089 1309 1183 1354 οὔτε
1217 1311 1300 1367 μὴν
1329 1309 1488 1369 φεύγειν
1523 1309 1688 1354 εὐώδει·

83 1395 112 1430 Ρ
137 1395 201 1431 155
225 1376 362 1439 κύκλῳ
381 1378 458 1435 γὰρ
478 1376 730 1436 διειληφότες
749 1382 817 1422 καὶ
831 1377 1089 1437 περισχόντες
1114 1379 1166 1423 τὰ
1186 1377 1436 1438 ὄχυρώματα
1454 1379 1530 1423 σὺν
1555 1379 1692 1423 οὐδενὶ

223 1444 345 1508 φόβῳ
367 1446 528 1491 διέθεον
561 1452 799 1504 πανταχοῦ,
837 1448 909 1499 οὓς
934 1449 1009 1504 μὲν
1035 1445 1288 1507 σφάττοντες
1313 1449 1579 1505 παμπληθεί,
1606 1446 1692 1498 ,οὓς

223 1612 411 1658 imperator
432 1612 551 1646 urbem
573 1623 717 1655 versus,
747 1613 850 1648 rebus
873 1613 908 1647 in
931 1612 1121 1648 Occidente
1144 1614 1340 1661 compositis
1353 1640 1364 1659 ,
1395 1614 1464 1649 iter
1486 1612 1693 1659 capessivit3

225 1663 260 1692 et
286 1658 335 1692 illi
357 1657 402 1691 de
427 1658 550 1703 quibus
581 1658 749 1702 diximus,
782 1659 905 1694 iunctis
937 1672 1013 1694 cum
1045 1660 1267 1695 Constantino
1298 1660 1430 1707 copiis,
1465 1666 1607 1705 repente
1629 1669 1693 1706 per

224 1703 336 1738 invias
359 1714 568 1749 asperasque
587 1704 712 1739 Haemi
736 1704 882 1739 saltuum
905 1717 945 1739 ac
961 1705 1106 1740 saucium
1129 1707 1305 1751 angustias
1326 1705 1458 1752 ingenti
1478 1706 1694 1740 multitudino

224 1748 456 1795 populabundi
479 1754 717 1795 erumpentes,
740 1751 853 1796 palam
876 1762 914 1785 se
936 1751 1052 1786 hostes
1075 1752 1309 1796 declararunt,
1332 1752 1455 1787 castris
1476 1752 1512 1786 in
1535 1752 1694 1786 Romana

224 1801 319 1829 terra
341 1794 472 1839 positis.
518 1806 585 1830 non
608 1801 685 1830 erat
708 1800 821 1830 autem
842 1808 909 1831 una
928 1809 1044 1832 eorum
1067 1809 1196 1842 manus,
1219 1810 1330 1844 neque
1347 1799 1406 1832 uni
1423 1798 1555 1843 pariter
1577 1807 1694 1831 omnes

225 1840 445 1874 imminebant
467 1840 566 1882 loco,
589 1841 649 1875 sed
672 1842 840 1886 gregatim
862 1854 924 1887 per
956 1844 1112 1878 cohortes
1145 1848 1204 1878 aut
1236 1844 1424 1890 manipulos
1446 1843 1694 1888 dispergeban-

225 1890 308 1928 tur,
330 1889 367 1920 et
389 1885 523 1920 insidiis
545 1887 659 1920 multis
682 1887 781 1920 simul
810 1888 895 1922 locis
927 1889 1023 1923 varie
1054 1889 1174 1934 positis
1197 1901 1263 1924 uno
1296 1890 1407 1925 omnia
1427 1894 1581 1934 tempore
1602 1888 1692 1923 infe-

225 1932 386 1972 stabant,
410 1932 597 1976 spoliantes
620 1935 809 1967 mactantes
832 1934 1038 1969 abducentes
1060 1935 1197 1978 obvios,
1226 1936 1351 1970 nullum
1373 1946 1440 1970 nou
1462 1934 1589 1980 passim
1611 1935 1696 1969 bar-

225 1978 334 2011 barae
356 1977 554 2022 rapacitatis
577 1989 618 2012 ac
651 1978 858 2013 crudelitatis
890 1980 1029 2015 edentes
1061 1981 1260 2026 exemplum.
1307 1993 1373 2015 non
1396 1981 1508 2027 potuit
1529 1992 1598 2015 non
1620 1986 1694 2015 sta-

228 2023 290 2062 tim
311 2023 397 2057 haec
420 2023 542 2058 audire
565 2023 770 2069 imperator,
793 2024 912 2070 utique
935 2037 1009 2060 cum
1025 2026 1084 2061 isti
1108 2039 1176 2061 non
1199 2027 1447 2062 dissimulanter
1470 2030 1531 2060 aut
1555 2026 1693 2061 clancu-

228 2069 297 2103 lum
329 2069 391 2102 has
422 2069 652 2113 grassationes
684 2075 904 2116 exercerent,
937 2073 998 2106 sed
1029 2072 1136 2107 libere
1167 2085 1208 2107 ac
1238 2073 1350 2119 palam
1371 2084 1463 2107 more
1484 2072 1574 2117 ignis
1595 2074 1694 2107 lucu-

230 2114 341 2149 lenter
363 2114 539 2149 emicantis
562 2121 599 2150 et
621 2116 753 2150 cunctis
775 2128 863 2162 quae
895 2116 933 2152 vi
967 2129 1069 2153 saeva
1101 2119 1392 2164 comprehenderit
1424 2118 1553 2154 arentis
1585 2119 1695 2153 silvae

230 2160 387 2206 partibus
419 2164 662 2205 exuperantem
695 2162 764 2197 alte
796 2162 965 2197 flammam
995 2165 1198 2199 ostentantis
1231 2166 1359 2210 procul.
1406 2164 1560 2199 ardentis
1590 2164 1695 2210 igitur

229 2206 414 2250 improviso
444 2206 510 2240 isto
541 2207 696 2242 incendio
730 2208 910 2243 universae
942 2210 1014 2244 late
1045 2210 1194 2256 regionis
1226 2212 1352 2256 raptim
1381 2210 1425 2245 ad
1455 2210 1696 2256 imperatorem

231 2251 370 2285 evolans
392 2252 484 2286 fama
507 2253 655 2296 perculit
676 2254 894 2289 vehementer
916 2254 989 2290 eius
1012 2256 1156 2291 animum
1172 2282 1183 2299 ‚
1215 2261 1252 2291 et
1282 2258 1317 2291 in
1340 2267 1479 2301 magnos
1501 2267 1577 2292 eum
1602 2257 1697 2303 cogi-

230 2297 399 2331 tationum
430 2300 545 2332 aestus
577 2299 818 2346 angustiasque
852 2301 1007 2336 coniecit.
1061 2303 1238 2337 nesciebat
1274 2303 1356 2349 quid
1390 2301 1520 2337 consilii
1555 2305 1703 2349 caperet

234 2353 346 2388 quove
368 2353 406 2376 se
427 2348 592 2378 verteret.
640 2357 708 2379 non
730 2351 806 2381 erat
827 2347 1015 2382 instructus
1038 2349 1083 2382 ad
1105 2349 1290 2393 gerendum
1311 2349 1454 2383 bellum:
1478 2348 1584 2394 copiis
1609 2348 1696 2387 enim

235 2399 322 2434 pace
345 2389 501 2423 confecta
522 2390 624 2435 paulo
645 2396 726 2426 ante
748 2396 957 2429 sacramento
980 2395 1112 2437 solutis,
1135 2395 1267 2429 domum
1288 2396 1430 2430 militum
1451 2405 1619 2441 quemque
1635 2395 1696 2429 di-

235 2433 397 2476 miserat3
422 2438 458 2469 et
472 2446 555 2488 ‘cum
580 2437 698 2482 paucis
720 2438 816 2484 ipse,
850 2439 1031 2475 domestico
1063 2441 1241 2476 dumtaxat
1274 2441 1457 2483 comitatu,
1484 2439 1611 2487 quippe
1633 2451 1697 2486 per

238 2481 402 2559 ἔπαυε,
432 2484 483 2514 uti
519 2482 714 2517 crediderat
728 2510 738 2526 ,
776 2486 991 2530 provincias,
1020 2486 1056 2520 in
1087 2488 1205 2521 urbem
1227 2488 1479 2522 revertebatur.
1524 2489 1560 2523 et
1581 2497 1646 2521 nec
1667 2486 1698 2521 si

263 2525 384 2578 aberet
415 2527 600 2561 exercitum
633 2529 774 2564 auderet
804 2532 1011 2567 committere
1035 2544 1110 2567 cum
1133 2533 1320 2576 Tocharis,
1352 2531 1503 2570 terribili
1519 2536 1601 2566 tunc
1621 2533 1697 2568 Ro-

239 2581 349 2605 manis
369 2576 489 2615 gente,
514 2584 577 2611 nec
599 2573 688 2608 bello
712 2587 733 2609 a
756 2578 883 2612 nostris
915 2578 1101 2624 superabili
1128 2579 1270 2615 credita.
1314 2579 1471 2615 restabat
1491 2577 1596 2623 fugae
1616 2590 1698 2614 con-

239 2615 369 2659 siliumz
392 2617 455 2654 sed
470 2629 546 2652 eam
565 2618 836 2656 intercludebant
864 2624 997 2660 validae
1026 2624 1172 2661 hostium
1195 2635 1337 2669 manus,
1357 2634 1497 2670 quorum
1519 2623 1698 2669 praesidiis

239 2662 317 2697 loca
339 2661 432 2700 edita
453 2663 612 2698 universa
635 2667 843 2712 faucesque,
871 2669 1016 2715 denique
1049 2671 1163 2706 aditus
1195 2671 1372 2716 exitusque
1395 2681 1509 2707 omnes
1531 2670 1698 2706 teneban-

241 2713 310 2742 tur.
331 2752 340 2762 ἡ
355 2709 616 2763 probabantque
638 2711 763 2758 ubique
792 2724 830 2747 se
854 2715 976 2750 adesse
997 2728 1160 2763 nusquam
1181 2729 1249 2752 non
1277 2715 1448 2760 stragibus
1470 2715 1631 2758 edendis,
1663 2720 1701 2750 et

241 2753 446 2789 solutissima
480 2762 570 2790 metu
594 2756 683 2791 omni
715 2770 985 2804 quoquoversum
1017 2763 1212 2798 incursandi
1233 2762 1393 2804 licentia,
1423 2762 1553 2798 cunctis
1569 2761 1701 2808 pariter

242 2798 330 2835 locis
353 2800 476 2845 partim
498 2801 744 2842 trucidatorum
767 2806 951 2841 acervatim
981 2810 1130 2844 cumulos
1152 2813 1351 2851 struentes,
1382 2808 1505 2854 Partim
1528 2811 1708 2854 raptante&
