1884 3262
401 245 479 288 DE
513 219 794 289 micHAELE
822 244 1206 290 PALAEOLOGO
1241 246 1291 290 L.
1325 245 1407 313 lv.
1546 245 1646 291 257

160 362 228 404 καὶ
251 359 274 403 ὃ
288 359 445 418 Ἰωσὴφ
462 357 799 417 πατριαρχεύσας
815 357 990 416 ὕστερον
1007 357 1337 416 ἀπολογούμενος
1365 357 1469 416 ὗπέρ
1490 356 1642 403 τούτου

127 455 138 469 .
160 431 427 484 διισχυρίζετο
441 462 454 482 ,
492 428 605 484 ὅμως
631 429 764 479 πολὺς
791 430 985 472 ἐντεῦθεν
1015 428 1219 485 ἀνερράγη
1241 427 1403 472 κλύδων
1423 433 1475 486 τῇ
1493 429 1639 484 ἐκκλη-

159 501 255 559 σίᾳ,
285 497 342 549 ὥς
360 499 529 555 ἰσχυρὸν
550 497 848 555 προτεινόντων
866 502 951 540 τῶν
975 496 1248 555 Ἀρσενιατῶν
1280 497 1378 542 κατ’
1398 492 1552 542 ἐκείνου
1574 499 1640 556 ε’γ-

160 573 299 624 κλημα
320 566 728 626 πατριαρχεύσαντος
746 566 1005 622 σχιζομένων.

126 648 149 683 6
208 674 212 676 -
301 638 346 683 3.
422 635 531 681 Τότε
551 639 691 682 τοίνυν
716 638 1042 693 Βοηδρομιῶνος
1062 634 1284 688 ἱσταμένου
1308 636 1378 677 καὶ
1407 639 1491 679 τῶν
1510 633 1640 693 συνή-
1661 642 1691 677 P
1718 646 1784 681 174

159 711 255 751 θων
277 711 475 763 νηστειῶν
493 707 764 762 τελουμένων,
801 704 948 762 ἑορτῆς
968 703 1171 761 ἀγομένης
1186 703 1238 760 ἢν
1259 701 1492 748 ἅκάθιστον
1512 703 1642 762 σύνη-

162 781 242 827 θες
266 774 477 830 ὀνομάζειν
487 810 500 829 ,
533 781 618 820 τῶν
636 793 698 826 τις
721 779 799 819 τοῦ
819 772 974 830 κλήρου
1005 775 1048 817 ἐν
1074 774 1281 829 νοταρίοις
1311 777 1371 832 τῷ
1406 772 1641 832 πατριάρχῃ

161 850 291 889 τελῶν
318 846 425 900 μετὰ
451 845 526 889 τὸν
557 850 679 903 σφῶν
710 841 997 900 πριμικήριον,
1038 841 1086 887 ὃν
1107 844 1175 885 καὶ
1195 843 1367 898 μεσίτην
1381 842 1580 887 εἰώθασιν
1603 844 1645 888 οἱ

162 916 307 958 πολλοὶ
327 912 601 970 σεμνύνοντες
628 915 779 970 λέγειν,
826 913 1052 968 τοῦπίκλην
1079 909 1418 967 Ἑψητόπουλος,
1456 914 1644 967 λίβελλον

107 999 152 1033 10
163 982 518 1040 κατηγορημάτων
534 981 672 1039 πλήρη
695 983 947 1038 συνθέμενος
968 981 1134 1039 ἀσμένῳ
1157 982 1360 1037 ἐγχειρίζει
1381 985 1440 1041 τῷ
1465 985 1642 1036 βασιλεῖ,

160 1053 308 1103 νυκτὸς
337 1051 431 1096 τότε.
457 1051 586 1108 οὔσης
616 1052 722 1107 μετὰ
753 1052 828 1107 τὴν
856 1056 934 1107 τῆς
961 1049 1174 1110 ὖμνῳδίας
1200 1048 1469 1107 ἐκπλήρωσιν.
1539 1049 1560 1095 ὃ
1596 1052 1643 1094 δὲ
1665 1069 1693 1103 Β

160 1122 261 1173 τούς
282 1119 600 1179 παρατυχόντας
619 1123 664 1165 ἐκ
690 1125 774 1164 τῶν
800 1124 876 1164 τοῦ
907 1119 1062 1177 κλήρου
1096 1119 1351 1176 συγκαλέσας
1381 1119 1470 1175 ἅμα
1499 1117 1645 1177 ἠρώτα

160 1193 197 1235 εἶ
213 1193 283 1234 καὶ
301 1191 420 1235 αὐτοὶ
439 1193 654 1235 συνοίδασι
673 1194 734 1250 τῷ
752 1187 1056 1248 Ἑψητοπούλῳ
1080 1187 1133 1232 τά
1153 1189 1194 1232 οἳ
1220 1189 1478 1245 πραχθέντα.
1522 1187 1579 1240 ὥς
1596 1192 1620 1232 δ
1628 1190 1640 1205 ²

161 1260 238 1304 οὐκ
258 1256 308 1317 ἦν
328 1265 578 1304 κατανεῦσαι
597 1257 828 1309 ἀκούοντας
846 1259 954 1315 πλὴν
978 1257 1068 1309 ἐνὸς
1084 1257 1112 1314 ἢ
1135 1259 1202 1302 καὶ
1228 1258 1449 1316 δευτέρου,
1480 1261 1577 1315 περί
1599 1276 1643 1302 τε

105 1344 149 1381 15
162 1335 247 1374 τῶν
275 1331 512 1387 κεφαλαίων
542 1326 837 1373 διεπυνθάνετο
857 1361 872 1382 ,
921 1330 989 1371 καὶ
1022 1326 1169 1378 ὁποίας
1198 1327 1259 1383 εἴη
1290 1332 1366 1383 τῆς
1393 1326 1642 1383 ὕπολήψεως

161 1398 183 1443 ὃ
205 1399 279 1444 τὸν
302 1402 490 1453 λίβελλον
526 1401 764 1456 ἐγχειρίσας.
838 1395 895 1448 ὥς
925 1397 971 1440 δ’
1004 1394 1265 1453 ἐμαρτύρουν
1293 1397 1369 1450 μὲν
1397 1401 1458 1454 τῷ
1486 1394 1643 1440 διδόντι

160 1470 215 1512 τὰ
237 1469 408 1526 μέτρια,
454 1470 545 1525 περὶ
569 1469 615 1511 δὲ
642 1472 728 1511 τῶν
755 1467 990 1524 κεφαλαίων
1022 1465 1328 1522 ἀπελογοῦντο,
1367 1463 1547 1522 ἀνάγκην
1573 1466 1646 1510 τὸν
1669 1485 1699 1518 c

160 1541 218 1589 εἷς
250 1535 466 1588 τοιούτους
499 1537 663 1594 ἀγῶνας
693 1533 1012 1590 ἀποδυσάμενον
1045 1536 1115 1578 καὶ
1150 1535 1250 1585 τούς
1271 1532 1513 1585 συνειδότας
1541 1534 1644 1590 ἔχειν

161 1606 183 1651 ὃ
215 1607 411 1663 βασιλεὺς
446 1606 576 1657 εὐθὺς
607 1607 766 1662 οἰηθείς
774 1638 791 1658 ,
850 1607 919 1648 καὶ
959 1606 1016 1655 εἷς
1049 1611 1192 1661 χεῖρας
1237 1604 1338 1659 ὄζειν
1370 1603 1444 1647 τὸν
1479 1604 1641 1658 λέοντα,

105 1676 288 1734 Ξοᾶπρὶξ
308 1676 436 1732 εἴχετο
460 1680 544 1719 τῶν
562 1673 822 1734 γραμμάτων
852 1676 922 1718 καὶ
948 1673 1093 1730 καιρὸν
1116 1674 1246 1717 ἐτίθει
1273 1677 1349 1728 τῆς
1374 1671 1643 1727 περὶτούτων

161 1747 359 1803 σκέψεως.
430 1743 493 1796 οἷς
523 1746 570 1788 δὲ
609 1744 846 1803 κεφαλαίοις
884 1741 908 1787 ὃ
950 1744 1138 1798 λίβελλος
1173 1739 1492 1799 συγκεκρότητο.
1537 1739 1636 1786 τάδ’

254 1871 286 1905 1.
308 1843 421 1906 τούτο
443 1867 484 1902 Ρ.
627 1869 681 1902 10.
707 1863 875 1913 ἀσμένως
895 1865 937 1901 Ρ.
1082 1866 1135 1900 17.
1160 1860 1332 1911 a’va'yuqy?

160 1975 282 2019 postea
313 1970 535 2017 patriarcha,
568 1969 731 2004 utebatur
744 1993 754 2009 ‚
796 1966 1114 2004 asseverantissime
1143 1967 1320 2001 affirmans
1352 1955 1568 2012 nequaquam
1602 1964 1640 2000 id

159 2020 226 2055 sibi
249 2018 454 2065 prohibitum
478 2028 626 2061 unquam
647 2028 678 2056 ,a
706 2015 931 2062 patriarcha,
961 2013 1274 2049 contradicentibus
1306 2011 1518 2046 nihilominus
1541 2017 1578 2046 et
1604 2011 1642 2045 in

159 2071 291 2101 asserto
314 2062 617 2111 perseverantibus
639 2062 839 2097 auctoribus
862 2060 1012 2109 oppositi
1034 2060 1204 2102 rumoris,
1230 2059 1290 2106 qui
1312 2058 1349 2092 in
1372 2059 1459 2092 satis
1483 2069 1640 2103 magnam

158 2113 241 2147 inde
263 2110 499 2146 celebritatem
520 2109 620 2145 abiit.
667 2109 824 2155 adeoque
853 2108 890 2143 id
913 2119 1015 2142 unum
1039 2113 1076 2141 et
1098 2105 1311 2152 potissimum
1334 2104 1465 2139 eratin
1487 2103 1641 2139 crimini-

159 2159 244 2202 bus,
267 2170 358 2204 quae
381 2156 562 2192 Arseniani
586 2155 807 2191 obiectabant
830 2154 978 2200 Iosepho
990 2180 1002 2199 ,
1027 2154 1071 2188 ab
1095 2164 1137 2187 eo
1159 2151 1343 2186 schismate
1365 2149 1511 2184 discissi.

252 2205 286 2239 3.
332 2203 435 2238 Tunc
455 2202 562 2248 igitur
582 2203 646 2237 sub
668 2201 801 2236 initium
824 2201 978 2248 Aprilis,
1009 2199 1169 2235 solemnis
1200 2197 1321 2233 ieiunii
1354 2202 1530 2241 tempore,
1560 2195 1638 2231 dum

159 2252 286 2286 festum
310 2254 472 2295 ageretur
495 2249 588 2295 quod
613 2249 825 2283 Acathistum
847 2247 952 2292 vulgo
977 2246 1160 2286 nominant,
1183 2245 1320 2290 quidam
1343 2253 1387 2277 ex
1409 2243 1502 2276 clero
1525 2242 1640 2288 Epse-

160 2297 299 2343 topulus
337 2299 578 2340 cognomento,
614 2295 651 2330 in
681 2294 802 2329 ordine
833 2293 1045 2329 notariorum
1074 2291 1294 2339 patriarchae
1323 2288 1534 2332 inserviens,
1558 2293 1640 2334 post

159 2345 312 2390 ipsorum
349 2341 597 2388 primicerium,
631 2351 734 2387 quem
763 2340 917 2376 Mesiten
954 2339 1028 2374 sive
1069 2337 1307 2373 mediatorem-
1331 2335 1488 2382 plerique
1526 2334 1638 2370 solent

160 2389 271 2436 amplo
294 2388 429 2424 nomine
451 2399 590 2431 vocare,
609 2386 759 2422 libellum
782 2398 803 2421 a
825 2398 864 2422 se
880 2385 1050 2431 digestum
1067 2382 1342 2419 accusationibus
1356 2378 1493 2428 plenum
1514 2386 1639 2427 sponte

159 2435 359 2482 imperatori
388 2433 549 2477 tradidit,
583 2438 689 2468 noctu
722 2435 802 2478 post
832 2433 936 2467 finem
968 2430 1182 2477 hymnodiae.
1226 2429 1415 2475 imperator
1437 2428 1636 2462 convocatis

160 2483 219 2529 qui
243 2484 334 2517 forte
354 2485 554 2527 praesentes
585 2479 771 2514 adfuerunt
800 2492 821 2514 e
844 2479 936 2514 clero
949 2504 961 2521 ,
992 2477 1091 2512 simul
1111 2487 1227 2511 omnes
1248 2474 1487 2521 interrogabat
1510 2474 1635 2520 ecquid

161 2540 329 2564 consensu
351 2534 388 2562 et
410 2526 618 2561 conscientia
639 2525 792 2571 ipsorum
807 2524 1040 2571 Epsetopulus
1061 2523 1096 2558 id
1117 2523 1257 2569 egisset.
1302 2525 1379 2556 cuni
1400 2525 1516 2555 antem
1539 2531 1637 2554 nemo

161 2579 331 2611 annueret
350 2573 559 2609 audientium
590 2576 732 2618 praeter
753 2583 856 2606 unum
879 2575 940 2605 aut
960 2570 1105 2605 alterum
1119 2595 1130 2614 ,
1161 2569 1205 2603 de
1226 2567 1388 2614 capitulis
1409 2567 1639 2613 percontaba-

162 2628 241 2664 tur,
268 2621 436 2667 simulque
475 2620 573 2654 cuius
607 2622 700 2654 esset
732 2617 989 2653 existimationis
1042 2617 1077 2652 ui
1108 2615 1257 2651 libellum
1287 2614 1470 2650 obtulerat.
1515 2613 1560 2647 ad
1594 2623 1637 2646 ea

163 2667 296 2703 clericis
317 2666 430 2702 datori
451 2666 588 2712 quidem
617 2663 726 2715 libelli
758 2663 933 2699 mediocre
959 2662 1190 2698 testimonium
1218 2660 1466 2702 reddentibus,
1495 2657 1637 2693 crimina

162 2726 246 2750 vero
269 2712 534 2755 excusantibus,
559 2712 721 2757 opinatus
751 2714 866 2746 statim
888 2709 966 2744 fieri
997 2721 1065 2744 non
1087 2720 1189 2756 posse
1210 2707 1294 2754 quin
1315 2707 1460 2742 haberet
1481 2703 1636 2739 conscios

163 2761 222 2806 qui
243 2765 379 2795 tantum
397 2771 437 2794 se
466 2759 501 2793 in
525 2763 698 2793 certamen
720 2756 840 2800 daret,
870 2755 993 2803 cupide
1013 2755 1178 2802 scriptum
1208 2754 1358 2789 oblatmn
1379 2751 1509 2793 tenuit,
1533 2761 1635 2785 occa-

163 2808 292 2842 sionem
323 2806 407 2851 inde
435 2805 504 2840 sibi
534 2805 741 2840 nascituram
776 2814 948 2850 augurans
977 2802 1104 2846 lconis,
1136 2801 1234 2837 cuius
1267 2803 1399 2835 tantam
1421 2796 1636 2842 experiretur

163 2853 342 2888 saevitiam
359 2877 370 2896 ,
391 2852 428 2887 in
450 2855 623 2898 potestate
643 2850 804 2886 habendi.
850 2861 930 2884 mox
958 2848 1048 2884 diem
1080 2846 1308 2895 praescripsit
1337 2843 1495 2879 examini.
1540 2841 1635 2888 capi-

163 2901 236 2935 tula
258 2899 372 2934 libello
394 2899 637 2944 comprehensa
658 2898 744 2932 haec
766 2898 875 2933 ferme
898 2899 1022 2939 erant,
1044 2895 1187 2942 primum
1203 2920 1213 2940 ,
1239 2889 1472 2938 exprincipio
1493 2887 1635 2924 matuti-

220 2952 397 2999 Georgius
427 2951 652 2997 Pachymercs
682 2951 714 2986 Ι.
1304 2942 1358 2984 17
