1884 3262
276 234 377 282 726
540 194 545 201 ’
671 188 984 271 osSERVAT.
1016 190 1330 268 murman.
1344 182 1366 260 ὲ

275 343 459 387 traiicere
484 337 788 391 Hellespontum
824 334 990 388 parabat
1023 333 1075 374 ad
1107 333 1313 374 visendam
1349 334 1568 386 Selybriam
1596 349 1618 373 a
1649 333 1735 373 suis
1766 361 1782 378 „5

280 405 435 451 captam
457 396 576 449 paulo
596 401 699 434 ante.
739 394 797 432 ita
816 392 1076 444 Pachymeres
1092 391 1120 433 l.
1139 394 1216 432 20.
1239 393 1304 434 15.
1342 397 1451 430 recte
1467 391 1544 431 hoc
1567 391 1736 444 quadrat

278 457 323 495 in
349 452 593 507 principium
621 450 793 504 Aprilis,
818 462 983 488 vernam
1006 448 1193 487 nimirum
1214 453 1501 499 tempestatem,
1528 462 1607 501 qua
1626 461 1736 498 reges

280 513 410 551 solent
427 510 478 548 ad
508 509 613 548 bella
639 506 875 561 procedere,
907 512 952 544 ut
972 505 1179 557 Scriptura
1194 504 1386 556 loquitur.
1444 517 1537 542 nam
1556 510 1601 542 ut
1617 506 1737 543 docet

279 570 386 607 idem
404 566 642 616 historicus,
672 563 1072 614 Constantinopoleos
1091 562 1426 614 oppugnationem
1457 559 1626 599 Michael
1653 560 1740 599 ani-

281 639 347 664 mo
364 623 570 672 versabat,
599 635 718 674 quam
743 620 891 672 reipsa
912 625 971 658 est
991 632 1189 669 aggressus
1203 617 1428 669 insequenti
1446 622 1606 656 aestate.
1641 623 1741 656 tunc

283 689 412 721 autem
434 681 468 719 is
485 679 626 717 itinere
647 677 820 728 cogitato
842 677 1100 728 supersedens
1114 707 1125 724 ,
1155 675 1268 713 dedit
1289 687 1450 726 operam
1467 673 1584 712 rebus
1611 674 1742 711 eccle-

284 739 384 788 siae,
422 737 568 776 ibidem
600 735 669 773 ubi
696 741 795 772 tunc
819 739 902 772 erat
940 731 1161 784 Nymphaei
1191 731 1428 783 persistens,
1471 729 1744 780 congreganda

285 794 439 847 synodo
476 806 576 845 quae
611 792 659 831 de
692 791 847 829 Arsenii
883 802 1041 828 secessu
1079 794 1282 828 statueret.
1345 785 1523 839 synodus
1564 786 1744 826 Nicetam

142 860 172 893 P
196 860 262 897 513
285 851 484 904 quendam
525 849 576 888 ad
610 848 823 887 Arsenium
865 846 1003 886 mittit.
1065 845 1097 883 is
1145 845 1194 883 ab
1229 844 1395 884 Arsenio
1432 843 1636 886 renuntiat
1675 855 1744 881 ce·-

287 910 379 948 dere
415 907 529 945 illum
567 903 854 958 patriarchatu.
920 902 989 940 hic
1019 902 1112 940 finis
1147 901 1226 942 fuit
1261 900 1406 953 prioris
1439 899 1598 938 Arsenii
1630 899 1747 937 sedis.
1796 944 1800 945 ⁷

289 978 390 1018 quae
418 977 510 1002 cum
538 959 858 1012 desierit'Aprili
888 961 983 998 anni
1018 961 1126 1002 1260
1152 964 1192 997 et
1218 957 1396 1010 coeperit
1420 955 1625 995 Decembri
1651 955 1747 994 anni

290 1022 413 1070 1255,
435 1025 606 1072 quatuor
625 1030 821 1056 annorum
843 1022 883 1055 et
903 1021 1107 1069 praeterea
1124 1015 1292 1054 totidem
1307 1015 1389 1053 fere
1411 1014 1608 1052 mensium
1625 1011 1749 1052 fuerit

291 1083 464 1131 oportet.

401 1133 474 1172 111.
531 1131 577 1170 ln
597 1132 679 1170 eius
706 1131 841 1169 locum
867 1129 1104 1170 substitutus
1133 1128 1267 1167 statim
1302 1133 1362 1167 est
1383 1125 1630 1178 Nicephorus
1649 1128 1750 1163 tunc

291 1190 437 1242 Ephesi
458 1188 724 1240 metropolita.
772 1199 845 1225 cur
864 1186 999 1225 statim
1015 1186 1058 1223 id
1077 1185 1225 1223 sactum
1242 1185 1400 1223 credam
1419 1196 1535 1222 causa
1554 1187 1627 1232 est,
1657 1181 1751 1233 quia

295 1246 508 1287 festinabat
528 1245 570 1282 in
596 1243 809 1296 procinctu
829 1243 878 1280 ad
902 1241 1196 1293 expeditionem
1216 1246 1422 1292 urgentem
1441 1240 1694 1292 imperat0r3¹
1713 1243 1753 1275 et

294 1304 307 1341 i
312 1308 380 1355 pse
398 1300 642 1352 Nicephorus
663 1299 913 1351 cupidissime
931 1298 1146 1336 assentiens
1170 1298 1321 1336 nullam
1336 1309 1490 1335 moram
1513 1293 1755 1346 interposuit

295 1358 478 1399 electioni
508 1371 616 1398 suae.
673 1363 886 1395 narrantur
906 1354 1005 1393 haec
1035 1368 1072 1396 c.
1101 1353 1151 1395 15
1173 1361 1213 1393 et
1234 1357 1284 1395 16
1313 1354 1341 1394 l.
1360 1356 1410 1402 2,
1438 1351 1508 1390 ubi
1535 1357 1575 1390 et
1605 1349 1755 1390 dicitur

297 1416 434 1455 eodem
449 1422 627 1466 tempore
648 1413 859 1452 decessisse
883 1410 1114 1464 Nymphaeo
1134 1411 1415 1463 imperatorem
1445 1407 1604 1460 quidem
1625 1407 1758 1446 Calli-

295 1472 425 1527 polim
449 1483 586 1510 versus
614 1483 703 1508 cum
734 1469 913 1508 exercitu
940 1469 991 1506 ad
1021 1466 1411 1519 Constantinopolim
1438 1463 1757 1517 oppugnandam,

298 1542 448 1568 novum
471 1541 567 1566 vero
596 1526 862 1578 patriarcham
891 1523 1160 1577 Nicephorum
1180 1524 1388 1571 Nicaeam,
1427 1535 1526 1574 quae
1545 1534 1636 1560 cum
1656 1525 1760 1562 esset

301 1593 402 1624 tunc
424 1585 517 1623 urbs
537 1584 664 1634 regia,
693 1583 842 1622 Latinis
864 1581 1253 1634 Constantinopolim
1273 1578 1520 1628 tenentibus,
1557 1577 1602 1616 in
1619 1590 1663 1616 ea
1691 1590 1760 1615 so-

301 1643 398 1682 litus
418 1646 502 1680 erat
525 1640 700 1678 Graecus
720 1638 1183 1691 constantinopolitanus
1203 1636 1429 1688 patriarcha
1449 1633 1652 1674 diversari.
1679 1632 1762 1673 ini-

303 1699 407 1738 tium
436 1696 727 1750 patriarchatus
767 1694 983 1747 Nicephori
1020 1694 1287 1733 verisimiliter
1325 1693 1528 1732 confertur
1564 1690 1607 1729 in
1641 1689 1762 1728 finem

305 1754 455 1808 Aprilis
474 1759 543 1792 aut
564 1753 722 1791 initium
747 1753 842 1791 Maii
861 1755 957 1789 anni
974 1765 1095 1803 supra
1115 1751 1318 1789 memorati
1340 1752 1460 1792 1260.
1517 1752 1654 1786 narrat
1667 1745 1764 1785 inde

305 1810 567 1862 Pachymeres
603 1810 630 1851 l,
661 1814 688 1852 2
727 1823 765 1848 c.
794 1812 848 1850 20
906 1809 1138 1846 diuturnam
1181 1813 1221 1846 et
1245 1806 1396 1846 irritam
1426 1803 1764 1858 oppugnationem

311 1867 494 1916 Galatae,
523 1866 567 1903 in
594 1878 670 1916 qua
696 1865 913 1917 imperator
936 1864 1181 1915 consumpsit
1203 1869 1402 1904 aestatem.
1460 1874 1585 1912 eoque
1606 1859 1657 1898 ad
1673 1871 1764 1897 eum

308 1922 559 1974 'Nicephorus
578 1921 824 1973 patriarcha,
852 1927 1054 1972 pertaesus
1080 1920 1370 1968 Nicaeensium,
1409 1931 1579 1969 quorum
1600 1915 1764 1954 Arsenio

314 1979 564 2017 addictorum
589 1977 680 2015 odia
707 1977 750 2014 in
779 1991 820 2015 se
849 1977 1008 2028 irasque
1039 1977 1150 2014 nulla
1182 1975 1350 2013 delinire
1379 1981 1463 2012 arte
1488 1977 1692 2025 potuerat,
1724 1983 1766 2009 se

316 2034 509 2082 contulit,
538 2047 607 2086 spe
622 2033 870 2084 ingrediendi
889 2047 979 2071 cum
998 2033 1084 2085 ipso
1110 2034 1284 2082 Augusto
1309 2031 1444 2070 urbem
1465 2042 1582 2078 mox,
1610 2033 1658 2066 ut
1677 2040 1769 2065 cre-

317 2092 506 2141 debatur,
537 2090 779 2142 capiendam.
837 2090 906 2128 sed
935 2103 1026 2127 cum
1053 2089 1299 2128 obsidionem
1329 2088 1483 2125 solvere
1510 2090 1671 2123 coactus
1692 2083 1767 2122 im-

315 2154 480 2201 perator
496 2146 768 2199 Nymphaeum
786 2159 827 2185 se
843 2146 1080 2199 recepisset,
1110 2152 1268 2187 secutus
1293 2157 1382 2182 eum
1399 2143 1500 2181 illuc
1518 2139 1768 2193 Nicephorus

318 2205 374 2242 ibi
397 2210 454 2242 est
476 2210 658 2242 mortuus
688 2203 758 2241 sub
780 2209 1036 2252 autumnum,
1066 2209 1111 2240 ut
1132 2207 1315 2253 apparet,
1347 2206 1415 2238 aut
1444 2198 1584 2237 hiemis
1611 2196 1771 2235 initium

321 2261 498 2300 eiusdem
517 2259 610 2298 anni
633 2262 754 2302 1260.
811 2273 932 2310 quare
949 2260 1057 2297 illius
1075 2257 1362 2310 patriarchatus
1380 2255 1490 2294 haud
1512 2256 1593 2293 fere
1613 2253 1771 2304 longior

323 2316 562 2369 septimestri
582 2322 650 2354 aut
671 2316 889 2355 octimestri
905 2316 995 2354 fuit.
1052 2315 1148 2353 hinc
1168 2315 1323 2353 vacavit
1352 2313 1463 2351 sedes
1487 2324 1632 2349 annum
1652 2308 1773 2350 circi-

322 2379 385 2412 ter
397 2401 410 2421 ,
439 2373 555 2411 anxie
570 2372 807 2412 deliberante
823 2373 1060 2424 imperatore
1080 2385 1196 2423 quem
1216 2372 1266 2409 ad
1279 2370 1451 2409 rationes
1473 2367 1679 2406 meditatae
1699 2378 1774 2410 ex-

327 2428 557 2482 punctionis
589 2429 734 2481 pupilli
758 2429 1097 2468 accommodatum
1128 2429 1163 2467 ei
1183 2427 1434 2480 praeficeret,
1462 2423 1592 2476 quoad
1610 2421 1775 2462 tandem

328 2485 373 2524 in
386 2484 540 2524 Arsenii
558 2486 849 2524 revocationem
869 2485 1089 2534 consensit,
1119 2485 1231 2523 cuius
1250 2484 1292 2521 in
1310 2480 1588 2535 praeteritione
1605 2491 1777 2517 corona·-

331 2541 454 2580 tionis
484 2541 641 2580 Ioannis
665 2543 780 2594 pueri
803 2541 1032 2594 patientiam
1058 2547 1246 2594 expertus
1267 2538 1443 2592 speravit
1467 2537 1584 2576 etiam
1602 2550 1648 2574 eo
1669 2531 1778 2574 facili

333 2611 499 2637 usurum
521 2597 566 2636 in
596 2600 917 2639 exauctoratione
945 2611 1063 2651 quam
1095 2596 1258 2651 parabat
1286 2596 1471 2636 eiusdem.
1529 2591 1694 2642 contigit
1709 2589 1779 2627 in-

335 2654 453 2693 terim
472 2655 559 2705 capi
580 2655 714 2693 urbem
726 2687 737 2704 ,
767 2663 806 2694 et
824 2657 1101 2707 imperatorem
1116 2650 1159 2692 in
1182 2667 1264 2692 eam
1283 2651 1420 2691 invehi
1437 2648 1604 2690 solemni
1619 2660 1779 2700 pompa,

338 2710 474 2762 ibique
496 2711 578 2749 fixo
608 2709 686 2748 iam
716 2711 916 2751 domicilio
928 2727 944 2762 ‚·
979 2711 1188 2751 Arsenium
1218 2710 1349 2748 denuo
1379 2709 1544 2746 electum
1572 2718 1594 2742 a
1626 2702 1779 2755 synodo

338 2767 467 2806 missis
489 2767 624 2816 legatis
641 2767 831 2806 invitasse
849 2769 898 2806 'ad
923 2768 1196 2807 resumendam
1224 2764 1448 2804 melioribus
1465 2760 1650 2812 auspiciis
1675 2757 1783 2797 abdi-

342 2829 470 2863 catam
488 2823 584 2862 olim
603 2829 847 2875 potestatem.
877 2830 887 2833 ““
906 2825 1050 2875 quibus
1069 2824 1138 2862 ille
1157 2822 1369 2862 assentiens
1390 2821 1434 2858 in
1460 2817 1598 2857 urbem
1613 2815 1727 2858 venit
1744 2819 1785 2852 et

342 2879 444 2919 sedis
460 2879 735 2933 patriarchalis
751 2881 1038 2934 possessionem
1059 2893 1196 2919 rursus
1222 2874 1355 2928 adiit,
1371 2876 1398 2914 1.
1418 2878 1444 2917 3
1474 2888 1509 2913 c.
1530 2877 1575 2917 2.
1632 2907 1635 2911 -
1778 2883 1779 2886 ’
