1884 3262
664 210 770 261 ΠΒ.
804 212 862 259 Π.
912 207 1116 260 NOTAE.
1515 213 1613 263 657

169 333 309 362 verum
333 323 507 362 auctoris
539 333 697 362 sensum
712 317 1020 376 ‘interpretando
1050 323 1297 377 expressisse.
1351 315 1466 362 mitto
1485 337 1614 376 quae-

168 392 258 418 rere
275 379 380 418 unde
398 380 494 418 istas
516 380 677 431 Diogeni
698 380 855 419 Laertio
881 381 1008 434 (quod
1037 382 1195 433 quidem
1212 378 1442 432 repererim)
1459 380 1613 432 ignotas

169 435 360 474 Heracliti
380 442 418 474 et
437 436 586 487 Cratyli
607 450 769 488 gnomas
793 435 969 476 hauserit
997 437 1274 490 Pachymeres;
1303 435 1370 488 qui
1390 436 1529 488 utique
1545 437 1614 476 vi-

170 492 274 530 disse
294 493 420 529 multa
440 493 575 543 potuit
605 499 858 531 monumenta
879 494 1141 542 Graecorum,
1174 506 1272 545 quae
1297 507 1370 531 nos
1394 493 1538 532 latent:
1572 498 1612 532 et

169 548 293 587 fuisse
314 549 539 598 diligentem
558 549 805 601 antiquitatis
825 549 1142 601 investigatorem
1158 549 1252 588 satis
1270 555 1446 600 apparet.
1616 554 1630 559 ”

281 618 325 657 p.
343 606 426 648 342
449 618 486 645 v.
512 603 552 646 4.
608 607 846 644 monasterio
874 579 992 654 deo?
1004 607 1071 658 qui
1097 612 1180 656 est,
1224 619 1340 642 sacro
1365 607 1491 654 (nam
1513 605 1613 643 haec

170 668 258 699 erat
274 661 503 712 peculiaris
531 660 678 732 dqmus·
703 663 787 700 eius
809 662 1096 715 nuncupatio).
1133 638 1300 701 Gi-aece·
1337 664 1388 716 τῇ
1406 664 1513 726 μονῇ
1537 677 1609 702 του

170 715 287 764 ὄντος
310 720 415 758 θεοῦ
438 717 520 772 (τῷ
537 714 613 781 γὰρ
644 715 726 759 όντι
758 719 906 771 κυρίως
927 717 1247 772 προσανέκειτο).
1301 716 1385 765 his,
1416 718 1461 756 ni
1482 718 1612 765 fallor,

168 773 434 824 significatur,
462 773 571 811 istud
597 774 639 811 in
668 788 747 826 quo
766 775 1001 813 Blemmidas
1021 776 1205 826 degebat,
1235 773 1516 812 monasterium
1534 787 1612 826 pe-

169 829 372 868 culiariter
410 837 680 881 nuncupatum
710 832 831 870 fuisse
857 834 943 885 θεῷ
974 834 1032 886 τῷ
1057 847 1151 872 οντι.
1209 830 1401 868 alluditur
1430 830 1480 868 ad
1510 829 1613 868 illud

166 885 298 924 Exodi
321 889 347 927 3
368 885 431 935 14,
449 886 562 924 iuxta
582 887 706 935 LXX,
726 887 790 925 dei
807 887 856 925 ad
874 888 1038 939 Moysen
1056 884 1130 941 ἐγώ
1151 887 1230 939 εἶμι
1250 885 1278 927 ὅ
1299 901 1370 926 ων.
1425 886 1533 924 unde
1553 891 1613 924 est
1634 891 1663 926 P
1684 893 1752 932 461

168 947 207 980 et
226 942 347 993 Apoc.
370 945 390 982 1
414 915 460 982 4τ
489 939 603 995 χάρις
621 942 721 994 ὐμῖν
737 942 805 982 καὶ
821 940 959 996 εἰρήνη
979 940 1060 984 οἷπο
1086 947 1159 984 τοῦ
1176 943 1202 984 o‘
1224 957 1282 982 ων
1297 948 1369 982 etc.
1426 942 1614 995 proprius

165 997 356 1036 nimirum
378 997 579 1036 character
598 1005 761 1036 naturae
786 999 871 1047 dei,
903 1006 1094 1050 quatenus
1118 1004 1371 1051 comparatur
1391 1011 1482 1036 cum
1500 1011 1615 1036 crea-

165 1054 239 1103 tis,
275 1060 333 1091 est
350 1067 505 1105 semper
527 1060 565 1092 et
598 1054 816 1092 necessario
844 1055 1024 1094 existere.
1080 1055 1176 1094 huic
1198 1068 1288 1105 ergo
1303 1054 1477 1106 principi
1504 1054 1615 1105 quasi

91 1114 94 1115 ⁷
165 1109 230 1148 dei
249 1109 442 1148 attributo
459 1110 711 1162 singulariter
736 1111 911 1150 dicatum
929 1112 1111 1151 voluerat
1129 1109 1365 1150 Blemmidas
1388 1123 1505 1148 suum
1523 1124 1615 1148 mo-

162 1165 393 1204 nasterium.

277 1236 317 1274 p.
338 1224 420 1264 342
436 1235 474 1261 v.
494 1222 534 1264 5.
592 1222 649 1270 εἷς
667 1223 921 1274 περιποίησίν
938 1237 989 1263 τε.
1047 1223 1128 1274 agit
1146 1223 1195 1262 de
1218 1229 1376 1262 centum
1396 1222 1508 1261 libris
1523 1223 1611 1262 auri
1631 1235 1662 1270 Ρ
1690 1239 1758 1277 433

168 1277 280 1330 (nam
304 1278 515 1316 Vaticanus
533 1278 677 1316 diserte
693 1278 812 1317 habet
833 1276 974 1320 ἑκατὸν
992 1279 1126 1332 λίτρας
1143 1277 1334 1332 χρυσίου)
1365 1292 1463 1330 quas
1484 1279 1616 1318 Blem-

166 1335 292 1372 midas
313 1340 546 1372 testamento
571 1335 726 1385 legabat
756 1335 996 1373 monasterio
1029 1336 1071 1373 in
1101 1349 1179 1387 quo
1209 1335 1395 1385 degebat,
1424 1335 1480 1382 εἷς
1499 1350 1615 1388 περι-

127 1433 132 1437 ,
166 1391 351 1442 ποίησιν·
381 1403 481 1441 quae
500 1396 631 1428 tamen
649 1405 800 1429 summa
818 1397 910 1444 post
929 1392 1012 1430 eius
1033 1398 1217 1438 mortem,
1245 1391 1355 1429 nulla
1382 1391 1537 1429 ratione
1556 1397 1616 1429 te-

165 1446 352 1486 stamenti
369 1446 522 1495 habita,
550 1447 822 1500 προσανετὲθη
839 1451 890 1503 τῇ
907 1443 1055 1502 μεγαλῃ
1072 1447 1257 1503 ἐκκλησία
1273 1447 1330 1495 εἰς
1347 1448 1614 1500 περιποίησιν,

166 1509 214 1541 ut
229 1503 349 1553 paulo
367 1502 530 1540 inferius
552 1503 700 1542 dicitur
722 1502 799 1542 hoc
821 1505 957 1543 eodem
977 1504 1115 1556 capite.
1173 1517 1248 1554 qua
1265 1503 1425 1541 notione
1442 1517 1616 1555 usurpa-

165 1565 228 1597 ret
247 1558 540 1610 Pachymeres
527 1572 570 1596 m
587 1558 649 1597 his
670 1560 824 1599 duobus
842 1560 941 1599 locis
957 1574 1095 1599 vocem
1111 1560 1360 1612 περιποίησις
1373 1588 1384 1609 ,
1416 1558 1615 1610 quaerenti

165 1615 267 1654 mihi
285 1616 461 1653 occurrit
475 1614 695 1666 Hesychius
715 1617 782 1667 qui
800 1614 1051 1668 πλεονασμον
1069 1629 1153 1654 eam
1171 1616 1467 1667 interpretatur.
1522 1629 1615 1654 nam

166 1671 211 1710 in
234 1673 317 1709 eius
338 1671 467 1709 lexico
489 1672 548 1709 sic
569 1672 734 1722 legimus
754 1672 894 1712 hodie:
925 1673 1176 1725 περιποίησις
1203 1668 1445 1723 πλεονασμὸς
1465 1674 1615 1723 κτῆσις.

166 1728 270 1766 forte
290 1727 383 1765 alias
412 1726 613 1777 legebatur
637 1726 885 1782 πλεονασμός
909 1725 1104 1780 κτήσεως,
1135 1728 1374 1766 abundantia
1395 1727 1617 1778 possessio-

164 1784 246 1833 nis,
275 1796 425 1822 novum
448 1783 597 1821 bonum
624 1785 815 1823 accedens
845 1785 896 1823 ad
921 1786 1029 1836 prius
1052 1791 1184 1836 parta,
1216 1790 1254 1822 et
1282 1789 1529 1834 augmentum
1546 1796 1616 1821 su-

165 1839 400 1892 perveniens
419 1839 657 1891 possessioni
677 1841 880 1893 antiquae,
909 1841 1024 1879 velut
1042 1839 1307 1879 adventitium
1323 1838 1526 1891 peculium
1543 1852 1614 1887 ve-

170 1896 243 1934 teri
279 1895 519 1948 patrimonio
560 1897 871 1948 superadditum.
926 1897 970 1934 id
1007 1897 1161 1935 erudite
1197 1896 1380 1946 vulgatus
1418 1896 1614 1947 interpres

166 1951 312 2004 Ephes.
335 1955 355 1992 1
377 1951 430 1994 14
454 1953 648 2003 expressit
665 1954 858 1992 vocabulo
884 1954 1180 2005 acquisitionis.
1237 1951 1345 2003 quod
1371 1951 1426 1989 ibi
1454 1953 1614 2003 κυρίως,

167 2011 212 2046 in
242 2010 386 2047 stricta
404 2010 673 2060 proprietate,
710 2011 967 2059 sumendum,
997 2015 1043 2047 ut
1071 2015 1184 2047 sonet
1205 2007 1406 2059 quidpiam
1423 2007 1615 2058 superad-

167 2064 351 2102 iunctum
369 2072 479 2102 antea
507 2066 705 2116 quaesitis,
763 2080 884 2117 quare
912 2067 1063 2103 frustra
1079 2069 1285 2115 argutatur
1306 2067 1476 2100 novator
1493 2062 1616 2101 inter·

167 2133 277 2171 pres,
308 2126 347 2157 et
369 2120 436 2170 qui
453 2134 539 2159 eum
555 2121 692 2160 laudat
708 2122 902 2160 Hem-icus
919 2120 1140 2172 Stephanus
1157 2120 1202 2157 in
1221 2118 1422 2157 Thesauro
1442 2117 1615 2156 Graecae

165 2176 347 2226 linguae,
380 2175 472 2213 dum
495 2176 673 2215 instincti
691 2185 855 2230 uterque
878 2176 1040 2216 libidine
1059 2174 1328 2214 calumniandi
1346 2179 1517 2212 veterem
1534 2187 1615 2212 usu

171 2232 361 2271 ecclesiae
379 2232 583 2281 probatam
600 2234 699 2272 novi
720 2233 954 2273 Testamenti
972 2232 1215 2281 versionem,
1210 2251 1214 2254 ·
1244 2230 1488 2269 contendunt
1503 2245 1615 2284 περι-

167 2288 332 2339 ποίησιν
358 2287 430 2325 illo
449 2288 620 2339 apostoli
642 2290 730 2327 loco
754 2304 896 2329 sonare
916 2290 1172 2326 assertionem
1196 2287 1276 2326 sive
1292 2284 1616 2336 vindicationem,

171 2344 278 2395 quod
292 2356 410 2394 quam
426 2344 478 2381 sit
494 2344 672 2395 ineptum
689 2347 838 2397 patebit
857 2360 908 2385 ex
922 2343 1236 2384 consideratione
1251 2342 1463 2382 verborum
1481 2342 1618 2381 Sancti

169 2399 298 2438 Pauli.
336 2405 429 2437 sunt
449 2405 578 2437 autem
593 2399 705 2439 haec:
735 2418 781 2450 ος
800 2402 905 2443 ἔστιν
926 2395 1111 2454 ἀρραβών
1127 2414 1198 2452 της
1213 2399 1478 2451 κληρονομίας
1495 2414 1616 2451 ημων

172 2456 229 2503 εἰς
249 2451 523 2510 οἷπολύτρὼσιν
542 2458 614 2508 τῆς
627 2455 927 2510 περιποιήσεως.
985 2469 1084 2508 quae
1100 2456 1157 2494 sic
1173 2456 1354 2506 vulgatus
1371 2454 1512 2494 vertit:
1542 2457 1616 2506 qui

172 2511 391 2563 (nimirum
427 2511 598 2562 Spiritus
629 2514 818 2564 Sanctus)
851 2521 910 2551 est
934 2515 1093 2564 pignus
1121 2511 1356 2550 hereditatis
1384 2518 1545 2548 nostrae
1570 2513 1615 2548 in

171 2567 476 2618 redemptionem
508 2570 801 2619 acquisitionis.
856 2582 1019 2621 nempe,
1058 2575 1102 2607 ut
1128 2573 1283 2607 enarrat
1309 2566 1615 2618 chrysostomus

170 2623 282 2662 hunc
301 2625 454 2671 locum,
482 2623 547 2661 his
571 2625 639 2675 qui
662 2624 782 2664 fidem
808 2631 847 2664 et
869 2625 1069 2664 caritatem
1086 2624 1248 2674 habent,
1281 2624 1359 2661 iam
1374 2635 1483 2661 nunc
1499 2622 1617 2660 datur

171 2679 236 2717 ius
262 2679 314 2717 ad
341 2679 618 2725 hereditatem,
648 2681 757 2719 cuius
780 2687 1095 2733 repraesentatur
1119 2681 1260 2732 pignus
1288 2685 1326 2717 et
1349 2679 1485 2717 arrha:
1516 2677 1614 2728 quin

173 2741 215 2772 et
247 2735 330 2773 eius
360 2735 471 2787 quasi
500 2736 715 2773 substantia
752 2738 956 2776 confertur
988 2737 1186 2776 infusione
1219 2735 1364 2787 gratiae
1392 2733 1615 2781 habitualis,

174 2803 251 2840 qua
277 2791 553 2830 constituimur
579 2791 653 2829 filii
673 2792 749 2831 dei.
806 2794 950 2832 desunt
971 2799 1102 2832 tamen
1127 2793 1241 2831 nobis
1273 2790 1404 2829 adhuc
1423 2789 1547 2827 multa
1569 2795 1615 2826 ut

172 2847 448 2898 perveniamus
470 2848 530 2885 -ad
565 2849 850 2899 perfectionem
871 2854 1050 2903 speratae
1074 2847 1288 2889 felicitatis.
1345 2844 1469 2897 gratia
1494 2844 1615 2896 igitur

231 2907 405 2952 Georgius
433 2908 656 2953 Pachymcres
683 2910 714 2943 Ι.
1289 2901 1344 2943 42
