1884 3262
234 208 335 254 566
639 203 950 248 OBSERVAT.
979 202 1298 247 PACHYMER.¹

234 330 331 357 nera
350 313 449 354 nihil
466 312 729 352 honorificum
749 319 820 351 aut
846 318 960 351 tanto
980 311 1133 363 fastigio
1164 309 1324 364 dignum
1343 311 1530 353 habentia
1545 318 1687 353 actua-

237 374 319 414 rios
340 371 473 424 potius
492 368 547 407 ac*
559 369 739 420 vulgares
757 368 903 407 scribas
922 369 987 407 vel
1013 369 1065 407 ad
1083 382 1280 407 summum
1305 369 1490 409 tabularii
1506 370 1687 408 custodes

237 430 413 468 deceant.
468 426 582 476 longe
607 426 721 463 aliter
746 424 1101 464 Thessalonicensis
1128 427 1298 477 Symeon
1324 425 1421 476 quid
1440 427 1688 465 auctoritatis

236 485 340 523 circa
366 481 617 521 matrimonia
635 481 926 533 chartophylax
944 482 1166 520 exercuerit
1185 481 1336 520 indicat
1358 481 1422 520 his
1443 483 1591 522 verbis:
1619 481 1689 524 καὶ

236 538 286 580 τοὶ
308 542 386 580 τῶν
404 535 544 592 γάμων
560 539 736 591 νομίμως
759 539 958 591 φροντίζει
974 539 1171 591 γίνεσθαι.
1229 546 1276 576 ut
1291 539 1468 590 legitime
1493 540 1688 578 celebren-

238 603 308 634 tur
324 596 587 633 matrimonia
604 602 735 636 curat.
792 608 913 646 porro
927 594 1174 633 institutione
1199 594 1363 644 Christi,
1393 594 1461 646 qui
1480 595 1688 634 matrimo-

237 651 349 691 nium
370 664 420 690 ex
437 651 543 690 civili
562 656 771 690 contractu
787 651 827 688 in
844 657 1131 689 sacramentum
1151 651 1304 700 evexit,
1334 656 1382 689 ut
1394 650 1438 689 id
1455 651 1530 689 rite
1546 664 1690 704 perpe-

237 714 371 747 tretur
396 721 494 760 opus
518 713 577 745 est
596 721 705 745 sacra
727 707 855 758 aliqua
879 707 1123 745 ecclesiastici
1148 707 1316 746 ministri
1340 707 1566 756 functione,
1596 721 1688 759 qua,

237 770 286 803 ut
311 764 513 803 Evaristus
546 763 834 814 antiquissimus
867 764 1044 815 pontifex
1082 764 1192 815 epist.
1218 763 1269 802 ad
1297 763 1463 816 episcop.
1487 764 1692 803 Africanos

237 820 437 871 loquitur,
465 820 658 858 nubentes
676 834 750 857 suo
774 827 944 872 tempore
961 819 1285 871 sacerdotaliter,
1314 827 1360 858 ut
1387 834 1474 858 mos
1489 828 1568 870 est,
1598 834 1693 859 cum

233 876 426 929 precibus
445 883 481 914 et
505 875 777 914 oblationibus
797 891 824 914 a
853 875 1058 914 sacerdote
1083 876 1378 916 benedicantur.
1434 875 1551 916 huius
1567 876 1692 916 bene-

241 932 425 971 dictionis
441 932 600 971 effectus
617 933 702 984 quis
731 933 799 982 sit,
841 932 956 971 docet
974 933 1132 971 Siricius
1150 933 1245 972 item
1261 933 1439 986 pontifex
1461 933 1622 985 epistola
1640 933 1693 972 acl

239 988 460 1028 Himerium
483 989 813 1028 Tarraconensem
837 1002 869 1027 e.
895 988 941 1038 4,
970 989 1038 1027 ubi
1059 989 1323 1041 interrogatus
1351 991 1390 1027 si
1408 988 1694 1041 desponsatam

238 1046 322 1083 alii
345 1046 528 1096 puellam
555 1045 659 1083 alter
684 1047 728 1083 in
750 1047 1055 1083 matrimonium
1073 1048 1206 1097 possit
1227 1048 1429 1097 accipere,
1458 1046 1695 1098 respondet:

240 1101 318 1140 hoo
335 1116 381 1139 ne
387 1102 474 1152 fiat
494 1100 626 1139 modis
637 1101 822 1139 omnibus
836 1101 1072 1152 inhibemus,
1101 1104 1202 1154 quia
1220 1103 1298 1140 illa
1315 1102 1544 1152 benedictio,
1569 1116 1694 1154 quam

241 1165 446 1209 nupturae
466 1157 655 1196 sacerdos
683 1159 852 1210 imponit
888 1157 1005 1210 apud
1019 1157 1191 1209 fideles,
1227 1159 1436 1210 sacrilegii
1465 1160 1596 1196 instar
1621 1166 1693 1210 est,

240 1215 282 1251 si
298 1214 388 1253 ulla
403 1215 720 1266 transgressione
738 1214 922 1254 violetur.
977 1213 1082 1252 hanc
1095 1214 1408 1253 benedictionem
1423 1214 1694 1266 praesentibus

241 1270 285 1308 in
321 1270 479 1308 ecclesia
509 1271 660 1321 sponsis
692 1284 715 1308 a
749 1270 952 1309 sacerdote
984 1271 1151 1308 conferri
1178 1270 1435 1321 antiquissimi
1462 1284 1534 1323 per
1559 1283 1695 1309 omnes

243 1326 423 1364 ecclesias
438 1326 558 1364 moris
573 1332 643 1364 est.
670 1325 815 1364 concil.
826 1325 1007 1377 Carthag.
1018 1326 1069 1365 IV
1079 1326 1171 1365 Can.
1182 1327 1289 1365 XIII.
1329 1341 1501 1378 sponsus
1516 1334 1553 1365 et
1568 1341 1695 1379 spon-

244 1396 295 1420 sa
315 1396 408 1420 cum
425 1380 679 1420 benedicendi
704 1388 802 1419 sunt
828 1396 855 1420 a
873 1381 1096 1431 sacerdote,
1126 1397 1154 1420 a
1168 1383 1410 1434 parentibus
1429 1385 1515 1422 suis
1536 1384 1695 1436 velpa-

246 1437 482 1490 ranymplzis
499 1438 732 1491 offerantur.
790 1439 882 1489 quia
901 1452 997 1478 vero
1019 1438 1188 1490 episcopi
1206 1445 1262 1477 est
1290 1439 1490 1490 designare
1509 1440 1696 1478 sacerdo-

245 1500 344 1544 tem,
379 1507 495 1545 quem
514 1494 758 1546 potissimum
782 1495 878 1533 velit
908 1494 983 1533 ista
1016 1508 1126 1533 sacra
1152 1495 1257 1533 circa
1276 1496 1456 1547 coniuges
1475 1496 1695 1535 ceremonia

244 1551 414 1601 defungi,
433 1550 679 1602 patriarchae
699 1551 1118 1603 Constantinopolitani
1130 1549 1233 1590 hanc
1246 1552 1405 1603 proprie
1423 1565 1557 1591 curam
1576 1552 1696 1591 char-

245 1606 447 1658 tophylaci
464 1607 546 1646 sive
565 1607 794 1645 cancellario
813 1621 883 1646 suo
900 1607 1246 1654 demandaverant,
1275 1615 1322 1646 ut
1341 1608 1404 1647 vel
1422 1608 1503 1659 ipse
1522 1621 1592 1660 per
1612 1621 1695 1647 sese

247 1663 399 1713 sponsis
424 1662 502 1700 hoc
530 1663 648 1701 modo
680 1663 948 1715 benediceret,
986 1663 1050 1703 vel
1083 1664 1324 1703 sacerdotem
1357 1665 1514 1715 eligeret
1550 1665 1618 1716 qui
1650 1664 1696 1703 id

246 1720 417 1768 faceret,
446 1720 543 1757 adeo
562 1725 609 1758 ut
625 1719 724 1758 eitra
750 1720 831 1758 eius
860 1733 1057 1759 assensum
1085 1734 1130 1758 ac
1159 1721 1308 1759 iussum
1334 1721 1466 1759 nullus
1493 1721 1696 1773 presbyter

246 1774 292 1813 id
313 1775 389 1812 rite
415 1788 462 1813 ac
485 1775 653 1825 legitime
677 1782 809 1828 posset
834 1790 956 1828 agere.
1012 1776 1090 1815 hoc
1113 1782 1171 1815 est
1197 1777 1305 1827 quod
1329 1777 1444 1815 docet
1463 1776 1530 1815 hic
1546 1784 1695 1828 noster,

250 1830 348 1868 dum
364 1830 416 1868 ait
433 1827 656 1885 προνόμιον
681 1844 762 1871 esse
788 1831 1102 1884 chartophylacis
1126 1830 1169 1874 τὸ
1190 1837 1430 1886 προτροπαῖς
1453 1832 1608 1874 ἐκείνου
1624 1831 1696 1881 τοῖς

249 1886 468 1941 ἴερολογίας
487 1887 683 1940 γίνεσθαι.
739 1902 817 1926 non
843 1890 929 1926 sine
935 1889 1147 1938 facultate
1177 1903 1229 1926 ac
1251 1888 1445 1927 mandato
1473 1890 1557 1927 eius
1572 1887 1697 1926 adlzi-

251 1942 336 1980 beri
353 1944 510 1994 sponsis
525 1957 554 1981 a
577 1942 779 1982 sacerdote
801 1945 886 1982 ullo
905 1945 1110 1997 nuptiales
1133 1943 1427 1984 benedictiones.
1485 1958 1605 1996 quare
1629 1945 1697 1983 ille

252 1997 314 2046 τὶς
331 2001 411 2039 τῶν
430 1997 566 2053 ἱερέων
584 1996 626 2048 ὃς
644 2001 733 2054 δίχα
754 2003 825 2052 τῆς
845 2003 916 2042 τοῦ
935 1997 1230 2054 χαρτοφύλακος
1248 2002 1476 2055 προτροπῆς
1494 2002 1698 2054 νυμφίους

253 2051 458 2109 ἱερολόγει,
486 2055 672 2094 sacerdos
696 2056 867 2108 quidam
881 2059 955 2109 qui
974 2059 1078 2095 citra
1096 2056 1337 2095 mandatum
1353 2072 1402 2095 ac
1418 2064 1563 2095 nutum
1581 2057 1699 2095 char.

255 2110 480 2162 toplzylacis
493 2114 650 2163 sponsis
671 2112 917 2151 benedixerat
929 2142 940 2162 ,
966 2113 1223 2165 suspensionis
1242 2114 1291 2152 ob
1311 2113 1354 2152 id
1373 2126 1499 2165 poena
1515 2119 1574 2151 est
1590 2113 1698 2151 mul-

253 2171 362 2204 tatus
376 2195 388 2215 ,
415 2173 462 2206 ut
480 2181 574 2206 mox
599 2168 853 2220 Pachymeres
876 2170 1084 2221 subiungit-
1141 2175 1199 2207 est
1223 2170 1343 2221 igitur
1369 2169 1566 2223 ἴερολογία
1586 2183 1698 2208 sacra

251 2222 404 2261 functio
421 2224 633 2264 sacerdotis
650 2226 753 2264 circa
767 2239 949 2278 sponsos,
979 2225 1136 2277 quando
1156 2226 1197 2263 in
1217 2226 1375 2264 ecclesia
1396 2225 1470 2264 rite
1491 2225 1699 2264 matrimo-
1771 2252 1777 2266 ρ

253 2277 321 2315 nio
347 2277 564 2330 iunguntur
573 2295 584 2330 ;
620 2281 662 2320 id
689 2282 796 2332 quod
821 2282 972 2321 dudum
1001 2288 1116 2320 antea
1143 2295 1206 2319 me
1243 2282 1429 2320 docuerat
1455 2280 1699 2334 Nicephorus
1763 2278 1777 2318 ἓ,

254 2333 473 2384 Bryennius
490 2337 632 2375 Caesar
647 2338 718 2376 sub
737 2338 853 2377 finem
876 2338 967 2376 libri
985 2339 1037 2377 111
1056 2340 1426 2377 commentariorum
1452 2352 1475 2375 a
1493 2351 1555 2376 me
1571 2349 1699 2390 nuper
1763 2332 1785 2373 ΐ-

257 2389 474 2439 editorum,
503 2393 574 2430 ubi
599 2408 765 2432 narrans
793 2395 1006 2446 illegitimas
1029 2394 1182 2446 nuptias
1199 2402 1338 2433 contra
1359 2407 1473 2433 omne
1488 2395 1546 2433 fas
1564 2399 1699 2432 atten-

255 2451 360 2483 tatas
386 2460 408 2483 a
441 2447 644 2488 Botaniate
673 2450 854 2489 invasore
878 2451 1030 2503 imperii
1058 2465 1146 2490 cum
1176 2451 1299 2490 Maria
1332 2450 1509 2502 Augusta
1537 2450 1705 2501 coniuge*

258 2500 457 2541 MichaeIis
477 2503 606 2543 Ducae
631 2507 726 2544 solio
744 2507 939 2546 deturbati
963 2507 1092 2546 adhuc
1110 2508 1281 2546 viventis
1294 2537 1306 2557 ,
1334 2509 1478 2552 refert,
1512 2519 1600 2544 cum
1618 2506 1699 2544 iam.

258 2558 393 2608 sponsi
411 2559 525 2598 ambo
548 2561 590 2598 in
610 2563 807 2601 ecclesiam
825 2565 1023 2603 venissent
1037 2595 1048 2615 ‚
1078 2564 1320 2602 sacerdotem
1347 2563 1414 2614 qui
1435 2563 1487 2600 ad
1503 2560 1585 2600 eam
1601 2561 1699 2599 fuu-

259 2613 430 2652 ctionem
451 2617 707 2667 peragendam
729 2626 891 2670 paratus
915 2621 1043 2658 suerat
1067 2617 1083 2672 (
1094 2619 1118 2662 ὅ
1134 2619 1283 2671 μέλλων
1299 2616 1370 2671 τήν
1402 2617 1612 2671 μνηστείαν
1641 2631 1700 2657 τε-

259 2667 384 2724 λέσαι)
405 2671 597 2724 collegisse
621 2686 662 2711 se
680 2680 720 2712 et
735 2682 924 2725 quantum
942 2676 1085 2727 piaculi
1102 2676 1354 2714 conscisceret
1366 2678 1611 2726 reputantem
1622 2701 1633 2721 ‚
1662 2672 1699 2710 si

257 2724 473 2776 bigamum,
503 2729 613 2768 cuius
630 2728 746 2768 etiam
766 2731 935 2769 secunda
953 2745 1057 2770 uxor
1082 2731 1214 2770 adhuc
1227 2732 1397 2779 viveret,
1426 2742 1515 2768 cum
1536 2729 1699 2766 muliere

255 2783 365 2819 cuius
379 2783 472 2821 item
481 2785 644 2824 maritus
661 2785 792 2824 adhuc
809 2793 1004 2836 superstes
1022 2794 1132 2837 esset,
1162 2787 1412 2825 ecclesiastica
1427 2784 1699 2823 benedictione

120 2836 149 2870 P
170 2837 239 2876 389
262 2838 532 2891 coniungeret,
564 2848 788 2882 cunctatum
805 2855 884 2881 esse
907 2843 1066 2894 prodire
1085 2856 1133 2882 ex
1159 2843 1285 2884 altari.
1341 2848 1437 2882 tunc
1453 2846 1585 2880 autem
1601 2853 1699 2879 con-
