1846 3262
178 167 273 213 120
596 161 831 208 GEORGII
863 164 1215 212 PACHYMERIS

126 299 156 333 1)
182 283 237 332 εἷς
256 281 414 338 ἓξοριάν
433 279 569 321 ἐδίδου
596 280 664 322 καὶ
693 279 914 336 ἓξωρίζετο,
987 278 1088 336 (18)
1118 277 1139 323 ὅ
1165 281 1210 323 δὲ
1230 277 1426 337 Σάρδεων
1453 278 1585 339 σοφόν
1603 299 1642 325 τι

181 349 363 405 οἰόμενος
392 345 607 403 πράττειν,
655 349 690 391 εἶ
713 348 771 403 μὴ
809 353 868 407 τῷ
890 353 1057 402 βασιλεῖ
1084 346 1324 405 διαμάχοιτο
1346 354 1421 392 τοῦ
1439 367 1643 407 πατριαρ-

176 417 367 474 χεύοντος
398 414 696 474 ἀφιστάμενος,
735 417 834 473 ἔγνω
865 417 923 460 δι’
961 416 1088 472 ἄλλης
1107 414 1206 460 ὁδοῦ
1227 415 1421 461 ὑπελθεῖν
1442 419 1511 462 τὸν
1539 437 1644 475 κρα-

179 492 345 531 τοῦντα.
417 487 483 528 καὶ
504 482 554 540 δή
568 518 581 538 ,
613 485 695 528 ἐπεὶ
717 483 738 528 ὃ
759 486 833 538 μὲν
859 486 1158 542 Φιλαδελφείας
1173 485 1415 536 Ἰωαννίκιος
1434 487 1539 530 κατὰ
1567 487 1644 541 τὴν

180 556 310 611 μονὴν
329 558 403 597 τοῦ
421 559 608 611 σωτῆρος
629 552 823 610 ἱερούργει
845 559 920 597 τοῦ
939 554 1143 608 βασιλέως
1163 554 1519 612 προτρεψαμένου,
1558 553 1579 598 ὃ
1601 556 1677 604 δὲ5

180 623 375 678 βασιλεὺς
404 627 540 679 παρῆν
567 625 632 666 καὶ
665 621 686 666 ὃ
718 621 913 678 Σάρδεων
947 627 1194 679 συμπαρῆν,
1244 623 1487 679 προσελθών
1521 623 1645 674 αὐτὸς

182 698 240 753 τῷ
262 696 428 747 βασιλεῖ
442 693 531 749 περὶ
552 690 700 735 ἑαυτοῦ
717 690 1015 747 ὑπεμίμνησκεν
1036 690 1091 741 ὥς
1105 692 1154 734 τὰ
1176 695 1259 734 τῶν
1277 697 1469 746 μοναχῶν
1489 691 1647 747 ἀναλη-

132 765 164 800 Ε
187 760 369 818 ψάμενος
390 767 480 811 ταῖς
500 765 573 804 τοῦ
598 763 896 817 Φιλαδελφείας
914 762 1041 817 χερσί.
1113 762 1179 803 καὶ
1203 759 1247 810 ὃς
1273 760 1389 818 (οὐδὲ
1415 760 1492 816 γὰρ
1513 758 1646 817 ἠγνόει

183 832 231 876 τὸ
264 836 338 887 τῆς
360 828 522 888 γνώμης
550 834 624 874 τοῦ
659 830 844 886 λέγοντος
871 828 1075 883 ὕπουλον,
1113 827 1168 879 ὥς
1186 827 1347 880 ἕξοντός
1367 846 1487 882 ποτε,
1521 831 1554 871 εἲ
1582 829 1648 871 αἱ·

183 907 296 957 ροΐτο
311 933 323 954 ,
360 896 567 957 πρόφασιν
587 899 662 954 τὴν
681 903 754 942 τοῦ
774 898 948 948 ἄνακτος
968 899 1219 954 παρουσίαν,
1250 896 1305 947 ὡς
1326 899 1399 957 βία
1420 902 1470 954 τῇ
1493 898 1646 940 ἐκεῖθεν
1660 910 1704 945 10

183 967 384 1024 λαβόντος
395 967 441 1011 τὸ
461 972 619 1023 σχῆμα·
655 968 760 1023 μηδὲ
779 968 856 1024 γὰρ
875 967 1011 1010 θέλειν
1031 969 1074 1009 ἐκ
1093 965 1384 1023 προαιρέσεως)
1406 968 1553 1016 ἐκεῖνος
1573 967 1647 1020 μὲν

186 1040 253 1082 καὶ
275 1039 317 1081 τί
334 1036 484 1081 παθὼν
516 1034 698 1094 διηρώτα
727 1037 1154 1091 μετασχηματίζεσθαι
1182 1034 1398 1088 βούλοιτο,
1437 1036 1503 1076 καὶ
1534 1036 1590 1084 εἷς
1610 1035 1652 1077 τί

186 1106 348 1162 βλέπων
377 1106 448 1149 τὸν
475 1103 643 1161 ἡσύχιον
674 1107 740 1148 καὶ
772 1102 1014 1161 ἀπράγμονα
1032 1106 1124 1159 βίον
1153 1105 1333 1160 αἷροΐτο·
1373 1103 1478 1158 πλὴν
1502 1102 1647 1156 οὐδείς,

185 1176 334 1232 ἔλεγεν,
373 1173 394 1218 ὅ
428 1172 644 1227 κωλύσων,
683 1175 717 1217 εἲ
750 1172 859 1216 οὕτω
883 1171 1088 1226 βούλεται.
1161 1174 1310 1215 ἐκείνου
1341 1172 1386 1214 δὲ
1413 1171 1488 1222 τὰς
1515 1172 1651 1221 αἰτίας

65 1250 93 1284 Ρ
119 1251 164 1286 78
188 1245 442 1300 συνείροντος
461 1244 528 1286 καὶ
549 1242 624 1299 τὴν
645 1247 718 1286 τοῦ
736 1240 1039 1296 ὖπονοουμένου
1064 1239 1296 1284 σκανδάλου
1319 1238 1442 1291 δόξαν
1462 1240 1529 1282 διὰ
1548 1244 1649 1283 πολ-
1663 1249 1705 1286 15

190 1318 273 1357 λῶν
306 1313 591 1367 ἀναιροῦντος,
632 1309 653 1354 ὁ
679 1310 873 1365 βασιλεὺς
900 1309 1129 1364 διακόψας,
1167 1311 1248 1352 ἐπεὶ
1280 1311 1345 1352 καὶ
1380 1308 1533 1364 τὰ,τῆς
1569 1313 1651 1351 λει-

190 1382 382 1437 τουργίας
404 1380 575 1434 ἤνυστο,
614 1381 878 1437 προσέρχεται
905 1380 979 1433 μὲν
999 1383 1056 1437 τῷ
1075 1375 1404 1435 λειτουργήσαντι
1425 1379 1490 1419 καὶ
1513 1394 1652 1434 σφρα-

191 1452 361 1507 γίζεται,
399 1448 539 1502 λαβὼν
566 1450 621 1499 εἲς
653 1446 852 1505 ἆγιασμόν
879 1449 946 1492 καὶ
981 1448 1027 1490 τὸ
1060 1447 1166 1504 ἱερὸν
1184 1445 1374 1501 κλάσμα,
1412 1446 1586 1495 ἐκείνους
1606 1444 1650 1487 δ’

193 1520 311 1576 ἀφεὶς
341 1518 573 1574 παραυτίκα
599 1517 797 1575 ἐξέρχεται
828 1521 902 1560 τοῦ
934 1514 1036 1570 νεώ,
1084 1514 1139 1565 ὡς
1171 1514 1192 1559 ὅ
1223 1533 1260 1558 τι
1290 1515 1449 1558 θέλοιεν
1474 1513 1650 1564 ἀπόντος

189 1589 336 1631 ἐκείνου
363 1584 607 1643 πράξοντας.
679 1585 700 1630 ὃ
737 1587 781 1629 δὲ
806 1587 873 1628 καὶ
904 1584 1012 1628 οὕτω
1042 1584 1309 1641 προσέρχεται
1340 1584 1406 1627 καὶ
1433 1583 1481 1626 τὸ
1513 1587 1710 1638 σχῆμαξο

190 1657 369 1713 δέχεται,
403 1653 649 1706 Ἀθανάσιος
672 1654 768 1698 ἀντ’
783 1654 1043 1713 Ἀνδρονίκου
1065 1653 1327 1709 ὀνομασθείς.

197 1846 284 1880 fines
306 1845 507 1879 recesserat.
554 1843 636 1888 (18)
659 1841 836 1877 Sar-densis
858 1853 940 1877 vero
964 1842 1135 1887 sapienter
1158 1852 1196 1875 se
1218 1842 1385 1875 facturum
1409 1839 1514 1879 ratus,
1537 1837 1565 1873 si
1588 1849 1656 1873 non

197 1892 309 1937 palam
336 1892 542 1936 repugnaret
571 1888 797 1934 imperatori,
831 1889 1061 1934 patriarcham
1092 1899 1191 1933 quem
1215 1887 1274 1921 ille
1303 1886 1465 1932 probaret
1487 1883 1656 1926 reiiciens,

197 1938 299 1972 aliam
322 1937 498 1971 ineundam
519 1935 583 1970 sibi
615 1935 779 1970 rationem
810 1935 909 1968 duxit
937 1934 1131 1969 insinuandi
1165 1944 1242 1968 sese
1266 1937 1301 1966 et
1333 1931 1455 1966 callida
1476 1930 1586 1975 ipsum
1610 1930 1656 1965 si—

199 1983 383 2018 mulatione
405 1981 555 2017 fallendi.
600 1981 718 2026 itaque
741 1992 814 2015 cum
838 1980 1030 2015 Ioannicius
1054 1980 1232 2025 episcopus
1254 1976 1512 2022 Philadelphiae
1533 1980 1657 2022 rogatu

198 2029 414 2074 imperatoris
437 2033 472 2063 et
501 2028 575 2073 ipso
598 2032 777 2072 praesente
801 2027 890 2072 apud
924 2026 1160 2061 monasterium
1184 2023 1375 2059 Salvatoris
1408 2034 1542 2057 sacrum
1565 2026 1658 2057 sace-

199 2080 254 2110 ret
269 2100 281 2117 ‚
316 2075 520 2118 sardensis,
550 2073 608 2120 qui
639 2077 676 2108 et
706 2073 781 2119 ipse
802 2075 942 2116 aderat,
975 2074 1142 2107 accedens
1165 2071 1208 2106 ad
1230 2070 1469 2116 imperatorem
1492 2068 1659 2103 indicavit

198 2120 264 2166 ipsi
290 2132 365 2155 esse
388 2121 454 2155 sibi
475 2121 509 2155 in
532 2119 641 2154 animo
664 2131 797 2154 sacrum
819 2118 972 2153 monachi
993 2119 1143 2152 habitum
1165 2116 1213 2151 ibi
1245 2127 1377 2151 sumere
1398 2114 1551 2149 manibus
1574 2114 1658 2148 Phi-

199 2166 451 2212 ladelphiensis.
495 2166 538 2200 ad
562 2177 651 2211 quae
678 2165 864 2211 imperator
900 2177 968 2199 non
988 2165 1127 2209 ignarus
1163 2167 1279 2197 astuta
1301 2162 1335 2196 id
1372 2161 1438 2195 dici
1461 2166 1498 2195 et
1520 2160 1578 2206 agi
1600 2171 1660 2195 ra-

199 2213 318 2254 tione,
348 2216 388 2247 ut
422 2212 568 2256 deinde,
601 2223 676 2245 cum
707 2224 745 2246 se
774 2211 842 2257 ipsi
876 2211 975 2245 daret
1009 2209 1245 2257 opportunitas
1279 2207 1499 2253 deponendae
1531 2206 1660 2249 larvae,

203 2258 338 2293 causari
361 2258 542 2293 Sardensis
566 2261 683 2303 posset
704 2258 737 2292 vi
760 2261 918 2292 adactum
940 2267 1015 2291 sese
1037 2256 1172 2290 minime
1195 2256 1361 2289 volentem
1386 2254 1430 2287 ab
1452 2253 1660 2298 imperatore

202 2309 386 2350 praesente
408 2304 451 2339 ad
473 2309 602 2338 vestem
624 2303 840 2338 monasticam
862 2303 1083 2345 induendam,
1116 2300 1283 2347 quaesivit
1305 2311 1348 2334 ex
1371 2311 1411 2334 eo
1435 2299 1516 2345 quid
1538 2308 1661 2344 passus

204 2350 328 2396 quidve
363 2361 507 2395 sequens
540 2354 703 2384 mutatum
734 2350 804 2385 iret
834 2360 910 2384 cum
939 2349 1058 2383 habitu
1090 2348 1185 2382 vitae
1216 2347 1359 2381 formam
1392 2356 1436 2380 ex
1462 2348 1604 2380 actuosa
1625 2344 1660 2378 in

202 2395 420 2442 tranquillam
443 2395 650 2441 otiosamque
673 2406 711 2430 se
732 2396 953 2430 transferens.
999 2399 1190 2435 caeterum,
1228 2392 1383 2435 addidit,
1416 2402 1514 2425 nemo
1547 2388 1661 2436 prohi-

204 2442 266 2477 bet
288 2442 370 2488 quin
393 2441 501 2476 facias
524 2442 642 2487 utique
665 2442 754 2488 quod
778 2441 875 2477 velis.
921 2440 975 2475 hic
998 2439 1180 2475 Sardensis
1211 2439 1253 2473 ad
1278 2439 1341 2472 hoc
1363 2449 1401 2473 se
1422 2435 1552 2472 moveri
1575 2434 1662 2470 dixit

205 2500 311 2523 causa
347 2487 483 2522 tollendi
521 2487 672 2522 scandali
703 2486 1003 2532 satisfaciendique
1033 2484 1210 2522 offensioni
1239 2485 1417 2524 multorum
1448 2482 1534 2516 falso
1558 2481 1600 2516 de
1623 2492 1663 2515 se

206 2545 456 2581 persuasorum,
478 2538 638 2580 tanquam
662 2545 766 2579 penes
787 2533 894 2579 ipsum
918 2534 1092 2567 turbarum
1117 2543 1206 2578 quae
1227 2536 1308 2566 tunc
1331 2532 1430 2564 erant
1452 2528 1553 2574 culpa
1573 2527 1663 2561 resi-

206 2581 323 2623 deret;
346 2584 417 2615 tum
440 2578 526 2614 alias
549 2583 728 2624 praeterea
750 2580 910 2614 nectebat
932 2590 1061 2613 causas.
1109 2590 1182 2612 eam
1204 2578 1349 2612 verbose
1368 2578 1560 2610 contextam
1581 2584 1663 2607 ora·

208 2627 336 2661 tionem
373 2627 573 2671 abrumpens
607 2626 816 2671 imperator,
846 2625 907 2659 ubi
936 2625 1040 2659 missa
1067 2628 1210 2670 peracta
1232 2626 1304 2666 est,
1338 2620 1483 2656 accessit
1504 2620 1548 2654 ad
1572 2618 1664 2652 cele-

208 2673 363 2707 brantem
376 2697 387 2715 ‚
409 2674 444 2706 et
466 2682 542 2706 sese
565 2683 665 2706 cruce
687 2671 821 2716 signans
847 2681 977 2705 sacram
999 2671 1202 2716 particulam
1224 2668 1292 2703 rite
1316 2666 1480 2712 sumpsit,
1519 2675 1665 2710 moxque

210 2719 335 2764 templo
369 2718 534 2752 excedens
564 2713 670 2763 ipsos'
688 2717 826 2763 reliquit
852 2718 1004 2751 facturos
1021 2742 1031 2760 ‚
1064 2729 1102 2751 se
1138 2717 1300 2755 absente,
1336 2710 1500 2759 quidquid
1525 2710 1664 2745 vellent.

209 2764 379 2809 processit
400 2762 612 2798 nihilominus
635 2763 817 2798 Sardensis
840 2763 883 2797 ad
906 2762 1130 2809 destinatum,
1161 2766 1198 2797 et
1219 2759 1374 2796 monachi
1396 2757 1546 2794 habitum
1572 2766 1665 2791 sum-

210 2810 303 2855 psit,
327 2822 370 2846 ex
394 2809 582 2846 Andronico
608 2809 814 2845 Athanasius
837 2812 988 2844 vocatus.
