1884 3262
440 211 514 253 DE
542 211 815 256 MICHAELE
842 211 1212 259 PALAEOLOGO
1239 215 1288 259 L.
1314 215 1390 259 VI.
1525 213 1624 262 435

180 328 348 378 χωρεῖν,
385 320 516 373 οὕτως
549 321 773 380 ἀρξάμενος
799 324 873 379 μὲν
894 323 1139 382 ἀπερΐττως,
1169 324 1224 368 τὰ
1239 323 1408 382 μέγιστα
1430 323 1475 368 δ’
1505 323 1625 369 εὔτυ-

180 390 315 446 munic
338 388 380 432 ἔκ
402 395 473 433 τοῦ
494 392 640 451 ῥᾷστα.
708 392 780 434 καί
792 408 835 448 γε
860 394 926 435 καὶ
946 393 1130 449 γαμβρὸν
1150 392 1212 435 ἐπὶ
1235 395 1412 449 θυγατρὶ
1431 395 1620 437 διενοεῖτο
1642 396 1673 431 Β

183 465 332 510 ποιεῖν,
363 460 397 500 εἴ
421 460 536 515 σφίσι
564 457 711 510 δόξειεν
739 459 1023 514 ἔνικανωμένος
1053 462 1121 503 καὶ
1152 460 1255 517 πρὸς
1280 460 1410 516 αὐτὴν
1433 461 1508 516 τὴν
1541 466 1625 505 τῶν

183 523 432 583 Βουλγοῖρων
453 525 592 581 ἀρχήν.
661 525 772 581 ὅμως
788 526 834 570 δ’
855 527 1006 583 ἐνορῶν
1024 529 1091 570 καὶ
1112 527 1160 570 τὸ
1186 532 1261 583 τῆς
1285 526 1411 584 τύχης
1426 528 1622 583 ἄστατον,

149 592 239 644 ὅῶς
268 592 355 647 ἅμα
379 594 454 648 μὲν
476 595 716 650 χαρίζεσθαι
743 596 810 637 καὶ
835 594 888 637 τὰ
911 594 1080 649 μέγιστα
1110 593 1198 648 ἅμα
1225 596 1272 638 δὲ
1299 597 1367 638 καὶ
1396 596 1449 639 τὰ
1470 596 1623 652 ἀρχαῖα

180 667 554 718 προσαφαιρεΐσθαι
574 663 788 705 κλίνουσαν
804 661 856 704 τοὶ
878 660 996 718 ζυγά,
1033 661 1158 719 ἀρετῇ
1183 663 1228 705 δὲ
1247 664 1315 705 καὶ
1333 663 1380 706 τὸ
1402 662 1623 720 προσγενό-

179 745 301 784 μενον
333 730 476 772 οἰκεῖον
509 731 577 772 καὶ
605 729 652 773 τὸ
682 726 974 786 ἀπογενόμενον
998 728 1076 772 οὐκ
1104 729 1367 784 ἀνέλπιστον,
1413 728 1624 774 ὑπώπτευε

179 796 233 840 τὰ
253 796 384 840 πολλὰ
405 797 479 852 τὴν
497 795 649 852 τύχην,
683 797 742 852 μὴ
762 799 892 840 δοῦσα
913 795 1070 853 μεγάλα
1087 798 1278 854 ἐξαίφνης
1293 797 1341 841 τὸ
1361 803 1443 842 πᾶν
1466 800 1622 853 ταχέως
1643 806 1674 841 C

180 863 379 921 ἀφέληται
392 897 406 917 ,
438 866 504 907 καὶ
523 865 667 920 ἀρετῆς
682 864 740 919 μὴ
771 863 897 920 οἷίσης
912 866 1018 920 μηδὲ
1035 865 1171 923 βραχὺ
1192 868 1260 908 καὶ
1278 865 1324 908 τὸ
1345 866 1450 923 παρ’
1474 867 1626 922 ἐκείνης

126 940 170 974 10
181 930 388 986 διδόμενον
417 931 637 990 ἅμαυρῷτο
650 964 664 984 ,
716 929 772 982 ὥς
800 932 859 986 μὴ
891 930 1064 990 φθάνειν
1103 930 1416 988 ἓπιτυγχάνοντα
1452 932 1625 988 θαυμά-

180 1003 322 1052 ζεσθαι
341 1000 407 1042 καὶ
426 1002 624 1042 ἐλεεῖσθαι
645 998 990 1054 ἀποτυγχάνοντα.
1038 999 1107 1043 διὰ
1124 1005 1246 1043 τοῦτο
1267 1003 1334 1042 καὶ
1352 1005 1485 1044 ταῦτα
1505 1001 1625 1058 στρέ-

178 1084 269 1124 φων
291 1068 353 1109 ἐπὶ
373 1070 598 1122 λογισμῶν,
633 1067 787 1121 βουλὴν
806 1068 985 1123 συνέλεγε
1002 1067 1099 1117 τοὺς
1117 1066 1228 1124 ἄμφ’
1256 1067 1382 1111 αὐτὸν
1399 1073 1623 1125 συγκαλῶν.

177 1134 316 1188 ἴβλεπε
340 1134 418 1190 γάρ
435 1135 509 1189 τὴν
529 1139 610 1177 τῶν
629 1131 877 1191 Βουλγάρων
898 1134 1027 1191 ἀρχὴν
1044 1139 1119 1178 τοῦ
1140 1134 1495 1192 προστατήσοντος
1517 1135 1622 1194 χρῄ-

179 1205 328 1254 ζουσαν
360 1203 402 1252 ἓξ
437 1200 636 1259 ἀνάγκης,
683 1203 895 1258 παρετίθει
929 1201 974 1245 δὲ
1003 1204 1070 1245 καὶ
1098 1207 1156 1261 τῷ
1181 1206 1365 1264 Λαχανᾷ
1393 1204 1465 1247 τὸν
1487 1205 1530 1247 ἐκ
1548 1209 1624 1248 τοῦ

125 1277 167 1313 15
178 1273 329 1325 Μυτζῆ
354 1268 542 1325 Ἰωάννην
549 1303 563 1323 ,
582 1271 668 1312 ’καὶ
693 1274 751 1328 τῷ
775 1270 849 1324 μέν
879 1267 1005 1325 τύχην
1026 1272 1093 1313 καὶ
1121 1269 1283 1327 θράσος
1303 1273 1370 1314 καὶ
1390 1272 1436 1314 τὸ
1454 1273 1518 1314 ε’πὶ
1537 1277 1621 1315 τῶν
1645 1281 1675 1315 D

177 1336 427 1396 πραγμάτων
445 1337 542 1382 εἶναι
562 1340 617 1388 εἷς
631 1335 859 1395 πρόσβασιν
877 1342 949 1394 τῆς
967 1337 1096 1396 ἀρχῆς
1113 1339 1403 1383 συντελέσοντα
1420 1340 1619 1396 ἐγίνωσκε,

269 1448 325 1485 15.
344 1444 386 1484 τὸ
409 1447 538 1482 deerat.

177 1550 281 1585 opera
309 1537 557 1573 dissimulanter
588 1536 802 1583 explorarent
833 1536 923 1574 vires
954 1548 1102 1584 opesque
1130 1536 1224 1580 eius,
1260 1534 1382 1582 ecquid
1409 1538 1545 1579 tantae,
1578 1547 1621 1572 ac

177 1589 314 1619 caetera
337 1585 407 1618 eius
428 1583 537 1618 omnia
557 1584 618 1618 tali
640 1583 714 1618 loco
739 1587 862 1626 essent,
886 1588 924 1617 ut
945 1582 1120 1629 expectari
1142 1582 1216 1618 iure
1232 1585 1354 1628 ‘posset
1374 1592 1449 1616 eum
1471 1582 1528 1627 qui
1550 1586 1621 1617 tam

175 1630 291 1664 tenuia
312 1629 406 1663 initia
428 1631 642 1673 portentosae
662 1628 831 1663 felicitatis
847 1628 1074 1674 multiplicatis
1095 1629 1256 1663 hactenus
1275 1627 1485 1661 successibus
1505 1638 1622 1662 cumu-

175 1677 331 1716 laverat,
361 1674 436 1720 pari
474 1674 634 1720 deinceps
666 1685 800 1720 quoque
831 1676 1042 1720 profectuum
1077 1679 1194 1708 tenore
1229 1673 1272 1707 ad
1306 1673 1434 1708 culmen
1462 1674 1620 1707 fortunae

175 1731 335 1755 summum
371 1725 619 1766 perventurum.
664 1720 784 1765 quodsi
813 1719 929 1754 horum
956 1720 1066 1754 relatu
1097 1718 1309 1763 cognovisset
1340 1730 1404 1752 non
1434 1730 1510 1752 esse
1529 1718 1621 1752 illum

174 1765 365 1800 inidoneum
387 1777 490 1810 regno
514 1765 711 1810 Bulgariae,
735 1777 798 1800 nec
819 1765 979 1811 imparem
1001 1765 1075 1799 eius
1091 1763 1231 1798 nominis
1251 1763 1467 1798 sustinendae
1489 1767 1623 1798 utcum-

175 1822 243 1857 que
265 1810 458 1852 maiestati,
481 1811 736 1856 haudquaquam
761 1811 967 1846 abhorrebat
988 1822 1010 1845 a
1031 1809 1238 1855 cogitatione
1258 1821 1418 1854 generum
1440 1809 1506 1843 sibi
1528 1810 1621 1843 illum

175 1856 360 1892 asciscendi
382 1856 521 1902 propria
542 1856 607 1901 ipsi
630 1856 822 1891 collocanda
842 1856 927 1891 filia.
973 1859 1084 1890 tamen
1105 1861 1266 1902 reputans
1285 1854 1445 1890 attentius
1469 1866 1543 1888 cum
1565 1855 1622 1889 in-

177 1902 398 1936 constantiam
419 1903 576 1936 fortunae
595 1901 694 1936 simul
724 1902 868 1936 maxima
899 1901 1123 1947 indulgentis,
1156 1901 1252 1935 simul
1272 1901 1385 1934 subita
1405 1900 1622 1934 inclinatione

174 1947 280 1982 lancis
303 1947 404 1982 etiam
427 1947 564 1992 antiqua
585 1948 776 1993 eripientis,
806 1951 876 1981 tum
907 1947 1043 1982 virtutis
1070 1950 1165 1981 tanto
1192 1945 1481 1991 praestabiliorem
1504 1946 1622 1980 condi-

176 1993 300 2027 tionem
323 2004 364 2027 ac
386 1996 558 2034 naturam,
582 1993 637 2027 cui
661 1999 697 2027 et
719 2005 807 2039 quae
839 1993 951 2027 insunt
983 1994 1070 2028 bona
1092 2003 1175 2026 vere
1197 1991 1333 2037 propria
1354 1990 1620 2026 inamissibiliter

176 2038 412 2083 possidentur,
443 2041 478 2072 et
509 2050 598 2083 quae
629 2039 751 2073 desunt
778 2038 1001 2073 verisimiliter
1032 2043 1231 2083 sperantur,
1269 2037 1383 2071 vereri
1419 2048 1622 2081 magnopere

176 2085 287 2129 coepit
309 2095 352 2118 ne
373 2091 495 2119 cuncta
517 2085 600 2118 haec
623 2085 725 2119 sortis
745 2085 912 2119 beneficia
934 2084 1003 2118 cita
1025 2084 1190 2126 eiusdem,
1214 2085 1344 2117 mature
1366 2082 1539 2126 poenitere
1561 2082 1623 2115 do-

175 2140 293 2163 norum
310 2129 464 2183 'solit-ae,
499 2130 688 2183 mutatione
724 2131 958 2184 aufer-rentum
990 2132 1026 2164 et
1053 2132 1110 2164 vel
1141 2129 1171 2163 si
1202 2131 1479 2181 perseverarent,
1509 2132 1622 2160 tamen

175 2172 1621 2266 3333212233‚¹¹22¹:¹0⁰1;³.:{”¹÷:.t21¹1322?;t3b2⁸33‘aazisszosszzzfflssbffizffi

175 2265 325 2299 mirando
359 2271 572 2300 consecutum
602 2267 667 2300 ista
682 2292 694 2308 ,
730 2271 790 2300 aut
819 2278 859 2300 eo
892 2266 952 2311 qui
980 2266 1102 2300 talibus
1135 2268 1268 2298 careret
1300 2263 1422 2297 misero
1454 2263 1617 2308 putando.

175 2321 282 2356 quare
311 2311 486 2354 perpensis
517 2311 595 2345 istis
626 2311 693 2345 alio
722 2316 860 2346 vertens
889 2312 1054 2352 animum,
1090 2308 1289 2345 convocavit
1321 2309 1414 2342 viros
1435 2309 1619 2354 prudentes

176 2367 262 2401 quos
284 2355 430 2389 habebat
454 2367 586 2398 secum,
623 2356 733 2402 iisque
761 2368 930 2400 exponens
956 2357 1073 2390 videre
1093 2367 1132 2390 se
1163 2354 1353 2389 necessario
1376 2353 1616 2399 providendum

201 2400 359 2445 rincipem
391 2401 592 2444 Bulgariae‚
629 2401 714 2436 duos
744 2403 919 2447 proposuit
947 2401 1006 2447 qui
1042 2401 1073 2434 ei
1106 2400 1247 2446 praefici
1276 2409 1376 2445 posse
1405 2399 1615 2441 viderentur,

176 2412 368 2480 {aelianum
391 2453 426 2480 et
448 2447 586 2490 Mytzae
609 2447 712 2481 filium
733 2447 917 2489 Ioannem3
950 2451 985 2480 et
1006 2446 1054 2481 illi
1076 2446 1208 2491 quidem
1230 2447 1395 2480 fortunam
1418 2445 1615 2489 suffragari,

176 2492 287 2525 inesse
297 2492 440 2525 animum
459 2492 614 2533 audendi,
632 2492 826 2538 magnisque
844 2504 906 2526 nec
928 2492 1142 2537 improsperi·
1160 2491 1288 2538 coeptis
1300 2491 1458 2525 munitum
1479 2490 1614 2525 abunde

175 2537 244 2583 ipsi
273 2536 382 2570 videri
412 2547 513 2582 posse
540 2537 608 2570 iter
638 2537 683 2571 ad
721 2548 879 2572 summam
911 2537 1010 2571 isthic
1040 2537 1234 2582 potentiam.
1278 2536 1393 2572 Ioanni
1427 2539 1538 2570 tamen
1575 2542 1615 2570 ut

175 2593 243 2616 non
272 2582 520 2627 desperandum!
546 2582 700 2616 videatur
729 2594 828 2627 posse
863 2583 906 2617 ad
938 2587 1089 2628 optatum
1122 2582 1304 2617 succedere
1341 2588 1496 2616 conatum
1525 2581 1613 2616 istuc

175 2627 372 2672 aspirandi,
403 2629 518 2662 facere
539 2639 644 2673 genus
665 2628 771 2672 ipsius
792 2633 828 2662 et
856 2631 993 2662 caetera
1010 2627 1059 2662 ini
1082 2639 1145 2673 pso
1167 2628 1234 2663 sita
1255 2629 1343 2662 bona
1365 2627 1613 2673 praesidiaque,

176 2673 296 2718 quibus
321 2674 410 2708 haud
433 2673 535 2708 dubie
557 2673 769 2708 attolleretur
798 2673 842 2707 ad
874 2680 966 2719 spem
995 2684 1061 2708 non
1082 2673 1384 2721 imprudentem'iu
1405 2684 1446 2706 eo
1469 2683 1614 2717 praeva—

175 2717 282 2761 lendi,
313 2719 342 2752 si
374 2723 532 2753 tentaret.
579 2719 708 2753 addidit
740 2718 775 2752 in
808 2719 896 2753 hunc
927 2718 1034 2763 magis
1063 2730 1140 2754 sese
1170 2720 1399 2774 propendere,
1432 2717 1614 2762 meliusque

176 2763 400 2798 collocandam
427 2765 461 2798 in
496 2765 560 2799 hoc
591 2764 817 2810 promovendo
846 2764 1005 2800 arbitrari
1034 2775 1184 2810 operam.
1227 2765 1314 2799 ldem
1344 2763 1512 2809 plerisque
1536 2764 1613 2807 pla-

177 2809 267 2852 cuit,
297 2820 483 2857 maguoque
513 2821 652 2847 assensu
687 2810 863 2857 probatum
902 2809 1115 2858 imperatoris
1151 2810 1320 2846 consilium
1352 2811 1406 2844 est
1431 2806 1615 2844 asciscendi
