1846 3262
425 185 502 228 DE
537 184 816 228 mchAELE
850 160 1228 228 PALAEOLOGO
1264 184 1309 226 L.
1340 184 1373 227 1.
1440 236 1442 238 ,
1575 183 1641 230 49

163 298 265 342 ἄλλο
285 315 326 342 τι
348 298 452 356 πρὸς
471 298 518 342 τὸ
541 297 674 355 παρὸν
691 295 1010 354 ὖποφωνοῦντες
1031 300 1149 353 δῆλοι
1166 293 1274 354 ἦσαν
1294 301 1352 356 τῷ
1372 302 1502 356 καιρῷ
1520 315 1642 356 χαρι-
1666 306 1694 339 Β

164 366 346 423 ζόμενοι,
385 372 730 424 σεμνολογοῦντες
760 365 847 411 οἷον
877 369 945 409 καὶ
970 365 1130 422 ἑαυτῶν
1148 366 1298 411 ἐκεῖνον
1317 365 1641 424 ὑπερτιθέμενοι.

162 442 248 480 τῶν
281 437 327 480 δὲ
358 434 609 492 συμβάντων
636 441 838 480 τοσοῦτον
868 434 1037 490 ἀπεῖχον
1068 437 1219 480 ἐκεῖνον
1248 438 1382 480 δοκεῖν
1409 438 1641 491 αἰτιᾶσθαι,

164 505 269 550 ὥστε
291 507 358 549 καὶ
380 511 439 565 τῷ
457 511 624 560 βασιλεῖ
639 503 754 565 μόνῳ
773 506 851 556 τοὶς
871 506 1007 555 αι’τίας
1026 510 1281 561 προσῆπτον,
1316 508 1384 549 καὶ
1405 503 1645 561 ὡμολόγουν

127 575 239 622 ὅοῦκ
261 575 342 626 ἔξω
365 580 439 619 τοῦ
459 577 619 618 δικαίου
640 579 791 618 παθεῖν
806 607 822 628 ,
859 576 895 618 εἷ
910 573 971 630 μὴ
997 573 1058 616 δι’
1079 572 1123 617 (ἐν
1142 573 1243 618 ἄλλο
1267 573 1293 630 ἢ
1315 574 1364 618 τὸ
1384 572 1463 618 ὑπὸ
1493 573 1643 619 δεσπό-

159 663 236 700 την
266 648 488 695 τελοῦντας
508 644 585 700 τὴν
603 648 721 701 σφῶν
742 646 799 694 εἷς
815 651 959 700 χεῖρας
978 643 1083 699 ζωὴν
1107 643 1254 699 ἔχοντα
1265 676 1279 698 ,
1318 644 1455 702 ἐκείνῳ
1476 646 1542 687 καὶ
1561 643 1643 700 μό·-

159 731 232 758 νον
265 716 417 757 δοκοῦν
443 711 706 764 ὕπευθύνους
738 711 838 756 εἶναι
864 715 932 756 καὶ
959 717 1249 770 τιμωρεῖσθαι.
1320 711 1443 771 (17)
1480 711 1502 757 ὃ
1527 714 1576 757 δέ
1591 732 1634 771 γε
1658 720 1690 754 D

159 781 449 839 Παλαιολόγος
478 782 654 838 Μιχαὴλ
687 783 756 826 καὶ
783 783 911 839 μέγας
938 786 1219 832 κονοσταῦλος
1253 781 1300 825 τό
1326 787 1577 838 τηνικαῦτα,
1612 782 1639 838 ἢ

159 854 228 895 καὶ
255 859 346 902 ταῖς
378 852 594 908 ἀληθείαις
625 850 682 895 ὢν
706 856 824 902 θεῖος
846 853 888 895 ἐκ
907 851 1099 908 γυναικὸς
1120 853 1272 895 ἐκείνου
1292 853 1359 894 καὶ
1378 852 1642 907 συμμετέχειν

104 931 149 966 10
163 920 299 976 ὥσπερ
336 926 412 964 τοῦ
444 921 586 978 γένους
612 922 748 980 ἐκείνῳ
781 920 892 965 οὕτω
922 923 989 964 καὶ
1016 925 1092 976 τῆς
1123 919 1248 976 δόξης
1265 918 1451 976 οἰόμενος
1460 954 1474 974 ,
1512 920 1640 977 ’ἢμὴν

165 993 232 1034 καὶ
259 995 529 1040 θωπευτικῶς
560 990 663 1047 πρὸς
695 990 769 1034 τὸν
797 989 940 1045 καιρὸν
971 988 1269 1047 ὑπερχόμενος,
1318 990 1424 1045 μετὰ
1454 990 1530 1046 τὴν
1557 995 1640 1034 τῶν

158 1059 296 1103 ἄλλων
321 1059 546 1115 ἀπολογίαν
565 1061 632 1103 καὶ
650 1059 726 1115 τὴν
747 1059 1049 1118 ἐμφαινομένην
1075 1057 1315 1103 ὑπόπτωσιν
1335 1076 1638 1116 παρρησιαστι-

156 1127 335 1186 κώτερον
354 1129 458 1184 πρὸς
477 1129 573 1179 τοὺς
591 1125 738 1185 λόγους
760 1129 994 1186 ἀπελογεῖτο
1009 1143 1020 1153 ·
1060 1131 1169 1172 “nai
1188 1129 1232 1172 τί
1245 1145 1343 1172 ποτε
1362 1127 1444 1185 ι’ίρα
1465 1133 1638 1172 τοιαῦτα
1663 1133 1692 1167 Ρ
1716 1135 1761 1170 28

156 1197 283 1254 λέγειν
314 1198 496 1255 παρέστη
529 1215 594 1241 σοι
625 1198 730 1255 πρὸς
757 1196 868 1254 ἡμᾶς
900 1198 1078 1256 ἀρτίως,
1113 1196 1134 1242 ὅ
1165 1205 1257 1249 ταῖς
1279 1197 1412 1249 ἀξίαις
1432 1196 1640 1254 ὑπερέχων

101 1275 145 1311 15
159 1270 226 1310 καὶ
246 1271 328 1310 τῶν
349 1267 486 1311 ἄλλων
502 1269 628 1324 κρίσει
646 1269 843 1327 βασιλείῳ
861 1265 1216 1325 ὕπερφερόμενος;
1252 1268 1296 1310 τί
1310 1267 1358 1310 δέ
1373 1284 1439 1311 σοι
1460 1269 1528 1311 καὶ
1548 1270 1639 1325 περὶ

158 1334 276 1391 ἡμῶν
295 1335 495 1392 ἤκουσται
516 1335 571 1388 ὥς
595 1339 770 1393 ἐγκοτεῖν
792 1340 923 1393 δῆθεν
944 1335 1178 1381 δοκούντων
1199 1339 1418 1380 διοικοῦντι
1437 1337 1489 1380 τὰ
1511 1342 1639 1392 βασι-

156 1406 282 1462 λε’ωςς
319 1409 380 1456 τίς
402 1407 451 1449 δέ
469 1424 513 1451 σε
534 1408 600 1449 καὶ
620 1404 852 1450 αἰτιάσαιτο
872 1407 1039 1456 δικαίως
1059 1400 1116 1448 ὧν
1136 1405 1401 1462 ὀργισθέντος
1419 1411 1494 1449 τοῦ
1511 1411 1639 1461 βασι-

157 1475 260 1526 λέως
288 1476 438 1531 ξυνέβη
474 1476 513 1518 οἱ
545 1480 725 1531 παθεΐν;
775 1475 906 1526 οὐδεὶς
933 1477 989 1526 εἷς
1017 1473 1141 1518 τόσον
1170 1472 1445 1532 προεληλύθει
1473 1474 1639 1531 ἀγνοίας

158 1542 265 1588 ὥστε
296 1546 362 1587 καὶ
392 1545 596 1600 βασιλέως
625 1544 749 1600 ὀργὴν
776 1544 932 1601 ἀγνοεῖν
962 1546 1030 1588 καὶ
1061 1543 1136 1600 τὴν
1153 1548 1228 1587 τοῦ
1245 1547 1391 1600 καιροῦ
1410 1543 1469 1599 μὴ
1489 1544 1638 1588 εἰδέναι

100 1615 346 1672 2οπικρίαν,
397 1611 530 1671 ὁπόση
559 1609 611 1670 ἦν
639 1615 708 1657 καὶ
739 1612 853 1665 ὅπως
884 1615 1063 1672 ἐφῆπται
1093 1617 1218 1667 πᾶσι,
1265 1614 1333 1656 καὶ
1357 1616 1519 1668 μᾶλλον
1547 1619 1634 1664 τοῖς
1656 1624 1686 1659 Β

156 1837 243 1872 alius
275 1836 370 1873 aliud
399 1849 463 1884 pro
495 1850 535 1874 re
570 1840 748 1885 praesenti
784 1839 952 1875 submisse
976 1851 1019 1875 ac
1042 1839 1275 1886 perfunctorie
1308 1838 1485 1878 dixerunt,
1519 1838 1569 1874 ita
1594 1843 1632 1874 ut

155 1883 349 1929 gratificari
382 1896 441 1920 eos
474 1884 687 1931 potientibus
718 1893 804 1921 tunc
836 1898 947 1921 rerum
972 1887 1082 1932 palam
1107 1891 1208 1922 esset.
1254 1885 1442 1920 laudabant
1468 1891 1633 1930 protove-

155 1931 335 1974 stiarium,
361 1937 397 1966 et
418 1932 486 1966 sibi
509 1931 596 1978 ipsis
621 1933 886 1977 praeferebant:
922 1945 1037 1968 eorum
1062 1945 1146 1967 vero
1170 1943 1260 1977 quae
1284 1931 1407 1977 gravia
1429 1931 1633 1977 quibusdam

156 1981 193 2011 et
215 1977 354 2022 publice
378 1977 492 2012 invisa
515 1978 754 2023 contigerant,
779 1987 909 2014 tantum
933 1981 1077 2014 aberant
1099 1979 1143 2014 ab
1167 1991 1208 2012 eo
1232 1977 1463 2019 criminando,
1487 1983 1526 2012 ut
1550 1989 1633 2012 cau-

153 2034 212 2058 sas
235 2023 384 2059 omnium
407 2025 443 2059 in
467 2024 709 2070 imperatorem
733 2026 862 2060 diserte
893 2027 1113 2066 conferrent,
1143 2025 1310 2059 addentes
1342 2036 1410 2069 quo
1434 2023 1532 2069 quasi
1555 2036 1631 2058 eum

153 2076 387 2112 excusarent,
421 2071 504 2106 talia
528 2082 605 2105 sese
629 2083 697 2107 non
729 2072 831 2117 plane
854 2072 977 2108 iniuria
1005 2082 1145 2117 passos,
1175 2071 1205 2105 si
1229 2082 1296 2105 non
1322 2071 1366 2105 ob
1390 2070 1502 2111 aliud,
1535 2075 1632 2105 certe

153 2116 234 2161 quia
258 2116 450 2163 impositum
475 2117 671 2152 cervicibus
706 2119 856 2153 tulerant
879 2118 1047 2153 dominum
1071 2118 1165 2152 vitae
1186 2117 1338 2161 ipsorum
1363 2116 1539 2151 arbitrium
1568 2117 1632 2151 ha-

153 2162 312 2205 bentem,
346 2163 403 2197 cui
427 2163 517 2209 quod
543 2168 674 2199 tantum
698 2164 747 2200 ita
770 2165 967 2207 videretur,
1001 2176 1081 2200 reos
1105 2175 1144 2198 se
1166 2163 1274 2198 fuisse
1297 2174 1339 2198 ac
1362 2162 1452 2197 iuste
1475 2162 1628 2208 punitos.

153 2209 251 2253 (17)
284 2213 323 2243 at
345 2209 496 2244 Michael
522 2211 748 2256 Palaeologus
783 2222 926 2256 magnus
948 2217 1030 2246 tunc
1053 2209 1289 2251 conostaulus‚
1322 2209 1379 2244 vel
1403 2220 1488 2243 vere
1509 2210 1631 2243 favens

153 2254 203 2288 illi
227 2254 323 2289 cuius
347 2256 464 2290 uxoris
488 2258 691 2292 avunculum
715 2269 754 2292 se
777 2259 988 2299 meminerat,
1013 2262 1050 2292 et
1072 2256 1305 2291 commuuione
1327 2255 1466 2301 generis
1488 2255 1523 2289 in
1537 2266 1630 2303 'par-

154 2300 392 2346 ticipationem
423 2314 564 2348 quoque
595 2303 705 2350 ipsius
737 2304 870 2349 gloriae
901 2316 939 2338 se
971 2309 1152 2339 venturum
1187 2306 1338 2348 putans,
1378 2301 1433 2336 vel
1467 2303 1559 2348 quod
1592 2305 1631 2335 et

151 2347 229 2392 ipse
265 2347 472 2382 adulationis
502 2349 594 2383 haud
625 2361 750 2396 expers
782 2352 987 2397 captandam
1019 2351 1164 2384 duceret
1193 2347 1406 2382 occasionem
1434 2346 1630 2382 insinuandi

152 2405 192 2428 se
215 2394 251 2428 in
272 2393 418 2438 gratiam
443 2402 525 2429 tunc
549 2396 851 2440 praepollentium,
883 2401 963 2442 post
985 2407 1045 2431 eas
1069 2407 1157 2441 quas
1186 2394 1410 2429 indicavimus
1431 2393 1628 2440 responsio-

152 2450 214 2474 nes
238 2440 382 2475 aliorum
407 2445 444 2475 et
467 2441 696 2486 significatam
720 2443 997 2485 submissionem,
1029 2443 1134 2476 altius
1157 2445 1193 2476 et
1215 2440 1315 2485 quasi
1347 2440 1486 2475 liberius
1509 2452 1626 2475 vocem

152 2486 278 2520 tollens
312 2487 363 2521 sic
395 2487 441 2521 ad
475 2488 670 2523 concionem
702 2490 901 2535 respondit,
941 2489 1033 2534 “qui
1066 2486 1333 2525 tibi,tandem”
1363 2486 1521 2532 inquiens
1553 2487 1626 2521 “in

152 2537 296 2567 mentem
329 2533 424 2567 venit
456 2534 544 2568 hanc
579 2546 680 2578 quam
716 2535 814 2570 modo
845 2534 1043 2581 explicuisti
1077 2534 1120 2568 ad
1155 2543 1216 2568 nos
1247 2533 1437 2568 orationem
1468 2533 1627 2567 habere?

151 2578 254 2624 quasi
277 2591 343 2614 non
367 2580 497 2614 meritis
521 2584 558 2615 et
579 2581 751 2626 dignitate
775 2582 1011 2627 praeemineas
1028 2580 1155 2614 iudicio
1170 2580 1389 2625 imperatoris
1403 2580 1626 2625 praepositus

152 2625 296 2659 cunctis.
344 2637 435 2671 quae
466 2638 570 2672 porro
597 2638 660 2662 nos
683 2627 774 2673 apud
798 2632 834 2662 te
856 2623 944 2662 falsa
976 2628 1156 2661 infamavit
1186 2626 1336 2668 delatio,
1367 2631 1538 2672 tamquam
1567 2624 1628 2669 qui

151 2671 346 2706 videremur
370 2672 403 2706 ei
427 2684 504 2708 esse
527 2673 652 2707 infensi
675 2674 735 2719 qui
759 2673 854 2709 vices
877 2674 1096 2720 imperatoris
1118 2673 1288 2718 gereret?
1325 2671 1401 2718 quis
1424 2678 1537 2706 autem
1562 2670 1626 2705 tibi

152 2717 243 2751 iuste
275 2718 408 2764 culpam
435 2719 582 2765 imputet
611 2731 727 2755 eorum
750 2732 841 2766 quae
863 2721 908 2755 ab
931 2722 986 2755 ira
1007 2721 1100 2754 forte
1122 2718 1248 2754 mortui
1271 2718 1437 2764 principis
1459 2717 1527 2764 ipsi
1551 2716 1626 2763 pati

150 2762 364 2808 contigerit?
409 2777 506 2800 nemo
538 2771 608 2800 tam
638 2766 784 2811 ignarus
814 2778 927 2802 rernm
953 2771 1030 2809 est,
1061 2764 1118 2800 cui
1139 2771 1223 2800 nota
1245 2775 1313 2799 nou
1335 2764 1382 2799 sit
1403 2769 1528 2799 natura
1551 2763 1627 2797 eius

151 2809 212 2853 qui
239 2810 338 2855 prius
366 2811 552 2857 imperavit
581 2811 792 2848 iracundior.
839 2813 916 2858 quis
949 2813 1052 2847 etiam
1083 2812 1222 2856 ignoret
1245 2817 1374 2856 quanta
1397 2809 1503 2845 suerit
1526 2821 1627 2844 acer-

150 2855 244 2890 bitas
277 2858 444 2903 temporis
474 2858 587 2901 illius,
623 2870 714 2905 quae
734 2859 772 2894 in
795 2870 911 2895 omnes
939 2864 1100 2906 grassata
1122 2863 1199 2901 est,
1231 2863 1269 2892 et
1291 2855 1399 2902 magis
1421 2857 1458 2891 in
1481 2856 1627 2902 propin—

206 2909 385 2955 Georgius
415 2911 643 2956 pachymeres
673 2912 705 2948 Ι.
