1846 3262
192 192 259 237 90
618 162 855 235 GEORGII
887 156 1241 239 PACHYMERIS

862 441 969 525 VB·

74 567 102 600 Ρ
126 565 171 602 57
190 537 432 624 ’Apoaevlcy
465 566 510 607 δὲ
538 569 596 624 τῷ
627 563 860 625 πατριάρχῃ
889 567 991 611 νέων
1021 562 1116 622 ἦρξε
1138 567 1414 625 φροντίδωνῆ
1438 573 1510 624 τῆς
1534 570 1596 611 ἐπὶ
1616 574 1667 626 τῇ

193 636 382 693 βασιλείᾳ
419 633 710 685 καταστάσεως
750 641 824 678 τοῦ
852 635 1145 690 Παλαιολόγου
1187 635 1368 693 ἀνάγκη,
1419 636 1573 693 μεγάλη
1606 655 1669 688 τις

197 699 301 747 οὖσα
334 705 400 745 καὶ
430 703 724 760 ἀπαραίτητος.
795 705 901 759 πλὴν
930 705 1008 761 γὰρ
1043 705 1210 761 ὀλίγων,
1249 707 1315 747 καὶ
1346 704 1505 749 τούτων
1526 706 1668 762 καιρὸν

197 773 273 816 οὐκ
294 770 468 827 ἐχόντων
490 773 558 814 διὰ
581 773 655 828 τὴν
677 777 759 816 τῶν
780 773 916 817 ἄλλων
935 778 1097 817 πολλῶν
1119 776 1185 816 καὶ
1204 771 1391 829 μεγάλων
1413 774 1542 818 ὄντων
1562 773 1668 829 βού-

197 846 316 896 λησιν
353 841 422 898 ἐφ’
457 836 488 900 ᾧ
522 843 741 897 {aleym-fv,
779 847 968 900 φανερῶς
999 843 1038 885 οἱ
1069 842 1185 885 ἄλλοι
1216 841 1361 893 πάντες
1388 848 1488 898 μιᾶς
1511 848 1701 900 βουλῆςό

198 906 307 967 ἦσαν
329 912 395 953 καὶ
416 908 603 966 γνώμης,
642 911 864 967 ἀγαπητῶς
885 912 1043 966 ἔχοντες
1065 914 1099 954 εἲ
1115 910 1396 965 βασιλεύοιντο
1419 911 1495 954 ὑπ’
1517 913 1669 971 ἐκείνῳ.

149 984 180 1020 Β
205 980 375 1036 ἀρίστην
396 979 473 1036 γὰρ
498 982 710 1034 βασιλείαν
732 979 831 1023 εἶναι
856 980 904 1023 οὗ
926 980 999 1036 τὴν
1022 973 1256 1035 κληρωτήν,
1295 980 1345 1036 ἢν
1367 981 1526 1039 ὂλίσθῳ
1544 979 1670 1036 τύχης

198 1051 277 1092 τινὶ
297 1048 381 1091 ἔστι
402 1047 611 1103 λαγχάνειν
632 1051 698 1091 καὶ
720 1049 791 1092 τὸν
813 1047 999 1102 ἀνάξιον,
1039 1049 1138 1092 οὐδέ
1154 1066 1196 1105 γε
1217 1049 1290 1104 τὴν
1311 1049 1390 1092 ἀπὸ
1413 1050 1573 1105 γε’νους,
1612 1052 1670 1100 εἷς

199 1114 251 1173 ἣν
278 1119 655 1174 παρεισφθαρέντες
681 1116 874 1168 πολλάκις
906 1116 1162 1160 λανθάνουσι
1189 1120 1255 1160 καὶ
1287 1118 1325 1160 οἶ
1350 1116 1557 1171 κάκιστοι,
1596 1117 1670 1168 οὓς

200 1187 253 1241 δὴ
285 1188 351 1229 καὶ
380 1185 718 1241 ἀποδοκιμάσειεν
749 1186 800 1230 ἂν
828 1185 848 1230 ὃ
881 1187 1039 1243 ἀγαθὸς
1060 1186 1198 1243 ἄρχων
1218 1188 1284 1229 καὶ
1308 1188 1349 1229 ἓν
1370 1185 1562 1242 ὖπηκόων
1583 1188 1667 1238 ἔξε-
1681 1195 1726 1230 10

199 1253 399 1308 τάζεσθαι
432 1257 584 1315 μοίρᾳ,
623 1255 727 1298 ἀλλὰ
761 1255 835 1311 τὴν
868 1258 910 1306 ἒξ
942 1256 1091 1310 ἀρετῆς
1121 1257 1187 1298 καὶ
1223 1257 1466 1309 δοκιμασίας
1499 1255 1670 1312 ἀρίστης

202 1318 260 1367 ὧν
294 1323 430 1380 ἄρχειν
462 1325 610 1379 μέλλει.
682 1322 787 1380 αὕτη
816 1324 892 1381 γὰρ
928 1327 993 1366 καὶ
1016 1324 1226 1378 λυσιτελὴς
1247 1332 1332 1374 τοῖς
1353 1324 1574 1380 πλήθεσιν,
1613 1326 1670 1367 εἴ·-

201 1391 334 1436 δότων
364 1396 445 1435 τῶν
481 1395 535 1443 εἷς
568 1392 696 1450 ἀρχὴν
729 1391 1019 1436 καταστάντων
1039 1395 1103 1435 ἐπὶ
1126 1394 1204 1435 τίνι
1226 1395 1292 1435 καὶ
1311 1392 1668 1449 προσεκλήθησαν.

148 1464 180 1499 G
204 1462 347 1517 ἰατρὸν
380 1461 458 1518 γὰρ
496 1461 588 1505 οὔτε
622 1461 694 1504 τὸν
727 1463 770 1504 ἐκ
799 1461 925 1517 τύχης
954 1461 1046 1505 οὔτε
1069 1461 1140 1505 τὸν
1171 1462 1214 1503 ἔκ
1234 1461 1376 1517 γένους
1397 1464 1452 1512 εἷς
1476 1461 1521 1504 τὸ
1545 1468 1670 1504 ποιεῖν

201 1528 338 1585 ὖγείαν
358 1537 443 1580 τοῖς
459 1536 649 1574 νοσοῦσιν
672 1529 890 1588 ἀξιόχρεων
914 1531 1089 1583 εἴποιμεν
1102 1544 1114 1555 ·
1147 1532 1214 1572 καὶ
1234 1532 1268 1572 εἷ
1287 1531 1330 1572 ἐκ
1348 1530 1487 1587 γένους
1506 1530 1576 1573 τὸν
1595 1547 1668 1572 κυ-
1682 1538 1727 1574 15

205 1597 460 1655 βερνήσοντα
491 1601 772 1657 ἐγκρινοῦμεν,
810 1599 1137 1654 καταποντιστὴν
1164 1603 1323 1653 μᾶλλον
1359 1598 1384 1654 ἢ
1417 1597 1671 1655 κυβερνήτην

207 1666 475 1722 ἐπιστήσομεν
497 1674 547 1727 τῇ
566 1673 644 1724 νηΐ.
695 1667 934 1712 κινδυνεύειν
956 1669 997 1711 δ’
1024 1667 1131 1711 οὕτω
1149 1670 1216 1711 καὶ
1237 1668 1307 1710 τὸν
1326 1671 1486 1722 μᾶλλον
1506 1665 1671 1723 καθάρ-

208 1753 311 1787 σεως
330 1737 401 1781 εἴτ’
429 1734 500 1781 οὖν
528 1735 774 1789 παιδεύσεως
794 1740 848 1789 εἷς
870 1738 917 1782 τὸ
938 1742 1073 1788 καλῶς
1098 1735 1326 1793 βασιλεύειν
1352 1734 1541 1792 δεόμενον
1565 1734 1670 1779 ἀκά-

899 1918 976 1975 ΙΙ.

213 1995 295 2067 At
324 2027 465 2062 Arsenio
496 2028 714 2073 patriarchae
739 2040 900 2063 novarum
925 2028 1174 2063 solicitudinum
1197 2028 1328 2063 initium
1351 2026 1470 2062 attulit.
1491 2038 1614 2072 magna
1635 2029 1672 2061 et

212 2073 437 2109 ineluctabilis
460 2075 643 2110 necessitas
665 2075 836 2110 imminens
859 2075 1023 2110 evehendi
1046 2075 1285 2120 Palaeologum
1309 2075 1354 2109 ad
1376 2073 1561 2119 imperium.
1593 2084 1672 2107 narn

211 2125 351 2165 praeter
383 2131 508 2165 paucos
538 2126 736 2155 momentum
769 2133 836 2156 non
859 2122 1043 2164 habentes,
1079 2121 1171 2166 quod
1194 2132 1310 2155 eorum
1332 2119 1498 2164 suffragia
1518 2119 1672 2153 multitu-

213 2166 292 2200 dine
325 2166 567 2201 contrariorum
599 2168 838 2210 obruerentur,
875 2166 1035 2202 concordi
1068 2178 1182 2201 omnes
1215 2167 1326 2202 studio
1349 2167 1383 2200 in
1406 2177 1506 2200 unam
1534 2170 1674 2200 senten-

211 2211 296 2246 tiam
320 2211 589 2258 desideriumque
613 2214 852 2258 conspirabant
874 2214 1076 2258 Paiaeologo
1100 2217 1138 2247 ut
1160 2212 1355 2258 imperatori
1375 2211 1559 2247 serviendi.
1594 2210 1674 2246 vul-

211 2269 256 2302 go
280 2262 318 2291 ut
344 2259 502 2303 optimam
526 2259 709 2294 laudabant
735 2272 810 2294 eam
833 2261 962 2295 demum
985 2259 1196 2305 principatus
1219 2261 1378 2306 formam,
1403 2269 1490 2303 quae
1515 2256 1673 2303 principis

211 2303 379 2338 delectum
404 2316 470 2338 non
491 2306 752 2350 praerogativae
775 2307 908 2351 generis
931 2306 1125 2347 addiceret,
1160 2318 1201 2340 ac
1224 2304 1274 2339 sic
1294 2304 1510 2351 permitteret
1532 2302 1673 2337 arbitrio

214 2350 338 2391 sortis,
363 2350 458 2385 cuius
481 2354 661 2386 temerario
683 2352 806 2387 iudicio
834 2353 926 2387 velut
949 2363 1050 2386 caeco
1075 2351 1171 2386 aleae
1194 2363 1275 2386 casu
1298 2363 1364 2385 non
1387 2350 1492 2384 solum
1513 2349 1674 2394 indignus

210 2394 380 2430 interdum
413 2398 677 2441 praeficeretur,
711 2399 772 2433 sed
805 2398 840 2433 in
873 2410 1034 2433 summum
1056 2409 1160 2443 saepe
1182 2398 1290 2432 locum
1326 2397 1516 2442 irreperent
1537 2393 1675 2440 pessimi

211 2441 385 2485 homines,
410 2448 446 2477 et
468 2444 599 2478 omnino
622 2447 709 2478 tales
732 2456 816 2490 quos
839 2445 869 2479 si
890 2445 974 2479 satis
998 2444 1192 2490 exploraret
1214 2443 1332 2488 gravis
1355 2446 1392 2476 et
1414 2447 1576 2477 accurata
1593 2451 1675 2475 cen-

211 2499 314 2528 sura,
347 2488 409 2523 vix
432 2489 465 2523 in
488 2489 636 2524 infimum
659 2491 868 2525 subditorum
891 2491 1034 2534 gradum
1056 2490 1261 2525 admitteret.
1307 2488 1510 2523 tutissimum
1533 2498 1610 2521 esse
1632 2485 1674 2520 il-

211 2534 281 2567 lum
304 2533 408 2579 igitur
433 2535 578 2580 eligendi
600 2538 752 2579 modum,
790 2548 855 2582 quo
879 2537 950 2571 vita
973 2537 1046 2571 eius
1070 2539 1105 2570 et
1127 2547 1238 2570 mores
1260 2535 1318 2581 qui
1341 2533 1586 2580 promovendus
1609 2535 1697 2576 est,'

212 2579 361 2625 ipsorum
385 2581 504 2627 quibus
529 2586 583 2616 est
606 2584 822 2627 praefuturus
845 2582 1066 2617 subiiciuntur
1090 2582 1256 2617 examini:
1278 2582 1378 2616 istam
1400 2579 1490 2614 enim'
1508 2578 1674 2613 rationem

216 2628 253 2659 et
274 2626 405 2672 populis
428 2639 537 2673 aeque
560 2628 677 2662 utilem
706 2633 742 2663 et
764 2629 846 2674 ipsis
869 2629 1093 2674 principibus,
1129 2630 1247 2674 utique
1271 2638 1334 2672 per
1359 2637 1435 2660 eam
1456 2623 1676 2667 intelligenti-

214 2671 280 2706 bus
303 2684 364 2708 cur
387 2678 423 2709 et
445 2674 488 2708 ad
511 2674 591 2720 quid
614 2674 719 2708 officii
740 2679 917 2710 vocentur.
955 2686 1038 2710 sane
1060 2686 1238 2720 numquam
1260 2672 1444 2708 dixerimus
1465 2670 1674 2717 aptissimum

215 2718 291 2753 fore
314 2719 407 2754 illum
430 2731 532 2765 aegro
555 2721 702 2755 curando
727 2720 909 2764 medicum,
941 2733 1043 2766 quem
1073 2732 1180 2767 genus
1212 2724 1272 2755 aut
1301 2720 1440 2754 fortuna
1462 2716 1673 2751 commenda-

217 2763 309 2807 rint;
333 2770 370 2800 et
393 2766 421 2801 si
445 2778 487 2801 ex
512 2777 638 2810 genere
659 2767 921 2811 gubernatorem
941 2767 1140 2811 navigantes
1163 2765 1426 2804 adsciverimus‚
1449 2763 1675 2798 demersorem

219 2810 334 2855 potius
363 2824 464 2858 quam
493 2812 610 2848 utilem
638 2817 806 2847 rectorem
834 2813 1041 2858 imponemus
1064 2813 1157 2848 navi.
1203 2811 1387 2859 periculum
1411 2820 1512 2855 porro
1535 2819 1612 2843 esse
1633 2818 1677 2842 ne

220 2856 279 2901 qui
311 2863 390 2893 sunt
420 2858 454 2893 in
489 2858 688 2905 regno-nati
711 2858 855 2894 omnium
877 2860 946 2894 sint
970 2858 1172 2906 ineptissimi
1195 2859 1238 2895 ad
1260 2856 1511 2904 percipiendam
1540 2853 1678 2890 institu-
