1846 3262
410 202 488 246 DE
525 201 808 247 MICHAELE
840 202 1218 252 PALAEOLOGO
1251 207 1304 250 L.
1341 207 1419 253 111.
1555 209 1655 257 209

177 313 295 374 παρά
319 322 408 367 τοῖς
439 317 610 374 ἐχθροῖς
630 315 672 360 ἔν
697 321 750 375 τῇ
775 322 940 376 φυλακῇ
958 319 1253 377 συνεσχημένον
1272 321 1347 365 τὸν
1366 320 1512 380 ι’ίνδρα.
1582 326 1653 368 καὶ

173 385 349 441 πέμψας
375 385 504 429 αὐτὸν
533 385 800 430 ἀνταλλάττει
824 390 1027 444 μεγίστων
1052 387 1286 446 προσώπων
1311 390 1546 447 Ἰταλικῶν,
1582 395 1652 437 καὶ

176 454 440 512 παρασχεδὸν
459 459 543 499 τῶν
563 455 798 512 ὀφθαλμῶν
815 456 1074 514 ἀφαιρεῖται,
1111 458 1229 509 ἀξίας
1257 457 1484 512 ἀντιδόσεις
1509 462 1652 513 διδοὺς

176 527 263 567 τῶν
291 522 686 582 ἀνδραγαθημάτων
711 519 769 568 ὧν
793 526 941 576 ἐκεῖνος
967 523 1169 582 εἰργάζετο
1192 527 1297 571 κατὰ
1327 526 1506 585 πόλεμον
1513 563 1528 584 ,
1562 537 1652 583 τοῖς

142 592 346 649 5ἓχθροΐς
371 593 565 650 γενναίως
595 595 663 637 καὶ
688 593 892 652 ἀνδρικῶς
918 592 1236 651 ἀνθιστάμενος.
1303 595 1401 640 ἀλλ’
1435 597 1545 643 οὕτω
1570 601 1646 655 μὲν
1668 608 1703 646 D

177 664 246 705 καὶ
267 666 402 706 ταῦτα
420 662 598 719 συνέβη,
633 660 655 706 ὅ
674 662 724 706 δέ
738 680 781 720 γε
798 661 1134 721 πρωτοστράτωρ
1157 666 1517 724 Φιλανθρωπηνὸς
1537 666 1651 712 Ἀλᾼ

176 733 265 782 ξιος
281 738 374 782 ταῖς
393 729 534 787 νήσοις
552 733 787 789 προσίσχων
804 731 881 784 τὰς
896 737 1000 784 ναῦς
1037 732 1112 788 (τό
1130 733 1210 791 γὰρ
1229 737 1274 777 Γ
1269 735 1519 790 ασμουλικόν
1537 741 1653 795 θαρ-

177 798 362 857 ρούντως
378 798 456 855 εἶχε
477 800 582 858 πρὸς
603 800 679 851 τὰς
693 799 859 857 μάχας,
897 800 953 853 ὥς
974 802 1127 853 αὖτοὺς
1143 803 1219 858 μὲν
1237 803 1341 860 πρὸς
1359 801 1499 861 μάχην
1508 838 1522 859 ,
1552 807 1653 858 τούς

177 869 227 912 δέ
242 886 285 926 γε
306 869 548 926 λεγομένους
567 874 854 927 προσελῶντας
872 873 928 922 εἰς
949 872 1120 915 ἐλασίαν
1139 873 1207 914 καὶ
1226 870 1359 928 μόνην
1375 870 1650 932 τάττεσθαι),

123 938 348 994 1οπροσέτι
377 939 422 982 δὲ
451 939 520 981 καὶ
547 939 799 983 Λακωνικὸν
827 940 931 995 ἔχων
959 939 1034 991 οὓς
1058 940 1111 996 δὴ
1136 938 1217 984 ἀπὸ
1238 940 1560 998 Πελοποννήσου
1576 960 1652 999 με-

175 1004 340 1066 τῴκιζεν
371 1005 395 1050 ὅ
426 1011 610 1062 κρατῶν,
647 1005 823 1059 τούτους
846 1006 1007 1059 πάντας
1027 1010 1092 1052 ἐπὶ
1115 1013 1226 1066 νηῶν
1247 1010 1384 1067 φέρων
1407 1009 1555 1056 ἐκάκου
1578 1012 1655 1064 τὰς

172 1074 327 1132 νήσους
344 1077 411 1118 καὶ
428 1075 501 1119 τὸν
518 1080 602 1120 τῶν
621 1076 787 1133 ἐχθρῶν
804 1082 986 1121 πλοῦτον
1002 1082 1180 1135 προσῆγε
1200 1083 1260 1138 τῷ
1281 1083 1458 1134 βασιλεῖ’.
1672 1087 1706 1122 Ε

317 1145 396 1191 18.
454 1144 517 1188 Οὔ
535 1144 620 1201 μὴν
640 1145 738 1189 ἀλλ’
763 1146 860 1190 οὔδ’
884 1145 906 1190 ὅ
923 1147 1118 1203 βασιλεὺς
1139 1147 1242 1191 οἴκοι
1262 1146 1501 1205 καθήμενος
1516 1146 1654 1207 ἧπρά-
1676 1157 1707 1193 Ρ
1732 1158 1800 1195 140

176 1230 260 1257 κτει
283 1215 354 1257 καὶ
380 1217 464 1258 τῶν
490 1213 744 1272 πραγμάτων
781 1214 1113 1274 κατερραθύμει,
1150 1214 1306 1273 πόθεν;
1342 1221 1500 1261 πολλοῦ
1522 1236 1566 1275 γε
1586 1221 1655 1263 καὶ

122 1292 166 1329 15
179 1284 252 1328 δεῖ.
321 1280 400 1338 εἶχε
424 1283 505 1340 γὰρ
539 1290 632 1334 ταῖς
665 1283 881 1341 ἀληθείαις
908 1287 976 1328 καὶ
1003 1285 1219 1341 βασιλικὸν
1251 1283 1448 1344 φρόνημα
1477 1285 1499 1331 ὅ
1530 1285 1651 1346 ἀνήρ,

175 1353 245 1396 καὶ
265 1350 314 1395 οὔ
334 1352 569 1407 κατεδέχετο
593 1352 980 1411 περιφρονούμενος.
1037 1353 1138 1397 ὅθεν
1161 1356 1228 1397 καὶ
1248 1353 1441 1410 συχνάκις
1457 1357 1533 1411 μὲν
1550 1356 1657 1414 πρὸς

174 1421 249 1465 τόν
269 1418 412 1464 πάπαν
432 1421 623 1478 πρέσβεις
643 1423 756 1478 ἐξῆγε
773 1425 840 1466 καὶ
859 1420 1009 1479 δώροις
1030 1419 1259 1478 ὑπήρχετο·
1295 1425 1381 1467 «dev
1397 1424 1477 1481 γὰρ
1499 1425 1655 1468 ε’κεῖθεν

175 1489 251 1533 τὸν
289 1490 478 1533 κίνδυνον
508 1488 856 1545 καθυπώπτευεν,
903 1490 959 1542 ῶς
993 1493 1081 1546 μηδ
1089 1490 1101 1507 '
1130 1490 1324 1535 ὁπωσοῦν
1363 1490 1656 1549 ἠρεμησόντων

176 1563 261 1602 τῶν
275 1558 458 1602 Ἰταλῶν.
519 1558 581 1603 δι’
606 1553 664 1603 ὧν
684 1561 752 1603 καὶ
770 1560 934 1604 τάκεΐθι
954 1558 1011 1610 ὥς
1028 1559 1120 1603 ἐνὸν
1139 1559 1545 1618 κατασφαλιζόμενος
1562 1563 1657 1607 ἐπε-
1694 1609 1702 1615 ‚

120 1628 300 1685 zoygsspu
333 1634 422 1678 τοῖς
462 1626 604 1677 ἄλλοις
639 1627 928 1686 θαρρούντως.
997 1635 1167 1684 συχναῖς
1193 1633 1294 1686 γοῦν
1322 1631 1555 1687 πρεσβείαις
1583 1632 1652 1675 καὶ
1672 1638 1704 1674 Β

178 1694 385 1749 δεξιώσεσι
411 1696 470 1753 μὴ
496 1695 626 1752 μόνον
655 1697 728 1741 τὸν
755 1696 896 1742 πάπαν
920 1697 1029 1741 ἀλλὰ
1050 1699 1118 1741 καὶ
1142 1697 1318 1749 πολλοὺς
1338 1702 1422 1742 τῶν
1443 1701 1655 1757 καρδηνα-

178 1853 342 1888 Macreno
362 1852 551 1888 constituit.
599 1865 683 1899 ergo
706 1865 782 1889 eum
805 1854 953 1888 hostium
976 1853 1089 1889 adhuc
1111 1852 1267 1888 custodia
1289 1852 1482 1897 detentum,
1515 1865 1655 1901 permu-

175 1904 287 1935 tatum
311 1911 385 1933 cum
409 1899 566 1934 maximis
588 1901 745 1945 personis
767 1901 882 1935 Italici
905 1901 1044 1946 generis
1062 1900 1110 1946 ‚ad
1134 1912 1173 1934 se
1195 1899 1296 1934 iussit
1318 1901 1452 1943 adduci,
1475 1904 1514 1935 et
1529 1903 1654 1946 appul-

161 1957 252 1981 sum
285 1946 463 1980 confestim
494 1947 718 1990 excaecavit,
754 1947 845 1981 hanc
873 1947 905 1981 ei
937 1946 1073 1992 dignam
1095 1946 1227 1981 scilicet
1247 1947 1438 1981 mercedem
1461 1948 1654 1993 rependens

159 1996 231 2026 -tot
253 1991 466 2027 heroicorum
488 1992 678 2027 facinorum
709 1993 754 2028 ab
783 1993 843 2027 illo
866 1992 1058 2037 editorum,
1092 1993 1173 2027 dum
1205 1997 1325 2027 contra
1357 1993 1474 2026 hostes
1507 1993 1654 2028 Romani

177 2037 322 2073 nominis
343 2038 448 2073 toties
473 2043 543 2073 tam
566 2050 734 2084 generose
755 2051 798 2074 ac
819 2039 957 2074 fortiter
979 2042 1160 2085 pugnaret.
1207 2042 1245 2073 et
1273 2039 1359 2073 haec
1379 2039 1517 2084 quidem
1538 2039 1591 2075 sic
1612 2050 1653 2074 se

176 2084 382 2119 habuerunt.
427 2089 602 2119 caeterum
627 2089 859 2132 protostrator
879 2085 1020 2120 Alexius
1042 2085 1367 2130 Philantbropenus‚
1391 2091 1552 2128 egressus
1574 2096 1651 2120 cum

159 2130 299 2173 classe,
322 2141 424 2176 quam
447 2131 599 2166 habebat
621 2132 760 2177 egregie
781 2132 982 2167 instructam
1005 2124 1167 2166 militibus
1189 2130 1378 2165 Gasmulici
1400 2131 1549 2174 generis,
1570 2130 1652 2176 qui-

176 2177 243 2210 bus
277 2177 419 2211 maxime
449 2177 486 2211 in
520 2178 662 2223 praeliis
693 2178 825 2213 fidebat
857 2178 922 2223 (iis
945 2178 1053 2213 solum
1087 2178 1131 2212 ad
1159 2177 1300 2211 bellicas
1325 2187 1382 2211 res
1415 2180 1535 2217 utens,
1573 2176 1652 2211 aliis

177 2233 285 2274 vero,
315 2234 402 2268 quos
423 2223 643 2258 Proselontes
663 2227 808 2267 vocant,
843 2225 887 2259 ad
909 2224 1086 2269 remigium
1109 2223 1336 2266 dumtaxat),
1371 2226 1557 2267 praeterea.
1577 2222 1649 2257 La-

178 2278 282 2303 cones
304 2279 418 2302 secum
440 2269 588 2313 habens,
612 2281 699 2315 quos
721 2283 742 2306 e
764 2271 999 2317 Peloponneso
1020 2270 1208 2316 imperator
1230 2268 1474 2310 transtulerat,
1498 2278 1573 2303 cum
1595 2268 1649 2303 his

177 2314 333 2349 omnibus
354 2314 479 2348 bellum
500 2327 564 2360 per
583 2316 713 2351 insulas
734 2317 962 2359 circumtulit,
994 2316 1107 2363 iisque
1130 2315 1278 2351 vastatis
1300 2316 1495 2362 opulentam
1517 2325 1563 2350 ex
1583 2314 1649 2350 ho-

175 2360 287 2396 stibus
311 2360 472 2406 praedam
491 2361 693 2407 imperatori
711 2363 849 2397 rediens
870 2363 1007 2398 obtulit.

272 2407 326 2441 18.
373 2406 476 2441 Haud
499 2418 601 2453 porro
621 2408 758 2444 interim
778 2410 909 2445 otiosus
931 2408 1022 2443 domi
1044 2407 1224 2442 desidebat
1254 2405 1467 2453 imperator,
1498 2408 1563 2441 aut
1591 2405 1648 2441 in-

175 2452 372 2487 dormiebat
386 2453 501 2495 rebus,
523 2454 737 2498 negotiorum
758 2456 957 2490 occasiones
979 2453 1268 2500 praetermittens.
1314 2452 1405 2487 unde
1425 2456 1539 2487 autem
1562 2463 1647 2498 pos-

177 2502 234 2534 set
260 2499 326 2533 hoc
354 2499 534 2545 quisquam
566 2500 610 2534 de
640 2500 700 2535 illo
730 2506 929 2544 autumare,
962 2501 1020 2547 qui
1044 2513 1066 2536 a
1087 2500 1168 2535 talis
1198 2499 1394 2546 suspicione
1414 2498 1645 2544 negligentiae

176 2544 372 2589 longissime
401 2546 547 2579 omnium
576 2546 714 2582 abfuit?
748 2548 925 2582 verissime
955 2546 1082 2593 quippe
1104 2546 1171 2582 dici
1187 2549 1307 2592 *potest
1338 2545 1447 2580 fuisse
1466 2545 1541 2579 viro
1564 2544 1646 2579 huic

178 2591 326 2625 animum
356 2594 392 2626 et
424 2591 566 2637 spiritus
593 2594 698 2638 plane
726 2594 863 2638 regios3
898 2604 1009 2640 neque
1030 2593 1061 2628 is
1083 2605 1122 2628 se
1141 2604 1225 2627 sane
1247 2591 1416 2627 contemni
1438 2591 1642 2627 sustinebat.

177 2637 269 2672 unde
290 2642 327 2672 et
348 2638 470 2672 crebro
493 2637 536 2672 ad
560 2649 684 2684 papam
705 2639 840 2684 legatos
861 2640 971 2682 misit,
994 2643 1032 2674 et
1053 2639 1151 2674 donis
1167 2650 1244 2674 eum
1266 2636 1440 2673 delinivit:
1462 2648 1540 2671 nam
1563 2636 1644 2670 inde

177 2683 316 2718 assidue
337 2683 522 2729 periculum
543 2686 787 2730 suspectabat,
817 2697 987 2732 nunquam
1007 2685 1192 2732 quieturis,
1225 2688 1266 2719 ut
1285 2684 1499 2730 apparebat,
1532 2681 1643 2717 Italis.

163 2739 298 2764 --verum
331 2729 493 2775 optimum
525 2731 623 2766 factu
652 2732 799 2777 putabat
829 2732 951 2767 officiis
984 2736 1021 2767 et
1051 2730 1345 2778 propositionibus
1375 2729 1492 2775 pacis,
1527 2727 1643 2774 quoad

179 2774 258 2810 fieri
288 2779 449 2830 poterat,
482 2788 539 2812 res
569 2778 615 2812 ab
644 2789 687 2813 ea
709 2782 809 2824 parte
829 2778 984 2823 fimare,
1018 2789 1087 2824 quo
1109 2782 1228 2824 posset
1246 2774 1552 2823 ipse'securioren
1573 2774 1643 2808 inm

180 2826 327 2857 caeteris
354 2827 498 2858 mentem
531 2823 726 2859 advertere.
771 2824 877 2869 igitur
902 2824 1138 2871 frequentibus
1165 2824 1262 2859 hisce
1290 2820 1570 2858 missitationibus
1591 2818 1644 2854 le-

178 2871 335 2911 gatorum
366 2872 405 2903 et
431 2868 672 2914 largitionibus
701 2870 890 2917 magnificis
909 2882 978 2907 non
999 2882 1124 2918 papam
1145 2871 1274 2915 solum,
1309 2868 1372 2904 sed
1392 2866 1517 2902 multos
1537 2865 1642 2902 etiam

235 2919 413 2968 Georgius
442 2922 667 2968 Pachymeres
696 2924 729 2958 Ι.
1311 2915 1366 2960 14
