<?xml version="1.0" encoding="UTF-8"?>
<!DOCTYPE html PUBLIC "-//W3C//DTD XHTML 1.0 Transitional//EN"
    "http://www.w3.org/TR/xhtml1/DTD/xhtml1-transitional.dtd">
<html xmlns="http://www.w3.org/1999/xhtml" xml:lang="en" lang="en">
 <head>
  <title>
</title>
<meta http-equiv="Content-Type" content="text/html;charset=utf-8" />
  <meta name='ocr-system' content='tesseract 3.04.00' />
  <meta name='ocr-capabilities' content='ocr_page ocr_carea ocr_par ocr_line ocrx_word'/>
</head>
<body>
  <div class='ocr_page' id='page_1' title='image "./corpusscriptorum17niebuoft_0363.png"; bbox 0 0 1884 3262; ppageno 0'>
   <div class='ocr_carea' id='block_1_1' title="bbox 460 227 1673 275">
    <p class='ocr_par' dir='ltr' id='par_1_1' title="bbox 460 227 1673 275">
     <span class='ocr_line' id='line_1_1' title="bbox 460 227 1673 275; baseline -0.001 0"><span class='ocrx_word' id='word_1_1' title='bbox 460 232 537 275; x_wconf 94' lang='lat' dir='ltr'>DE</span> <span class='ocrx_word' id='word_1_2' title='bbox 569 229 848 274; x_wconf 86' lang='lat' dir='ltr'><strong>MICHAELE</strong></span> <span class='ocrx_word' id='word_1_3' title='bbox 879 228 1251 274; x_wconf 84' lang='lat' dir='ltr'><strong>PALAEOLOGO</strong></span> <span class='ocrx_word' id='word_1_4' title='bbox 1280 229 1326 274; x_wconf 91' lang='lat' dir='ltr'>L.</span> <span class='ocrx_word' id='word_1_5' title='bbox 1362 230 1418 272; x_wconf 90' lang='lat' dir='ltr'>V.</span> <span class='ocrx_word' id='word_1_6' title='bbox 1574 227 1673 274; x_wconf 82' lang='lat'>345</span> 
     </span>
    </p>
   </div>
   <div class='ocr_carea' id='block_1_2' title="bbox 161 338 1821 1706">
    <p class='ocr_par' dir='ltr' id='par_1_2' title="bbox 161 338 1821 1706">
     <span class='ocr_line' id='line_1_2' title="bbox 215 338 1725 400; baseline -0.003 -10"><span class='ocrx_word' id='word_1_7' title='bbox 215 343 508 391; x_wconf 76' lang='grc' dir='ltr'><em>καταστάντων</em></span> <span class='ocrx_word' id='word_1_8' title='bbox 533 344 767 400; x_wconf 67' lang='grc' dir='ltr'><em>Ῥωμαίοις,</em></span> <span class='ocrx_word' id='word_1_9' title='bbox 804 349 888 389; x_wconf 80' lang='grc' dir='ltr'><em>τῶν</em></span> <span class='ocrx_word' id='word_1_10' title='bbox 917 344 1068 400; x_wconf 66' lang='grc' dir='ltr'><em>κυρίων</em></span> <span class='ocrx_word' id='word_1_11' title='bbox 1095 341 1423 400; x_wconf 74' lang='grc' dir='ltr'><em>ἀπολειφθέντα,</em></span> <span class='ocrx_word' id='word_1_12' title='bbox 1459 338 1668 396; x_wconf 80' lang='grc' dir='ltr'><em>αὖτόνομα</em></span> <span class='ocrx_word' id='word_1_13' title='bbox 1693 349 1725 385; x_wconf 79' lang='grc' dir='ltr'>Ε</span> 
     </span>
     <span class='ocr_line' id='line_1_3' title="bbox 213 410 1679 472; baseline -0.004 -14"><span class='ocrx_word' id='word_1_14' title='bbox 213 412 277 472; x_wconf 82' lang='grc' dir='ltr'>ἦν.</span> <span class='ocrx_word' id='word_1_15' title='bbox 347 415 472 459; x_wconf 78' lang='grc' dir='ltr'><em>ταῦτ’</em></span> <span class='ocrx_word' id='word_1_16' title='bbox 504 414 587 472; x_wconf 67' lang='grc' dir='ltr'><em>ἄρα</em></span> <span class='ocrx_word' id='word_1_17' title='bbox 613 417 678 458; x_wconf 77' lang='grc' dir='ltr'><em>καὶ</em></span> <span class='ocrx_word' id='word_1_18' title='bbox 707 415 862 457; x_wconf 74' lang='grc' dir='ltr'><em>ἀκονιτὶ</em></span> <span class='ocrx_word' id='word_1_19' title='bbox 887 415 1031 469; x_wconf 78' lang='grc' dir='ltr'><em>φανεὶς</em></span> <span class='ocrx_word' id='word_1_20' title='bbox 1061 410 1373 468; x_wconf 75' lang='grc' dir='ltr'><em>προσελάμβανε</em></span> <span class='ocrx_word' id='word_1_21' title='bbox 1391 412 1458 454; x_wconf 83' lang='grc' dir='ltr'>καὶ</span> <span class='ocrx_word' id='word_1_22' title='bbox 1480 412 1679 454; x_wconf 80' lang='grc' dir='ltr'><em>κατεδου-</em></span> 
     </span>
     <span class='ocr_line' id='line_1_4' title="bbox 215 479 1678 541; baseline -0.005 -13"><span class='ocrx_word' id='word_1_23' title='bbox 215 488 354 528; x_wconf 80' lang='grc' dir='ltr'><em>λοῦτο.</em></span> <span class='ocrx_word' id='word_1_24' title='bbox 372 502 392 507; x_wconf 81' lang='grc'>-</span> <span class='ocrx_word' id='word_1_25' title='bbox 426 484 526 527; x_wconf 76' lang='grc' dir='ltr'>ἰδών</span> <span class='ocrx_word' id='word_1_26' title='bbox 556 485 600 526; x_wconf 80' lang='grc' dir='ltr'>δὲ</span> <span class='ocrx_word' id='word_1_27' title='bbox 621 481 760 541; x_wconf 79' lang='grc' dir='ltr'><em>χώρας</em></span> <span class='ocrx_word' id='word_1_28' title='bbox 778 479 990 539; x_wconf 79' lang='grc' dir='ltr'><em>ἀρετιῦσας</em></span> <span class='ocrx_word' id='word_1_29' title='bbox 1011 483 1078 524; x_wconf 84' lang='grc' dir='ltr'><em>καὶ</em></span> <span class='ocrx_word' id='word_1_30' title='bbox 1096 481 1199 535; x_wconf 71' lang='grc' dir='ltr'>ἔθνη</span> <span class='ocrx_word' id='word_1_31' title='bbox 1220 479 1425 535; x_wconf 80' lang='grc' dir='ltr'><em>εἰς-ἆρχὴν</em></span> <span class='ocrx_word' id='word_1_32' title='bbox 1442 479 1548 522; x_wconf 81' lang='grc' dir='ltr'><em>κατὰ</em></span> <span class='ocrx_word' id='word_1_33' title='bbox 1567 483 1678 535; x_wconf 77' lang='grc' dir='ltr'><em>σφᾶς</em></span> 
     </span>
     <span class='ocr_line' id='line_1_5' title="bbox 216 547 1676 611; baseline -0.005 -15"><span class='ocrx_word' id='word_1_34' title='bbox 216 550 428 609; x_wconf 75' lang='grc' dir='ltr'><em>αὐτάρκη,</em></span> <span class='ocrx_word' id='word_1_35' title='bbox 474 551 686 611; x_wconf 74' lang='grc' dir='ltr'><em>ἀφηνιάζει</em></span> <span class='ocrx_word' id='word_1_36' title='bbox 721 552 796 607; x_wconf 74' lang='grc' dir='ltr'><em>μὲν</em></span> <span class='ocrx_word' id='word_1_37' title='bbox 825 555 910 594; x_wconf 82' lang='grc' dir='ltr'><em>τῶν</em></span> <span class='ocrx_word' id='word_1_38' title='bbox 947 547 1201 604; x_wconf 70' lang='grc' dir='ltr'><em>πεμψάντων</em></span> <span class='ocrx_word' id='word_1_39' title='bbox 1233 550 1301 591; x_wconf 82' lang='grc' dir='ltr'>καὶ</span> <span class='ocrx_word' id='word_1_40' title='bbox 1331 547 1464 607; x_wconf 69' lang='grc' dir='ltr'><em>ἑαυτῷ</em></span> <span class='ocrx_word' id='word_1_41' title='bbox 1491 547 1543 591; x_wconf 80' lang='grc' dir='ltr'><em>τὰ</em></span> <span class='ocrx_word' id='word_1_42' title='bbox 1573 548 1676 601; x_wconf 69' lang='grc' dir='ltr'><em>ἔθνη</em></span> 
     </span>
     <span class='ocr_line' id='line_1_6' title="bbox 183 614 1679 677; baseline -0.005 -12"><span class='ocrx_word' id='word_1_43' title='bbox 183 629 207 665; x_wconf 81' lang='lat'>&#39;5</span> <span class='ocrx_word' id='word_1_44' title='bbox 221 626 487 677; x_wconf 82' lang='grc' dir='ltr'><em>προσκτᾶται.</em></span> <span class='ocrx_word' id='word_1_45' title='bbox 559 620 615 671; x_wconf 81' lang='grc' dir='ltr'>ὡς</span> <span class='ocrx_word' id='word_1_46' title='bbox 637 621 683 664; x_wconf 74' lang='grc' dir='ltr'>δέ</span> <span class='ocrx_word' id='word_1_47' title='bbox 699 618 851 677; x_wconf 86' lang='grc' dir='ltr'><em>χρόνου</em></span> <span class='ocrx_word' id='word_1_48' title='bbox 870 619 1136 674; x_wconf 74' lang='grc' dir='ltr'>τριβομένου,</span> <span class='ocrx_word' id='word_1_49' title='bbox 1175 614 1450 673; x_wconf 74' lang='grc' dir='ltr'>ἐπιμιγνύντες</span> <span class='ocrx_word' id='word_1_50' title='bbox 1473 618 1612 674; x_wconf 77' lang='grc' dir='ltr'><em>σφίσιν</em></span> <span class='ocrx_word' id='word_1_51' title='bbox 1640 616 1679 659; x_wconf 78' lang='grc' dir='ltr'>οἷ</span> 
     </span>
     <span class='ocr_line' id='line_1_7' title="bbox 216 683 1821 747; baseline -0.001 -15"><span class='ocrx_word' id='word_1_52' title='bbox 216 692 307 746; x_wconf 81' lang='grc' dir='ltr'><em>περὶ</em></span> <span class='ocrx_word' id='word_1_53' title='bbox 326 691 402 746; x_wconf 84' lang='grc' dir='ltr'><em>τὴν</em></span> <span class='ocrx_word' id='word_1_54' title='bbox 417 687 633 747; x_wconf 74' lang='grc' dir='ltr'><em>μεσόγαιον</em></span> <span class='ocrx_word' id='word_1_55' title='bbox 649 688 926 747; x_wconf 77' lang='grc' dir='ltr'><em>κατῳκημένοι</em></span> <span class='ocrx_word' id='word_1_56' title='bbox 934 719 949 741; x_wconf 96' lang='grc'><em>,</em></span> <span class='ocrx_word' id='word_1_57' title='bbox 979 687 1140 730; x_wconf 82' lang='grc' dir='ltr'>Ἀλανοὶ</span> <span class='ocrx_word' id='word_1_58' title='bbox 1158 684 1259 741; x_wconf 78' lang='grc' dir='ltr'><em>λε’γω</em></span> <span class='ocrx_word' id='word_1_59' title='bbox 1269 718 1283 738; x_wconf 96' lang='grc'><em>,</em></span> <span class='ocrx_word' id='word_1_60' title='bbox 1318 687 1461 740; x_wconf 84' lang='grc' dir='ltr'><em>Ζι’κχοι</em></span> <span class='ocrx_word' id='word_1_61' title='bbox 1482 687 1548 727; x_wconf 77' lang='grc' dir='ltr'><em>καὶ</em></span> <span class='ocrx_word' id='word_1_62' title='bbox 1569 683 1675 728; x_wconf 81' lang='grc' dir='ltr'><em>Γότ-</em></span> <span class='ocrx_word' id='word_1_63' title='bbox 1700 694 1729 729; x_wconf 81' lang='grc' dir='ltr'>Ρ</span> <span class='ocrx_word' id='word_1_64' title='bbox 1752 695 1821 730; x_wconf 81' lang='grc'>236</span> 
     </span>
     <span class='ocr_line' id='line_1_8' title="bbox 217 751 1680 815; baseline -0.005 -13"><span class='ocrx_word' id='word_1_65' title='bbox 217 762 291 802; x_wconf 74' lang='grc' dir='ltr'><em>θοι</em></span> <span class='ocrx_word' id='word_1_66' title='bbox 303 791 316 812; x_wconf 96' lang='grc'><em>,</em></span> <span class='ocrx_word' id='word_1_67' title='bbox 350 757 494 803; x_wconf 85' lang='grc' dir='ltr'><em>Ῥῶσοι</em></span> <span class='ocrx_word' id='word_1_68' title='bbox 514 760 580 802; x_wconf 83' lang='grc' dir='ltr'><em>καὶ</em></span> <span class='ocrx_word' id='word_1_69' title='bbox 599 758 650 801; x_wconf 80' lang='grc' dir='ltr'><em>τὰ</em></span> <span class='ocrx_word' id='word_1_70' title='bbox 674 757 974 814; x_wconf 61' lang='grc' dir='ltr'><em>ἀιροσοικοῦντα</em></span> <span class='ocrx_word' id='word_1_71' title='bbox 991 753 1154 804; x_wconf 82' lang='grc' dir='ltr'><em>τούτοις</em></span> <span class='ocrx_word' id='word_1_72' title='bbox 1171 751 1352 815; x_wconf 77' lang='grc' dir='ltr'><em>διάφορα</em></span> <span class='ocrx_word' id='word_1_73' title='bbox 1370 754 1464 810; x_wconf 70' lang='grc' dir='ltr'><em>γένη</em></span> <span class='ocrx_word' id='word_1_74' title='bbox 1474 786 1487 806; x_wconf 94' lang='grc'><em>,</em></span> <span class='ocrx_word' id='word_1_75' title='bbox 1527 754 1607 809; x_wconf 65' lang='grc' dir='ltr'>ἔθη</span> <span class='ocrx_word' id='word_1_76' title='bbox 1637 771 1680 796; x_wconf 80' lang='grc' dir='ltr'><em>τε·</em></span> 
     </span>
     <span class='ocr_line' id='line_1_9' title="bbox 216 820 1681 882; baseline -0.004 -12"><span class='ocrx_word' id='word_1_77' title='bbox 216 828 271 870; x_wconf 79' lang='grc' dir='ltr'><em>τὰ</em></span> <span class='ocrx_word' id='word_1_78' title='bbox 294 829 453 871; x_wconf 68' lang='grc' dir='ltr'><em>ἐκείνων</em></span> <span class='ocrx_word' id='word_1_79' title='bbox 469 825 731 882; x_wconf 69' lang='grc' dir='ltr'><em>μανθάνουσι</em></span> <span class='ocrx_word' id='word_1_80' title='bbox 748 828 815 869; x_wconf 84' lang='grc' dir='ltr'>καὶ</span> <span class='ocrx_word' id='word_1_81' title='bbox 832 829 1024 882; x_wconf 80' lang='grc' dir='ltr'><em>γλῶσσαν</em></span> <span class='ocrx_word' id='word_1_82' title='bbox 1038 828 1097 882; x_wconf 75' lang='grc' dir='ltr'><em>τῷ</em></span> <span class='ocrx_word' id='word_1_83' title='bbox 1118 820 1586 878; x_wconf 69' lang='grc' dir='ltr'><em>ἔθει-μεταλαμβάνουσι</em></span> <span class='ocrx_word' id='word_1_84' title='bbox 1613 824 1681 864; x_wconf 81' lang='grc' dir='ltr'>καὶ</span> 
     </span>
     <span class='ocr_line' id='line_1_10' title="bbox 219 891 1682 951; baseline -0.004 -12"><span class='ocrx_word' id='word_1_85' title='bbox 219 893 394 951; x_wconf 83' lang='grc' dir='ltr'><em>στολῆν,</em></span> <span class='ocrx_word' id='word_1_86' title='bbox 434 897 499 939; x_wconf 80' lang='grc' dir='ltr'>καὶ</span> <span class='ocrx_word' id='word_1_87' title='bbox 530 897 585 946; x_wconf 73' lang='grc' dir='ltr'>εἷς</span> <span class='ocrx_word' id='word_1_88' title='bbox 611 893 854 950; x_wconf 78' lang='grc' dir='ltr'><em>συμμάχους</em></span> <span class='ocrx_word' id='word_1_89' title='bbox 883 894 1022 943; x_wconf 78' lang='grc' dir='ltr'><em>αὐτοΐς</em></span> <span class='ocrx_word' id='word_1_90' title='bbox 1039 894 1231 948; x_wconf 78' lang='grc' dir='ltr'><em>γίνονται.</em></span> <span class='ocrx_word' id='word_1_91' title='bbox 1303 893 1369 934; x_wconf 76' lang='grc' dir='ltr'>καὶ</span> <span class='ocrx_word' id='word_1_92' title='bbox 1389 891 1485 944; x_wconf 79' lang='grc' dir='ltr'><em>μετ’</em></span> <span class='ocrx_word' id='word_1_93' title='bbox 1508 891 1555 934; x_wconf 72' lang='grc' dir='ltr'>οὗ</span> <span class='ocrx_word' id='word_1_94' title='bbox 1578 891 1682 934; x_wconf 75' lang='grc' dir='ltr'><em>πολὺ</em></span> 
     </span>
     <span class='ocr_line' id='line_1_11' title="bbox 167 957 1683 1020; baseline -0.005 -12"><span class='ocrx_word' id='word_1_95' title='bbox 167 975 210 1008; x_wconf 90' lang='grc'>10</span> <span class='ocrx_word' id='word_1_96' title='bbox 221 967 278 1015; x_wconf 74' lang='grc' dir='ltr'>εἷς</span> <span class='ocrx_word' id='word_1_97' title='bbox 306 969 471 1020; x_wconf 78' lang='grc' dir='ltr'><em>πλῆθος</em></span> <span class='ocrx_word' id='word_1_98' title='bbox 494 964 680 1020; x_wconf 73' lang='grc' dir='ltr'><em>ἀριθμοῦ</em></span> <span class='ocrx_word' id='word_1_99' title='bbox 712 970 894 1019; x_wconf 82' lang='grc' dir='ltr'><em>κρεῖττον</em></span> <span class='ocrx_word' id='word_1_100' title='bbox 911 961 933 1005; x_wconf 77' lang='grc' dir='ltr'><em>ὃ</em></span> <span class='ocrx_word' id='word_1_101' title='bbox 957 961 1144 1005; x_wconf 72' lang='grc' dir='ltr'><em>ἐπελθὼν</em></span> <span class='ocrx_word' id='word_1_102' title='bbox 1161 965 1245 1003; x_wconf 76' lang='grc' dir='ltr'><em>τῶν</em></span> <span class='ocrx_word' id='word_1_103' title='bbox 1268 957 1469 1014; x_wconf 78' lang='grc' dir='ltr'><em>Τοχάρων</em></span> <span class='ocrx_word' id='word_1_104' title='bbox 1491 959 1590 1010; x_wconf 79' lang='grc' dir='ltr'><em>λαὸς</em></span> <span class='ocrx_word' id='word_1_105' title='bbox 1617 960 1683 1002; x_wconf 82' lang='grc' dir='ltr'><em>ε’ν-</em></span> 
     </span>
     <span class='ocr_line' id='line_1_12' title="bbox 215 1026 1685 1086; baseline -0.003 -10"><span class='ocrx_word' id='word_1_106' title='bbox 215 1035 364 1077; x_wconf 74' lang='grc' dir='ltr'><em>δίδωσι</em></span> <span class='ocrx_word' id='word_1_107' title='bbox 373 1067 387 1086; x_wconf 91' lang='grc'><em>,</em></span> <span class='ocrx_word' id='word_1_108' title='bbox 425 1035 490 1076; x_wconf 77' lang='grc' dir='ltr'>καὶ</span> <span class='ocrx_word' id='word_1_109' title='bbox 513 1031 790 1075; x_wconf 76' lang='grc' dir='ltr'><em>ἀνυπόστατοι</em></span> <span class='ocrx_word' id='word_1_110' title='bbox 809 1030 913 1075; x_wconf 82' lang='grc' dir='ltr'><em>ὅπου</em></span> <span class='ocrx_word' id='word_1_111' title='bbox 930 1031 1026 1073; x_wconf 73' lang='grc' dir='ltr'><em>ῗοιεν</em></span> <span class='ocrx_word' id='word_1_112' title='bbox 1042 1031 1220 1086; x_wconf 73' lang='grc' dir='ltr'><em>γίνονται</em></span> <span class='ocrx_word' id='word_1_113' title='bbox 1240 1036 1331 1078; x_wconf 81' lang='grc' dir='ltr'><em>ταῖς</em></span> <span class='ocrx_word' id='word_1_114' title='bbox 1351 1026 1591 1083; x_wconf 80' lang='grc' dir='ltr'><em>δυνάμεσιν,</em></span> <span class='ocrx_word' id='word_1_115' title='bbox 1629 1026 1685 1078; x_wconf 82' lang='grc' dir='ltr'>ὥς</span> 
     </span>
     <span class='ocr_line' id='line_1_13' title="bbox 220 1094 1685 1156; baseline -0.003 -12"><span class='ocrx_word' id='word_1_116' title='bbox 220 1103 292 1144; x_wconf 78' lang='grc' dir='ltr'>καί</span> <span class='ocrx_word' id='word_1_117' title='bbox 309 1118 424 1151; x_wconf 88' lang='grc' dir='ltr'><em>τινας</em></span> <span class='ocrx_word' id='word_1_118' title='bbox 450 1106 532 1144; x_wconf 84' lang='grc' dir='ltr'><em>τῶν</em></span> <span class='ocrx_word' id='word_1_119' title='bbox 558 1100 645 1144; x_wconf 75' lang='grc' dir='ltr'>ἄνω</span> <span class='ocrx_word' id='word_1_120' title='bbox 662 1101 812 1155; x_wconf 78' lang='grc' dir='ltr'><em>κυρίων</em></span> <span class='ocrx_word' id='word_1_121' title='bbox 837 1099 1019 1154; x_wconf 69' lang='grc' dir='ltr'><em>πολέμου</em></span> <span class='ocrx_word' id='word_1_122' title='bbox 1043 1096 1155 1156; x_wconf 82' lang='grc' dir='ltr'><em>νόμῳ</em></span> <span class='ocrx_word' id='word_1_123' title='bbox 1175 1096 1245 1139; x_wconf 72' lang='grc' dir='ltr'>ἐπ’</span> <span class='ocrx_word' id='word_1_124' title='bbox 1271 1096 1422 1146; x_wconf 73' lang='grc' dir='ltr'><em>αὗτοὺς</em></span> <span class='ocrx_word' id='word_1_125' title='bbox 1445 1094 1685 1147; x_wconf 77' lang='grc' dir='ltr'><em>ἀποστάτας</em></span> 
     </span>
     <span class='ocr_line' id='line_1_14' title="bbox 221 1165 1684 1225; baseline -0.004 -13"><span class='ocrx_word' id='word_1_126' title='bbox 221 1168 360 1220; x_wconf 69' lang='grc' dir='ltr'><em>ι’όντας</em></span> <span class='ocrx_word' id='word_1_127' title='bbox 391 1169 467 1225; x_wconf 61' lang='grc' dir='ltr'>οὔχ</span> <span class='ocrx_word' id='word_1_128' title='bbox 494 1169 605 1219; x_wconf 84' lang='grc' dir='ltr'><em>ὅπως</em></span> <span class='ocrx_word' id='word_1_129' title='bbox 633 1169 937 1224; x_wconf 71' lang='grc' dir='ltr'><em>περιγενέσθαι,</em></span> <span class='ocrx_word' id='word_1_130' title='bbox 977 1166 1082 1209; x_wconf 74' lang='grc' dir='ltr'><em>ἀλλὰ</em></span> <span class='ocrx_word' id='word_1_131' title='bbox 1113 1167 1179 1209; x_wconf 80' lang='grc' dir='ltr'>καὶ</span> <span class='ocrx_word' id='word_1_132' title='bbox 1209 1170 1417 1223; x_wconf 73' lang='grc' dir='ltr'><em>σφαλῆναι</em></span> <span class='ocrx_word' id='word_1_133' title='bbox 1441 1165 1491 1207; x_wconf 80' lang='grc' dir='ltr'><em>τὰ</em></span> <span class='ocrx_word' id='word_1_134' title='bbox 1516 1169 1684 1207; x_wconf 85' lang='grc' dir='ltr'><em>πλεῖστα</em></span> 
     </span>
     <span class='ocr_line' id='line_1_15' title="bbox 222 1234 1736 1293; baseline -0.004 -13"><span class='ocrx_word' id='word_1_135' title='bbox 222 1237 438 1288; x_wconf 74' lang='grc' dir='ltr'><em>πεσόντας.</em></span> <span class='ocrx_word' id='word_1_136' title='bbox 508 1238 592 1280; x_wconf 59' lang='grc' dir='ltr'><em>ἔστι</em></span> <span class='ocrx_word' id='word_1_137' title='bbox 617 1238 664 1279; x_wconf 70' lang='grc' dir='ltr'><em>τὴ</em></span> <span class='ocrx_word' id='word_1_138' title='bbox 693 1237 817 1287; x_wconf 66' lang='grc' dir='ltr'><em>ἔθνος</em></span> <span class='ocrx_word' id='word_1_139' title='bbox 843 1234 1040 1291; x_wconf 77' lang='grc' dir='ltr'><em>ἁπλότητι</em></span> <span class='ocrx_word' id='word_1_140' title='bbox 1066 1236 1142 1289; x_wconf 73' lang='grc' dir='ltr'><em>μὲν</em></span> <span class='ocrx_word' id='word_1_141' title='bbox 1165 1242 1309 1290; x_wconf 80' lang='grc' dir='ltr'><em>χαῖρον</em></span> <span class='ocrx_word' id='word_1_142' title='bbox 1332 1236 1398 1276; x_wconf 79' lang='grc' dir='ltr'>καὶ</span> <span class='ocrx_word' id='word_1_143' title='bbox 1419 1235 1681 1293; x_wconf 72' lang='grc' dir='ltr'><em>φιλαλληλίᾳ,</em></span> <span class='ocrx_word' id='word_1_144' title='bbox 1707 1241 1736 1276; x_wconf 88' lang='grc' dir='ltr'><strong><em>Β</em></strong></span> 
     </span>
     <span class='ocr_line' id='line_1_16' title="bbox 161 1302 1683 1361; baseline -0.004 -11"><span class='ocrx_word' id='word_1_145' title='bbox 161 1311 210 1350; x_wconf 72' lang='lat'>215</span> <span class='ocrx_word' id='word_1_146' title='bbox 223 1308 289 1350; x_wconf 79' lang='grc' dir='ltr'>καὶ</span> <span class='ocrx_word' id='word_1_147' title='bbox 313 1305 386 1358; x_wconf 78' lang='grc' dir='ltr'>ὀξύ</span> <span class='ocrx_word' id='word_1_148' title='bbox 411 1324 454 1349; x_wconf 77' lang='grc' dir='ltr'><em>τε</em></span> <span class='ocrx_word' id='word_1_149' title='bbox 477 1306 581 1361; x_wconf 76' lang='grc' dir='ltr'><em>πρὸς</em></span> <span class='ocrx_word' id='word_1_150' title='bbox 602 1306 807 1360; x_wconf 61' lang='grc' dir='ltr'><em>πολέμους</em></span> <span class='ocrx_word' id='word_1_151' title='bbox 830 1307 896 1348; x_wconf 84' lang='grc' dir='ltr'><em>καὶ</em></span> <span class='ocrx_word' id='word_1_152' title='bbox 921 1302 1121 1359; x_wconf 82' lang='grc' dir='ltr'><em>πονηρόν,</em></span> <span class='ocrx_word' id='word_1_153' title='bbox 1151 1306 1217 1345; x_wconf 84' lang='grc' dir='ltr'>καὶ</span> <span class='ocrx_word' id='word_1_154' title='bbox 1243 1303 1316 1357; x_wconf 74' lang='grc' dir='ltr'><em>τὴν</em></span> <span class='ocrx_word' id='word_1_155' title='bbox 1339 1302 1443 1356; x_wconf 81' lang='grc' dir='ltr'><em>ζωὴν</em></span> <span class='ocrx_word' id='word_1_156' title='bbox 1470 1302 1683 1356; x_wconf 70' lang='grc' dir='ltr'><em>αὔταρκες,</em></span> 
     </span>
     <span class='ocr_line' id='line_1_17' title="bbox 220 1369 1688 1431; baseline -0.005 -13"><span class='ocrx_word' id='word_1_157' title='bbox 220 1378 292 1418; x_wconf 85' lang='grc' dir='ltr'>καί</span> <span class='ocrx_word' id='word_1_158' title='bbox 314 1393 356 1431; x_wconf 78' lang='grc' dir='ltr'>γε</span> <span class='ocrx_word' id='word_1_159' title='bbox 384 1375 437 1417; x_wconf 80' lang='grc' dir='ltr'><em>τὰ</em></span> <span class='ocrx_word' id='word_1_160' title='bbox 468 1375 572 1417; x_wconf 78' lang='grc' dir='ltr'><em>κατὰ</em></span> <span class='ocrx_word' id='word_1_161' title='bbox 599 1376 693 1428; x_wconf 76' lang='grc' dir='ltr'><em>βίον</em></span> <span class='ocrx_word' id='word_1_162' title='bbox 717 1371 982 1429; x_wconf 79' lang='grc' dir='ltr'><em>ἀνεπινόητόν</em></span> <span class='ocrx_word' id='word_1_163' title='bbox 1001 1389 1043 1415; x_wconf 77' lang='grc' dir='ltr'><em>τε</em></span> <span class='ocrx_word' id='word_1_164' title='bbox 1066 1374 1134 1416; x_wconf 78' lang='grc' dir='ltr'>καὶ</span> <span class='ocrx_word' id='word_1_165' title='bbox 1160 1370 1494 1426; x_wconf 74' lang='grc' dir='ltr'><em>ἀπρομήθευτον.</em></span> <span class='ocrx_word' id='word_1_166' title='bbox 1566 1369 1688 1425; x_wconf 72' lang='grc' dir='ltr'><em>ἐχρή-</em></span> 
     </span>
     <span class='ocr_line' id='line_1_18' title="bbox 221 1436 1685 1498; baseline -0.003 -12"><span class='ocrx_word' id='word_1_167' title='bbox 221 1460 348 1486; x_wconf 86' lang='grc' dir='ltr'><em>σαντο</em></span> <span class='ocrx_word' id='word_1_168' title='bbox 375 1443 454 1498; x_wconf 79' lang='grc' dir='ltr'>γὰρ</span> <span class='ocrx_word' id='word_1_169' title='bbox 484 1442 685 1485; x_wconf 71' lang='grc' dir='ltr'><em>ἀνέκαθεν</em></span> <span class='ocrx_word' id='word_1_170' title='bbox 715 1442 924 1497; x_wconf 72' lang='grc' dir='ltr'><em>νομοθέτῃ</em></span> <span class='ocrx_word' id='word_1_171' title='bbox 956 1440 1003 1483; x_wconf 74' lang='grc' dir='ltr'>οὗ</span> <span class='ocrx_word' id='word_1_172' title='bbox 1031 1439 1188 1483; x_wconf 75' lang='grc' dir='ltr'><em>Σόλωνι</em></span> <span class='ocrx_word' id='word_1_173' title='bbox 1213 1438 1237 1493; x_wconf 83' lang='grc' dir='ltr'>ἢ</span> <span class='ocrx_word' id='word_1_174' title='bbox 1261 1436 1499 1496; x_wconf 67' lang='grc' dir='ltr'><em>Λυκούργῳ</em></span> <span class='ocrx_word' id='word_1_175' title='bbox 1517 1438 1544 1494; x_wconf 77' lang='grc' dir='ltr'>ἢ</span> <span class='ocrx_word' id='word_1_176' title='bbox 1564 1438 1685 1495; x_wconf 75' lang='grc' dir='ltr'><em>Δρά-</em></span> 
     </span>
     <span class='ocr_line' id='line_1_19' title="bbox 222 1506 1688 1577; baseline -0.003 -23"><span class='ocrx_word' id='word_1_177' title='bbox 222 1529 332 1577; x_wconf 55' lang='grc' dir='ltr'><em>κοντι</em></span> <span class='ocrx_word' id='word_1_178' title='bbox 362 1506 506 1570; x_wconf 71' lang='grc' dir='ltr'><em>(οὗτοι</em></span> <span class='ocrx_word' id='word_1_179' title='bbox 527 1511 605 1567; x_wconf 66' lang='grc' dir='ltr'>γὰρ</span> <span class='ocrx_word' id='word_1_180' title='bbox 622 1510 858 1565; x_wconf 76' lang='grc' dir='ltr'><em>Ἀθηναίοις</em></span> <span class='ocrx_word' id='word_1_181' title='bbox 875 1511 941 1552; x_wconf 75' lang='grc' dir='ltr'>καὶ</span> <span class='ocrx_word' id='word_1_182' title='bbox 959 1509 1308 1562; x_wconf 70' lang='grc' dir='ltr'><em>Λακεδαιμονίοις</em></span> <span class='ocrx_word' id='word_1_183' title='bbox 1334 1509 1404 1550; x_wconf 83' lang='grc' dir='ltr'>καί</span> <span class='ocrx_word' id='word_1_184' title='bbox 1423 1523 1526 1550; x_wconf 86' lang='grc' dir='ltr'><em>τισιν</em></span> <span class='ocrx_word' id='word_1_185' title='bbox 1548 1507 1688 1557; x_wconf 74' lang='grc' dir='ltr'><em>ἄλλοις</em></span> 
     </span>
     <span class='ocr_line' id='line_1_20' title="bbox 223 1572 1685 1636; baseline -0.003 -14"><span class='ocrx_word' id='word_1_186' title='bbox 223 1581 261 1622; x_wconf 75' lang='grc' dir='ltr'>οἳ</span> <span class='ocrx_word' id='word_1_187' title='bbox 302 1580 527 1634; x_wconf 73' lang='grc' dir='ltr'><em>νομοθέται</em></span> <span class='ocrx_word' id='word_1_188' title='bbox 567 1580 690 1636; x_wconf 73' lang='grc' dir='ltr'><em>σοφοὶ</em></span> <span class='ocrx_word' id='word_1_189' title='bbox 733 1586 879 1634; x_wconf 76' lang='grc' dir='ltr'><em>σοφοῖς</em></span> <span class='ocrx_word' id='word_1_190' title='bbox 909 1579 974 1620; x_wconf 85' lang='grc' dir='ltr'>καὶ</span> <span class='ocrx_word' id='word_1_191' title='bbox 1008 1583 1191 1626; x_wconf 77' lang='grc' dir='ltr'><em>συνετοΐς</em></span> <span class='ocrx_word' id='word_1_192' title='bbox 1219 1575 1271 1618; x_wconf 79' lang='grc' dir='ltr'><em>τὰ</em></span> <span class='ocrx_word' id='word_1_193' title='bbox 1302 1575 1342 1626; x_wconf 69' lang='grc' dir='ltr'>ἐς</span> <span class='ocrx_word' id='word_1_194' title='bbox 1371 1572 1493 1632; x_wconf 79' lang='grc' dir='ltr'><em>λόγον</em></span> <span class='ocrx_word' id='word_1_195' title='bbox 1529 1573 1685 1631; x_wconf 78' lang='grc' dir='ltr'><em>λόγιοι)</em></span> 
     </span>
     <span class='ocr_line' id='line_1_21' title="bbox 168 1643 1684 1706; baseline -0.003 -14"><span class='ocrx_word' id='word_1_196' title='bbox 168 1648 316 1697; x_wconf 58' lang='lat' dir='ltr'>eodm?</span> <span class='ocrx_word' id='word_1_197' title='bbox 351 1648 471 1706; x_wconf 74' lang='grc' dir='ltr'><em>ἀνδρὶ</em></span> <span class='ocrx_word' id='word_1_198' title='bbox 500 1647 650 1704; x_wconf 72' lang='grc' dir='ltr'><em>ἀγνῶτι</em></span> <span class='ocrx_word' id='word_1_199' title='bbox 681 1650 747 1691; x_wconf 80' lang='grc' dir='ltr'>καὶ</span> <span class='ocrx_word' id='word_1_200' title='bbox 778 1647 824 1691; x_wconf 84' lang='grc' dir='ltr'><em>τὸ</em></span> <span class='ocrx_word' id='word_1_201' title='bbox 854 1651 936 1690; x_wconf 83' lang='grc' dir='ltr'>πᾶν</span> <span class='ocrx_word' id='word_1_202' title='bbox 966 1650 1154 1704; x_wconf 73' lang='grc' dir='ltr'><em>πονηρῷ,</em></span> <span class='ocrx_word' id='word_1_203' title='bbox 1189 1644 1420 1700; x_wconf 74' lang='grc' dir='ltr'><em>χαλκεΐμὲν</em></span> <span class='ocrx_word' id='word_1_204' title='bbox 1440 1643 1487 1687; x_wconf 83' lang='grc' dir='ltr'><em>τὸ</em></span> <span class='ocrx_word' id='word_1_205' title='bbox 1507 1649 1684 1702; x_wconf 80' lang='grc' dir='ltr'><em>πρῶτον,</em></span> 
     </span>
    </p>
   </div>
   <div class='ocr_carea' id='block_1_3' title="bbox 218 1820 1692 2929">
    <p class='ocr_par' dir='ltr' id='par_1_3' title="bbox 218 1820 1692 2929">
     <span class='ocr_line' id='line_1_22' title="bbox 222 1820 1688 1869; baseline 0.001 -11"><span class='ocrx_word' id='word_1_206' title='bbox 222 1825 358 1869; x_wconf 81' lang='lat' dir='ltr'>glectae</span> <span class='ocrx_word' id='word_1_207' title='bbox 388 1835 410 1859; x_wconf 79' lang='lat' dir='ltr'>a</span> <span class='ocrx_word' id='word_1_208' title='bbox 442 1823 582 1859; x_wconf 79' lang='lat' dir='ltr'>dominis</span> <span class='ocrx_word' id='word_1_209' title='bbox 614 1823 668 1859; x_wconf 91' lang='lat' dir='ltr'>sui</span> <span class='ocrx_word' id='word_1_210' title='bbox 695 1827 778 1859; x_wconf 81' lang='lat' dir='ltr'>tunc</span> <span class='ocrx_word' id='word_1_211' title='bbox 799 1823 882 1859; x_wconf 85' lang='lat' dir='ltr'>iuris</span> <span class='ocrx_word' id='word_1_212' title='bbox 905 1828 1014 1859; x_wconf 86' lang='lat' dir='ltr'>erant.</span> <span class='ocrx_word' id='word_1_213' title='bbox 1061 1823 1123 1858; x_wconf 76' lang='lat' dir='ltr'>has</span> <span class='ocrx_word' id='word_1_214' title='bbox 1147 1820 1247 1858; x_wconf 79' lang='lat' dir='ltr'>facile</span> <span class='ocrx_word' id='word_1_215' title='bbox 1269 1835 1311 1858; x_wconf 90' lang='lat' dir='ltr'>ac</span> <span class='ocrx_word' id='word_1_216' title='bbox 1333 1820 1407 1859; x_wconf 88' lang='lat' dir='ltr'>sine</span> <span class='ocrx_word' id='word_1_217' title='bbox 1429 1835 1551 1869; x_wconf 79' lang='lat' dir='ltr'>magno</span> <span class='ocrx_word' id='word_1_218' title='bbox 1575 1828 1688 1859; x_wconf 77' lang='lat' dir='ltr'>certa·</span> 
     </span>
     <span class='ocr_line' id='line_1_23' title="bbox 221 1870 1688 1916; baseline -0.001 -10"><span class='ocrx_word' id='word_1_219' title='bbox 221 1872 327 1913; x_wconf 84' lang='lat' dir='ltr'>mine,</span> <span class='ocrx_word' id='word_1_220' title='bbox 357 1870 465 1916; x_wconf 86' lang='lat' dir='ltr'>prima</span> <span class='ocrx_word' id='word_1_221' title='bbox 497 1870 612 1905; x_wconf 79' lang='lat' dir='ltr'>statim</span> <span class='ocrx_word' id='word_1_222' title='bbox 635 1870 829 1905; x_wconf 69' lang='lat' dir='ltr'>ostensione</span> <span class='ocrx_word' id='word_1_223' title='bbox 850 1870 903 1905; x_wconf 88' lang='lat' dir='ltr'>sui</span> <span class='ocrx_word' id='word_1_224' title='bbox 927 1871 1020 1916; x_wconf 83' lang='lat' dir='ltr'><strong>cepit</strong></span> <span class='ocrx_word' id='word_1_225' title='bbox 1034 1870 1176 1916; x_wconf 58' lang='lat' dir='ltr'>&lt;sibique</span> <span class='ocrx_word' id='word_1_226' title='bbox 1205 1870 1363 1905; x_wconf 72' lang='lat' dir='ltr'>subiecit.</span> <span class='ocrx_word' id='word_1_227' title='bbox 1412 1876 1448 1905; x_wconf 82' lang='lat' dir='ltr'>et</span> <span class='ocrx_word' id='word_1_228' title='bbox 1472 1870 1688 1905; x_wconf 81' lang='lat' dir='ltr'>animadver-</span> 
     </span>
     <span class='ocr_line' id='line_1_24' title="bbox 220 1916 1690 1963; baseline -0.001 -11"><span class='ocrx_word' id='word_1_229' title='bbox 220 1923 300 1952; x_wconf 70' lang='lat' dir='ltr'>tens</span> <span class='ocrx_word' id='word_1_230' title='bbox 332 1918 458 1952; x_wconf 78' lang='lat' dir='ltr'>uberes</span> <span class='ocrx_word' id='word_1_231' title='bbox 486 1922 601 1951; x_wconf 79' lang='lat' dir='ltr'>terras</span> <span class='ocrx_word' id='word_1_232' title='bbox 631 1928 673 1951; x_wconf 85' lang='lat' dir='ltr'>ac</span> <span class='ocrx_word' id='word_1_233' title='bbox 703 1916 846 1963; x_wconf 86' lang='lat' dir='ltr'>populos</span> <span class='ocrx_word' id='word_1_234' title='bbox 869 1917 912 1951; x_wconf 91' lang='lat' dir='ltr'>ad</span> <span class='ocrx_word' id='word_1_235' title='bbox 935 1917 1202 1951; x_wconf 84' lang='lat' dir='ltr'>constituendum</span> <span class='ocrx_word' id='word_1_236' title='bbox 1226 1927 1289 1962; x_wconf 88' lang='lat' dir='ltr'>per</span> <span class='ocrx_word' id='word_1_237' title='bbox 1310 1927 1349 1950; x_wconf 85' lang='lat' dir='ltr'>se</span> <span class='ocrx_word' id='word_1_238' title='bbox 1374 1928 1515 1961; x_wconf 84' lang='lat' dir='ltr'>regnum</span> <span class='ocrx_word' id='word_1_239' title='bbox 1537 1916 1690 1960; x_wconf 85' lang='lat' dir='ltr'>idoneos,</span> 
     </span>
     <span class='ocr_line' id='line_1_25' title="bbox 223 1962 1689 2009; baseline -0.001 -11"><span class='ocrx_word' id='word_1_240' title='bbox 223 1966 377 1999; x_wconf 78' lang='lat' dir='ltr'>fraenum</span> <span class='ocrx_word' id='word_1_241' title='bbox 401 1962 552 1998; x_wconf 82' lang='lat' dir='ltr'>excussit</span> <span class='ocrx_word' id='word_1_242' title='bbox 572 1962 704 2006; x_wconf 85' lang='lat' dir='ltr'>imperii</span> <span class='ocrx_word' id='word_1_243' title='bbox 726 1974 842 1997; x_wconf 86' lang='lat' dir='ltr'>eorum</span> <span class='ocrx_word' id='word_1_244' title='bbox 865 1975 886 1998; x_wconf 89' lang='lat' dir='ltr'>a</span> <span class='ocrx_word' id='word_1_245' title='bbox 908 1963 1032 2009; x_wconf 84' lang='lat' dir='ltr'>quibus</span> <span class='ocrx_word' id='word_1_246' title='bbox 1055 1969 1131 1998; x_wconf 86' lang='lat' dir='ltr'>erat</span> <span class='ocrx_word' id='word_1_247' title='bbox 1154 1963 1295 2006; x_wconf 81' lang='lat' dir='ltr'>missus,</span> <span class='ocrx_word' id='word_1_248' title='bbox 1328 1967 1365 1997; x_wconf 86' lang='lat' dir='ltr'>et</span> <span class='ocrx_word' id='word_1_249' title='bbox 1394 1974 1451 1998; x_wconf 83' lang='lat' dir='ltr'>res</span> <span class='ocrx_word' id='word_1_250' title='bbox 1482 1974 1587 2007; x_wconf 86' lang='lat' dir='ltr'>agere</span> <span class='ocrx_word' id='word_1_251' title='bbox 1609 1974 1689 1997; x_wconf 85' lang='lat' dir='ltr'>suas</span> 
     </span>
     <span class='ocr_line' id='line_1_26' title="bbox 222 2008 1689 2063; baseline -0.001 -18"><span class='ocrx_word' id='word_1_252' title='bbox 222 2010 392 2053; x_wconf 79' lang='lat' dir='ltr'>instituit,</span> <span class='ocrx_word' id='word_1_253' title='bbox 413 2008 551 2063; x_wconf 86' lang='lat' dir='ltr'>proprio</span> <span class='ocrx_word' id='word_1_254' title='bbox 573 2008 767 2054; x_wconf 82' lang='lat' dir='ltr'>principatu</span> <span class='ocrx_word' id='word_1_255' title='bbox 789 2009 987 2044; x_wconf 75' lang='lat' dir='ltr'>constituto.</span> <span class='ocrx_word' id='word_1_256' title='bbox 1034 2020 1194 2056; x_wconf 88' lang='lat' dir='ltr'>processu</span> <span class='ocrx_word' id='word_1_257' title='bbox 1218 2008 1339 2043; x_wconf 88' lang='lat' dir='ltr'>deinde</span> <span class='ocrx_word' id='word_1_258' title='bbox 1361 2009 1521 2055; x_wconf 83' lang='lat' dir='ltr'>temporis</span> <span class='ocrx_word' id='word_1_259' title='bbox 1543 2008 1689 2043; x_wconf 86' lang='lat' dir='ltr'>miscen-</span> 
     </span>
     <span class='ocr_line' id='line_1_27' title="bbox 222 2054 1690 2102; baseline -0.001 -12"><span class='ocrx_word' id='word_1_260' title='bbox 222 2061 278 2090; x_wconf 84' lang='lat' dir='ltr'>tes</span> <span class='ocrx_word' id='word_1_261' title='bbox 301 2067 340 2091; x_wconf 82' lang='lat' dir='ltr'>se</span> <span class='ocrx_word' id='word_1_262' title='bbox 361 2055 446 2102; x_wconf 70' lang='lat' dir='ltr'>ipsis</span> <span class='ocrx_word' id='word_1_263' title='bbox 469 2054 527 2100; x_wconf 81' lang='lat' dir='ltr'>qui</span> <span class='ocrx_word' id='word_1_264' title='bbox 549 2055 800 2090; x_wconf 84' lang='lat' dir='ltr'>mediterranea</span> <span class='ocrx_word' id='word_1_265' title='bbox 819 2055 890 2090; x_wconf 82' lang='lat' dir='ltr'>illic</span> <span class='ocrx_word' id='word_1_266' title='bbox 912 2056 1081 2096; x_wconf 81' lang='lat' dir='ltr'>incolunt,</span> <span class='ocrx_word' id='word_1_267' title='bbox 1111 2055 1211 2090; x_wconf 83' lang='lat' dir='ltr'>Alani</span> <span class='ocrx_word' id='word_1_268' title='bbox 1233 2054 1413 2098; x_wconf 73' lang='lat' dir='ltr'>videlicet,</span> <span class='ocrx_word' id='word_1_269' title='bbox 1438 2055 1574 2096; x_wconf 84' lang='lat' dir='ltr'>Zicchi‚</span> <span class='ocrx_word' id='word_1_270' title='bbox 1599 2056 1690 2089; x_wconf 79' lang='lat' dir='ltr'>Got-</span> 
     </span>
     <span class='ocr_line' id='line_1_28' title="bbox 222 2100 1690 2147; baseline -0.001 -11"><span class='ocrx_word' id='word_1_271' title='bbox 222 2102 294 2144; x_wconf 71' lang='lat' dir='ltr'>tbi,</span> <span class='ocrx_word' id='word_1_272' title='bbox 330 2108 365 2136; x_wconf 84' lang='lat' dir='ltr'>et</span> <span class='ocrx_word' id='word_1_273' title='bbox 388 2100 528 2142; x_wconf 81' lang='lat' dir='ltr'>Rhossi,</span> <span class='ocrx_word' id='word_1_274' title='bbox 565 2101 693 2147; x_wconf 83' lang='lat' dir='ltr'>quique</span> <span class='ocrx_word' id='word_1_275' title='bbox 720 2101 882 2136; x_wconf 87' lang='lat' dir='ltr'>finitimas</span> <span class='ocrx_word' id='word_1_276' title='bbox 903 2102 996 2135; x_wconf 84' lang='lat' dir='ltr'>hisce</span> <span class='ocrx_word' id='word_1_277' title='bbox 1018 2101 1176 2136; x_wconf 83' lang='lat' dir='ltr'>habitant</span> <span class='ocrx_word' id='word_1_278' title='bbox 1202 2105 1315 2135; x_wconf 85' lang='lat' dir='ltr'>terras</span> <span class='ocrx_word' id='word_1_279' title='bbox 1349 2101 1561 2134; x_wconf 81' lang='lat' dir='ltr'>diversorum</span> <span class='ocrx_word' id='word_1_280' title='bbox 1585 2112 1690 2145; x_wconf 84' lang='lat' dir='ltr'>gene-</span> 
     </span>
     <span class='ocr_line' id='line_1_29' title="bbox 221 2146 1690 2193; baseline -0.001 -11"><span class='ocrx_word' id='word_1_281' title='bbox 221 2159 298 2182; x_wconf 77' lang='lat' dir='ltr'>rum</span> <span class='ocrx_word' id='word_1_282' title='bbox 331 2147 469 2193; x_wconf 85' lang='lat' dir='ltr'>populi,</span> <span class='ocrx_word' id='word_1_283' title='bbox 505 2158 618 2181; x_wconf 86' lang='lat' dir='ltr'>mores</span> <span class='ocrx_word' id='word_1_284' title='bbox 648 2147 810 2193; x_wconf 81' lang='lat' dir='ltr'>paulatim</span> <span class='ocrx_word' id='word_1_285' title='bbox 842 2147 992 2193; x_wconf 87' lang='lat' dir='ltr'>ipsorum</span> <span class='ocrx_word' id='word_1_286' title='bbox 1023 2148 1230 2187; x_wconf 82' lang='lat' dir='ltr'>didicerunt,</span> <span class='ocrx_word' id='word_1_287' title='bbox 1264 2152 1301 2182; x_wconf 89' lang='lat' dir='ltr'>et</span> <span class='ocrx_word' id='word_1_288' title='bbox 1322 2158 1397 2181; x_wconf 84' lang='lat' dir='ltr'>eum</span> <span class='ocrx_word' id='word_1_289' title='bbox 1421 2146 1515 2181; x_wconf 82' lang='lat' dir='ltr'>vitae</span> <span class='ocrx_word' id='word_1_290' title='bbox 1538 2158 1600 2180; x_wconf 88' lang='lat' dir='ltr'>usu</span> <span class='ocrx_word' id='word_1_291' title='bbox 1622 2146 1690 2180; x_wconf 91' lang='lat' dir='ltr'>lin-</span> 
     </span>
     <span class='ocr_line' id='line_1_30' title="bbox 225 2193 1687 2239; baseline -0.001 -12"><span class='ocrx_word' id='word_1_292' title='bbox 225 2205 324 2238; x_wconf 85' lang='lat' dir='ltr'>guam</span> <span class='ocrx_word' id='word_1_293' title='bbox 346 2194 514 2227; x_wconf 69' lang='lat' dir='ltr'>etiam‘ac</span> <span class='ocrx_word' id='word_1_294' title='bbox 535 2193 696 2228; x_wconf 82' lang='lat' dir='ltr'>vestitum</span> <span class='ocrx_word' id='word_1_295' title='bbox 719 2205 834 2228; x_wconf 88' lang='lat' dir='ltr'>eorum</span> <span class='ocrx_word' id='word_1_296' title='bbox 857 2200 1082 2239; x_wconf 81' lang='lat' dir='ltr'>usurpantes,</span> <span class='ocrx_word' id='word_1_297' title='bbox 1108 2194 1142 2228; x_wconf 88' lang='lat' dir='ltr'>in</span> <span class='ocrx_word' id='word_1_298' title='bbox 1166 2193 1303 2227; x_wconf 80' lang='lat' dir='ltr'>militiae</span> <span class='ocrx_word' id='word_1_299' title='bbox 1325 2196 1460 2238; x_wconf 85' lang='lat' dir='ltr'>quoque</span> <span class='ocrx_word' id='word_1_300' title='bbox 1484 2193 1687 2227; x_wconf 78' lang='lat' dir='ltr'>consortium</span> 
     </span>
     <span class='ocr_line' id='line_1_31' title="bbox 218 2238 1692 2285; baseline 0.001 -13"><span class='ocrx_word' id='word_1_301' title='bbox 218 2239 408 2284; x_wconf 56' lang='grc' dir='ltr'><em>Ἐπαφρᾶ,</em></span> <span class='ocrx_word' id='word_1_302' title='bbox 443 2249 509 2272; x_wconf 90' lang='lat' dir='ltr'>non</span> <span class='ocrx_word' id='word_1_303' title='bbox 542 2238 594 2273; x_wconf 83' lang='lat' dir='ltr'>ita</span> <span class='ocrx_word' id='word_1_304' title='bbox 624 2240 727 2274; x_wconf 77' lang='lat' dir='ltr'>multo</span> <span class='ocrx_word' id='word_1_305' title='bbox 751 2245 829 2284; x_wconf 84' lang='lat' dir='ltr'>post</span> <span class='ocrx_word' id='word_1_306' title='bbox 852 2240 1021 2274; x_wconf 85' lang='lat' dir='ltr'>exercitus</span> <span class='ocrx_word' id='word_1_307' title='bbox 1045 2241 1264 2274; x_wconf 78' lang='lat' dir='ltr'>confecerunt</span> <span class='ocrx_word' id='word_1_308' title='bbox 1286 2238 1567 2281; x_wconf 82' lang='lat' dir='ltr'>innumerabiles,</span> <span class='ocrx_word' id='word_1_309' title='bbox 1604 2251 1692 2285; x_wconf 85' lang='lat' dir='ltr'>qua-</span> 
     </span>
     <span class='ocr_line' id='line_1_32' title="bbox 224 2283 1689 2332; baseline 0 -13"><span class='ocrx_word' id='word_1_310' title='bbox 224 2296 299 2319; x_wconf 87' lang='lat' dir='ltr'>rum</span> <span class='ocrx_word' id='word_1_311' title='bbox 322 2283 527 2319; x_wconf 74' lang='lat' dir='ltr'>conscientia</span> <span class='ocrx_word' id='word_1_312' title='bbox 549 2295 679 2331; x_wconf 85' lang='lat' dir='ltr'>usuque</span> <span class='ocrx_word' id='word_1_313' title='bbox 701 2285 821 2320; x_wconf 83' lang='lat' dir='ltr'>virium</span> <span class='ocrx_word' id='word_1_314' title='bbox 843 2286 879 2320; x_wconf 89' lang='lat' dir='ltr'>in</span> <span class='ocrx_word' id='word_1_315' title='bbox 902 2287 1088 2332; x_wconf 82' lang='lat' dir='ltr'>potentiam</span> <span class='ocrx_word' id='word_1_316' title='bbox 1110 2286 1253 2319; x_wconf 82' lang='lat' dir='ltr'>immane</span> <span class='ocrx_word' id='word_1_317' title='bbox 1275 2288 1437 2329; x_wconf 77' lang='lat' dir='ltr'>quantam</span> <span class='ocrx_word' id='word_1_318' title='bbox 1456 2285 1689 2323; x_wconf 77' lang='lat' dir='ltr'>Tocharorum</span> 
     </span>
     <span class='ocr_line' id='line_1_33' title="bbox 225 2330 1689 2376; baseline 0.002 -13"><span class='ocrx_word' id='word_1_319' title='bbox 225 2341 310 2376; x_wconf 82' lang='lat' dir='ltr'>gens</span> <span class='ocrx_word' id='word_1_320' title='bbox 341 2330 505 2375; x_wconf 77' lang='lat' dir='ltr'>profecit,</span> <span class='ocrx_word' id='word_1_321' title='bbox 534 2330 620 2365; x_wconf 86' lang='lat' dir='ltr'>adeo</span> <span class='ocrx_word' id='word_1_322' title='bbox 647 2334 687 2365; x_wconf 81' lang='lat' dir='ltr'>ut</span> <span class='ocrx_word' id='word_1_323' title='bbox 716 2343 927 2376; x_wconf 86' lang='lat' dir='ltr'>quocumque</span> <span class='ocrx_word' id='word_1_324' title='bbox 961 2343 999 2366; x_wconf 86' lang='lat' dir='ltr'>se</span> <span class='ocrx_word' id='word_1_325' title='bbox 1030 2336 1226 2372; x_wconf 79' lang='lat' dir='ltr'>verterent,</span> <span class='ocrx_word' id='word_1_326' title='bbox 1267 2330 1535 2365; x_wconf 78' lang='lat' dir='ltr'>ineluctabiliter</span> <span class='ocrx_word' id='word_1_327' title='bbox 1565 2338 1689 2367; x_wconf 83' lang='lat' dir='ltr'>cuncta</span> 
     </span>
     <span class='ocr_line' id='line_1_34' title="bbox 226 2375 1688 2423; baseline 0.002 -14"><span class='ocrx_word' id='word_1_328' title='bbox 226 2380 503 2423; x_wconf 75' lang='lat' dir='ltr'>prosternerent,</span> <span class='ocrx_word' id='word_1_329' title='bbox 538 2381 575 2409; x_wconf 84' lang='lat' dir='ltr'>et</span> <span class='ocrx_word' id='word_1_330' title='bbox 606 2387 681 2410; x_wconf 92' lang='lat' dir='ltr'>cum</span> <span class='ocrx_word' id='word_1_331' title='bbox 715 2389 735 2410; x_wconf 88' lang='lat' dir='ltr'>e</span> <span class='ocrx_word' id='word_1_332' title='bbox 764 2378 996 2423; x_wconf 83' lang='lat' dir='ltr'>superioribus</span> <span class='ocrx_word' id='word_1_333' title='bbox 1028 2377 1167 2411; x_wconf 87' lang='lat' dir='ltr'>dominis</span> <span class='ocrx_word' id='word_1_334' title='bbox 1191 2375 1327 2421; x_wconf 80' lang='lat' dir='ltr'>quidam</span> <span class='ocrx_word' id='word_1_335' title='bbox 1351 2376 1394 2410; x_wconf 89' lang='lat' dir='ltr'>ad</span> <span class='ocrx_word' id='word_1_336' title='bbox 1417 2375 1568 2422; x_wconf 87' lang='lat' dir='ltr'>ipsorum</span> <span class='ocrx_word' id='word_1_337' title='bbox 1591 2378 1688 2412; x_wconf 82' lang='lat' dir='ltr'>defe-</span> 
     </span>
     <span class='ocr_line' id='line_1_35' title="bbox 219 2421 1689 2469; baseline 0.001 -13"><span class='ocrx_word' id='word_1_338' title='bbox 219 2422 373 2456; x_wconf 67' lang='lat' dir='ltr'>-ctionem</span> <span class='ocrx_word' id='word_1_339' title='bbox 406 2421 632 2455; x_wconf 79' lang='lat' dir='ltr'>ulciscendam</span> <span class='ocrx_word' id='word_1_340' title='bbox 666 2434 794 2468; x_wconf 88' lang='lat' dir='ltr'>eosque</span> <span class='ocrx_word' id='word_1_341' title='bbox 815 2425 879 2457; x_wconf 87' lang='lat' dir='ltr'>sub</span> <span class='ocrx_word' id='word_1_342' title='bbox 906 2423 1022 2467; x_wconf 82' lang='lat' dir='ltr'>iugum</span> <span class='ocrx_word' id='word_1_343' title='bbox 1052 2423 1261 2456; x_wconf 85' lang='lat' dir='ltr'>revocandos</span> <span class='ocrx_word' id='word_1_344' title='bbox 1282 2422 1422 2457; x_wconf 83' lang='lat' dir='ltr'>bellicas</span> <span class='ocrx_word' id='word_1_345' title='bbox 1443 2423 1478 2457; x_wconf 85' lang='lat' dir='ltr'>in</span> <span class='ocrx_word' id='word_1_346' title='bbox 1501 2435 1560 2457; x_wconf 86' lang='lat' dir='ltr'>eos</span> <span class='ocrx_word' id='word_1_347' title='bbox 1584 2436 1689 2469; x_wconf 83' lang='lat' dir='ltr'>expe-</span> 
     </span>
     <span class='ocr_line' id='line_1_36' title="bbox 225 2467 1688 2515; baseline 0.001 -13"><span class='ocrx_word' id='word_1_348' title='bbox 225 2468 374 2503; x_wconf 85' lang='lat' dir='ltr'>ditiones</span> <span class='ocrx_word' id='word_1_349' title='bbox 396 2467 645 2511; x_wconf 76' lang='lat' dir='ltr'>suscepissent,</span> <span class='ocrx_word' id='word_1_350' title='bbox 669 2479 735 2502; x_wconf 91' lang='lat' dir='ltr'>non</span> <span class='ocrx_word' id='word_1_351' title='bbox 758 2470 854 2503; x_wconf 86' lang='lat' dir='ltr'>modo</span> <span class='ocrx_word' id='word_1_352' title='bbox 873 2469 965 2515; x_wconf 89' lang='lat' dir='ltr'>ipsos</span> <span class='ocrx_word' id='word_1_353' title='bbox 989 2481 1054 2502; x_wconf 91' lang='lat' dir='ltr'>non</span> <span class='ocrx_word' id='word_1_354' title='bbox 1078 2468 1276 2508; x_wconf 85' lang='lat' dir='ltr'>vincerent,</span> <span class='ocrx_word' id='word_1_355' title='bbox 1299 2468 1360 2502; x_wconf 89' lang='lat' dir='ltr'>sed</span> <span class='ocrx_word' id='word_1_356' title='bbox 1383 2469 1512 2514; x_wconf 82' lang='lat' dir='ltr'>magnis</span> <span class='ocrx_word' id='word_1_357' title='bbox 1535 2470 1688 2515; x_wconf 82' lang='lat' dir='ltr'>acceptis</span> 
     </span>
     <span class='ocr_line' id='line_1_37' title="bbox 227 2512 1690 2561; baseline 0.001 -13"><span class='ocrx_word' id='word_1_358' title='bbox 227 2514 379 2548; x_wconf 76' lang='lat' dir='ltr'>cladibus</span> <span class='ocrx_word' id='word_1_359' title='bbox 411 2513 447 2546; x_wconf 88' lang='lat' dir='ltr'>in</span> <span class='ocrx_word' id='word_1_360' title='bbox 478 2512 570 2547; x_wconf 81' lang='lat' dir='ltr'>lucro</span> <span class='ocrx_word' id='word_1_361' title='bbox 601 2519 767 2557; x_wconf 80' lang='lat' dir='ltr'>ponerent</span> <span class='ocrx_word' id='word_1_362' title='bbox 788 2515 878 2560; x_wconf 84' lang='lat' dir='ltr'>quod</span> <span class='ocrx_word' id='word_1_363' title='bbox 902 2514 1075 2560; x_wconf 84' lang='lat' dir='ltr'>plerisque</span> <span class='ocrx_word' id='word_1_364' title='bbox 1098 2526 1233 2549; x_wconf 83' lang='lat' dir='ltr'>suorum</span> <span class='ocrx_word' id='word_1_365' title='bbox 1256 2514 1344 2548; x_wconf 89' lang='lat' dir='ltr'>bello</span> <span class='ocrx_word' id='word_1_366' title='bbox 1368 2515 1566 2550; x_wconf 74' lang='lat' dir='ltr'>cadentibus</span> <span class='ocrx_word' id='word_1_367' title='bbox 1589 2516 1690 2561; x_wconf 84' lang='lat' dir='ltr'>pauci</span> 
     </span>
     <span class='ocr_line' id='line_1_38' title="bbox 225 2557 1690 2606; baseline 0 -11"><span class='ocrx_word' id='word_1_368' title='bbox 225 2560 355 2595; x_wconf 74' lang='lat' dir='ltr'>salvum</span> <span class='ocrx_word' id='word_1_369' title='bbox 377 2557 523 2593; x_wconf 89' lang='lat' dir='ltr'>reditum</span> <span class='ocrx_word' id='word_1_370' title='bbox 546 2558 723 2593; x_wconf 85' lang='lat' dir='ltr'>haberent.</span> <span class='ocrx_word' id='word_1_371' title='bbox 769 2561 896 2606; x_wconf 78' lang='lat' dir='ltr'>gaudet</span> <span class='ocrx_word' id='word_1_372' title='bbox 917 2562 1002 2594; x_wconf 84' lang='lat' dir='ltr'>haec</span> <span class='ocrx_word' id='word_1_373' title='bbox 1024 2571 1107 2604; x_wconf 80' lang='lat' dir='ltr'>gens</span> <span class='ocrx_word' id='word_1_374' title='bbox 1129 2560 1202 2595; x_wconf 80' lang='lat' dir='ltr'>vita</span> <span class='ocrx_word' id='word_1_375' title='bbox 1224 2559 1391 2606; x_wconf 75' lang='lat' dir='ltr'>simplici3</span> <span class='ocrx_word' id='word_1_376' title='bbox 1428 2561 1571 2595; x_wconf 82' lang='lat' dir='ltr'>haerent</span> <span class='ocrx_word' id='word_1_377' title='bbox 1600 2562 1690 2595; x_wconf 82' lang='lat' dir='ltr'>invi-</span> 
     </span>
     <span class='ocr_line' id='line_1_39' title="bbox 220 2604 1689 2652; baseline 0.001 -12"><span class='ocrx_word' id='word_1_378' title='bbox 220 2617 298 2640; x_wconf 83' lang='lat' dir='ltr'>·cem</span> <span class='ocrx_word' id='word_1_379' title='bbox 322 2610 437 2639; x_wconf 77' lang='lat' dir='ltr'>mutuo</span> <span class='ocrx_word' id='word_1_380' title='bbox 459 2616 548 2638; x_wconf 89' lang='lat' dir='ltr'>nexu</span> <span class='ocrx_word' id='word_1_381' title='bbox 570 2604 684 2639; x_wconf 82' lang='lat' dir='ltr'>civilis</span> <span class='ocrx_word' id='word_1_382' title='bbox 706 2605 883 2648; x_wconf 82' lang='lat' dir='ltr'>caritatis3</span> <span class='ocrx_word' id='word_1_383' title='bbox 906 2608 1097 2641; x_wconf 79' lang='lat' dir='ltr'>tolerantes</span> <span class='ocrx_word' id='word_1_384' title='bbox 1118 2611 1197 2641; x_wconf 81' lang='lat' dir='ltr'>sunt</span> <span class='ocrx_word' id='word_1_385' title='bbox 1217 2606 1381 2648; x_wconf 77' lang='lat' dir='ltr'>laborum,</span> <span class='ocrx_word' id='word_1_386' title='bbox 1404 2607 1439 2641; x_wconf 88' lang='lat' dir='ltr'>in</span> <span class='ocrx_word' id='word_1_387' title='bbox 1464 2607 1552 2641; x_wconf 88' lang='lat' dir='ltr'>bella</span> <span class='ocrx_word' id='word_1_388' title='bbox 1575 2619 1689 2652; x_wconf 87' lang='lat' dir='ltr'>prom-</span> 
     </span>
     <span class='ocr_line' id='line_1_40' title="bbox 225 2650 1689 2699; baseline 0.001 -13"><span class='ocrx_word' id='word_1_389' title='bbox 225 2651 395 2697; x_wconf 78' lang='lat' dir='ltr'>ptissimi3</span> <span class='ocrx_word' id='word_1_390' title='bbox 418 2651 535 2697; x_wconf 83' lang='lat' dir='ltr'>paucis</span> <span class='ocrx_word' id='word_1_391' title='bbox 558 2650 602 2684; x_wconf 90' lang='lat' dir='ltr'>ad</span> <span class='ocrx_word' id='word_1_392' title='bbox 629 2651 753 2685; x_wconf 86' lang='lat' dir='ltr'>victum</span> <span class='ocrx_word' id='word_1_393' title='bbox 776 2653 967 2696; x_wconf 87' lang='lat' dir='ltr'>cultumque</span> <span class='ocrx_word' id='word_1_394' title='bbox 988 2652 1158 2699; x_wconf 84' lang='lat' dir='ltr'>indigent,</span> <span class='ocrx_word' id='word_1_395' title='bbox 1180 2664 1243 2687; x_wconf 85' lang='lat' dir='ltr'>nec</span> <span class='ocrx_word' id='word_1_396' title='bbox 1266 2652 1397 2687; x_wconf 85' lang='lat' dir='ltr'>solicite</span> <span class='ocrx_word' id='word_1_397' title='bbox 1420 2658 1606 2698; x_wconf 84' lang='lat' dir='ltr'>congerunt</span> <span class='ocrx_word' id='word_1_398' title='bbox 1628 2659 1689 2687; x_wconf 84' lang='lat' dir='ltr'>aut</span> 
     </span>
     <span class='ocr_line' id='line_1_41' title="bbox 227 2692 1688 2742; baseline 0.001 -11"><span class='ocrx_word' id='word_1_399' title='bbox 227 2697 407 2732; x_wconf 73' lang='lat' dir='ltr'>consulunt</span> <span class='ocrx_word' id='word_1_400' title='bbox 437 2696 472 2730; x_wconf 87' lang='lat' dir='ltr'>in</span> <span class='ocrx_word' id='word_1_401' title='bbox 505 2692 655 2731; x_wconf 70' lang='lat' dir='ltr'>{uturum</span> <span class='ocrx_word' id='word_1_402' title='bbox 685 2708 793 2731; x_wconf 85' lang='lat' dir='ltr'>avara</span> <span class='ocrx_word' id='word_1_403' title='bbox 829 2697 1054 2742; x_wconf 84' lang='lat' dir='ltr'>providentia.</span> <span class='ocrx_word' id='word_1_404' title='bbox 1100 2698 1144 2734; x_wconf 85' lang='lat' dir='ltr'>ad</span> <span class='ocrx_word' id='word_1_405' title='bbox 1177 2698 1265 2733; x_wconf 86' lang='lat' dir='ltr'>hanc</span> <span class='ocrx_word' id='word_1_406' title='bbox 1294 2698 1427 2733; x_wconf 85' lang='lat' dir='ltr'>scilicet</span> <span class='ocrx_word' id='word_1_407' title='bbox 1448 2699 1607 2733; x_wconf 82' lang='lat' dir='ltr'>formavit</span> <span class='ocrx_word' id='word_1_408' title='bbox 1628 2709 1688 2732; x_wconf 83' lang='lat' dir='ltr'>eos</span> 
     </span>
     <span class='ocr_line' id='line_1_42' title="bbox 223 2742 1686 2790; baseline 0.001 -14"><span class='ocrx_word' id='word_1_409' title='bbox 223 2742 435 2788; x_wconf 71' lang='lat' dir='ltr'>disciplinam</span> <span class='ocrx_word' id='word_1_410' title='bbox 459 2742 591 2787; x_wconf 82' lang='lat' dir='ltr'>priscus</span> <span class='ocrx_word' id='word_1_411' title='bbox 613 2742 764 2788; x_wconf 85' lang='lat' dir='ltr'>ipsorum</span> <span class='ocrx_word' id='word_1_412' title='bbox 786 2743 959 2787; x_wconf 85' lang='lat' dir='ltr'>legislator</span> <span class='ocrx_word' id='word_1_413' title='bbox 979 2744 1126 2790; x_wconf 81' lang='lat' dir='ltr'>quidam,</span> <span class='ocrx_word' id='word_1_414' title='bbox 1150 2756 1215 2779; x_wconf 89' lang='lat' dir='ltr'>non</span> <span class='ocrx_word' id='word_1_415' title='bbox 1238 2756 1320 2780; x_wconf 85' lang='lat' dir='ltr'>sane</span> <span class='ocrx_word' id='word_1_416' title='bbox 1343 2745 1447 2779; x_wconf 90' lang='lat' dir='ltr'>Solon</span> <span class='ocrx_word' id='word_1_417' title='bbox 1469 2748 1530 2779; x_wconf 90' lang='lat' dir='ltr'>aut</span> <span class='ocrx_word' id='word_1_418' title='bbox 1551 2745 1686 2788; x_wconf 84' lang='lat' dir='ltr'>Lycur-</span> 
     </span>
     <span class='ocr_line' id='line_1_43' title="bbox 227 2789 1686 2836; baseline 0.001 -14"><span class='ocrx_word' id='word_1_419' title='bbox 227 2799 291 2832; x_wconf 79' lang='lat' dir='ltr'>gus</span> <span class='ocrx_word' id='word_1_420' title='bbox 317 2794 377 2823; x_wconf 79' lang='lat' dir='ltr'>aut</span> <span class='ocrx_word' id='word_1_421' title='bbox 397 2789 534 2823; x_wconf 81' lang='lat' dir='ltr'>Dracon</span> <span class='ocrx_word' id='word_1_422' title='bbox 571 2789 630 2832; x_wconf 88' lang='lat' dir='ltr'>(hi</span> <span class='ocrx_word' id='word_1_423' title='bbox 660 2789 747 2823; x_wconf 88' lang='lat' dir='ltr'>enim</span> <span class='ocrx_word' id='word_1_424' title='bbox 775 2789 1058 2835; x_wconf 80' lang='lat' dir='ltr'>Atheniensibus,</span> <span class='ocrx_word' id='word_1_425' title='bbox 1094 2791 1388 2832; x_wconf 80' lang='lat' dir='ltr'>Lacedaemoniis,</span> <span class='ocrx_word' id='word_1_426' title='bbox 1421 2794 1458 2824; x_wconf 83' lang='lat' dir='ltr'>et</span> <span class='ocrx_word' id='word_1_427' title='bbox 1489 2789 1686 2836; x_wconf 78' lang='lat' dir='ltr'>quibusdam</span> 
     </span>
     <span class='ocr_line' id='line_1_44' title="bbox 227 2834 1690 2880; baseline 0.002 -13"><span class='ocrx_word' id='word_1_428' title='bbox 227 2834 301 2867; x_wconf 83' lang='lat' dir='ltr'>aliis</span> <span class='ocrx_word' id='word_1_429' title='bbox 323 2834 495 2880; x_wconf 81' lang='lat' dir='ltr'>sapientes</span> <span class='ocrx_word' id='word_1_430' title='bbox 518 2834 752 2878; x_wconf 84' lang='lat' dir='ltr'>sapientibus,</span> <span class='ocrx_word' id='word_1_431' title='bbox 788 2834 914 2869; x_wconf 85' lang='lat' dir='ltr'>eruditi</span> <span class='ocrx_word' id='word_1_432' title='bbox 947 2836 1075 2879; x_wconf 75' lang='lat' dir='ltr'>doctis,</span> <span class='ocrx_word' id='word_1_433' title='bbox 1111 2836 1154 2871; x_wconf 86' lang='lat' dir='ltr'>ad</span> <span class='ocrx_word' id='word_1_434' title='bbox 1178 2837 1343 2872; x_wconf 86' lang='lat' dir='ltr'>rationem</span> <span class='ocrx_word' id='word_1_435' title='bbox 1367 2840 1507 2870; x_wconf 80' lang='lat' dir='ltr'>exactas</span> <span class='ocrx_word' id='word_1_436' title='bbox 1531 2836 1690 2870; x_wconf 85' lang='lat' dir='ltr'>condide-</span> 
     </span>
     <span class='ocr_line' id='line_1_45' title="bbox 228 2880 1691 2929; baseline 0.003 -16"><span class='ocrx_word' id='word_1_437' title='bbox 228 2886 307 2913; x_wconf 80' lang='lat' dir='ltr'>runt</span> <span class='ocrx_word' id='word_1_438' title='bbox 330 2880 471 2925; x_wconf 78' lang='lat' dir='ltr'>leges),</span> <span class='ocrx_word' id='word_1_439' title='bbox 512 2882 571 2915; x_wconf 78' lang='lat' dir='ltr'>sed</span> <span class='ocrx_word' id='word_1_440' title='bbox 595 2881 702 2916; x_wconf 84' lang='lat' dir='ltr'>idiota</span> <span class='ocrx_word' id='word_1_441' title='bbox 723 2880 900 2926; x_wconf 82' lang='lat' dir='ltr'>ignobilis,</span> <span class='ocrx_word' id='word_1_442' title='bbox 940 2882 1019 2917; x_wconf 81' lang='lat' dir='ltr'>vilis</span> <span class='ocrx_word' id='word_1_443' title='bbox 1037 2882 1166 2929; x_wconf 85' lang='lat' dir='ltr'>opificii</span> <span class='ocrx_word' id='word_1_444' title='bbox 1189 2884 1307 2918; x_wconf 81' lang='lat' dir='ltr'>labore</span> <span class='ocrx_word' id='word_1_445' title='bbox 1329 2882 1450 2926; x_wconf 84' lang='lat' dir='ltr'>tritus,</span> <span class='ocrx_word' id='word_1_446' title='bbox 1477 2881 1571 2929; x_wconf 83' lang='lat' dir='ltr'>prius</span> <span class='ocrx_word' id='word_1_447' title='bbox 1593 2883 1691 2918; x_wconf 77' lang='lat' dir='ltr'>faber</span> 
     </span>
    </p>
   </div>
  </div>
 </body>
</html>
