1846 3262
424 225 501 269 DE
532 220 813 270 MICHAELE
841 223 1220 276 PALAEOLOGO
1255 232 1302 276 L.
1331 230 1407 278 III.
1540 234 1638 281 211

163 353 296 391 σεται,
335 339 403 381 καὶ
422 338 694 396 Μεσὲμβρεια
714 337 872 398 μεγάλη
889 336 1021 395 πόλις,
1052 344 1119 386 καὶ
1134 342 1345 400 Ἀγχίαλος
1361 346 1642 403 συνηλίσκετο.

166 406 240 449 καί
259 423 303 462 γε
330 406 383 449 τὰ
410 405 527 465 πέριξ
553 409 738 462 ἐκείνων,
775 407 887 462 ἅπαξ
903 403 1131 467 γευσάμενα
1152 417 1227 468 τῆς
1242 419 1499 471 μεταβολῆς,
1536 414 1641 473 ἠγά-

166 492 256 518 πων
282 472 364 518 ὖπό
390 480 558 531 βασιλεῖ’
582 476 856 533 διοικούμενα.
923 481 1227 540 Κωνσταντίνῳ
1257 483 1303 525 δὲ
1324 483 1393 526 διὰ
1414 488 1549 528 ταῦτα
1570 484 1638 529 {fn-
1659 494 1689 529 P
1714 494 1778 531 141

165 545 311 599 πληξις
330 544 516 599 ἐμπίπτει
526 578 541 598 ,
579 547 646 589 καὶ
666 543 900 602 ἀμύνεσθαι
920 547 996 602 μὲν
1018 547 1093 591 οὐκ
1113 546 1190 603 εἶχε
1210 549 1256 593 τό
1274 549 1485 607 τηνικάδε,
1524 551 1637 609 ὅμως

131 622 155 658 5
168 612 215 656 δ’
249 610 418 657 ἔνεκότει
448 620 536 665 τοῖς
564 614 861 672 πεπραγμένοις
879 617 946 658 καὶ
965 615 1108 674 καιρὸν
1134 615 1288 674 ἐζήτει,
1324 618 1372 663 ὃν
1392 621 1445 677 δὴ
1463 623 1532 665 καὶ
1551 627 1636 667 τῶν

164 679 420 740 πραγμάτων
436 683 576 739 ψυχὴν
591 683 797 740 λέγουσιν,
836 683 960 735 ἀξίως
975 684 1241 740 ἀμυνεῖσθαι.

306 751 383 797 19.
455 756 529 811 Τῷ
545 750 687 807 μέντοι
704 769 747 809 γε
766 756 933 808 βασιλεῖ
956 755 1024 796 καὶ
1056 759 1190 798 ταῦτα
1213 752 1437 813 πράττοντι
1461 758 1502 800 οἳ
1520 761 1630 816 λογι-
1652 769 1684 805 Β

162 820 262 874 σμοὶ
282 817 480 878 ὁσημέραι
500 818 832 879 διεταρᾶσσοντο.
903 821 952 866 οὗ
973 822 1051 879 γὰρ
1066 822 1229 880 ἠρεμεῖν
1251 826 1398 869 ἐκεῖνον
1416 825 1480 870 εἴα
1499 842 1635 871 συνει-

164 885 259 938 ‹569-
288 888 337 932 τὸ
367 889 446 946 γὰρ
474 887 677 940 τοιούτοις
702 891 869 946 δεσμοῖς
895 891 1169 936 συνδεδέσθαι
1189 893 1259 937 ἴσα
1278 895 1347 937 καὶ
1365 893 1413 938 τὸ
1427 896 1558 951 μηδὲν
1577 895 1635 940 εἶ-

109 967 154 1001 10
164 975 230 1000 ναι
249 958 390 1001 ἐτίθει.
444 962 504 1016 τῷ
521 975 585 1001 τοι
603 961 671 1002 καὶ
689 956 792 1015 μήτε
810 957 938 1003 τόπον
962 959 1184 1018 ἀπολογίας
1201 961 1304 1018 ἔχων
1322 960 1426 1019 μήτ’
1452 965 1635 1009 ἐπίνοιαν

161 1028 238 1070 τοῦ
256 1026 332 1082 τὴν
351 1026 467 1083 δίκην
487 1026 728 1071 ἀποθέσθαι
739 1061 755 1082 ,
790 1026 870 1071 ὑπ’
894 1028 1127 1085 ἀμηχανίας
1153 1031 1219 1073 ἐπὶ
1245 1032 1418 1087 μεσίτας
1435 1030 1636 1089 πνεύματι

155 1095 320 1147 ζῶντας
345 1095 413 1138 καὶ
443 1093 640 1152 συνήθεις
664 1101 724 1156 τῷ
753 1095 988 1156 πατριάρχῃ
1015 1098 1228 1157 ἐτρέπετο,
1263 1101 1332 1143 καὶ
1352 1100 1636 1157 κατηντιβόλει

159 1167 331 1220 θερμῶς
348 1167 423 1207 τοῦ
445 1165 599 1220 δεσμοῦ
623 1164 694 1209 τὸν
717 1165 851 1222 ἱκέτην
876 1165 1052 1221 ἀνεῖναι,
1089 1169 1157 1211 καὶ
1175 1167 1443 1226 μετεγνωκότι
1458 1170 1534 1226 τὴν
1551 1176 1629 1215 θε-
1651 1180 1682 1215 C

161 1233 334 1290 ραπείαν
368 1230 550 1290 ἐπάγειν,
586 1232 638 1290 ἣν
663 1234 813 1285 ἐκεῖνος
835 1232 1031 1290 βούλεται
1046 1250 1058 1260 ·
1099 1235 1198 1280 εἶναι
1217 1237 1295 1295 γὰρ
1315 1238 1478 1294 ἕτοιμον
1496 1237 1632 1297 πράτ-

105 1311 148 1347 15
161 1318 242 1344 τειν
267 1299 290 1344 ὅ
318 1318 357 1344 τι
386 1300 669 1360 προστάσσοι,
706 1303 754 1347 τὸ
778 1304 918 1359 μέντοι
940 1322 982 1361 γε
1002 1305 1164 1361 γεγονὸς
1194 1305 1393 1363 ἀποίητον
1414 1311 1551 1351 θεῖναι
1570 1308 1631 1366 μὴ

159 1369 337 1414 δυνατὸν
353 1368 460 1422 ὅλως
478 1369 593 1416 εἶναι.
647 1372 686 1415 οἳ
703 1373 750 1415 δὲ
766 1372 880 1429 παρὰ
901 1373 974 1416 τὸν
992 1371 1249 1431 πατριάρχην
1265 1373 1474 1431 ἐρχόμενοι
1496 1375 1632 1434 ἀπήγ-

157 1443 300 1495 γελλον
328 1440 404 1492 μὲν
436 1442 503 1483 καὶ
532 1440 584 1483 τὰ
619 1444 696 1483 τοῦ
722 1441 948 1496 βασιλέως,
994 1443 1063 1485 καὶ
1095 1442 1174 1500 ἀφ’
1205 1441 1344 1487 αὖτῶν
1383 1445 1429 1488 δὲ
1460 1449 1632 1489 πλεῖστα

158 1509 437 1566 προσετίθουν
466 1512 526 1567 τῷ
558 1513 725 1564 βασιλεῖ
744 1508 1018 1568 χαριζόμενοι.
1087 1509 1109 1553 ὅ
1134 1510 1180 1553 δ’
1204 1509 1418 1569 ὑπερεώρα
1438 1513 1513 1569 τὴν
1534 1515 1631 1571 δέη-

158 1593 224 1621 σιν
244 1578 312 1620 καὶ
331 1575 429 1621 οὐδ’
453 1576 557 1628 ὅλως
578 1584 778 1636 προσεῖχε.
847 1581 1087 1638 περιστερὰν
1105 1579 1184 1639 γὰρ
1205 1584 1348 1636 βαλεῖν
1366 1583 1422 1633 εἲς
1439 1582 1511 1627 τὸν
1529 1580 1626 1628 κόλ-
1647 1591 1681 1628 D

156 1736 212 1767 est
234 1732 388 1777 Myltza‚
410 1737 449 1769 ut
474 1733 629 1780 dicetur,
656 1734 801 1770 dedente
823 1735 1061 1780 Mesembrea‚
1087 1747 1211 1782 magna
1232 1736 1356 1772 civitas
1369 1764 1380 1781 ,
1402 1750 1478 1773 cum
1499 1750 1568 1786 qua
1591 1744 1628 1776 et

155 1779 340 1814 Anchialus
371 1780 406 1814 in
438 1785 644 1826 potestatem
674 1788 864 1817 nostrorum
896 1783 1003 1817 venit.
1049 1794 1153 1828 porro
1176 1795 1266 1829 quae
1293 1784 1417 1819 circum
1439 1786 1502 1820 has
1524 1787 1628 1821 urbes

154 1825 284 1871 oppida
303 1826 462 1872 >⁴pagique
495 1831 615 1869 erant,
647 1834 752 1873 gustu
776 1828 879 1863 semel
901 1828 1098 1863 mutationis
1129 1833 1273 1875 accepto
1295 1830 1458 1865 malentes
1477 1831 1627 1877 impera-

155 1871 226 1906 tori
259 1872 418 1915 subesse,
452 1873 608 1908 certatim
631 1885 653 1908 a
674 1873 827 1918 Bulgaro
851 1875 1066 1910 deficiebant.
1112 1876 1260 1910 urebant
1282 1875 1368 1910 haec
1387 1877 1506 1912 intime
1532 1878 1626 1913 Con-

151 1917 342 1952 stantinum
373 1918 536 1964 imparem
558 1923 642 1954 tunc
662 1920 853 1955 resistendo
878 1924 913 1955 et
933 1921 1076 1955 iacturis
1099 1933 1141 1956 ac
1164 1922 1317 1956 cladibus
1339 1923 1443 1958 toties
1465 1924 1625 1970 repetitis

154 1963 347 1998 attonitum.
394 1966 531 2011 ringens
561 1977 645 2011 ergo
669 1978 711 2001 ac
732 1968 881 2002 fremens
912 1967 1019 2012 (nam
1041 1967 1132 2002 aliud
1155 1968 1190 2002 in
1215 1969 1412 2013 praesentia
1434 1980 1501 2004 non
1525 1975 1626 2016 pote-

151 2011 235 2055 rat)
258 2011 484 2055 expectabat,
507 2014 544 2045 et
564 2011 734 2047 inhianter
758 2014 921 2059 captabat
942 2013 1080 2048 ultionis
1102 2014 1404 2060 opportunitatem,
1425 2027 1526 2061 quam
1549 2016 1624 2051 ani-

154 2067 242 2091 mam
265 2056 477 2101 negotiorum
502 2057 638 2103 quidam
659 2070 727 2093 non
748 2058 916 2094 immerito
939 2059 1111 2094 dixerunt.

250 2103 304 2139 19.
349 2102 447 2137 Haec
478 2103 612 2148 agentis
640 2104 859 2151 imperatoris
888 2117 973 2140 cura
1000 2105 1120 2151 ingens
1142 2106 1270 2150 agebat
1292 2105 1492 2151 ferebatque
1514 2107 1624 2142 anxiis

155 2146 416 2192 cogitationibus
438 2151 676 2195 perturbatum
697 2151 853 2186 animum.
899 2163 967 2186 non
989 2152 1078 2186 enim
1098 2151 1193 2185 illum
1215 2152 1342 2197 quietis
1364 2155 1496 2197 partem
1519 2153 1622 2187 ullam

156 2204 280 2238 capere
301 2193 437 2229 sinebat
458 2207 588 2231 morsus
610 2196 749 2232 intimus
771 2198 1015 2240 conscientiae3
1037 2197 1194 2243 adeoque
1215 2199 1362 2231 fructum
1380 2197 1504 2232 nullum
1519 2210 1622 2244 prae-

155 2238 263 2274 sentis
294 2239 470 2276 felicitatis
499 2243 688 2287 sentiebat,
725 2244 804 2278 dum
826 2256 864 2279 se
886 2244 952 2278 diri
975 2244 1199 2278 anathematis
1222 2243 1442 2278 constrictum
1477 2244 1622 2280 vinculis

155 2284 377 2326 meminerat,
406 2291 446 2321 ut
478 2288 540 2322 tali
568 2292 660 2323 statu
692 2300 770 2324 esse
804 2301 845 2324 ac
875 2290 959 2325 nihil
982 2301 1060 2324 esse
1091 2289 1188 2335 paria
1209 2292 1359 2334 putaret.
1404 2289 1522 2335 itaque
1543 2301 1621 2325 cum

153 2342 220 2365 nec
251 2331 460 2377 probabilem
481 2333 583 2368 ullam
613 2334 764 2370 criminis
786 2335 1014 2382 depulsionem
1036 2347 1100 2370 nec
1122 2335 1214 2369 viam
1237 2339 1299 2369 aut
1320 2334 1488 2370 rationem
1515 2348 1621 2371 excu-

153 2376 291 2411 tiendae
313 2378 425 2412 iustae
459 2390 610 2424 poenae,
641 2381 781 2416 multum
803 2382 885 2418 licet
906 2381 1083 2427 cogitans,
1116 2380 1324 2416 comminisci
1352 2386 1489 2426 posset,
1518 2382 1621 2429 inops

154 2423 378 2469 expeditioris
401 2425 533 2459 consilii
552 2427 660 2461 vertit
681 2439 758 2463 sese
781 2428 825 2462 ad
846 2429 1055 2474 interpretes
1088 2439 1130 2461 ac
1159 2426 1396 2461 conciliatores
1427 2427 1522 2472 pacis
1555 2440 1618 2474 pro

153 2481 194 2504 se
217 2469 261 2504 ad
283 2469 510 2515 patriarcham
533 2471 739 2518 allegandos.
775 2486 876 2520 quam
898 2475 941 2508 ad
964 2485 1036 2508 rem
1058 2478 1156 2508 ratus
1177 2473 1316 2508 idoneos
1338 2474 1501 2518 quosdam
1524 2474 1619 2509 vitae

153 2515 336 2550 sanctioris
359 2518 589 2562 professores,
625 2519 778 2554 assiduos
801 2524 838 2554 et
858 2519 1046 2555 familiares
1065 2519 1303 2565 patriarchae,
1327 2530 1392 2564 per
1412 2520 1474 2554 hos
1496 2531 1617 2566 preces

154 2572 236 2596 suas
258 2561 302 2596 ad
324 2562 419 2597 illum
441 2563 585 2607 detulit,
618 2565 834 2600 vehementer
857 2577 960 2600 orans
982 2569 1021 2600 ut
1043 2575 1081 2600 se
1103 2564 1288 2611 supplicem
1310 2565 1398 2599 nodo
1421 2577 1489 2611 quo
1511 2567 1618 2601 strin-

154 2608 301 2653 gebatur
323 2610 494 2653 solveret,
524 2622 566 2644 ac
586 2611 774 2656 poenitenti
802 2611 1066 2646 satisfactionem
1088 2622 1190 2691 guam
1211 2611 1316 2646 vellet
1335 2611 1540 2656 imperaret:
1577 2623 1617 2646 se

153 2653 283 2699 quippe
304 2659 496 2701 promptum
521 2661 679 2702 paratum
699 2658 744 2692 ad
767 2658 1000 2704 exequendum
1023 2669 1088 2703 qno
1115 2668 1256 2703 cumque
1279 2658 1506 2703 praeciperet.
1550 2657 1616 2692 hoc

155 2705 288 2734 restare
317 2712 440 2735 unum:
476 2713 554 2736 nam
576 2706 665 2748 qnod
687 2704 816 2738 factum
845 2703 893 2739 sit
913 2704 1076 2738 infectum
1098 2703 1198 2738 reddi
1221 2708 1298 2738 arte
1320 2706 1379 2737 aut
1401 2707 1523 2738 conatu
1546 2703 1614 2738 ullo

156 2756 223 2779 non
255 2757 370 2791 posse.
416 2759 458 2782 ea
477 2747 529 2783 illi
550 2749 780 2794 patriarcham
802 2750 965 2785 adeuntes
987 2750 1124 2794 copiose
1147 2753 1374 2794 accurateque
1400 2749 1616 2795 imperatoris

156 2790 290 2826 nomine
319 2798 483 2839 egerunt,
514 2795 687 2841 multaque
709 2796 934 2831 adiunxerunt
964 2795 1080 2831 studio
1102 2795 1264 2842 proprio,
1295 2806 1500 2839 magnopere
1522 2799 1618 2829 sata-

155 2840 533 2884 gentespersuadendo
556 2852 599 2877 ac
621 2841 786 2888 placando
806 2842 1005 2888 patriarcha
1025 2841 1224 2887 imperatori
1245 2840 1448 2886 gratificari.
1495 2845 1533 2875 at
1550 2852 1615 2886 pa-

155 2881 306 2920 triarcha
326 2885 412 2922 talia
433 2889 614 2932 precantes
635 2888 790 2934 repulit„
814 2891 857 2924 etv
870 2900 917 2926 ne
938 2887 1057 2924 audire
1077 2887 1211 2935 quidem
1233 2886 1408 2922 sustinens
1429 2886 1614 2923 columbam
