1884 3262
616 197 1642 248 LIB.1.GLOSSARIUM.597

185 306 214 344 l.
232 307 259 346 6
288 318 326 344 c.
347 303 387 355 5,
418 305 486 344 ubi
507 306 576 345 hic
594 307 661 346 vir
677 307 924 347 Theodosius
946 315 1137 361 vocatur,
1177 307 1237 348 uti
1259 290 1299 348 et
1326 321 1360 348 c.
1382 308 1490 351 221.
1511 313 1550 352 2.
1595 322 1646 348 ex

185 360 250 400 liis
267 335 460 401 habeinus
488 363 545 401 ita
575 363 695 402 fuisse
714 365 913 416 peculiare
931 367 1143 418 Principis
1156 378 1302 404 numen
1320 365 1497 415 dynastis
1521 364 1640 403 Pelo-

188 418 384 470 ponnesi,
412 426 458 457 ut
476 434 550 472 pro
571 420 767 459 vocabulo
792 422 963 460 familiae
981 422 1210 460 adhaereret
1231 421 1397 472 singulis
1425 434 1475 459 ex
1493 434 1539 459 ea
1561 422 1638 460 do-

184 488 250 512 mo
270 475 496 527 prognatis‚
524 490 600 514 usu
620 477 807 516 videlicet
829 479 1090 525 Graecorum,
1118 491 1255 517 verum
1272 484 1311 516 et
1327 477 1472 528 gentile
1494 491 1638 516 nomen

183 528 292 569 illius
335 531 471 584 stirpis
508 532 657 583 origine
690 533 902 572 Francieae
935 536 1055 586 vulgo
1091 548 1208 573 nosse
1238 534 1367 573 minus
1402 534 1636 584 curantium,

185 599 422 638 quamquam
436 589 539 627 illud
560 589 759 628 doctiores
775 604 856 628 non
873 591 1081 629 nescirent.
1137 605 1228 628 nani
1249 590 1440 640 Georgius
1460 590 1638 642 Acropo-

183 643 278 693 lita,
309 644 504 683 Historiae
522 659 612 683 suae
634 659 668 686 c,
690 646 758 695 48,
778 646 949 689 Achaiae
969 654 1006 686 et
1035 647 1294 698 Peloponnesi
1322 646 1543 698 Principem
1564 649 1636 686 Βι-

181 701 372 754 λαρδουΐν
415 700 716 740 Villarduinem
744 704 990 741 nominatum
1020 704 1146 742 docet.
1213 704 1406 752 Gregoras
1431 715 1526 740 vero
1559 703 1586 740 l.
1605 701 1635 745 7

179 769 221 807 p.
245 760 324 799 109
342 757 506 796 titulum
523 759 719 811 Principis
737 760 1008 810 Peloponneso
1025 759 1343 812 imperitantibus
1361 757 1558 796 tributum
1575 758 1634 796 ait

178 812 259 850 iam
289 826 311 850 a
332 819 511 878 tempore
539 815 786 853 Constantini
816 817 968 867 Magni,
1006 817 1067 854 uti
1105 822 1142 854 et
1171 816 1416 865 Athenarum
1442 814 1632 865 dynastae

179 881 324 907 nomen
341 871 472 920 magni
497 871 609 909 ducis
631 877 670 909 et
686 871 907 911 Thebarum
928 873 1179 910 Boeotiarum
1201 863 1361 911 domino
1387 870 1627 922 appellatio-

177 938 268 963 nem
299 927 427 977 magni
462 927 678 979 primicerii
706 926 879 981 μεγάλου
901 929 1210 982 πριμμικηρίου,
1262 942 1362 980 quae
1390 941 1460 979 pos
1445 933 1523 964 „tea
1553 940 1630 965 usu

177 982 319 1031 vulgi
308 996 351 1020 in
369 980 544 1035 μεγαλου
568 984 711 1036 κυρίου
728 987 1063 1037 nuncupationem
1083 985 1400 1035 degeneraverit,
1428 983 1628 1021 obtinenti

177 1037 344 1089 denique
373 1039 546 1077 Siciliam
576 1040 678 1090 regis
703 1054 858 1079 nomen.
914 1041 1106 1090 ridicule,
1148 1042 1261 1091 quasi
1288 1041 1363 1079 iam
1399 1045 1483 1076 tum
1505 1046 1630 1077 aetate

176 1094 424 1132 Constantini
462 1096 594 1146 magni
632 1096 763 1134 Sicilia
782 1128 794 1146 ‚
842 1096 998 1135 Thebae
1017 1126 1029 1146 ,
1079 1096 1254 1135 Athenae
1273 1124 1283 1142 ,
1333 1096 1630 1146 Peloponnesus

173 1150 310 1188 avulsa
329 1165 351 1188 a
373 1165 539 1203 corpore
557 1153 724 1190 Romani
741 1153 895 1205 imperii
919 1152 1095 1205 dynastis
1115 1153 1290 1206 propriis
1309 1151 1523 1197 subessent,
1543 1165 1626 1189 non

172 1206 292 1245 modo
310 1207 351 1245 id
367 1208 563 1246 tolerante
582 1222 709 1247 novae
729 1211 874 1248 Romae
893 1210 1123 1258 conditore,
1160 1209 1228 1247 sed
1253 1209 1390 1257 etiam,
1419 1207 1453 1246 si
1474 1208 1627 1259 superis

172 1263 324 1314 placet,
367 1264 464 1302 istos
494 1265 649 1314 regulos
683 1267 824 1318 amplis
853 1266 1049 1304 honorare
1085 1265 1414 1317 appellationibus
1449 1270 1624 1303 curante.

171 1332 293 1370 porro
313 1320 340 1357 l.
358 1323 384 1361 3
401 1334 435 1358 c.
455 1323 508 1363 16
535 1321 640 1359 hanc
658 1335 799 1360 vocem
828 1322 942 1360 aliter
963 1321 1223 1372 pachymeres
1243 1321 1376 1359 scribit
1394 1320 1437 1357 in
1454 1318 1517 1357 his
1535 1333 1625 1358 ver-

172 1375 255 1414 bis:
282 1375 590 1429 καθημερηνοῦς
616 1377 812 1429 πολέμους
835 1376 931 1431 πρὸς
959 1375 1027 1418 τὸν
1047 1379 1246 1430 Πρίντζην
1267 1377 1386 1430 ἐξῆγε.
1443 1375 1623 1426 loquitur

171 1431 222 1470 de
241 1432 545 1472 sebastocratore
560 1435 682 1472 fratre
700 1435 948 1487 imperatoris
970 1435 1075 1472 circa
1097 1434 1402 1472 Monembasiam
1423 1431 1621 1483 quotidia-

169 1488 235 1527 nis
262 1489 561 1528 velitationibus
593 1490 779 1530 adversus
812 1490 1077 1543 Peloponnesi
1114 1489 1336 1541 Principem
1375 1488 1620 1538 decernente,

171 1557 288 1595 quem
317 1546 517 1597 Πρίντζην
542 1547 742 1586 Printzeui
768 1554 908 1596 vocat,
938 1547 1134 1585 vocabulo
1161 1546 1326 1598 propius
1345 1544 1552 1582 accedente
1569 1544 1622 1582 ad

168 1614 306 1640 vocem
325 1602 356 1638 F
355 1616 555 1641 rancicam
572 1605 621 1641 Pi
610 1606 739 1652 νιήοε,
769 1617 845 1655 qna
863 1579 1042 1642 Fiancici
1069 1609 1166 1641 tunc
1182 1601 1337 1640 incolae
1358 1600 1619 1652 Peloponnesi

167 1659 379 1710 proprium
399 1659 603 1697 dominum
622 1660 901 1709 indigitabant.

281 1716 441 1767 προβο
456 1719 478 1755 λ
491 1712 542 1756 εὖ
556 1732 576 1763 ς
602 1730 644 1768 Ρ.
671 1718 752 1758 482
771 1730 810 1755 v.
827 1715 865 1757 4.
921 1715 1062 1754 merito
1079 1715 1147 1754 hic
1166 1714 1317 1754 Veccus
1334 1711 1380 1754 τό
1397 1709 1619 1777 προβολεύς

170 1769 228 1818 εἷς
253 1768 298 1811 τό
317 1771 441 1819 αἴτιος
467 1770 776 1837 μετελαμβάνξιζ
799 1773 876 1811 hoc
905 1779 983 1822 est,
1019 1773 1146 1811 inesse
1174 1770 1369 1810 vocabulo
1394 1765 1617 1821 προβολευς

167 1826 251 1865 vim
281 1828 561 1879 notionemque
590 1829 778 1881 principii
816 1829 937 1868 activi
969 1842 1016 1866 ac
1052 1841 1189 1867 causae
1223 1825 1499 1865 contendebat.
1557 1825 1614 1862 sic

166 1882 272 1921 enim
305 1884 425 1935 plane
471 1885 633 1924 eandem
669 1899 807 1923 vocem
846 1884 1044 1924 intellexit
1083 1891 1122 1924 et
1154 1882 1363 1936 usurpavit
1398 1881 1612 1932 Gregorius

164 1938 436 1978 Nazianzenus
461 1942 648 1980 Oratione
676 1942 723 1980 de
750 1942 870 1992 Filio,
910 1942 951 1979 in
980 1941 1043 1980 his
1070 1941 1221 1980 verbis:
1260 1938 1328 1979 καὶ
1358 1933 1474 1978 τοῦτό
1506 1936 1611 1977 ἔστιν

164 1993 265 2047 ἡμῖν
290 1995 314 2037 ό
337 1995 466 2065 πατήρ
495 1997 563 2038 καὶ
592 2014 613 2039 ο
642 1996 731 2046 υἱός
757 1998 825 2039 καὶ
850 2014 893 2039 το
914 1995 1032 2051 ἅγιον
1059 2000 1239 2049 πνεῦμα,
1268 1994 1290 2036 ὅ
1315 1992 1387 2061 μὲν
1406 1993 1611 2042 (nlmll'um

164 2053 298 2102 patei)
317 2050 517 2106 γεννήτωρ
544 2054 611 2095 καὶ
635 2052 855 2106 προβολεΰς
877 2054 991 2107 (λέγω
1017 2052 1060 2094 δὲ
1079 2051 1248 2099 ἀπαθῶς
1262 2050 1329 2092 καὶ
1348 2045 1518 2101 οἷχρὸνως
1543 2063 1611 2088 και

167 2103 428 2176 οἶσωμτιτως),
455 2113 537 2151 τῶν
561 2108 604 2151 δὲ
633 2112 692 2160 (et
715 2111 790 2149 filii
820 2117 860 2148 et
893 2111 1062 2175 Spiritus
1084 2108 1231 2157 Sancti)
1260 2104 1304 2147 τὸ
1324 2103 1396 2157 μὲν
1416 2103 1605 2157 γέννημα.

165 2160 208 2203 τὸ
226 2161 269 2202 δὲ
288 2162 510 2217 πρόβλημα.
567 2167 636 2204 ubi
667 2168 772 2205 clare
802 2173 916 2219 pater
941 2162 1140 2229 γεννήτωρ
1159 2164 1233 2202 filii
1253 2161 1424 2209 aeterni,
1452 2161 1606 2212 προβο-

165 2216 258 2266 λεύς
276 2227 405 2258 autem
435 2222 570 2259 Sancti
595 2223 762 2274 Spiritus
788 2223 956 2271 dicitur,
991 2222 1165 2260 vicissim
1194 2225 1324 2257 autem
1348 2216 1456 2255 filius
1479 2215 1605 2267 patris

163 2274 360 2327 γέννημα,
390 2277 560 2328 Spiritus
589 2285 716 2317 autem
745 2281 912 2317 Sanctus
928 2253 1100 2316 eiusdem
1117 2273 1336 2338 πρόβλημα.
1393 2273 1602 2323 exquibus

163 2337 273 2382 patet
295 2333 458 2371 verbum
485 2331 723 2386 προβάλλειν
752 2349 840 2374 non
871 2346 1157 2386 quamcumque
1192 2330 1436 2370 emissionem
1464 2327 1602 2366 Latine

163 2387 402 2438 significare,
432 2389 503 2428 sed
519 2403 603 2441 eam
624 2405 720 2442 quae
737 2392 788 2429 sit
805 2404 894 2428 cum
913 2390 1072 2429 influxu
1095 2388 1225 2428 activo
1249 2387 1476 2435 coniuncta‚·
1505 2398 1602 2436 qua-

160 2443 211 2481 lis
234 2450 292 2482 est
306 2444 460 2483 emissio
479 2459 678 2485 ramorum
703 2461 751 2485 ex
775 2447 931 2485 vivente
943 2452 1101 2486 trunco.
1156 2444 1332 2496 qualium
1351 2442 1600 2480 emissionum

162 2505 222 2538 est
236 2502 384 2539 mentio
398 2501 547 2540 Cantic.
565 2502 592 2544 4
611 2505 673 2544 18.
710 2504 936 2540 emissiones
953 2509 1048 2540 tuae
1052 2498 1280 2554 paradisus
1296 2499 1494 2536 malorum
1513 2499 1601 2534 Pu-

163 2557 356 2596 nicorum.
413 2571 533 2608 quare
547 2558 645 2596 mihi
673 2559 827 2597 videtu}
845 2558 938 2596 satis
958 2558 1058 2597 bene
1080 2557 1319 2610 respondere
1340 2555 1489 2592 Graeco
1505 2552 1599 2590 huic
1622 2557 1650 2593 P
1671 2556 1739 2592 432

161 2612 281 2651 verbo
302 2610 538 2665 προβάλλειν
551 2614 733 2653 Latinum
755 2613 996 2666 producere,
1025 2615 1132 2666 quod
1152 2619 1192 2653 et
1214 2613 1343 2665 ipsum
1367 2623 1503 2648 causae
1521 2622 1595 2646 no-

161 2668 309 2707 tionem
326 2669 462 2719 habet,
493 2670 588 2709 adeo
604 2677 651 2709 ut
679 2667 900 2723 προβολεύς
922 2677 1031 2710 recte
1057 2670 1273 2723 explicetur
1291 2667 1483 2707 vocabulo
1497 2678 1596 2716 pro-

162 2723 333 2775 ductor,
362 2726 498 2778 sicque
514 2726 557 2764 in
576 2727 800 2765 testimonio
818 2727 1045 2766 Damasceni
1066 2734 1176 2779 pater
1188 2732 1368 2765 aeternus
1380 2723 1598 2786 productor

162 2781 297 2820 Sancti
307 2783 475 2851 Spiritus
495 2796 567 2835 per
583 2783 709 2822 filium
727 2783 894 2826 dicatur,
949 2784 1070 2823 multa
1096 2784 1144 2822 de
1159 2781 1362 2821 vocabulis
1379 2773 1598 2832 προβολῆς

162 2842 202 2875 et
219 2834 394 2893 προβολη
415 2839 679 2879 eruditissime
699 2840 875 2892 disputat
890 2841 1072 2880 Petavius
1089 2847 1221 2879 noster
1237 2852 1270 2876 e.
1287 2840 1313 2878 8
1333 2838 1362 2878 l.
1380 2838 1406 2879 5
1435 2837 1483 2875 de
1503 2834 1596 2874 'rri-
