1884 3262
438 198 514 240 DE
547 196 824 239 MIGHAELE
850 195 1222 239 PALAEOLOGO
1254 196 1302 238 L.
1335 194 1410 239 IV.
1549 193 1645 239 335

192 313 258 355 καὶ
287 308 569 366 ἀναισθήτουν
599 312 839 363 πίπτοντες,
862 309 1113 366 ’καρτερικοί
1139 324 1241 358 τινες
1268 309 1336 350 καὶ
1362 307 1474 363 παρὰ
1491 307 1540 350 τὸ
1555 307 1646 350 δέον

179 378 442 437 φαινόμενοι.
461 430 464 432 q
511 381 578 422 καὶ
599 380 714 428 τέλος
733 379 1000 434 περιγίνονται
1023 382 1105 420 τῶν
1126 378 1262 430 ἓχθῶν
1281 375 1356 419 σὺν
1375 373 1487 434 πόνῳ
1508 380 1647 435 πολλῷ

192 450 259 490 καὶ
287 446 452 506 μόχθῳ.
524 450 590 490 καὶ
619 448 671 502 δὴ
706 450 819 490 δυοῖν
838 446 863 501 ἢ
885 448 952 488 καὶ
975 450 1096 501 τριῶν
1127 445 1428 501 ἀποδρασασῶν
1449 445 1647 487 αἱλοιπαὶ

192 516 298 559 κατὰ
318 514 467 572 κράτος
487 514 734 561 ἁλίσκονται.
803 517 870 557 καὶ
891 515 1020 568 οἳμέν
1039 514 1258 570 σφαγέντες
1275 511 1464 562 πεσόντες
1481 515 1536 563 εἷς
1558 511 1643 556 θά-
1668 522 1697 557 C

158 589 351 630 5λασσαν
379 585 644 639 ἀπεπνίγοντο
658 617 672 636 ,
710 581 852 637 ἰχθύσι
874 586 1032 636 μᾶλλον
1051 581 1076 636 ἢ
1102 579 1264 635 ἀλόχοις
1284 583 1350 623 καὶ
1369 581 1522 630 τέκνοις
1542 577 1648 636 ἦσαν

191 655 380 708 φίλτατοι
393 666 402 676 ·
440 653 479 695 οἶ
499 655 523 694 δ
529 652 541 668 '
566 652 683 695 ἄλλοι
703 651 1031 707 συγκλεισθέντες
1059 649 1224 705 γαστέρι
1244 649 1342 704 νηὸς
1361 651 1467 698 ἰδίας
1487 650 1650 693 ἕκαστοι

190 721 293 776 πρὸς
317 721 392 776 τὴν
424 719 541 763 πόλιν
565 719 762 776 ἀνήγοντο
782 721 969 770 δείλαιοι,
1004 718 1153 773 μικρὰν
1174 717 1272 773 ὅσην
1292 719 1564 772 παραμυθίαν
1584 721 1650 761 ἐπὶ

189 796 276 838 τοῖς
302 793 558 845 προλαβοῦσι
590 791 734 838 δεινοῖς
763 794 848 837 τοῖς
876 791 1066 843 σφαλεῖσι
1094 786 1272 840 θέμενοι.
1345 784 1431 828 ὅδὲ
1452 783 1651 841 δεσπότης

191 859 257 898 καὶ
287 857 326 899 οἱ
359 857 433 899 σὺν
469 857 581 914 αὐτῷ
608 858 752 913 γυμνοὶ
773 860 855 898 τῶν
876 853 1065 898 ἁπάντων
1087 854 1220 906 ὄντες,
1259 853 1563 910 προσβαλόντες
1590 859 1650 913 τῷ

138 924 384 979 1οἈχριδῶν
404 925 599 983 Κεραμὲᾳ
611 958 624 977 ,
661 925 741 967 θέα
764 923 891 972 ὅντως
914 923 1060 978 ἐλεεινὴ
1081 925 1146 965 καὶ
1170 923 1358 977 δακρύων
1381 923 1497 975 ἀξία,
1534 941 1648 978 περι-
1670 936 1701 971 D

192 994 430 1036 στέλλονταί
452 1010 494 1035 τε
527 991 582 1042 ὥς
610 992 712 1042 εἰκὸς
730 992 833 1047 παρ’
856 993 1005 1034 ἐκείνου
1032 998 1118 1041 τοῖς
1142 989 1364 1046 εὖρεθεῖσι,
1396 994 1462 1034 καὶ
1489 990 1543 1041 ὥς
1564 991 1650 1035 οἷόν

190 1078 233 1104 τε
261 1059 574 1116 θεραπεύονται.
642 1059 734 1102 τότε
755 1060 800 1102 δ’
823 1058 1125 1116 ὑπερπαθήσας
1145 1062 1211 1101 καὶ
1230 1057 1252 1101 ὃ
1274 1058 1473 1115 δεσπότης
1491 1063 1558 1102 καὶ
1576 1079 1648 1104 πε-

191 1127 412 1184 ριαλγήσας
433 1134 482 1184 τῇ
504 1133 723 1187 συμφορᾷ,
760 1126 1010 1170 δεσπόσυνον
1031 1126 1184 1184 τρόπον
1204 1125 1362 1183 φεύγων
1384 1127 1480 1171 ὅσον
1499 1130 1543 1171 ἐκ
1565 1134 1647 1172 τῶν

190 1196 408 1253 συμβόλων
428 1195 449 1239 ὃ
472 1198 657 1246 δουλείας
677 1196 790 1245 ἐντὸς
808 1196 920 1254 παρὰ
935 1196 1080 1252 μικρὸν
1101 1195 1362 1250 κινδυνεύσας
1379 1199 1513 1239 ἐλθεῖν
1532 1197 1557 1253 ἢ
1581 1200 1649 1241 καὶ

135 1276 178 1311 15
190 1265 325 1308 ἐλθὼν
350 1263 398 1308 τό
423 1283 465 1320 γε
491 1265 614 1320 μέρος
635 1269 717 1308 τῶν
738 1264 874 1307 ἄλλων
896 1268 963 1308 καὶ
988 1269 1061 1319 τῆς
1077 1263 1248 1319 συνόλης
1269 1263 1502 1320 δυνάμεως,
1539 1264 1647 1321 σύμ-

181 1321 295 1387 ‘field
317 1351 358 1375 τε
375 1338 447 1387 τῆς
469 1335 704 1383 δεσποτείας
726 1333 876 1384 ἐκεῖνα,
914 1332 992 1375 ὅσα
1013 1334 1062 1387 ἓν·
1077 1330 1291 1392 καλύπτρᾳ
1319 1336 1387 1375 καὶ
1408 1332 1646 1388 ὑποδήμασι
1670 1348 1699 1382 Ρ
1723 1349 1790 1384 226

187 1403 258 1444 καί
273 1418 316 1456 γε
338 1402 377 1444 ἓν
398 1402 624 1457 ε’φεστρίσιν
643 1403 778 1456 ἵππων
800 1402 866 1443 καὶ
889 1405 1071 1455 χαλινοῖς
1090 1403 1156 1443 καὶ
1178 1406 1228 1458 τῇ
1246 1403 1290 1443 ἐκ
1308 1399 1525 1458 πορφύρας
1544 1401 1648 1446 ὑπο-

187 1473 349 1525 γραφῇ,
390 1469 658 1521 ἀποτίθεται,
698 1467 806 1511 οὕτω
829 1467 1049 1518 δικαιώσας
1069 1468 1255 1525 ὀφθῆναι
1278 1474 1334 1527 τῷ
1353 1475 1535 1523 βασιλεῖ,
1574 1471 1647 1514 οὔκ

190 1535 282 1579 οἶδα
313 1528 418 1579 κατὰ
444 1535 577 1592 λύπην
600 1538 799 1594 σφετέραν
825 1536 850 1590 ἢ
878 1539 943 1579 καὶ
970 1537 1044 1591 τὴν
1068 1539 1216 1580 ἐκείνου
1237 1539 1445 1592 ἔκμείλιξιν
1461 1553 1470 1562 ·
1508 1538 1647 1590 ἄλλοις

132 1614 178 1648 20
191 1606 234 1647 δὲ
251 1611 397 1654 κοινοῖς
419 1607 485 1647 καὶ
502 1603 713 1664 καλύπτρᾳ
733 1607 775 1655 ἐξ
799 1606 917 1660 ἐρίων
938 1607 1297 1662 καταστολισθείς,
1335 1605 1465 1656 οὕτως
1485 1606 1568 1662 ἤϊεν
1587 1611 1642 1658 εἷς

187 1673 234 1716 τὸ
254 1671 395 1731 πρόσω
416 1678 475 1731 τῷ
493 1678 655 1727 βασιλεῖ
674 1673 1096 1730 ε’μφανισθησόμενος.
1166 1676 1238 1717 καί
1251 1674 1294 1730 γ’
1313 1676 1581 1732 ἐμφανισθεὶς
1597 1676 1644 1720 τὸ

187 1827 334 1862 victores
357 1838 379 1860 a
399 1826 465 1861 iam
488 1826 654 1872 perculsis
676 1828 827 1872 superati
850 1828 985 1863 tandem
1003 1831 1099 1871 sunt,
1121 1829 1244 1863 sudore
1266 1829 1401 1874 quidem
1423 1831 1527 1865 multo
1546 1842 1644 1866 cruo-

186 1884 310 1918 reque:
344 1873 403 1906 sed
425 1876 511 1906 tanti
532 1873 635 1906 decus
659 1874 725 1906 fuit
748 1886 931 1909 conversae
955 1887 975 1909 e
1001 1875 1193 1909 discrimine
1216 1875 1333 1910 ultimo
1356 1877 1512 1922 publicae
1534 1878 1645 1912 fortu-

186 1930 251 1952 nae
283 1919 317 1952 in
348 1929 539 1952 successum
574 1923 725 1959 tantum,
761 1925 798 1953 ut
823 1921 954 1954 duabus
988 1921 1142 1955 tribusve
1164 1924 1392 1956 tantummodo
1413 1923 1539 1968 elapsis
1562 1923 1644 1957 reli-

185 1975 275 2008 quae
309 1975 422 1997 omnes
454 1967 667 2009 expugnatae
690 1966 888 2000 Latinorum
911 1978 1015 2000 naves
1039 1979 1060 2001 n
1082 1967 1242 2000 Romanis
1265 1972 1489 2012 caperentur,
1520 1968 1644 2013 pleris-

134 2007 138 2011 ”
185 2021 254 2054 que
275 2012 448 2043 vectorum
475 2010 577 2054 lapsis
601 2016 660 2044 aut
682 2012 842 2055 proiectis
865 2013 899 2046 in
922 2024 1037 2054 mare,
1074 2012 1131 2046 ubi
1153 2013 1310 2056 gaudium
1334 2016 1433 2059 epulo
1457 2014 1642 2059 saginaque

186 2054 240 2089 aui
264 2054 441 2088 maximum
464 2055 613 2099 piscibus
646 2056 832 2099 dederunt,
869 2063 1028 2103 quantum
1058 2058 1187 2092 scilicet
1209 2059 1371 2093 allaturos
1395 2071 1470 2093 sese
1489 2060 1643 2104 coniugi-

186 2100 250 2134 bus
283 2105 320 2134 et
351 2100 468 2134 liberis
501 2101 694 2146 triumphali
726 2103 856 2137 domum
875 2104 1000 2138 ‘reditu
1024 2108 1255 2148 speraverant.
1303 2105 1360 2138 alii
1382 2105 1499 2139 Latini
1520 2116 1642 2150 super-

186 2145 286 2179 stites
307 2146 399 2180 intra
421 2157 525 2180 naves
548 2147 672 2191 quique
696 2159 775 2182 suas
799 2150 951 2193 diligenti
979 2149 1131 2183 custodia
1153 2149 1280 2183 servati
1304 2151 1508 2194 deductique
1528 2151 1562 2184 in
1580 2161 1640 2185 ur-

187 2191 282 2232 bem,
314 2202 378 2224 sua
398 2191 533 2225 miseria
555 2199 692 2236 gratum
713 2194 853 2229 infensis
887 2196 1114 2240 spectaculum
1145 2197 1282 2229 fuerunt
1295 2220 1306 2237 ‚
1340 2196 1563 2241 qualicunque
1585 2207 1640 2231 so-

185 2235 272 2270 latio
295 2237 526 2280 praecedentis
549 2238 664 2271 cladis.
711 2246 748 2273 at
769 2241 914 2285 despota
938 2253 1011 2275 cum
1042 2242 1110 2275 suis
1136 2240 1271 2285 spoliati
1295 2241 1447 2275 omnibus
1470 2253 1559 2286 quae
1580 2243 1644 2277 ha-

176 2282 352 2322 buerant,
389 2282 432 2315 ad
465 2282 703 2317 Achridensem
736 2285 931 2320 Cerameam
954 2292 1205 2331 pervenerunt,
1239 2285 1423 2320 miserabili
1445 2298 1584 2332 prorsus
1606 2291 1643 2322 et

187 2326 292 2370 digna
313 2326 457 2361 lacrimis
479 2328 605 2372 specie.
650 2329 708 2362 ille
730 2336 838 2365 nudos
861 2338 896 2365 et
919 2332 1062 2365 omnium
1086 2342 1211 2375 egenos
1232 2332 1372 2366 vestivit
1390 2333 1640 2379 recreavitque,

187 2375 347 2417 quantum
372 2384 434 2416 pro
458 2373 630 2416 praesenti
657 2376 756 2420 copia
781 2377 1016 2411 humanissime
1038 2377 1163 2422 potuit.
1208 2376 1286 2411 hinc
1318 2378 1384 2412 iam
1406 2390 1505 2412 sensu
1534 2379 1641 2424 pudo-

186 2429 294 2462 reque
328 2417 524 2451 offensionis
557 2422 675 2453 tantae
710 2433 751 2455 ac
785 2427 853 2456 tam
887 2423 1019 2457 insolito
1053 2423 1122 2456 ictu
1146 2422 1310 2458 adversae
1331 2425 1488 2459 fortunae
1511 2426 1642 2460 fractus

186 2463 296 2497 animo
325 2463 468 2507 despota
499 2464 644 2508 insignia
674 2465 772 2500 istius
798 2468 888 2501 tituli
921 2468 1065 2508 abiecit,
1096 2467 1266 2512 indignum
1296 2468 1339 2502 iis
1369 2479 1445 2504 sese
1466 2476 1643 2516 reputem,

180 2507 248 2552 qui
269 2509 367 2542 modo
390 2509 423 2541 in
446 2514 515 2543 tam
540 2510 727 2555 propinquo
749 2513 925 2547 servitutis
946 2513 1095 2558 periculo
1127 2515 1274 2556 fuisset,
1308 2526 1330 2549 a
1362 2527 1428 2560 qua
1460 2527 1527 2551 non
1560 2528 1642 2552 suae

185 2553 277 2587 illum
300 2565 381 2598 opes
404 2560 464 2588 aut
486 2555 595 2588 virtus
618 2556 678 2589 sed
702 2568 801 2590 casus
815 2565 859 2602 ⁴el:
881 2560 962 2602 fuga
983 2559 1194 2593 liberassent.
1239 2571 1346 2606 quare
1368 2561 1412 2595 iis
1435 2573 1522 2607 quae
1542 2573 1643 2596 usur-
1677 2563 1680 2565 “

186 2609 271 2643 pare
293 2599 385 2644 prius
408 2603 485 2633 erat
506 2600 623 2634 solitus
644 2601 678 2635 in
701 2603 822 2647 capitis
844 2605 1010 2647 tegmine,
1030 2604 1065 2638 in
1089 2605 1231 2647 calceis,
1263 2605 1299 2639 in
1321 2606 1470 2651 phaleris
1493 2612 1528 2641 et
1547 2609 1642 2642 frae-

185 2643 237 2677 nis
267 2645 509 2689 equestribus*
544 2646 577 2680 in
607 2648 711 2680 rubra
745 2649 1012 2694 subscriptione,
1044 2650 1195 2694 symbola
1222 2652 1416 2696 despoticae
1449 2653 1639 2698 potestatis,

186 2688 345 2734 deinceps
367 2691 560 2733 abstinens,
583 2692 632 2725 sic
655 2692 852 2736 imperatori
875 2706 912 2728 se
935 2695 1038 2730 sistit.
1082 2696 1173 2730 haud
1195 2697 1264 2731 seio
1287 2709 1332 2731 an
1352 2698 1461 2742 magis
1482 2698 1639 2733 testando

186 2735 324 2779 proprio
355 2735 491 2779 doloris
515 2749 558 2771 an
591 2738 662 2772 irae
694 2738 782 2772 illius
815 2740 1035 2776 deliniendae.
1082 2748 1118 2776 et
1150 2743 1214 2776 hoc
1246 2743 1381 2788 quidem
1402 2743 1468 2788 ipsi
1491 2754 1533 2777 ex
1556 2747 1638 2779 voto

186 2779 339 2824 contigit.
386 2782 507 2816 videns
530 2783 615 2816 enim
640 2795 713 2817 eum
737 2787 911 2828 Augustus
933 2786 968 2821 in
992 2788 1154 2821 communi
1187 2790 1332 2830 vestitu,
1363 2789 1565 2834 privatoque
1595 2801 1638 2824 ex

184 2823 262 2858 lana
283 2825 390 2871 pileo,
412 2828 552 2862 multum
575 2829 619 2863 de
639 2828 868 2875 indignatione
876 2834 890 2876 ‚'
921 2844 1022 2879 quam
1044 2833 1161 2869 audita
1182 2834 1352 2869 exercitus
1374 2834 1488 2869 clades
1508 2835 1543 2869 in
1567 2835 1639 2870 eius
