1846 3262
226 209 319 256 196
607 202 842 249 GEORGII
874 202 1226 247 PACHYMERIS

223 337 342 366 νοντο
362 315 599 374 βάλλοντες.
669 323 755 367 τοῖς
774 317 820 360 δὲ
837 315 930 360 οὔτε
945 315 1051 359 κατὰ
1070 314 1146 365 τὰς
1167 310 1384 372 φάραγγας
1401 314 1596 371 προσιτὸν
1617 311 1682 371 ἦν,

224 391 292 433 καὶ
317 387 364 431 τὸ
396 383 609 443 μακρόθεν
636 383 801 440 βάλλειν
830 382 1007 442 μάταιον
1036 385 1260 439 ἐνομίζετο·
1299 381 1580 439 ἓπενδυόμενοι
1607 384 1686 441 γὰρ

224 460 365 500 ἐκεῖνοι
385 455 438 498 τὰ
459 455 610 511 δένδρα
627 451 792 508 βάλλειν
810 454 885 510 μὲν
903 452 1009 509 εἶχον
1028 454 1095 496 καὶ
1122 451 1326 506 εὐστοχεῖν
1354 451 1461 511 καθ’
1489 447 1537 496 οἷ)
1555 469 1618 503 τις
1636 453 1684 496 τὸ

219 525 342 581 βέλος
360 523 535 573 ἐντείνας
554 522 602 565 τὸ
622 521 742 573 τόξον
760 522 877 581 ἀνίῃ,
912 520 1147 577 βάλλεσθαι
1164 521 1209 563 δὲ
1228 520 1323 564 οὐδὲ
1338 520 1387 564 τὸ
1403 519 1599 578 παράπαν
1617 516 1682 576 ἦν.

222 592 514 651 ἀπορουμένων
543 591 588 634 δὲ
619 589 826 635 πάντοθεν
845 595 927 635 τῶν
954 590 1067 641 ε’κτός
1084 590 1212 645 μηδὲν
1231 586 1406 644 ἐχόντων
1425 583 1452 646 ᾗ
1472 587 1683 646 προσβάλ-
1696 601 1718 636 5

170 672 202 707 D
227 666 357 715 λοιεν,
396 658 524 703 ε’δόκει
545 663 626 716 πῦρ
650 660 814 703 ἐνιέναι·
851 657 983 718 ταύτῃ
1004 661 1071 702 καὶ
1093 658 1172 716 γὰρ
1204 659 1272 701 καὶ
1300 655 1437 713 μόνως
1466 657 1686 715 ἀποχωρη-

222 727 384 774 σάντων
415 728 566 778 αὗτούς
589 728 690 783 ἴχειν
711 729 938 786 ἓγγίζοντας
955 735 1042 779 τοῖς
1062 729 1221 777 οἰκείοις
1243 727 1379 770 αὐτῶν
1400 728 1685 772 ἐπεισπίπτειν.

220 798 318 842 ἀλλ’
352 795 380 854 ἦ
412 797 622 853 δυσχωρία
652 797 728 853 οὔχ
758 795 939 853 ὑπήκουε
964 801 1023 856 τῷ
1058 797 1179 852 πυρί·
1216 795 1287 853 ἐφ’
1311 794 1409 839 ὅσον
1439 795 1518 853 γὰρ
1535 795 1582 839 τὸ
1601 799 1683 853 πῦρ

219 866 395 923 ἥπτετο,
432 866 497 908 ἐπὶ
523 869 720 910 τοσοῦτον
739 864 1050 923 ’ὗποχωροῦντες
1069 867 1207 908 ε’κεΐνοι
1231 864 1337 908 κατὰ
1362 860 1525 920 θάτερα
1547 881 1685 921 παρα-

219 933 462 990 ταττόμενοι
481 931 651 978 ἐκάκουν
671 934 769 985 τοὺς
786 936 961 985 ἐνιέντας
983 935 1048 978 καὶ
1070 931 1318 977 ἀπεκώλυον.
1388 934 1551 983 ἐκείνοις
1570 932 1612 975 δ’
1633 928 1684 988 ἦ-
1696 942 1741 979 10

219 1022 299 1048 σαν
328 1001 437 1047 οὕτω
466 1004 533 1045 καὶ
560 1003 613 1045 τὰ
644 1003 741 1046 κατ’
776 1002 886 1048 οἷκον
918 1004 960 1045 ἐν
995 1003 1193 1059 ἀσφαλεῖ,
1232 1000 1288 1051 ὥς
1305 1007 1500 1057 γυναῖκας
1519 1002 1596 1056 μὲν
1617 1003 1685 1044 καὶ

217 1069 418 1128 παιδάρια
446 1077 536 1121 ταῖς
563 1072 781 1129 ἐσωτέραις
807 1068 1101 1129 παραδύεσθαι
1134 1071 1407 1127 δυσχωρίαις,
1457 1071 1526 1112 καὶ
1554 1085 1685 1112 σταυ-

219 1147 307 1199 ροΐς
334 1141 380 1183 δὲ
410 1137 620 1201 ἐπιμήκεσι
649 1142 715 1183 καὶ
740 1137 916 1196 ἁμάξαις
940 1141 1179 1197 διειλῆφθαι
1196 1139 1268 1181 τὸν
1287 1135 1423 1196 κύκλῳ
1441 1135 1594 1190 τόπον,
1628 1135 1685 1188 ὥς

166 1216 199 1251 Ε
221 1211 308 1266 μηδ
314 1207 327 1225 ’
352 1205 619 1262 εῗσβαλόντας
647 1213 806 1264 τολμᾶν
827 1212 1040 1252 εἰσελθεῖν.
1108 1207 1276 1250 ἔπιπτον
1293 1206 1431 1249 τοίνυν
1452 1205 1559 1249 καθ’
1582 1203 1685 1261 ἦμέ-

219 1295 298 1333 ραν
319 1277 359 1320 οἷ
379 1273 652 1330 δοκιμώτατοι
672 1281 724 1335 τῇ
744 1281 819 1321 τοῦ
837 1280 979 1332 θυμοῦ
999 1273 1339 1332 παραθηγόμενοι
1359 1273 1459 1326 ζέσει
1470 1307 1485 1328 ,
1522 1276 1590 1317 καὶ
1606 1273 1681 1317 οὐκ
1694 1283 1737 1320 15

217 1345 286 1388 ἐπ’
311 1345 447 1402 ὀλίγον
466 1345 804 1401 ἕκαινοτομοῦντο
835 1342 1125 1402 στρατεύματα
1149 1341 1216 1386 οἷά
1237 1360 1281 1386 τε
1300 1344 1502 1386 δοκοῦντα
1522 1345 1590 1386 καὶ
1606 1360 1682 1398 με-

216 1411 354 1470 γάλων
380 1410 594 1468 δυνάμεων
621 1418 955 1471 κατευμεγεθεΐν,
993 1412 1066 1463 οὓς
1095 1412 1220 1468 ὀλίγοι
1248 1412 1353 1461 τινὲς
1379 1411 1483 1468 πρὸς
1508 1412 1682 1462 ἐκείνους

216 1483 380 1532 πλείους
399 1480 523 1531 ἷίντας
543 1484 611 1526 καὶ
634 1481 805 1540 ἀγρόται
827 1483 891 1525 ἐπὶ
919 1486 1110 1542 πλεῖστον
1138 1485 1214 1524 τοῦ
1240 1484 1384 1539 καιροῦ
1406 1479 1682 1536 κακουμένους

307 1602 342 1636 5.
370 1597 526 1649 251⁷*st

215 1704 446 1751 spargebant,
480 1705 519 1737 ut
542 1703 642 1748 plane
662 1702 731 1738 iam
754 1703 837 1739 nulli
858 1714 1000 1739 securus
1022 1706 1115 1739 esset
1144 1703 1256 1740 aditus
1278 1703 1508 1739 subiectarum
1529 1702 1676 1739 vallium.

212 1750 333 1785 iaculis
354 1761 436 1784 vero
459 1751 578 1795 procul
606 1749 771 1795 impetere
800 1750 987 1785 iaculantes
1009 1762 1053 1785 ex
1075 1751 1144 1785 alto
1166 1762 1290 1786 vanum
1321 1750 1533 1796 experientia
1554 1750 1679 1795 depre-

214 1797 354 1830 hensum
377 1799 451 1829 est:
475 1806 551 1828 nam
573 1795 632 1840 qui
655 1796 699 1829 ad
720 1796 755 1830 id
778 1808 815 1830 se
836 1797 1067 1840 accingerent,
1091 1797 1126 1830 in
1147 1797 1222 1842 ipso
1247 1800 1371 1830 conatu
1392 1796 1555 1830 tendendi
1577 1806 1678 1830 arcus

213 1841 553 1888 praeoccupabantur
582 1844 619 1874 et
648 1842 890 1876 sternebantur
921 1842 1057 1886 sagittis
1094 1846 1346 1886 montanorum,
1380 1854 1400 1875 e
1430 1842 1544 1875 densis
1573 1841 1678 1875 ramis

214 1888 374 1922 arborum
397 1897 481 1932 quas
502 1886 740 1922 inscenderant
761 1888 869 1922 otiose
891 1899 933 1921 ac
955 1899 1076 1922 secure
1095 1888 1131 1922 in
1155 1888 1311 1933 exposita
1329 1887 1478 1933 undique
1501 1886 1677 1921 colliman-

214 1932 319 1976 tium,
340 1932 471 1966 nemine
492 1931 568 1966 illos
590 1932 738 1967 vicissim
762 1933 958 1978 contingere
979 1933 1097 1967 iaculis
1118 1933 1275 1975 valente,
1303 1934 1429 1978 quippe
1451 1944 1518 1967 non
1540 1932 1678 1978 conspi-

214 1990 296 2013 cuos
318 1977 382 2012 sed
404 1978 506 2024 plane
528 1981 638 2012 tectos
662 1980 804 2013 obtentu
825 1979 1002 2014 frondium.
1050 1979 1086 2013 in
1117 1980 1241 2025 quibus
1274 1979 1534 2013 difficultatibus
1558 1979 1677 2013 melio-

212 2024 263 2058 ris
285 2024 404 2068 inopes
427 2023 558 2058 consilii
579 2023 702 2058 milites
723 2023 941 2070 imperatoris
966 2023 1125 2069 optimum
1148 2027 1243 2059 factu
1263 2024 1458 2059 iudicarunt
1486 2025 1599 2069 ignem
1621 2024 1676 2058 in-

212 2069 320 2104 iicere
342 2069 451 2104 obviis
472 2068 636 2103 saltibus:
669 2070 767 2104 silvis
800 2070 888 2105 enim
909 2070 1045 2105 flamma
1075 2070 1248 2116 populatis
1271 2071 1457 2116 sperabant
1478 2080 1675 2105 recessuros

211 2115 303 2150 haud
326 2114 429 2150 dubie
452 2116 618 2157 rusticos,
651 2119 687 2150 et
707 2119 774 2150 iter
796 2119 951 2162 apertum
973 2116 1016 2150 iri
1037 2116 1080 2151 ad
1103 2116 1238 2151 intimas
1259 2116 1411 2151 latebras
1444 2127 1582 2160 eorum,
1613 2116 1673 2150 ubi

211 2160 359 2196 familias
389 2161 646 2196 absconderent.
692 2166 864 2196 caeterum
895 2173 939 2197 ne
966 2162 1002 2196 id
1032 2162 1168 2208 quidem
1198 2173 1392 2197 successum
1421 2162 1561 2204 habuit,
1593 2161 1673 2207 ipsa

212 2207 332 2241 eadem
363 2207 523 2241 obstante
553 2207 758 2242 difficultate
785 2209 959 2250 locorum,
994 2208 1160 2253 siquidem
1188 2220 1262 2242 cum
1285 2208 1319 2241 in
1341 2219 1440 2242 unam
1462 2211 1594 2253 partem
1616 2207 1672 2242 in-

211 2252 436 2286 cumbebatur
456 2252 665 2288 immittenda
686 2253 842 2297 flamma,
870 2253 950 2288 inde
972 2254 1144 2299 fugientes
1165 2253 1285 2288 rustici
1304 2254 1371 2288 alio
1395 2254 1549 2295 coibant,
1580 2254 1672 2288 unde

212 2298 384 2332 commodo
406 2298 443 2332 in
463 2298 691 2334 incendiarios
713 2300 807 2335 iactu
835 2300 913 2334 telis
945 2311 1004 2334 eos
1035 2300 1274 2344 configebant,
1306 2299 1596 2345 prohibebantque
1625 2311 1672 2334 ne

209 2342 418 2389 perficerent
442 2344 533 2389 quod
554 2348 728 2391 ceperant.
774 2357 876 2400 porro
905 2345 991 2391 ipsis
1023 2349 1100 2381 tuta
1123 2350 1221 2380 erant
1241 2345 1330 2380 domi
1351 2346 1480 2380 omnia:
1512 2345 1671 2380 mulieres

211 2388 302 2424 enim
324 2391 361 2423 et
381 2389 541 2433 parvulos
559 2389 594 2424 in
617 2391 710 2426 sinus
731 2391 868 2426 intimos
897 2391 1043 2426 maxime
1075 2393 1294 2437 abruptorum
1314 2392 1554 2426 submoverant
1575 2402 1671 2425 mon-

210 2434 318 2477 tium,
346 2438 513 2480 septoque
534 2434 585 2469 ibi
605 2437 719 2472 valido
741 2437 909 2472 decussim
927 2438 1126 2472 innexarum
1148 2448 1213 2484 per
1234 2437 1407 2472 circuitum
1428 2437 1575 2472 trabium
1596 2436 1671 2471 val-

211 2479 388 2523 laverant,
421 2485 462 2514 ut
494 2492 606 2527 neque
640 2482 671 2517 si
703 2483 779 2528 quis
801 2487 991 2518 nostrorum
1012 2484 1153 2518 militum
1174 2494 1323 2529 eousque
1342 2486 1558 2528 penetraret,
1591 2486 1671 2516 ten-

212 2529 291 2560 tare
311 2525 403 2560 intra
423 2525 460 2559 id
482 2527 608 2561 vallum
630 2527 756 2563 aditum
778 2530 869 2564 foret
894 2541 1049 2564 ausurus.
1094 2530 1282 2564 ducebatur
1314 2529 1380 2563 hoc
1410 2528 1510 2562 modo
1532 2528 1668 2571 bellum,

213 2574 250 2606 et
269 2571 350 2606 telis
370 2573 602 2607 montanorum
623 2574 720 2608 multi
740 2575 892 2620 quotidie
915 2575 1070 2618 Romani,
1096 2572 1254 2621 iique‘ex
1274 2573 1587 2620 praestantissimis,
1609 2585 1669 2608 ca-

212 2617 352 2652 debant.
395 2621 468 2651 tum
497 2618 670 2653 enimvero
707 2621 830 2655 ardere
855 2621 910 2655 ira
940 2622 1110 2656 exercitus
1141 2625 1177 2655 et
1207 2631 1367 2656 successu
1400 2619 1668 2664 inopinatissimo

211 2664 379 2705 fremere,
408 2663 507 2709 quasi
523 2664 582 2709 qui
604 2665 770 2700 hactenus
792 2678 830 2700 se
850 2666 990 2702 idoneos
1010 2666 1168 2702 arbitrati
1188 2668 1244 2702 vel
1265 2664 1456 2700 fortissimis
1477 2671 1514 2699 et
1535 2665 1668 2700 exerci-

212 2708 391 2744 tatissimis
411 2709 490 2755 pari
509 2721 648 2745 numero
671 2711 895 2757 profligandis
917 2713 1043 2759 copiis,
1072 2724 1160 2747 nunc
1181 2711 1413 2758 experimento
1434 2710 1667 2756 deprehende-

212 2758 332 2789 rentur
353 2765 397 2789 ne
418 2758 515 2790 tanto
535 2755 672 2801 quidem
697 2757 913 2802 paucioribus
934 2771 1034 2804 quam
1053 2759 1121 2805 ipsi
1142 2761 1278 2800 essent,
1310 2756 1496 2802 iisdemque
1518 2757 1562 2791 ab
1583 2768 1666 2792 ara·-

211 2806 268 2834 tro
291 2811 334 2835 ac
353 2800 487 2835 sarculo
509 2801 739 2837 semiermibus
761 2803 934 2838 rusticulis
946 2828 958 2846 ‚
979 2804 1189 2840 debellandis
1208 2813 1333 2850 pares,
1355 2814 1430 2838 cum
1451 2802 1574 2848 quibus
1595 2802 1666 2837 uti-

207 2857 275 2893 que
299 2858 343 2881 ne
364 2857 474 2893 aequo
495 2847 629 2894 quidem
652 2848 768 2883 Marte
788 2848 850 2883 sed
872 2849 972 2895 longe
992 2850 1103 2889 peiori
1124 2861 1187 2884 sua
1208 2853 1322 2893 sorte,
1352 2848 1506 2894 plurimis
1527 2859 1664 2884 suorum
