1884 3262
233 192 331 240 472
650 189 887 234 GEORGII
920 190 1273 234 PACHYMERIS

232 305 379 360 με’λλον
395 304 452 357 μὴ
475 299 755 358 προορώμενοι
774 300 1058 358 ἀφροντίστως
1076 298 1194 355 εἶχον.
1263 299 1432 358 ἠγνόουν
1455 303 1499 345 δὲ
1527 302 1609 359 ἄρα
1631 301 1694 346 ὅτι

232 371 490 427 Προμηθεὺς
516 374 654 428 πολλῷ
686 376 868 426 κρεῖττον
893 369 1176 426 Ἐπιμηθέως,
1215 371 1282 412 καὶ
1309 370 1355 413 τὸ
1387 371 1482 414 κατ’
1515 369 1693 428 ἀνάγκην

234 445 456 496 ξυμβαῖνον
478 439 645 493 διωρίαν
666 438 738 480 οὗκ
760 437 835 493 ἕχει
860 442 1027 492 βουλῆς.

94 524 120 557 Ρ
145 525 212 559 323
374 507 454 552 21.
527 505 649 550 Οὕτω
669 507 805 549 τοίνυν
824 506 981 561 ἔχουσι,
1021 507 1085 547 καὶ
1108 503 1216 548 οὕτω
1233 512 1429 560 χρησταῖς
1450 505 1695 563 ἀπῃωρημὲ-

233 593 318 625 νοις
346 582 436 625 ταῖς
466 576 621 618 ἐλπίσιν
645 573 699 625 ὥς
718 576 902 625 πολίταις
924 571 1200 631 διαφερόντως
1219 578 1292 616 τοῦ
1310 575 1509 628 βασιλέως
1531 573 1728 625 διάξω-5

235 661 323 697 σιν,
364 645 578 700 ἐφίσταται
602 645 717 700 σφίσι
737 647 899 696 πλῆθος
917 646 1113 697 Περσῶν·
1150 643 1254 698 πρὸς
1277 642 1354 698 γὰρ
1375 641 1696 696 τὸ,ε’λπιζόμενον

235 709 518 768 ἀντιπράττειν
540 715 605 754 καὶ
628 711 730 768 ὑπὲρ
751 716 834 754 τῶν
855 715 1006 754 λοιπῶν
1023 712 1227 752 ἵστασθαι
1249 708 1273 764 ἦ
1298 711 1455 765 σπουδὴ
1477 716 1559 752 τῶν
1578 710 1700 754 ἀνθι-

235 781 446 834 σταμένων
476 780 597 836 ἕρπει.
670 782 735 822 καὶ
768 778 979 829 Σάλπακις
1008 779 1105 833 μέν,
1144 778 1189 821 ὃν
1221 777 1270 820 ἂν
1299 776 1324 833 ἡ
1355 780 1513 821 ἐκείνων
1535 783 1700 833 γλῶσσα

235 848 421 902 ἀνδρεῖον
452 849 576 900 εἴποι,
626 849 876 902 Μανταχίας
904 847 1114 901 τοῦνομα,
1154 851 1290 905 πολλῷ
1325 849 1402 889 τινὶ
1436 851 1613 901 γαυριῶν
1642 850 1700 904 τῷ

183 930 213 964 Β
239 915 389 972 πλήθει
419 921 470 973 τῇ
497 915 610 959 πόλει
629 915 877 973 προσβάλλει
899 918 965 958 καὶ
987 912 1258 971 περικάθηται
1272 948 1285 967 ,
1324 913 1344 958 ὅ
1370 917 1413 958 δὲ
1434 915 1659 973 στρατηγὸς
1678 912 1757 959 ὅ10

233 985 358 1041 μέγας
375 983 676 1042 χαρτουλάριος
695 983 961 1040 Λιβαδάριος
984 986 1026 1026 ἐν
1049 983 1292 1037 ἀμηχανίαις
1315 986 1526 1032 παντοίαις
1551 979 1623 1038 ἦν,
1661 984 1701 1026 οἶ

236 1053 282 1095 δ’
316 1054 430 1103 ἐντὸς
459 1054 680 1108 ἐλίμωττον
713 1054 781 1096 καὶ
811 1053 930 1095 πλέον
961 1050 1375 1108 προσεταλαιπώρουν
1396 1056 1446 1108 τῇ
1468 1053 1700 1111 λειψυδρίᾳ,

238 1119 292 1171 ὥς
318 1122 474 1164 ἐκεῖθεν
495 1122 569 1176 μὲν
601 1123 668 1163 καὶ
700 1125 782 1164 τῶν
811 1119 1147 1176 ἀπηγορευμένων
1175 1118 1404 1172 ἅπτεσθαι,
1439 1121 1627 1162 ἐντεῦθεν
1657 1120 1702 1162 δὲ

235 1189 358 1232 ὕδατι
398 1194 626 1239 πονοῦντας
664 1188 791 1246 ὖγροῦ
831 1189 940 1238 τινὸς
969 1187 1155 1242 μηχανὴν
1184 1189 1380 1242 ἔκζητεΐν,
1430 1189 1495 1230 καὶ
1524 1192 1701 1242 συνεχῶς

239 1258 395 1313 φλέβας
425 1262 508 1300 τῶν
533 1259 672 1300 ἵππων
703 1258 925 1310 τέμνοντας
946 1260 1019 1299 τοῦ
1042 1257 1215 1307 αἵματος
1245 1256 1438 1312 ἒκροφᾶν.
1507 1255 1602 1297 ἀλλ’
1627 1256 1702 1298 οὐκ
1714 1263 1757 1298 15

187 1339 217 1372 c
240 1321 290 1380 ἦν
312 1327 501 1369 ἐντεῦθεν
521 1325 568 1368 τὸ
591 1329 673 1367 πᾶν
698 1330 772 1379 τῆς
801 1327 927 1380 δίψης
946 1326 1116 1376 ἰᾶσθαι,
1154 1325 1221 1366 καὶ
1247 1323 1448 1378 ἔθνησκον
1480 1323 1704 1367 ἐπασσύτε-

238 1412 316 1450 ροι.
387 1394 492 1450 πρὸς
520 1394 598 1450 γὰρ
628 1393 701 1436 τὸν
731 1394 848 1448 λιμὸν
883 1394 949 1435 καὶ
974 1396 1131 1447 μᾶλλον
1159 1392 1363 1447 ἀντεῖχον·
1400 1390 1601 1448 ἐπήρκουν
1625 1393 1703 1450 γὰρ

240 1462 356 1518 σφίσι
389 1464 455 1504 καὶ
488 1461 538 1504 τὰ
570 1466 653 1504 τῶν
684 1460 952 1517 θνησκόντων
982 1458 1140 1516 ἀλόγων
1174 1458 1349 1513 σώματα
1358 1493 1371 1512 ,
1407 1462 1477 1502 καί
1501 1477 1542 1516 γε
1568 1459 1705 1503 αὐτῶν

239 1528 507 1586 θνησκόντων
536 1528 760 1584 πολλάκις,
807 1528 938 1579 οὕτως
971 1530 1116 1578 ἐνδεῶς
1146 1527 1252 1584 εἶχον
1279 1533 1361 1572 τῶν
1390 1528 1618 1585 ἀναγκαίων
1649 1527 1706 1580 ὥς

240 1684 410 1718 salubrius
435 1686 697 1729 praevertentur
728 1681 958 1729 impendentia
981 1681 1070 1716 mala
1103 1682 1237 1726 sagacis
1260 1682 1502 1728 praecautione
1525 1683 1707 1729 providen-

240 1730 332 1773 tiae,
356 1741 456 1774 quam
481 1730 527 1763 nil
551 1730 739 1775 profuturis
763 1730 806 1764 ad
831 1734 1016 1763 extremum
1041 1729 1194 1762 lamentis
1219 1740 1316 1762 serae
1339 1729 1565 1773 poenitentiae
1589 1730 1706 1774 deplo-

241 1780 380 1809 rentur:
407 1776 534 1810 verum*
547 1776 638 1822 quod
661 1776 759 1810 fatali
782 1775 988 1810 necessitate
1010 1774 1158 1819 ingruit,
1182 1786 1246 1809 nec
1268 1775 1378 1809 averti
1396 1787 1460 1809 nec
1478 1775 1610 1809 differri
1626 1786 1708 1810 con-

240 1821 315 1855 silio
340 1825 464 1864 potest.

330 1867 388 1900 21.
436 1865 547 1900 Novis
580 1866 668 1900 enim
698 1866 933 1901 Trallensibus
965 1865 999 1899 in
1031 1865 1089 1899 illa
1119 1865 1263 1899 felicium
1296 1864 1520 1909 auspiciorum
1552 1866 1708 1910 gratula-

241 1911 335 1946 tione
370 1912 502 1946 saecula
537 1911 604 1946 sibi
638 1923 743 1945 aurea
766 1910 1010 1957 spondentibus
1046 1912 1151 1954 (nam
1176 1911 1255 1955 quid
1280 1923 1344 1944 non
1369 1922 1430 1954 spe
1452 1914 1708 1955 praesumerent

242 1956 385 1991 iunioris
414 1957 577 2000 Augusti,
609 1957 741 2001 longum
755 1983 766 2001 ,
798 1961 837 1991 ut
861 1961 937 1990 erat
958 1955 1158 1999 verisimile,
1182 1968 1222 1989 ac
1245 1956 1368 1990 florens
1389 1956 1566 2001 imperium
1588 1957 1708 1991 incho-

241 2003 350 2044 antis,
392 2002 581 2048 peculiares
611 2002 750 2037 clientes
774 2015 815 2037 ac
838 2002 951 2044 cives,
988 2001 1067 2036 inde
1098 2001 1279 2046 praecipuo
1303 2013 1437 2047 semper
1460 2003 1549 2047 apud
1575 2014 1650 2036 eum
1672 2004 1707 2037 in

242 2049 317 2082 loco
341 2048 473 2092 gratiae
496 2047 653 2092 futuri‘G)
689 2048 883 2094 supervenit
913 2059 994 2082 ecce
1015 2047 1299 2093 inopinatissimus
1323 2048 1492 2082 exercitus
1514 2049 1709 2090 Persarum,

245 2105 330 2139 quos
362 2094 498 2128 eaedem
532 2094 692 2128 videlicet
725 2094 768 2129 ad
800 2093 999 2128 obstandum
1033 2093 1143 2127 initiis
1175 2093 1272 2127 huius
1303 2093 1455 2127 coloniae
1489 2094 1708 2139 impellebant

244 2151 386 2182 causae,
423 2151 511 2184 quae
542 2139 768 2174 Andronicum
801 2140 844 2174 ad
876 2139 1084 2173 condendam
1121 2150 1195 2172 eam
1226 2145 1421 2173 moverantz
1462 2143 1500 2173 ut
1531 2140 1619 2174 enim
1650 2140 1708 2173 hic

241 2186 394 2219 fraenum
424 2185 580 2219 licentiae
610 2185 797 2229 praedandi
819 2197 861 2220 ac
882 2185 1134 2229 receptaculum
1175 2184 1345 2230 copiarum
1367 2185 1402 2218 in
1425 2185 1537 2219 clades
1558 2185 1710 2219 Persidis

244 2230 484 2265 imminentium
508 2231 726 2265 constitutum
747 2232 783 2265 in
805 2231 873 2265 ista
895 2230 1019 2264 vicinia
1041 2231 1215 2272 voluerat,
1249 2230 1299 2264 ita
1321 2231 1369 2264 illi
1395 2243 1435 2264 ea
1457 2230 1532 2275 ipsa
1554 2234 1708 2265 metuen-

244 2281 299 2309 tes
322 2276 409 2309 omni
434 2280 565 2310 mature
595 2276 850 2311 incumbendum
883 2279 1004 2310 conatu
1033 2277 1217 2310 censebant
1240 2277 1282 2310 ad
1307 2277 1540 2310 excutiendum
1566 2278 1631 2311 hoc
1653 2277 1710 2311 iu-

245 2332 322 2365 gum
348 2321 444 2355 velut
465 2322 657 2367 impositum
682 2322 892 2364 cervicibus,
924 2326 959 2356 et
983 2326 1110 2356 certam
1134 2322 1316 2367 perniciem
1340 2333 1360 2355 a
1383 2333 1443 2356 suo
1466 2322 1571 2356 limite
1599 2333 1709 2356 remo-

243 2366 396 2400 vendam.
443 2379 524 2411 ergo
551 2368 766 2403 Mantachias
789 2368 923 2413 quidam
946 2373 1166 2412 cognomento
1190 2367 1368 2413 Salpacis,
1392 2379 1479 2413 quae
1502 2379 1571 2402 vox
1593 2368 1709 2412 lingua

243 2411 383 2445 Persica
416 2413 538 2446 fortem
572 2419 693 2457 sonat,
733 2413 915 2448 innumeris
950 2425 1034 2459 quas
1071 2414 1235 2447 ductabat
1270 2413 1460 2447 succinctus
1492 2413 1600 2458 copiis
1629 2413 1709 2447 urbi

245 2457 410 2490 Tranium
431 2469 469 2491 se
493 2459 673 2500 admovet,
706 2471 847 2505 eamque
871 2459 1020 2505 undique
1043 2460 1216 2493 obsidione
1240 2459 1466 2504 amplectitur.
1514 2459 1646 2500 statim,
1669 2461 1710 2492 ut

245 2501 283 2536 in
304 2502 487 2548 improvisa
510 2515 571 2544 re,
606 2506 732 2550 magnis
760 2505 972 2540 conflictatus
995 2505 1160 2548 angustiis
1182 2509 1235 2539 est
1258 2510 1405 2539 summus
1428 2516 1538 2539 novae
1561 2503 1710 2538 civitatis

247 2548 488 2592 magistratus,
520 2559 659 2592 magnus
692 2550 915 2585 chartularius
938 2551 1150 2586 Libadarius.
1197 2562 1273 2584 nam
1296 2550 1389 2584 cives
1412 2550 1510 2584 famis
1531 2549 1642 2583 subito
1667 2560 1709 2583 ac

248 2593 323 2627 sitis
345 2593 554 2628 incommoda
576 2600 645 2628 tam
672 2596 791 2640 gravia
814 2602 1014 2638 senserunt,
1053 2601 1092 2630 ut
1117 2599 1153 2629 et
1185 2596 1269 2630 cibis
1299 2595 1474 2630 immundis
1495 2594 1709 2640 infandisque

247 2650 308 2673 ora
330 2639 499 2684 polluere,
536 2644 572 2673 et
596 2651 671 2674 cum
695 2647 830 2676 arentes
851 2643 969 2676 fauces
992 2642 1109 2676 humor
1133 2642 1238 2675 omnis
1260 2641 1444 2683 deficeret,
1475 2640 1579 2675 sectis
1602 2652 1709 2685 equo-

247 2695 318 2718 rum
346 2684 439 2719 venis
471 2685 626 2719 eductum
656 2688 850 2730 sanguinem
875 2687 974 2721 avide
997 2687 1133 2721 haurire
1156 2693 1371 2731 cogerentur.
1417 2697 1458 2720 ac
1481 2685 1548 2719 cibi
1571 2685 1709 2730 quidem

247 2730 449 2764 desiderium
482 2730 692 2765 tolerabilius
719 2732 814 2766 initio
836 2733 999 2767 fallebant
1021 2733 1213 2767 substitutis
1244 2732 1278 2767 in
1308 2733 1414 2766 locum
1437 2731 1609 2765 meliorum
1632 2742 1710 2765 car-

250 2775 350 2809 nibus
373 2775 582 2810 morientium
605 2780 725 2821 sponte
759 2777 979 2812 iumentorum
1004 2782 1039 2812 et
1060 2778 1166 2812 omnis
1193 2778 1328 2822 generis
1352 2777 1567 2811 animantium
1590 2778 1711 2811 bruta·-

254 2831 350 2864 rum3
372 2832 515 2867 quarum
538 2833 603 2856 non
626 2821 851 2857 sufficientem
875 2823 1004 2868 copiam
1027 2824 1121 2858 multi
1144 2835 1210 2857 non
1232 2835 1312 2858 raro
1333 2822 1537 2868 supplebant
1551 2821 1710 2858 vorandis
