1884 3262
255 182 356 229 486
668 182 901 228 GEORGH
932 186 1278 233 PACHYMERIS

205 301 239 336 E
262 289 437 350 πέμψας’
456 296 555 349 γοῦν
581 290 667 349 ἄγει
693 293 885 338 κάκεῖνον.
953 295 1001 339 τό
1016 300 1115 352 γοῦν
1145 294 1378 352 κινούμενον
1395 304 1617 357 προφανῶς
1637 298 1705 357 ἴγ-

235 410 238 413 Λ
258 368 392 416 κλημα
410 357 460 415 ’ἦν
480 359 536 410 ὥς
553 360 835 418 κακηγορήσειε
861 362 932 405 τὸν
959 365 1359 421 πορφυρογέννητον,
1395 370 1461 410 καὶ
1493 366 1547 418 ὥς
1568 368 1703 423 ἐπειδὴ

258 429 448 483 βασιλεὺς
469 426 739 484 προστάσσων
767 431 912 473 ἐκεῖνον
951 433 1015 474 ἐπὶ
1035 433 1205 488 Πέρσας
1230 431 1424 489 ἓφῶρμα,
1461 433 1483 477 ὃ
1505 437 1550 478 δὲ
1571 453 1705 478 κατει-

261 494 533 554 ρωνευόμενος
554 500 637 539 τῶν
655 498 956 552 ἐπεσταλμένων
976 499 1117 550 λέξειεν
1132 498 1188 550 ὥς
1207 500 1362 544 ἐλθέτω
1382 503 1706 559 πορφυρογέννη-

262 581 333 613 τος
358 564 600 613 ἀποσταλεὶς
620 565 692 620 ἐφ’
715 560 748 624 ᾧ
767 565 1020 622 κατορθώσει
1040 568 1087 610 τὸ
1107 565 1475 625 προσταττόμενον.
1543 570 1590 613 τὸ
1607 575 1738 626 γοῦνό

260 636 471 687 προῦπτον
488 631 605 694 τοῦτ’
629 628 703 688 ἦν,
733 632 754 676 ὃ
778 635 822 676 δὲ
837 635 979 685 νυκτὸς
1002 633 1149 691 ἐζήτει,
1186 637 1323 688 ἐκεῖνο,
1358 640 1410 692 τῇ
1427 634 1590 696 ὑποψία
1607 654 1707 681 συν-

260 697 573 755 ταραττόμενος.
645 700 811 756 κάπειδὴ
834 702 907 744 οὐκ
927 698 973 756 ἦν
1005 704 1265 756 δείκνυσθαι,
1302 703 1375 746 τὸν
1403 701 1565 756 Κότυν,
1596 707 1631 746 εἷ
1647 705 1707 761 μὴ

120 771 149 804 Ρ
173 771 242 808 332
266 766 482 822 ὁμολογοίη
495 799 509 819 ,
545 767 653 810 δεινὰ
671 768 819 822 ἠπείλει
837 777 984 823 ποιεῖν,
1019 772 1086 813 καὶ
1113 770 1187 826 τὴν
1216 771 1366 826 συχνὴν
1386 773 1650 828 προσεδρείαν
1669 773 1710 822 ἐς

263 834 325 878 ὅτι
354 833 534 889 μάλιστα
565 835 802 892 ἀνακρίνων.
885 835 906 880 ὅ
937 839 980 880 δὲ
1014 843 1087 881 τοῦ
1116 839 1191 892 μὲν
1236 843 1394 893 συχνῶς
1429 837 1710 896 προσεδρεύειν

263 901 485 956 συνήθειαν
504 902 646 959 ᾐτιᾶτο
666 906 731 946 καὶ
755 905 801 947 τὸ
822 905 885 947 ἐπὶ
905 905 1042 962 ῥητοῖς
1065 914 1296 962 συμφωνεῖν
1318 907 1392 962 τὴν
1416 911 1490 949 τοῦ
1512 907 1708 964 σφετέρου
1721 917 1764 952 10

264 968 470 1025 κτήματος
499 974 647 1027 πρᾶσιν
674 969 738 1030 (τὸ
763 972 809 1014 <5³
845 968 892 1026 ἦν
920 972 945 1027 ἡ
969 972 1123 1029 Βρόσις
1148 978 1221 1027 τῆς
1242 976 1425 1031 Γραίας,
1463 975 1507 1016 ἐκ
1525 975 1710 1030 πατέρων

264 1040 398 1096 ἐκείνῳ
429 1038 791 1095 προσκληρωθὲν),
836 1040 882 1082 τό
915 1041 959 1082 δὲ
989 1043 1077 1098 περὶ
1108 1044 1302 1097 διαδοχῆς
1329 1043 1539 1096 βασιλείας
1567 1042 1712 1085 εἰδέναι

263 1105 354 1149 ἴσον
373 1106 498 1148 ἐτίθει
519 1108 586 1148 καὶ
603 1109 691 1162 περὶ
709 1111 790 1149 τῶν
809 1106 1035 1151 ἀντιπόδων
1059 1111 1389 1166 διισχυρίζεσθαι.
1450 1109 1504 1151 τὰ
1522 1110 1566 1151 δὲ
1585 1111 1711 1166 λέγων

224 1223 231 1230 ,
266 1173 340 1217 οὐκ
358 1173 528 1218 ἔπειθεν.
598 1172 785 1227 ἐβούλετο
807 1175 850 1216 ‹5'
873 1176 1036 1231 ἐρευνᾶν
1055 1179 1122 1218 καὶ
1139 1177 1191 1218 τὰ
1211 1177 1314 1219 κατὰ
1331 1177 1402 1219 τὸν
1434 1177 1575 1232 ἴατρὸν
1595 1180 1712 1233 Περ-

265 1242 431 1294 δίκκαν,
471 1240 544 1298 ἐφ’
577 1235 611 1300 ᾧ
639 1259 677 1284 τι
701 1247 850 1293 μαθεῖν
874 1243 974 1299 παρ’
1007 1245 1155 1286 ἐκείνου
1178 1248 1260 1287 τῶν
1287 1243 1393 1287 καθ’
1415 1241 1599 1298 ’ὗποψίαν
1614 1244 1709 1288 κατ’
1722 1253 1765 1289 15

218 1312 249 1348 Β
268 1305 458 1352 Ἰωάννου
474 1341 485 1360 ,
523 1306 579 1359 ὥς
600 1308 702 1366 παρ’
726 1310 872 1352 ἐκεῖνον
893 1308 1172 1365 σχολάζοντος.
1240 1315 1299 1371 τῷ
1329 1328 1392 1354 τοι
1410 1313 1478 1353 καὶ
1495 1311 1621 1355 αὐτὸν
1637 1313 1712 1367 μὲν

267 1381 468 1433 φυλακαῖς
489 1378 623 1419 ἐδίδου
636 1409 649 1429 ,
686 1377 757 1419 τὸν
776 1379 820 1420 δὲ
841 1376 980 1420 Κότυν
1009 1386 1095 1429 τοῖς
1114 1382 1286 1428 Κελτοῖς
1311 1379 1522 1436 παραδοὺς
1538 1397 1713 1437 κρεμαν-

265 1442 374 1488 νῦειν
395 1446 461 1487 καὶ
483 1442 631 1496 εἶτάζειν
648 1445 834 1489 ἐκέλευεν.
902 1444 922 1488 ὅ
950 1446 992 1488 δ’
1013 1447 1086 1489 οὐκ
1104 1447 1214 1504 ἔφθη
1237 1449 1392 1500 δεθείς,
1429 1449 1571 1505 καὶτῷ
1593 1446 1713 1506 φόβῳ

267 1511 569 1569 ὁιαπεφώνηκε,
607 1515 673 1555 καὶ
700 1511 853 1571 φόρτος
871 1514 1036 1565 ἐλεεινὸς
1065 1514 1208 1573 ἀρθεὶς
1234 1519 1396 1559 πολλῶν
1411 1513 1644 1569 βλεπόντων
1661 1519 1714 1574 τῇ

358 1610 413 1644 10.
431 1607 499 1655 τὸ]
521 1610 592 1645 τοῦ
611 1610 652 1646 Ρ.

266 1699 335 1733 lum
357 1699 400 1733 de
421 1700 711 1745 Porphyrogenito
732 1701 889 1737 locutum.
933 1703 1089 1738 ferebant
1113 1702 1209 1744 enim,
1235 1714 1307 1737 cum
1331 1703 1374 1738 ab
1393 1702 1596 1748 imperatore
1618 1712 1714 1736 man-

270 1745 385 1779 datum
418 1746 538 1780 suisset
569 1746 687 1780 Ioanni
711 1749 877 1793 perlatum
900 1749 1020 1783 bellum
1041 1750 1208 1784 inferendi
1230 1748 1365 1791 Persis,
1387 1749 1512 1783 dixisse
1536 1747 1627 1782 iilum
1647 1757 1714 1781 non

270 1790 344 1825 sine
366 1790 494 1824 ironico
517 1792 630 1825 aculeo
652 1794 795 1827 “veniat
816 1794 923 1839 patris
946 1795 1049 1828 missu
1074 1795 1382 1839 Porphyrogenitus
1395 1820 1405 1836 ‚
1439 1804 1600 1839 prospere
1622 1792 1714 1826 scili-

270 1840 327 1869 cet
349 1840 550 1870 executurus
573 1837 734 1884 quidquid
756 1839 977 1883 iniungeturss’
1023 1852 1064 1874 ac
1086 1841 1128 1874 de
1147 1844 1210 1873 hoc
1233 1840 1368 1885 quidem
1385 1840 1461 1872 luce
1483 1841 1592 1883 palam
1613 1838 1715 1871 Ioan-

256 1891 332 1914 ·nes
355 1881 640 1926 interrogabatur.
686 1883 753 1917 alia
777 1883 1018 1918 instituebatur
1048 1886 1090 1918 de
1122 1885 1237 1918 eodem
1261 1888 1426 1918 nocturna
1449 1883 1620 1929 quaestio,
1644 1894 1714 1928 qua.

271 1926 496 1960 curiosissime
517 1927 742 1971 indagabatur
765 1929 885 1974 ecquid
909 1930 1047 1963 extundi
1075 1930 1286 1964 coniecturae
1310 1935 1446 1975 posset,
1481 1940 1568 1974 quae
1601 1928 1715 1973 suspi-

271 1970 398 2004 cionem
422 1972 563 2006 maxime
595 1978 675 2007 tunc
695 1973 933 2019 inquietantem
967 1974 1126 2020 principis
1147 1976 1288 2009 animum
1319 1975 1436 2009 ambiti
1458 1986 1479 2008 a
1504 1975 1629 2008 Ioanne
1650 1974 1715 2007 im-

271 2017 358 2061 perii
386 2018 577 2052 roboraret.
623 2018 703 2064 quia
735 2031 816 2053 vero
847 2020 998 2054 convinci
1031 2021 1118 2054 haud
1156 2021 1255 2054 aiiter
1283 2020 1353 2054 eius
1384 2019 1531 2053 criminis
1568 2020 1715 2053 loannes

270 2072 370 2106 quam
396 2062 502 2106 Cotys
529 2063 721 2098 testimonio
743 2068 897 2110 poterat,
928 2066 1016 2100 hunc
1044 2065 1229 2111 imperator
1258 2066 1417 2110 gravibus
1446 2066 1590 2109 urgebat
1618 2064 1715 2098 minis

271 2107 318 2140 ad
340 2108 510 2142 fatendum
533 2109 622 2154 quod
645 2121 700 2144 res
729 2115 822 2152 erat,
859 2111 1084 2145 subiecturum
1115 2123 1174 2153 se,
1204 2111 1237 2145 ni
1259 2113 1407 2152 faceret,
1443 2109 1616 2144 acerrimis
1639 2120 1715 2144 eum

271 2153 448 2188 tormentis
470 2154 678 2198 denuntians,
702 2159 737 2190 et
761 2156 884 2190 nulium
905 2157 1003 2191 finem
1018 2157 1147 2191 faciens
1169 2157 1410 2191 instantissime
1426 2155 1609 2201 quaerendi
1631 2155 1714 2200 quid

271 2199 409 2232 tandem
438 2198 546 2244 longis
578 2200 646 2234 illis
682 2201 891 2247 assiduisque
919 2214 992 2236 cum
1019 2203 1146 2236 Ioanne
1176 2203 1384 2237 sermonibus
1416 2202 1552 2245 egisset.
1598 2201 1641 2235 ad
1672 2211 1715 2235 ea

277 2242 403 2287 Cotys,
433 2245 522 2290 quod
551 2245 705 2280 assiduus
737 2248 826 2292 apud
855 2247 1012 2282 Ioannem
1042 2248 1164 2282 fuisset
1193 2249 1348 2294 quodque
1378 2247 1487 2293 ipsum
1518 2248 1716 2292 frequenter

275 2288 466 2332 allocutus,
489 2301 621 2324 causam
644 2291 747 2326 fuisse
773 2293 910 2327 dicebat
932 2294 1083 2328 coalitam
1106 2294 1193 2328 inter
1215 2295 1304 2338 ipsos
1327 2304 1369 2327 ex
1399 2292 1545 2326 amicitia
1566 2292 1715 2325 familia-

275 2333 421 2368 ritatem.
466 2335 689 2371 intervenisse
721 2338 904 2384 quinetiam
935 2340 1123 2384 negotium:
1156 2345 1336 2373 tractatam
1367 2338 1456 2372 enim
1485 2338 1574 2371 inter
1596 2338 1713 2372 ambos

275 2378 382 2413 fuisse
404 2381 627 2415 venditionem
649 2383 742 2427 agri,
778 2384 836 2430 qui
860 2384 961 2428 Cotyi
993 2385 1181 2419 hereditate
1209 2397 1230 2419 a
1254 2383 1450 2430 parentibus
1471 2384 1656 2417 obvenerat
1677 2387 1715 2416 et

276 2422 368 2457 Fons
390 2426 524 2460 vetulae
544 2428 742 2465 vocabatur.
788 2429 832 2463 de
859 2431 1069 2464 successione
1098 2436 1209 2465 autem
1231 2431 1265 2464 in
1286 2429 1479 2475 imperium,
1515 2439 1715 2462 asseveran-

277 2468 404 2504 tissime
426 2471 618 2506 affirmabat
638 2474 728 2508 haud
750 2475 857 2519 magis
883 2476 1071 2510 meminisse
1100 2480 1159 2509 aut
1186 2476 1274 2511 scire
1302 2488 1340 2510 se
1363 2475 1543 2520 quidquam
1565 2478 1635 2507 tum
1657 2472 1714 2506 vel

276 2514 384 2559 prima
404 2516 569 2551 mentione
589 2523 731 2560 motum,
764 2532 863 2565 quam
893 2521 936 2555 de
959 2523 1059 2556 rebus
1082 2522 1292 2567 Antipodum.
1337 2522 1388 2554 his
1418 2519 1600 2565 imperator
1624 2518 1715 2551 haud

273 2569 456 2605 persuasus
479 2563 654 2607 explorare
674 2570 853 2610 praeterea
875 2567 980 2601 voluit
1002 2569 1164 2602 medicum
1185 2568 1401 2607 Perdiccam,
1433 2571 1632 2610 experturus
1655 2575 1716 2596 ec-

275 2605 358 2650 quid
381 2607 518 2649 abeo,
548 2619 647 2653 quem
669 2613 704 2643 et
734 2611 842 2656 ipsum
877 2617 1047 2647 constaret
1077 2613 1131 2646 diu
1163 2615 1252 2658 apud
1275 2613 1433 2646 Ioannem
1465 2616 1714 2651 commoratum,

275 2656 392 2695 posset
414 2653 579 2699 expiscari
602 2665 668 2699 quo
692 2656 923 2691 adstrueretur
947 2664 1108 2704 concepta
1131 2659 1290 2703 suspicio.
1337 2658 1440 2702 igitur
1457 2660 1492 2688 et
1513 2656 1600 2688 hunc
1621 2655 1715 2688 tradi

275 2697 448 2741 custodiae
469 2701 651 2744 praecepit.
700 2701 810 2745 Cotyn
842 2708 953 2738 autem
980 2704 1089 2738 Celtis
1121 2704 1261 2738 tradidit
1289 2701 1553 2749 suspendendum
1576 2704 1611 2734 et
1633 2700 1715 2735 diris

274 2742 473 2786 adigendum
505 2745 721 2779 crucitatibus
751 2747 793 2780 ad
817 2748 988 2792 prodenda
1019 2763 1107 2794 quae
1131 2753 1269 2784 celaret.
1314 2754 1351 2784 at
1377 2749 1432 2782 ille
1455 2757 1528 2780 cum
1550 2746 1715 2792 ligaretur

275 2787 318 2820 ad
340 2790 572 2835 suspendium,
604 2791 810 2825 exanimatus
833 2799 923 2827 metu
943 2796 1106 2838 concidit;
1135 2791 1180 2830 'et
1202 2795 1330 2841 pondus
1352 2793 1540 2830 miserabile
1562 2794 1715 2827 sublatus
