<?xml version="1.0" encoding="UTF-8"?>
<!DOCTYPE html PUBLIC "-//W3C//DTD XHTML 1.0 Transitional//EN"
    "http://www.w3.org/TR/xhtml1/DTD/xhtml1-transitional.dtd">
<html xmlns="http://www.w3.org/1999/xhtml" xml:lang="en" lang="en">
 <head>
  <title>
</title>
<meta http-equiv="Content-Type" content="text/html;charset=utf-8" />
  <meta name='ocr-system' content='tesseract 3.04.00' />
  <meta name='ocr-capabilities' content='ocr_page ocr_carea ocr_par ocr_line ocrx_word'/>
</head>
<body>
  <div class='ocr_page' id='page_1' title='image "./corpusscriptorum17niebuoft_0720.png"; bbox 0 0 1884 3262; ppageno 0'>
   <div class='ocr_carea' id='block_1_1' title="bbox 261 165 1346 219">
    <p class='ocr_par' dir='ltr' id='par_1_1' title="bbox 261 165 1346 219">
     <span class='ocr_line' id='line_1_1' title="bbox 261 165 1346 219; baseline -0.003 0"><span class='ocrx_word' id='word_1_1' title='bbox 261 169 363 219; x_wconf 75' lang='grc' dir='ltr'>7οἳ</span> <span class='ocrx_word' id='word_1_2' title='bbox 614 181 634 215; x_wconf 88' lang='grc'>.·</span> <span class='ocrx_word' id='word_1_3' title='bbox 659 165 972 218; x_wconf 86' lang='lat' dir='ltr'>OBSERVAT.</span> <span class='ocrx_word' id='word_1_4' title='bbox 1002 167 1321 216; x_wconf 74' lang='lat' dir='ltr'>PACHYMER.</span> <span class='ocrx_word' id='word_1_5' title='bbox 1342 182 1346 192; x_wconf 60' lang='lat'>³</span> 
     </span>
    </p>
   </div>
   <div class='ocr_carea' id='block_1_2' title="bbox 123 277 1737 2874">
    <p class='ocr_par' dir='ltr' id='par_1_2' title="bbox 123 277 1737 2874">
     <span class='ocr_line' id='line_1_2' title="bbox 260 277 1724 332; baseline 0.001 -13"><span class='ocrx_word' id='word_1_6' title='bbox 260 277 361 319; x_wconf 81' lang='lat' dir='ltr'>hora</span> <span class='ocrx_word' id='word_1_7' title='bbox 377 277 495 318; x_wconf 84' lang='lat' dir='ltr'>tertia</span> <span class='ocrx_word' id='word_1_8' title='bbox 514 283 605 329; x_wconf 85' lang='lat' dir='ltr'>post</span> <span class='ocrx_word' id='word_1_9' title='bbox 621 277 847 328; x_wconf 82' lang='lat' dir='ltr'><strong>meridiem,</strong></span> <span class='ocrx_word' id='word_1_10' title='bbox 875 283 990 318; x_wconf 83' lang='lat' dir='ltr'>sexto</span> <span class='ocrx_word' id='word_1_11' title='bbox 1020 277 1104 330; x_wconf 83' lang='lat' dir='ltr'>die,</span> <span class='ocrx_word' id='word_1_12' title='bbox 1118 277 1317 318; x_wconf 60' lang='lat' dir='ltr'>‘videlicet</span> <span class='ocrx_word' id='word_1_13' title='bbox 1340 282 1430 332; x_wconf 79' lang='lat' dir='ltr'>post</span> <span class='ocrx_word' id='word_1_14' title='bbox 1448 280 1530 320; x_wconf 85' lang='lat' dir='ltr'>eius</span> <span class='ocrx_word' id='word_1_15' title='bbox 1552 292 1724 330; x_wconf 52' lang='lat' dir='ltr'>corona-r</span> 
     </span>
     <span class='ocr_line' id='line_1_3' title="bbox 259 335 1718 376; baseline 0 0"><span class='ocrx_word' id='word_1_16' title='bbox 259 337 407 376; x_wconf 81' lang='lat' dir='ltr'>tionem</span> <span class='ocrx_word' id='word_1_17' title='bbox 426 340 467 372; x_wconf 88' lang='lat' dir='ltr'>et</span> <span class='ocrx_word' id='word_1_18' title='bbox 485 335 711 374; x_wconf 89' lang='lat' dir='ltr'>unctionem</span> <span class='ocrx_word' id='word_1_19' title='bbox 733 336 957 374; x_wconf 79' lang='lat' dir='ltr'>solemnem.</span> <span class='ocrx_word' id='word_1_20' title='bbox 1712 363 1718 376; x_wconf 50' lang='lat' dir='ltr'>f</span> 
     </span>
     <span class='ocr_line' id='line_1_4' title="bbox 372 389 1724 444; baseline 0.004 -16"><span class='ocrx_word' id='word_1_21' title='bbox 372 390 526 429; x_wconf 79' lang='lat' dir='ltr'><strong>Etenim</strong></span> <span class='ocrx_word' id='word_1_22' title='bbox 538 420 548 440; x_wconf 91' lang='lat'><strong><em>‚</em></strong></span> <span class='ocrx_word' id='word_1_23' title='bbox 578 391 609 430; x_wconf 88' lang='lat' dir='ltr'>si</span> <span class='ocrx_word' id='word_1_24' title='bbox 629 392 877 431; x_wconf 85' lang='lat' dir='ltr'>coniecturae</span> <span class='ocrx_word' id='word_1_25' title='bbox 894 405 975 430; x_wconf 90' lang='lat' dir='ltr'>non</span> <span class='ocrx_word' id='word_1_26' title='bbox 993 389 1241 443; x_wconf 84' lang='lat' dir='ltr'>improbabili</span> <span class='ocrx_word' id='word_1_27' title='bbox 1260 391 1372 430; x_wconf 88' lang='lat' dir='ltr'>locus</span> <span class='ocrx_word' id='word_1_28' title='bbox 1393 392 1531 444; x_wconf 82' lang='lat' dir='ltr'>datur,</span> <span class='ocrx_word' id='word_1_29' title='bbox 1557 394 1724 434; x_wconf 74' lang='lat' dir='ltr'>videtur</span> 
     </span>
     <span class='ocr_line' id='line_1_5' title="bbox 258 447 1726 500; baseline 0.003 -14"><span class='ocrx_word' id='word_1_30' title='bbox 258 448 364 493; x_wconf 78' lang='lat' dir='ltr'>sacta</span> <span class='ocrx_word' id='word_1_31' title='bbox 385 448 588 486; x_wconf 89' lang='lat' dir='ltr'>coronatio</span> <span class='ocrx_word' id='word_1_32' title='bbox 605 447 804 487; x_wconf 87' lang='lat' dir='ltr'>Theodori</span> <span class='ocrx_word' id='word_1_33' title='bbox 827 449 913 500; x_wconf 87' lang='lat' dir='ltr'>ipsa</span> <span class='ocrx_word' id='word_1_34' title='bbox 932 447 1096 486; x_wconf 80' lang='lat' dir='ltr'>solemni</span> <span class='ocrx_word' id='word_1_35' title='bbox 1116 447 1328 486; x_wconf 85' lang='lat' dir='ltr'>festivitate</span> <span class='ocrx_word' id='word_1_36' title='bbox 1346 449 1562 489; x_wconf 83' lang='lat' dir='ltr'>nativitatis</span> <span class='ocrx_word' id='word_1_37' title='bbox 1579 451 1726 490; x_wconf 83' lang='lat' dir='ltr'>Christi</span> 
     </span>
     <span class='ocr_line' id='line_1_6' title="bbox 259 504 1726 557; baseline 0.003 -15"><span class='ocrx_word' id='word_1_38' title='bbox 259 504 428 553; x_wconf 85' lang='lat' dir='ltr'>domini,</span> <span class='ocrx_word' id='word_1_39' title='bbox 458 504 540 543; x_wconf 87' lang='lat' dir='ltr'>sive</span> <span class='ocrx_word' id='word_1_40' title='bbox 561 510 609 543; x_wconf 89' lang='lat' dir='ltr'>ut</span> <span class='ocrx_word' id='word_1_41' title='bbox 629 518 679 543; x_wconf 85' lang='lat' dir='ltr'>ex</span> <span class='ocrx_word' id='word_1_42' title='bbox 695 505 783 543; x_wconf 92' lang='lat' dir='ltr'>luce</span> <span class='ocrx_word' id='word_1_43' title='bbox 803 505 880 543; x_wconf 86' lang='lat' dir='ltr'>diei</span> <span class='ocrx_word' id='word_1_44' title='bbox 901 505 1173 543; x_wconf 81' lang='lat' dir='ltr'>celeberrimae</span> <span class='ocrx_word' id='word_1_45' title='bbox 1194 504 1325 543; x_wconf 83' lang='lat' dir='ltr'>aditus</span> <span class='ocrx_word' id='word_1_46' title='bbox 1343 506 1395 543; x_wconf 84' lang='lat' dir='ltr'>ad</span> <span class='ocrx_word' id='word_1_47' title='bbox 1413 505 1615 557; x_wconf 87' lang='lat' dir='ltr'>imperium</span> <span class='ocrx_word' id='word_1_48' title='bbox 1637 509 1726 546; x_wconf 87' lang='lat' dir='ltr'>cla-</span> 
     </span>
     <span class='ocr_line' id='line_1_7' title="bbox 257 561 1725 615; baseline 0.003 -16"><span class='ocrx_word' id='word_1_49' title='bbox 257 562 341 600; x_wconf 86' lang='lat' dir='ltr'>rior</span> <span class='ocrx_word' id='word_1_50' title='bbox 361 561 559 610; x_wconf 81' lang='lat' dir='ltr'>existeret,</span> <span class='ocrx_word' id='word_1_51' title='bbox 588 562 673 600; x_wconf 88' lang='lat' dir='ltr'>sive</span> <span class='ocrx_word' id='word_1_52' title='bbox 692 569 740 600; x_wconf 88' lang='lat' dir='ltr'>ut</span> <span class='ocrx_word' id='word_1_53' title='bbox 754 562 846 600; x_wconf 84' lang='lat' dir='ltr'>inde</span> <span class='ocrx_word' id='word_1_54' title='bbox 866 561 1060 600; x_wconf 81' lang='lat' dir='ltr'>felicitatis</span> <span class='ocrx_word' id='word_1_55' title='bbox 1079 562 1287 612; x_wconf 82' lang='lat' dir='ltr'>augurium</span> <span class='ocrx_word' id='word_1_56' title='bbox 1307 568 1478 600; x_wconf 79' lang='lat' dir='ltr'>sumeret</span> <span class='ocrx_word' id='word_1_57' title='bbox 1498 563 1725 615; x_wconf 81' lang='lat' dir='ltr'>imperator,</span> 
     </span>
     <span class='ocr_line' id='line_1_8' title="bbox 260 617 1727 671; baseline 0.003 -16"><span class='ocrx_word' id='word_1_58' title='bbox 260 617 370 669; x_wconf 89' lang='lat' dir='ltr'>quod</span> <span class='ocrx_word' id='word_1_59' title='bbox 387 618 576 668; x_wconf 82' lang='lat' dir='ltr'>regnandi</span> <span class='ocrx_word' id='word_1_60' title='bbox 596 618 835 671; x_wconf 84' lang='lat' dir='ltr'>principium</span> <span class='ocrx_word' id='word_1_61' title='bbox 851 618 1015 657; x_wconf 88' lang='lat' dir='ltr'>duceret</span> <span class='ocrx_word' id='word_1_62' title='bbox 1032 618 1080 655; x_wconf 90' lang='lat' dir='ltr'>ab</span> <span class='ocrx_word' id='word_1_63' title='bbox 1099 630 1144 655; x_wconf 91' lang='lat' dir='ltr'>eo</span> <span class='ocrx_word' id='word_1_64' title='bbox 1164 623 1340 669; x_wconf 85' lang='lat' dir='ltr'>tempore</span> <span class='ocrx_word' id='word_1_65' title='bbox 1355 632 1434 669; x_wconf 90' lang='lat' dir='ltr'>quo</span> <span class='ocrx_word' id='word_1_66' title='bbox 1454 618 1631 658; x_wconf 87' lang='lat' dir='ltr'>Christus</span> <span class='ocrx_word' id='word_1_67' title='bbox 1646 622 1727 660; x_wconf 85' lang='lat' dir='ltr'>ini-</span> 
     </span>
     <span class='ocr_line' id='line_1_9' title="bbox 259 674 1727 727; baseline -0.001 -13"><span class='ocrx_word' id='word_1_68' title='bbox 259 675 362 715; x_wconf 71' lang='lat' dir='ltr'>tium</span> <span class='ocrx_word' id='word_1_69' title='bbox 389 675 553 713; x_wconf 87' lang='lat' dir='ltr'>vivendi</span> <span class='ocrx_word' id='word_1_70' title='bbox 578 675 754 727; x_wconf 81' lang='lat' dir='ltr'>secisset3</span> <span class='ocrx_word' id='word_1_71' title='bbox 783 689 862 726; x_wconf 90' lang='lat' dir='ltr'>quo</span> <span class='ocrx_word' id='word_1_72' title='bbox 891 687 983 713; x_wconf 87' lang='lat' dir='ltr'>sane</span> <span class='ocrx_word' id='word_1_73' title='bbox 1012 674 1132 712; x_wconf 86' lang='lat' dir='ltr'>modo</span> <span class='ocrx_word' id='word_1_74' title='bbox 1154 679 1192 712; x_wconf 90' lang='lat' dir='ltr'>et</span> <span class='ocrx_word' id='word_1_75' title='bbox 1209 675 1364 713; x_wconf 90' lang='lat' dir='ltr'>ratione</span> <span class='ocrx_word' id='word_1_76' title='bbox 1384 681 1517 726; x_wconf 83' lang='lat' dir='ltr'>gentes</span> <span class='ocrx_word' id='word_1_77' title='bbox 1539 682 1580 716; x_wconf 87' lang='lat' dir='ltr'>et</span> <span class='ocrx_word' id='word_1_78' title='bbox 1601 677 1727 716; x_wconf 86' lang='lat' dir='ltr'>eccle-.-</span> 
     </span>
     <span class='ocr_line' id='line_1_10' title="bbox 259 730 1679 784; baseline 0.002 -15"><span class='ocrx_word' id='word_1_79' title='bbox 259 731 338 769; x_wconf 87' lang='lat' dir='ltr'>siae</span> <span class='ocrx_word' id='word_1_80' title='bbox 359 731 619 769; x_wconf 87' lang='lat' dir='ltr'>nobilissimae</span> <span class='ocrx_word' id='word_1_81' title='bbox 640 732 734 770; x_wconf 88' lang='lat' dir='ltr'>anni</span> <span class='ocrx_word' id='word_1_82' title='bbox 754 732 963 770; x_wconf 85' lang='lat' dir='ltr'>exordium</span> <span class='ocrx_word' id='word_1_83' title='bbox 985 745 1007 768; x_wconf 89' lang='lat' dir='ltr'>a</span> <span class='ocrx_word' id='word_1_84' title='bbox 1029 730 1177 769; x_wconf 84' lang='lat' dir='ltr'>Christi</span> <span class='ocrx_word' id='word_1_85' title='bbox 1196 732 1392 770; x_wconf 83' lang='lat' dir='ltr'>natalibus</span> <span class='ocrx_word' id='word_1_86' title='bbox 1414 733 1679 784; x_wconf 80' lang='lat' dir='ltr'>auspicantur.</span> 
     </span>
     <span class='ocr_line' id='line_1_11' title="bbox 373 787 1728 841; baseline 0.002 -15"><span class='ocrx_word' id='word_1_87' title='bbox 373 788 476 826; x_wconf 81' lang='lat' dir='ltr'>Utut</span> <span class='ocrx_word' id='word_1_88' title='bbox 503 789 554 826; x_wconf 86' lang='lat' dir='ltr'>sit</span> <span class='ocrx_word' id='word_1_89' title='bbox 581 789 630 826; x_wconf 80' lang='lat' dir='ltr'>de</span> <span class='ocrx_word' id='word_1_90' title='bbox 662 789 745 841; x_wconf 86' lang='lat' dir='ltr'>ipsa</span> <span class='ocrx_word' id='word_1_91' title='bbox 761 794 908 833; x_wconf 68' lang='lat' dir='ltr'>„mente</span> <span class='ocrx_word' id='word_1_92' title='bbox 939 787 1207 840; x_wconf 78' lang='lat' dir='ltr'>imperatoriS,</span> <span class='ocrx_word' id='word_1_93' title='bbox 1237 794 1342 826; x_wconf 87' lang='lat' dir='ltr'>certe</span> <span class='ocrx_word' id='word_1_94' title='bbox 1365 790 1447 827; x_wconf 89' lang='lat' dir='ltr'>eius</span> <span class='ocrx_word' id='word_1_95' title='bbox 1469 790 1626 828; x_wconf 86' lang='lat' dir='ltr'>consilia</span> <span class='ocrx_word' id='word_1_96' title='bbox 1644 803 1728 830; x_wconf 88' lang='lat' dir='ltr'>non</span> 
     </span>
     <span class='ocr_line' id='line_1_12' title="bbox 259 840 1730 895; baseline 0.001 -12"><span class='ocrx_word' id='word_1_97' title='bbox 259 844 514 889; x_wconf 84' lang='lat' dir='ltr'>mediocriter</span> <span class='ocrx_word' id='word_1_98' title='bbox 545 846 707 884; x_wconf 87' lang='lat' dir='ltr'>turbare</span> <span class='ocrx_word' id='word_1_99' title='bbox 738 840 824 884; x_wconf 83' lang='lat' dir='ltr'>visa</span> <span class='ocrx_word' id='word_1_100' title='bbox 845 851 905 883; x_wconf 85' lang='lat' dir='ltr'>est</span> <span class='ocrx_word' id='word_1_101' title='bbox 927 844 1094 883; x_wconf 82' lang='lat' dir='ltr'>defectio</span> <span class='ocrx_word' id='word_1_102' title='bbox 1115 844 1206 882; x_wconf 89' lang='lat' dir='ltr'>solis</span> <span class='ocrx_word' id='word_1_103' title='bbox 1223 851 1307 883; x_wconf 83' lang='lat' dir='ltr'>tam</span> <span class='ocrx_word' id='word_1_104' title='bbox 1326 845 1517 895; x_wconf 88' lang='lat' dir='ltr'>insolens,</span> <span class='ocrx_word' id='word_1_105' title='bbox 1545 852 1628 884; x_wconf 89' lang='lat' dir='ltr'>tam</span> <span class='ocrx_word' id='word_1_106' title='bbox 1647 848 1730 885; x_wconf 77' lang='lat' dir='ltr'>cito</span> 
     </span>
     <span class='ocr_line' id='line_1_13' title="bbox 261 901 1728 954; baseline 0.002 -15"><span class='ocrx_word' id='word_1_107' title='bbox 261 908 354 954; x_wconf 84' lang='lat' dir='ltr'>post</span> <span class='ocrx_word' id='word_1_108' title='bbox 377 902 459 939; x_wconf 88' lang='lat' dir='ltr'>eius</span> <span class='ocrx_word' id='word_1_109' title='bbox 482 902 780 942; x_wconf 86' lang='lat' dir='ltr'>coronationem</span> <span class='ocrx_word' id='word_1_110' title='bbox 806 904 921 941; x_wconf 86' lang='lat' dir='ltr'>facta.</span> <span class='ocrx_word' id='word_1_111' title='bbox 977 901 1063 940; x_wconf 87' lang='lat' dir='ltr'>visa</span> <span class='ocrx_word' id='word_1_112' title='bbox 1085 906 1144 938; x_wconf 84' lang='lat' dir='ltr'>est</span> <span class='ocrx_word' id='word_1_113' title='bbox 1166 902 1268 939; x_wconf 83' lang='lat' dir='ltr'>enim</span> <span class='ocrx_word' id='word_1_114' title='bbox 1288 901 1402 940; x_wconf 81' lang='lat' dir='ltr'>iuxta</span> <span class='ocrx_word' id='word_1_115' title='bbox 1422 903 1577 941; x_wconf 87' lang='lat' dir='ltr'>tabulas</span> <span class='ocrx_word' id='word_1_116' title='bbox 1596 909 1728 943; x_wconf 78' lang='lat' dir='ltr'>astro-</span> 
     </span>
     <span class='ocr_line' id='line_1_14' title="bbox 262 958 1730 1010; baseline 0.001 -13"><span class='ocrx_word' id='word_1_117' title='bbox 262 958 438 1001; x_wconf 82' lang='lat' dir='ltr'>nomicas</span> <span class='ocrx_word' id='word_1_118' title='bbox 469 958 533 996; x_wconf 84' lang='lat' dir='ltr'>die</span> <span class='ocrx_word' id='word_1_119' title='bbox 554 962 610 1001; x_wconf 88' lang='grc'>30</span> <span class='ocrx_word' id='word_1_120' title='bbox 637 959 870 999; x_wconf 81' lang='lat' dir='ltr'>Decembris.</span> <span class='ocrx_word' id='word_1_121' title='bbox 926 958 1012 997; x_wconf 86' lang='lat' dir='ltr'>visa</span> <span class='ocrx_word' id='word_1_122' title='bbox 1029 971 1165 996; x_wconf 90' lang='lat' dir='ltr'>sereno</span> <span class='ocrx_word' id='word_1_123' title='bbox 1187 958 1314 1006; x_wconf 88' lang='lat' dir='ltr'>coelo,</span> <span class='ocrx_word' id='word_1_124' title='bbox 1343 964 1463 1010; x_wconf 89' lang='lat' dir='ltr'>prout</span> <span class='ocrx_word' id='word_1_125' title='bbox 1480 959 1659 999; x_wconf 89' lang='lat' dir='ltr'>innuitur</span> <span class='ocrx_word' id='word_1_126' title='bbox 1677 973 1730 999; x_wconf 80' lang='lat' dir='ltr'>ex</span> 
     </span>
     <span class='ocr_line' id='line_1_15' title="bbox 263 1014 1729 1067; baseline 0 -13"><span class='ocrx_word' id='word_1_127' title='bbox 263 1021 402 1054; x_wconf 85' lang='lat' dir='ltr'>notata</span> <span class='ocrx_word' id='word_1_128' title='bbox 421 1015 471 1052; x_wconf 91' lang='lat' dir='ltr'>ab</span> <span class='ocrx_word' id='word_1_129' title='bbox 487 1014 673 1053; x_wconf 87' lang='lat' dir='ltr'>historico</span> <span class='ocrx_word' id='word_1_130' title='bbox 693 1015 938 1067; x_wconf 87' lang='lat' dir='ltr'>apparitione</span> <span class='ocrx_word' id='word_1_131' title='bbox 957 1015 1173 1053; x_wconf 89' lang='lat' dir='ltr'>stellarum.</span> <span class='ocrx_word' id='word_1_132' title='bbox 1204 1015 1289 1053; x_wconf 84' lang='lat' dir='ltr'>visa</span> <span class='ocrx_word' id='word_1_133' title='bbox 1301 1014 1402 1053; x_wconf 89' lang='lat' dir='ltr'>hora</span> <span class='ocrx_word' id='word_1_134' title='bbox 1418 1021 1510 1067; x_wconf 86' lang='lat' dir='ltr'>post</span> <span class='ocrx_word' id='word_1_135' title='bbox 1526 1016 1729 1055; x_wconf 81' lang='lat' dir='ltr'>meridiem</span> 
     </span>
     <span class='ocr_line' id='line_1_16' title="bbox 123 1071 1730 1122; baseline 0.001 -11"><span class='ocrx_word' id='word_1_136' title='bbox 123 1075 157 1110; x_wconf 90' lang='lat' dir='ltr'><strong>P</strong></span> <span class='ocrx_word' id='word_1_137' title='bbox 178 1075 245 1111; x_wconf 79' lang='lat'>495</span> <span class='ocrx_word' id='word_1_138' title='bbox 270 1073 408 1121; x_wconf 89' lang='lat' dir='ltr'>tertia,</span> <span class='ocrx_word' id='word_1_139' title='bbox 438 1077 530 1109; x_wconf 90' lang='lat' dir='ltr'>ante</span> <span class='ocrx_word' id='word_1_140' title='bbox 557 1072 648 1109; x_wconf 81' lang='lat' dir='ltr'>solis</span> <span class='ocrx_word' id='word_1_141' title='bbox 673 1085 855 1110; x_wconf 88' lang='lat' dir='ltr'>occasum</span> <span class='ocrx_word' id='word_1_142' title='bbox 886 1072 968 1110; x_wconf 87' lang='lat' dir='ltr'>fere</span> <span class='ocrx_word' id='word_1_143' title='bbox 994 1071 1147 1122; x_wconf 86' lang='lat' dir='ltr'>integra</span> <span class='ocrx_word' id='word_1_144' title='bbox 1176 1072 1264 1109; x_wconf 89' lang='lat' dir='ltr'>luce</span> <span class='ocrx_word' id='word_1_145' title='bbox 1294 1071 1518 1122; x_wconf 85' lang='lat' dir='ltr'>deficiente,</span> <span class='ocrx_word' id='word_1_146' title='bbox 1547 1073 1667 1112; x_wconf 90' lang='lat' dir='ltr'>stellis</span> <span class='ocrx_word' id='word_1_147' title='bbox 1686 1073 1730 1112; x_wconf 80' lang='lat' dir='ltr'>in</span> 
     </span>
     <span class='ocr_line' id='line_1_17' title="bbox 266 1127 1730 1180; baseline 0 -13"><span class='ocrx_word' id='word_1_148' title='bbox 266 1128 374 1167; x_wconf 90' lang='lat' dir='ltr'>coelo</span> <span class='ocrx_word' id='word_1_149' title='bbox 405 1128 517 1167; x_wconf 89' lang='lat' dir='ltr'>velut</span> <span class='ocrx_word' id='word_1_150' title='bbox 546 1127 588 1166; x_wconf 90' lang='lat' dir='ltr'>in</span> <span class='ocrx_word' id='word_1_151' title='bbox 613 1128 814 1179; x_wconf 83' lang='lat' dir='ltr'>profunda</span> <span class='ocrx_word' id='word_1_152' title='bbox 843 1133 961 1166; x_wconf 87' lang='lat' dir='ltr'>nocte</span> <span class='ocrx_word' id='word_1_153' title='bbox 991 1133 1079 1165; x_wconf 86' lang='lat' dir='ltr'>toto</span> <span class='ocrx_word' id='word_1_154' title='bbox 1109 1127 1329 1178; x_wconf 81' lang='lat' dir='ltr'>crepusculi</span> <span class='ocrx_word' id='word_1_155' title='bbox 1346 1135 1522 1180; x_wconf 86' lang='lat' dir='ltr'>tempore</span> <span class='ocrx_word' id='word_1_156' title='bbox 1541 1129 1585 1167; x_wconf 90' lang='lat' dir='ltr'>in</span> <span class='ocrx_word' id='word_1_157' title='bbox 1602 1129 1730 1168; x_wconf 87' lang='lat' dir='ltr'>densis</span> 
     </span>
     <span class='ocr_line' id='line_1_18' title="bbox 263 1183 1731 1237; baseline 0 -13"><span class='ocrx_word' id='word_1_158' title='bbox 263 1191 394 1224; x_wconf 83' lang='lat' dir='ltr'>terrae</span> <span class='ocrx_word' id='word_1_159' title='bbox 418 1183 590 1222; x_wconf 87' lang='lat' dir='ltr'>tenebris</span> <span class='ocrx_word' id='word_1_160' title='bbox 619 1184 911 1235; x_wconf 84' lang='lat' dir='ltr'>apparentibus.</span> <span class='ocrx_word' id='word_1_161' title='bbox 967 1184 1051 1222; x_wconf 80' lang='lat' dir='ltr'>visa</span> <span class='ocrx_word' id='word_1_162' title='bbox 1072 1183 1232 1235; x_wconf 87' lang='lat' dir='ltr'>insuper</span> <span class='ocrx_word' id='word_1_163' title='bbox 1253 1190 1313 1221; x_wconf 88' lang='lat' dir='ltr'>est</span> <span class='ocrx_word' id='word_1_164' title='bbox 1329 1191 1440 1223; x_wconf 84' lang='lat' dir='ltr'>sexta</span> <span class='ocrx_word' id='word_1_165' title='bbox 1459 1185 1522 1223; x_wconf 87' lang='lat' dir='ltr'>die</span> <span class='ocrx_word' id='word_1_166' title='bbox 1540 1192 1630 1237; x_wconf 85' lang='lat' dir='ltr'>post</span> <span class='ocrx_word' id='word_1_167' title='bbox 1650 1186 1731 1223; x_wconf 89' lang='lat' dir='ltr'>im-</span> 
     </span>
     <span class='ocr_line' id='line_1_19' title="bbox 264 1239 1730 1294; baseline 0.001 -15"><span class='ocrx_word' id='word_1_168' title='bbox 264 1241 459 1294; x_wconf 84' lang='lat' dir='ltr'>peratoris</span> <span class='ocrx_word' id='word_1_169' title='bbox 487 1241 802 1289; x_wconf 80' lang='lat' dir='ltr'>coronationem,</span> <span class='ocrx_word' id='word_1_170' title='bbox 832 1253 911 1290; x_wconf 90' lang='lat' dir='ltr'>quo</span> <span class='ocrx_word' id='word_1_171' title='bbox 940 1239 1147 1291; x_wconf 81' lang='lat' dir='ltr'>praecipue</span> <span class='ocrx_word' id='word_1_172' title='bbox 1173 1246 1350 1292; x_wconf 89' lang='lat' dir='ltr'>tempore</span> <span class='ocrx_word' id='word_1_173' title='bbox 1377 1241 1425 1279; x_wconf 85' lang='lat' dir='ltr'>de</span> <span class='ocrx_word' id='word_1_174' title='bbox 1450 1254 1496 1279; x_wconf 89' lang='lat' dir='ltr'>eo</span> <span class='ocrx_word' id='word_1_175' title='bbox 1513 1241 1672 1280; x_wconf 88' lang='lat' dir='ltr'>consilia</span> <span class='ocrx_word' id='word_1_176' title='bbox 1689 1248 1730 1280; x_wconf 84' lang='lat' dir='ltr'>et</span> 
     </span>
     <span class='ocr_line' id='line_1_20' title="bbox 266 1295 1729 1349; baseline 0.001 -13"><span class='ocrx_word' id='word_1_177' title='bbox 266 1299 398 1336; x_wconf 87' lang='lat' dir='ltr'>omina</span> <span class='ocrx_word' id='word_1_178' title='bbox 422 1296 550 1335; x_wconf 77' lang='lat' dir='ltr'>futuri</span> <span class='ocrx_word' id='word_1_179' title='bbox 569 1303 754 1348; x_wconf 82' lang='lat' dir='ltr'>eventus,</span> <span class='ocrx_word' id='word_1_180' title='bbox 784 1295 866 1335; x_wconf 84' lang='lat' dir='ltr'>non</span> <span class='ocrx_word' id='word_1_181' title='bbox 886 1296 968 1336; x_wconf 84' lang='lat' dir='ltr'>sine</span> <span class='ocrx_word' id='word_1_182' title='bbox 986 1296 1112 1334; x_wconf 87' lang='lat' dir='ltr'>multo</span> <span class='ocrx_word' id='word_1_183' title='bbox 1131 1296 1172 1334; x_wconf 90' lang='lat' dir='ltr'>in</span> <span class='ocrx_word' id='word_1_184' title='bbox 1191 1309 1344 1335; x_wconf 90' lang='lat' dir='ltr'>omnem</span> <span class='ocrx_word' id='word_1_185' title='bbox 1363 1303 1517 1349; x_wconf 86' lang='lat' dir='ltr'>partem</span> <span class='ocrx_word' id='word_1_186' title='bbox 1537 1311 1729 1349; x_wconf 83' lang='lat' dir='ltr'>sermone,</span> 
     </span>
     <span class='ocr_line' id='line_1_21' title="bbox 263 1354 1737 1407; baseline -0.001 -14"><span class='ocrx_word' id='word_1_187' title='bbox 263 1354 526 1407; x_wconf 76' lang='lat' dir='ltr'>agitabantur.</span> <span class='ocrx_word' id='word_1_188' title='bbox 1733 1381 1737 1385; x_wconf 85' lang='lat'><em>-</em></span> 
     </span>
     <span class='ocr_line' id='line_1_22' title="bbox 377 1407 1731 1462; baseline 0.001 -12"><span class='ocrx_word' id='word_1_189' title='bbox 377 1410 461 1450; x_wconf 80' lang='lat' dir='ltr'>Vn.</span> <span class='ocrx_word' id='word_1_190' title='bbox 517 1410 567 1450; x_wconf 83' lang='lat' dir='ltr'>Et</span> <span class='ocrx_word' id='word_1_191' title='bbox 590 1407 684 1448; x_wconf 86' lang='lat' dir='ltr'>hinc</span> <span class='ocrx_word' id='word_1_192' title='bbox 708 1415 819 1462; x_wconf 89' lang='lat' dir='ltr'>patet</span> <span class='ocrx_word' id='word_1_193' title='bbox 843 1408 1099 1460; x_wconf 84' lang='lat' dir='ltr'>quamobrem</span> <span class='ocrx_word' id='word_1_194' title='bbox 1119 1408 1377 1461; x_wconf 88' lang='lat' dir='ltr'>Pachymeres</span> <span class='ocrx_word' id='word_1_195' title='bbox 1394 1423 1477 1448; x_wconf 85' lang='lat' dir='ltr'>eam</span> <span class='ocrx_word' id='word_1_196' title='bbox 1493 1410 1666 1462; x_wconf 90' lang='lat' dir='ltr'>eclipsim</span> <span class='ocrx_word' id='word_1_197' title='bbox 1682 1416 1731 1452; x_wconf 83' lang='lat' dir='ltr'>ut</span> 
     </span>
     <span class='ocr_line' id='line_1_23' title="bbox 262 1465 1731 1520; baseline 0 -14"><span class='ocrx_word' id='word_1_198' title='bbox 262 1468 466 1507; x_wconf 81' lang='lat' dir='ltr'>funestum</span> <span class='ocrx_word' id='word_1_199' title='bbox 491 1467 645 1519; x_wconf 88' lang='lat' dir='ltr'>imperii</span> <span class='ocrx_word' id='word_1_200' title='bbox 671 1471 904 1518; x_wconf 88' lang='lat' dir='ltr'>portentum</span> <span class='ocrx_word' id='word_1_201' title='bbox 926 1466 1071 1518; x_wconf 85' lang='lat' dir='ltr'>inipso</span> <span class='ocrx_word' id='word_1_202' title='bbox 1102 1465 1236 1516; x_wconf 77' lang='lat' dir='ltr'>aditu,</span> <span class='ocrx_word' id='word_1_203' title='bbox 1265 1466 1308 1504; x_wconf 90' lang='lat' dir='ltr'>id</span> <span class='ocrx_word' id='word_1_204' title='bbox 1331 1476 1390 1505; x_wconf 89' lang='lat' dir='ltr'>est</span> <span class='ocrx_word' id='word_1_205' title='bbox 1417 1473 1530 1506; x_wconf 58' lang='lat' dir='ltr'>scita</span> <span class='ocrx_word' id='word_1_206' title='bbox 1553 1467 1615 1506; x_wconf 90' lang='lat' dir='ltr'>die</span> <span class='ocrx_word' id='word_1_207' title='bbox 1641 1473 1731 1520; x_wconf 87' lang='lat' dir='ltr'>post</span> 
     </span>
     <span class='ocr_line' id='line_1_24' title="bbox 264 1521 1733 1575; baseline 0.001 -13"><span class='ocrx_word' id='word_1_208' title='bbox 264 1524 466 1563; x_wconf 83' lang='lat' dir='ltr'>Theodori</span> <span class='ocrx_word' id='word_1_209' title='bbox 495 1523 810 1572; x_wconf 83' lang='lat' dir='ltr'>coronationem,</span> <span class='ocrx_word' id='word_1_210' title='bbox 839 1521 1165 1561; x_wconf 82' lang='lat' dir='ltr'>considerandam</span> <span class='ocrx_word' id='word_1_211' title='bbox 1188 1523 1364 1572; x_wconf 77' lang='lat' dir='ltr'>dederit,</span> <span class='ocrx_word' id='word_1_212' title='bbox 1393 1530 1440 1562; x_wconf 87' lang='lat' dir='ltr'>ut</span> <span class='ocrx_word' id='word_1_213' title='bbox 1461 1524 1572 1575; x_wconf 84' lang='lat' dir='ltr'>quasi</span> <span class='ocrx_word' id='word_1_214' title='bbox 1591 1537 1642 1562; x_wconf 83' lang='lat' dir='ltr'>ex</span> <span class='ocrx_word' id='word_1_215' title='bbox 1662 1525 1733 1563; x_wconf 84' lang='lat' dir='ltr'>fu·-</span> 
     </span>
     <span class='ocr_line' id='line_1_25' title="bbox 261 1575 1732 1632; baseline -0.001 -12"><span class='ocrx_word' id='word_1_216' title='bbox 261 1594 383 1620; x_wconf 82' lang='lat' dir='ltr'>nerea</span> <span class='ocrx_word' id='word_1_217' title='bbox 402 1581 485 1619; x_wconf 81' lang='lat' dir='ltr'>face</span> <span class='ocrx_word' id='word_1_218' title='bbox 513 1586 726 1632; x_wconf 86' lang='lat' dir='ltr'>praeeunte</span> <span class='ocrx_word' id='word_1_219' title='bbox 746 1587 828 1619; x_wconf 83' lang='lat' dir='ltr'>no&#39;n</span> <span class='ocrx_word' id='word_1_220' title='bbox 848 1579 1029 1618; x_wconf 83' lang='lat' dir='ltr'>diuturni</span> <span class='ocrx_word' id='word_1_221' title='bbox 1046 1578 1200 1632; x_wconf 88' lang='lat' dir='ltr'>imperii</span> <span class='ocrx_word' id='word_1_222' title='bbox 1219 1580 1318 1619; x_wconf 87' lang='lat' dir='ltr'>male</span> <span class='ocrx_word' id='word_1_223' title='bbox 1340 1580 1514 1619; x_wconf 84' lang='lat' dir='ltr'>ominosa</span> <span class='ocrx_word' id='word_1_224' title='bbox 1536 1575 1732 1632; x_wconf 83' lang='lat' dir='ltr'>significa-</span> 
     </span>
     <span class='ocr_line' id='line_1_26' title="bbox 263 1636 1732 1689; baseline 0 -13"><span class='ocrx_word' id='word_1_225' title='bbox 263 1638 322 1676; x_wconf 81' lang='lat' dir='ltr'>tio</span> <span class='ocrx_word' id='word_1_226' title='bbox 348 1643 577 1688; x_wconf 83' lang='lat' dir='ltr'>caperetur3</span> <span class='ocrx_word' id='word_1_227' title='bbox 608 1637 733 1688; x_wconf 89' lang='lat' dir='ltr'>qualis</span> <span class='ocrx_word' id='word_1_228' title='bbox 758 1636 1026 1688; x_wconf 88' lang='lat' dir='ltr'>augurationis</span> <span class='ocrx_word' id='word_1_229' title='bbox 1058 1641 1097 1673; x_wconf 89' lang='lat' dir='ltr'>et</span> <span class='ocrx_word' id='word_1_230' title='bbox 1127 1637 1352 1689; x_wconf 85' lang='lat' dir='ltr'>exemplum</span> <span class='ocrx_word' id='word_1_231' title='bbox 1378 1638 1420 1675; x_wconf 91' lang='lat' dir='ltr'>in</span> <span class='ocrx_word' id='word_1_232' title='bbox 1446 1638 1732 1676; x_wconf 81' lang='lat' dir='ltr'>vetustioribus</span> 
     </span>
     <span class='ocr_line' id='line_1_27' title="bbox 263 1691 1732 1744; baseline -0.002 -10"><span class='ocrx_word' id='word_1_233' title='bbox 263 1693 461 1733; x_wconf 84' lang='lat' dir='ltr'>historicis</span> <span class='ocrx_word' id='word_1_234' title='bbox 489 1693 747 1744; x_wconf 88' lang='lat' dir='ltr'>Pachymeres</span> <span class='ocrx_word' id='word_1_235' title='bbox 775 1707 857 1732; x_wconf 90' lang='lat' dir='ltr'>non</span> <span class='ocrx_word' id='word_1_236' title='bbox 883 1707 1009 1732; x_wconf 89' lang='lat' dir='ltr'>unum</span> <span class='ocrx_word' id='word_1_237' title='bbox 1035 1691 1199 1743; x_wconf 84' lang='lat' dir='ltr'>habuit,</span> <span class='ocrx_word' id='word_1_238' title='bbox 1235 1699 1274 1731; x_wconf 88' lang='lat' dir='ltr'>et</span> <span class='ocrx_word' id='word_1_239' title='bbox 1299 1693 1537 1733; x_wconf 88' lang='lat' dir='ltr'>recentiores</span> <span class='ocrx_word' id='word_1_240' title='bbox 1573 1706 1732 1744; x_wconf 89' lang='lat' dir='ltr'>quoque</span> 
     </span>
     <span class='ocr_line' id='line_1_28' title="bbox 263 1749 1732 1798; baseline -0.001 -9"><span class='ocrx_word' id='word_1_241' title='bbox 263 1751 369 1790; x_wconf 83' lang='lat' dir='ltr'>idem</span> <span class='ocrx_word' id='word_1_242' title='bbox 399 1750 579 1790; x_wconf 83' lang='lat' dir='ltr'>videmus</span> <span class='ocrx_word' id='word_1_243' title='bbox 614 1750 835 1788; x_wconf 76' lang='lat' dir='ltr'>imitatione</span> <span class='ocrx_word' id='word_1_244' title='bbox 868 1749 1100 1798; x_wconf 88' lang='lat' dir='ltr'>celebrasse,</span> <span class='ocrx_word' id='word_1_245' title='bbox 1132 1749 1267 1789; x_wconf 89' lang='lat' dir='ltr'>saltem</span> <span class='ocrx_word' id='word_1_246' title='bbox 1287 1750 1382 1789; x_wconf 83' lang='lat' dir='ltr'>dum</span> <span class='ocrx_word' id='word_1_247' title='bbox 1407 1764 1457 1788; x_wconf 83' lang='lat' dir='ltr'>ex</span> <span class='ocrx_word' id='word_1_248' title='bbox 1477 1750 1606 1789; x_wconf 88' lang='lat' dir='ltr'>officio</span> <span class='ocrx_word' id='word_1_249' title='bbox 1625 1751 1732 1790; x_wconf 84' lang='lat' dir='ltr'>refe—</span> 
     </span>
     <span class='ocr_line' id='line_1_29' title="bbox 263 1806 1730 1859; baseline -0.001 -13"><span class='ocrx_word' id='word_1_250' title='bbox 263 1814 363 1846; x_wconf 86' lang='lat' dir='ltr'>runt</span> <span class='ocrx_word' id='word_1_251' title='bbox 395 1806 540 1845; x_wconf 88' lang='lat' dir='ltr'>iudicia</span> <span class='ocrx_word' id='word_1_252' title='bbox 571 1807 679 1857; x_wconf 84' lang='lat' dir='ltr'>vulgi</span> <span class='ocrx_word' id='word_1_253' title='bbox 709 1806 986 1846; x_wconf 70' lang='lat' dir='ltr'>hominumin</span> <span class='ocrx_word' id='word_1_254' title='bbox 1017 1806 1114 1844; x_wconf 87' lang='lat' dir='ltr'>tales</span> <span class='ocrx_word' id='word_1_255' title='bbox 1152 1807 1233 1846; x_wconf 89' lang='lat' dir='ltr'>sere</span> <span class='ocrx_word' id='word_1_256' title='bbox 1268 1808 1567 1859; x_wconf 82' lang='lat' dir='ltr'>praesagitiones</span> <span class='ocrx_word' id='word_1_257' title='bbox 1601 1808 1730 1859; x_wconf 89' lang='lat' dir='ltr'>proni,</span> 
     </span>
     <span class='ocr_line' id='line_1_30' title="bbox 265 1863 1733 1917; baseline 0 -15"><span class='ocrx_word' id='word_1_258' title='bbox 265 1863 421 1914; x_wconf 82' lang='lat' dir='ltr'>quoties</span> <span class='ocrx_word' id='word_1_259' title='bbox 444 1863 555 1902; x_wconf 86' lang='lat' dir='ltr'>istius</span> <span class='ocrx_word' id='word_1_260' title='bbox 581 1863 734 1914; x_wconf 86' lang='lat' dir='ltr'>generis</span> <span class='ocrx_word' id='word_1_261' title='bbox 756 1863 936 1902; x_wconf 87' lang='lat' dir='ltr'>coelestia</span> <span class='ocrx_word' id='word_1_262' title='bbox 954 1868 1142 1915; x_wconf 87' lang='lat' dir='ltr'>portenta</span> <span class='ocrx_word' id='word_1_263' title='bbox 1158 1864 1232 1902; x_wconf 86' lang='lat' dir='ltr'>sub</span> <span class='ocrx_word' id='word_1_264' title='bbox 1249 1864 1542 1917; x_wconf 87' lang='lat' dir='ltr'>principatuum</span> <span class='ocrx_word' id='word_1_265' title='bbox 1561 1863 1733 1916; x_wconf 82' lang='lat' dir='ltr'>auspicia</span> 
     </span>
     <span class='ocr_line' id='line_1_31' title="bbox 264 1921 490 1959; baseline -0.009 0"><span class='ocrx_word' id='word_1_266' title='bbox 264 1921 490 1959; x_wconf 85' lang='lat' dir='ltr'>incurrunt.</span> 
     </span>
     <span class='ocr_line' id='line_1_32' title="bbox 378 1974 1732 2028; baseline 0 -14"><span class='ocrx_word' id='word_1_267' title='bbox 378 1976 439 2014; x_wconf 84' lang='lat' dir='ltr'>Ex</span> <span class='ocrx_word' id='word_1_268' title='bbox 467 1975 547 2014; x_wconf 89' lang='lat' dir='ltr'>hoc</span> <span class='ocrx_word' id='word_1_269' title='bbox 575 1979 669 2013; x_wconf 84' lang='lat' dir='ltr'>sunt</span> <span class='ocrx_word' id='word_1_270' title='bbox 699 1987 839 2026; x_wconf 86' lang='lat' dir='ltr'>genere</span> <span class='ocrx_word' id='word_1_271' title='bbox 874 1987 975 2026; x_wconf 83' lang='lat' dir='ltr'>quae</span> <span class='ocrx_word' id='word_1_272' title='bbox 999 1974 1108 2028; x_wconf 85' lang='lat' dir='ltr'>apud</span> <span class='ocrx_word' id='word_1_273' title='bbox 1137 1974 1280 2014; x_wconf 89' lang='lat' dir='ltr'>Iulium</span> <span class='ocrx_word' id='word_1_274' title='bbox 1309 1976 1546 2028; x_wconf 89' lang='lat' dir='ltr'>Capitolium</span> <span class='ocrx_word' id='word_1_275' title='bbox 1564 1976 1607 2015; x_wconf 89' lang='lat' dir='ltr'>in</span> <span class='ocrx_word' id='word_1_276' title='bbox 1626 1976 1732 2014; x_wconf 77' lang='lat' dir='ltr'>Gor-</span> 
     </span>
     <span class='ocr_line' id='line_1_33' title="bbox 269 2031 1732 2084; baseline 0.001 -14"><span class='ocrx_word' id='word_1_277' title='bbox 269 2032 388 2071; x_wconf 82' lang='lat' dir='ltr'>diano</span> <span class='ocrx_word' id='word_1_278' title='bbox 417 2032 551 2070; x_wconf 89' lang='lat' dir='ltr'>Tertio</span> <span class='ocrx_word' id='word_1_279' title='bbox 580 2031 779 2082; x_wconf 86' lang='lat' dir='ltr'>leguntur.</span> <span class='ocrx_word' id='word_1_280' title='bbox 835 2031 906 2070; x_wconf 88' lang='lat' dir='ltr'>ubi</span> <span class='ocrx_word' id='word_1_281' title='bbox 933 2032 1037 2071; x_wconf 89' lang='lat' dir='ltr'>enim</span> <span class='ocrx_word' id='word_1_282' title='bbox 1059 2031 1168 2070; x_wconf 91' lang='lat' dir='ltr'>hunc</span> <span class='ocrx_word' id='word_1_283' title='bbox 1193 2032 1361 2084; x_wconf 87' lang='lat' dir='ltr'>coepisse</span> <span class='ocrx_word' id='word_1_284' title='bbox 1382 2033 1575 2084; x_wconf 88' lang='lat' dir='ltr'>imperare</span> <span class='ocrx_word' id='word_1_285' title='bbox 1591 2033 1732 2071; x_wconf 87' lang='lat' dir='ltr'>retulit</span> 
     </span>
     <span class='ocr_line' id='line_1_34' title="bbox 267 2087 1733 2141; baseline -0.001 -13"><span class='ocrx_word' id='word_1_286' title='bbox 267 2089 502 2138; x_wconf 84' lang='lat' dir='ltr'>historicus,</span> <span class='ocrx_word' id='word_1_287' title='bbox 541 2088 675 2127; x_wconf 86' lang='lat' dir='ltr'>statim</span> <span class='ocrx_word' id='word_1_288' title='bbox 712 2087 916 2139; x_wconf 82' lang='lat' dir='ltr'>adiungit:</span> <span class='ocrx_word' id='word_1_289' title='bbox 954 2087 1027 2126; x_wconf 69' lang='lat' dir='ltr'>sed</span> <span class='ocrx_word' id='word_1_290' title='bbox 1051 2087 1252 2126; x_wconf 83' lang='lat' dir='ltr'>indicium</span> <span class='ocrx_word' id='word_1_291' title='bbox 1277 2103 1356 2127; x_wconf 88' lang='lat' dir='ltr'>non</span> <span class='ocrx_word' id='word_1_292' title='bbox 1390 2088 1463 2127; x_wconf 84' lang='lat' dir='ltr'>diu</span> <span class='ocrx_word' id='word_1_293' title='bbox 1493 2090 1733 2141; x_wconf 74' lang='lat' dir='ltr'>imperaturi</span> 
     </span>
     <span class='ocr_line' id='line_1_35' title="bbox 273 2144 1732 2198; baseline 0 -14"><span class='ocrx_word' id='word_1_294' title='bbox 273 2145 479 2185; x_wconf 84' lang='lat' dir='ltr'>Gordiani</span> <span class='ocrx_word' id='word_1_295' title='bbox 495 2144 675 2195; x_wconf 76' lang='lat' dir='ltr'>lzocfuit</span> <span class='ocrx_word' id='word_1_296' title='bbox 687 2175 699 2195; x_wconf 88' lang='lat'>,</span> <span class='ocrx_word' id='word_1_297' title='bbox 729 2144 840 2197; x_wconf 84' lang='lat' dir='ltr'>quod</span> <span class='ocrx_word' id='word_1_298' title='bbox 855 2145 1014 2197; x_wconf 76' lang='lat' dir='ltr'>eclipsis·</span> <span class='ocrx_word' id='word_1_299' title='bbox 1032 2146 1132 2183; x_wconf 71' lang='lat' dir='ltr'>solis</span> <span class='ocrx_word' id='word_1_300' title='bbox 1142 2146 1268 2198; x_wconf 83' lang='lat' dir='ltr'>sacta</span> <span class='ocrx_word' id='word_1_301' title='bbox 1285 2153 1364 2195; x_wconf 79' lang='lat' dir='ltr'>est,</span> <span class='ocrx_word' id='word_1_302' title='bbox 1394 2153 1440 2184; x_wconf 79' lang='lat' dir='ltr'>ut</span> <span class='ocrx_word' id='word_1_303' title='bbox 1462 2160 1542 2184; x_wconf 85' lang='lat' dir='ltr'>nox</span> <span class='ocrx_word' id='word_1_304' title='bbox 1559 2146 1732 2184; x_wconf 82' lang='lat' dir='ltr'>credere-</span> 
     </span>
     <span class='ocr_line' id='line_1_36' title="bbox 268 2200 1732 2254; baseline 0 -14"><span class='ocrx_word' id='word_1_305' title='bbox 268 2210 336 2240; x_wconf 79' lang='lat' dir='ltr'>tur</span> <span class='ocrx_word' id='word_1_306' title='bbox 352 2217 477 2254; x_wconf 84' lang='lat' dir='ltr'>neque</span> <span class='ocrx_word' id='word_1_307' title='bbox 495 2203 581 2239; x_wconf 75' lang='lat' dir='ltr'>sine</span> <span class='ocrx_word' id='word_1_308' title='bbox 597 2201 825 2239; x_wconf 73' lang='lat' dir='ltr'>luminibus</span> <span class='ocrx_word' id='word_1_309' title='bbox 843 2203 1022 2240; x_wconf 73' lang='lat' dir='ltr'>accensis</span> <span class='ocrx_word' id='word_1_310' title='bbox 1040 2200 1266 2253; x_wconf 74' lang='lat' dir='ltr'>quidquam</span> <span class='ocrx_word' id='word_1_311' title='bbox 1286 2204 1361 2253; x_wconf 79' lang='lat' dir='ltr'>agi</span> <span class='ocrx_word' id='word_1_312' title='bbox 1371 2210 1522 2254; x_wconf 76' lang='lat' dir='ltr'>pos-set.</span> <span class='ocrx_word' id='word_1_313' title='bbox 1577 2202 1635 2253; x_wconf 79' lang='lat' dir='ltr'>ita</span> <span class='ocrx_word' id='word_1_314' title='bbox 1654 2202 1732 2251; x_wconf 87' lang='lat' dir='ltr'>ille,</span> 
     </span>
     <span class='ocr_line' id='line_1_37' title="bbox 267 2257 1732 2310; baseline 0.001 -13"><span class='ocrx_word' id='word_1_315' title='bbox 267 2259 358 2297; x_wconf 88' lang='lat' dir='ltr'>solis</span> <span class='ocrx_word' id='word_1_316' title='bbox 377 2259 635 2297; x_wconf 86' lang='lat' dir='ltr'>defectionem</span> <span class='ocrx_word' id='word_1_317' title='bbox 654 2257 821 2296; x_wconf 88' lang='lat' dir='ltr'>innuens</span> <span class='ocrx_word' id='word_1_318' title='bbox 838 2271 939 2309; x_wconf 86' lang='lat' dir='ltr'>quae</span> <span class='ocrx_word' id='word_1_319' title='bbox 955 2271 1059 2296; x_wconf 89' lang='lat' dir='ltr'>anno</span> <span class='ocrx_word' id='word_1_320' title='bbox 1077 2257 1224 2297; x_wconf 86' lang='lat' dir='ltr'>Christi</span> <span class='ocrx_word' id='word_1_321' title='bbox 1241 2262 1343 2307; x_wconf 81' lang='lat'>237,</span> <span class='ocrx_word' id='word_1_322' title='bbox 1382 2262 1433 2300; x_wconf 83' lang='lat'>12</span> <span class='ocrx_word' id='word_1_323' title='bbox 1451 2258 1593 2310; x_wconf 89' lang='lat' dir='ltr'>Aprilis</span> <span class='ocrx_word' id='word_1_324' title='bbox 1605 2288 1616 2308; x_wconf 90' lang='lat'>,</span> <span class='ocrx_word' id='word_1_325' title='bbox 1645 2259 1732 2298; x_wconf 80' lang='lat' dir='ltr'>Ro-·.</span> 
     </span>
     <span class='ocr_line' id='line_1_38' title="bbox 267 2314 1734 2367; baseline -0.001 -13"><span class='ocrx_word' id='word_1_326' title='bbox 267 2328 355 2354; x_wconf 87' lang='lat' dir='ltr'>mae</span> <span class='ocrx_word' id='word_1_327' title='bbox 377 2316 462 2354; x_wconf 87' lang='lat' dir='ltr'>visa</span> <span class='ocrx_word' id='word_1_328' title='bbox 485 2314 682 2365; x_wconf 78' lang='lat' dir='ltr'>hodieque</span> <span class='ocrx_word' id='word_1_329' title='bbox 704 2327 755 2352; x_wconf 78' lang='lat' dir='ltr'>ex</span> <span class='ocrx_word' id='word_1_330' title='bbox 772 2315 919 2354; x_wconf 84' lang='lat' dir='ltr'>tabulis</span> <span class='ocrx_word' id='word_1_331' title='bbox 942 2314 1262 2367; x_wconf 86' lang='lat' dir='ltr'>deprehenditur.</span> <span class='ocrx_word' id='word_1_332' title='bbox 1319 2317 1463 2353; x_wconf 77' lang='lat' dir='ltr'>Sextus</span> <span class='ocrx_word' id='word_1_333' title='bbox 1485 2316 1582 2353; x_wconf 86' lang='lat' dir='ltr'>item</span> <span class='ocrx_word' id='word_1_334' title='bbox 1602 2314 1734 2354; x_wconf 89' lang='lat' dir='ltr'>Aure-</span> 
     </span>
     <span class='ocr_line' id='line_1_39' title="bbox 266 2371 1732 2422; baseline 0.001 -13"><span class='ocrx_word' id='word_1_335' title='bbox 266 2372 343 2410; x_wconf 90' lang='lat' dir='ltr'>lius</span> <span class='ocrx_word' id='word_1_336' title='bbox 369 2372 504 2410; x_wconf 86' lang='lat' dir='ltr'>Victor</span> <span class='ocrx_word' id='word_1_337' title='bbox 529 2385 634 2410; x_wconf 85' lang='lat' dir='ltr'>anno</span> <span class='ocrx_word' id='word_1_338' title='bbox 653 2384 694 2409; x_wconf 92' lang='lat' dir='ltr'>u.</span> <span class='ocrx_word' id='word_1_339' title='bbox 715 2384 747 2410; x_wconf 92' lang='lat' dir='ltr'>c.</span> <span class='ocrx_word' id='word_1_340' title='bbox 774 2374 904 2420; x_wconf 81' lang='lat'>1062,</span> <span class='ocrx_word' id='word_1_341' title='bbox 933 2385 1024 2410; x_wconf 89' lang='lat' dir='ltr'>cum</span> <span class='ocrx_word' id='word_1_342' title='bbox 1044 2378 1245 2410; x_wconf 86' lang='lat' dir='ltr'>narrasset</span> <span class='ocrx_word' id='word_1_343' title='bbox 1264 2385 1396 2422; x_wconf 89' lang='lat' dir='ltr'>pacem</span> <span class='ocrx_word' id='word_1_344' title='bbox 1412 2372 1516 2410; x_wconf 88' lang='lat' dir='ltr'>inter</span> <span class='ocrx_word' id='word_1_345' title='bbox 1535 2371 1732 2422; x_wconf 85' lang='lat' dir='ltr'>Augustos</span> 
     </span>
     <span class='ocr_line' id='line_1_40' title="bbox 266 2427 1732 2480; baseline -0.001 -14"><span class='ocrx_word' id='word_1_346' title='bbox 266 2429 571 2467; x_wconf 87' lang='lat' dir='ltr'>Constantinum</span> <span class='ocrx_word' id='word_1_347' title='bbox 595 2433 636 2466; x_wconf 91' lang='lat' dir='ltr'>et</span> <span class='ocrx_word' id='word_1_348' title='bbox 657 2427 849 2470; x_wconf 87' lang='lat' dir='ltr'>Licinium</span> <span class='ocrx_word' id='word_1_349' title='bbox 874 2429 1038 2477; x_wconf 83' lang='lat' dir='ltr'>factam,</span> <span class='ocrx_word' id='word_1_350' title='bbox 1069 2428 1228 2466; x_wconf 87' lang='lat' dir='ltr'>adscitis</span> <span class='ocrx_word' id='word_1_351' title='bbox 1250 2428 1291 2466; x_wconf 89' lang='lat' dir='ltr'>in</span> <span class='ocrx_word' id='word_1_352' title='bbox 1320 2429 1560 2466; x_wconf 80' lang='lat' dir='ltr'>consortium</span> <span class='ocrx_word' id='word_1_353' title='bbox 1578 2427 1732 2480; x_wconf 87' lang='lat' dir='ltr'>imperii</span> 
     </span>
     <span class='ocr_line' id='line_1_41' title="bbox 267 2483 1731 2536; baseline -0.001 -14"><span class='ocrx_word' id='word_1_354' title='bbox 267 2486 478 2523; x_wconf 86' lang='lat' dir='ltr'>Caesarum</span> <span class='ocrx_word' id='word_1_355' title='bbox 514 2485 673 2523; x_wconf 90' lang='lat' dir='ltr'>nomine</span> <span class='ocrx_word' id='word_1_356' title='bbox 709 2485 915 2535; x_wconf 85' lang='lat' dir='ltr'>utriusque</span> <span class='ocrx_word' id='word_1_357' title='bbox 951 2485 1084 2523; x_wconf 86' lang='lat' dir='ltr'>liberis</span> <span class='ocrx_word' id='word_1_358' title='bbox 1114 2485 1251 2536; x_wconf 83' lang='lat' dir='ltr'>Crispo</span> <span class='ocrx_word' id='word_1_359' title='bbox 1293 2491 1334 2523; x_wconf 89' lang='lat' dir='ltr'>et</span> <span class='ocrx_word' id='word_1_360' title='bbox 1360 2485 1615 2523; x_wconf 81' lang='lat' dir='ltr'>Constantino</span> <span class='ocrx_word' id='word_1_361' title='bbox 1642 2483 1731 2522; x_wconf 82' lang='lat' dir='ltr'>filiis</span> 
     </span>
     <span class='ocr_line' id='line_1_42' title="bbox 268 2540 1732 2593; baseline -0.003 -13"><span class='ocrx_word' id='word_1_362' title='bbox 268 2540 517 2589; x_wconf 84' lang='lat' dir='ltr'>Constantini</span> <span class='ocrx_word' id='word_1_363' title='bbox 533 2546 573 2578; x_wconf 90' lang='lat' dir='ltr'>et</span> <span class='ocrx_word' id='word_1_364' title='bbox 589 2541 786 2580; x_wconf 88' lang='lat' dir='ltr'>Liciniano</span> <span class='ocrx_word' id='word_1_365' title='bbox 805 2541 887 2579; x_wconf 82' lang='lat' dir='ltr'>filio</span> <span class='ocrx_word' id='word_1_366' title='bbox 906 2541 1064 2590; x_wconf 91' lang='lat' dir='ltr'>Licinii,</span> <span class='ocrx_word' id='word_1_367' title='bbox 1093 2541 1290 2593; x_wconf 80' lang='lat' dir='ltr'>adiungit:</span> <span class='ocrx_word' id='word_1_368' title='bbox 1321 2540 1433 2593; x_wconf 78' lang='lat' dir='ltr'>quod</span> <span class='ocrx_word' id='word_1_369' title='bbox 1459 2540 1640 2593; x_wconf 79' lang='lat' dir='ltr'>equidem</span> <span class='ocrx_word' id='word_1_370' title='bbox 1663 2541 1732 2579; x_wconf 74' lang='lat' dir='ltr'>vix</span> 
     </span>
     <span class='ocr_line' id='line_1_43' title="bbox 269 2597 1731 2650; baseline -0.003 -14"><span class='ocrx_word' id='word_1_371' title='bbox 269 2597 516 2636; x_wconf 74' lang='lat' dir='ltr'>diuturnum</span> <span class='ocrx_word' id='word_1_372' title='bbox 541 2611 662 2649; x_wconf 80' lang='lat' dir='ltr'>neque</span> <span class='ocrx_word' id='word_1_373' title='bbox 688 2597 754 2634; x_wconf 74' lang='lat' dir='ltr'>liis·</span> <span class='ocrx_word' id='word_1_374' title='bbox 780 2599 852 2650; x_wconf 83' lang='lat' dir='ltr'>qui</span> <span class='ocrx_word' id='word_1_375' title='bbox 873 2597 1185 2636; x_wconf 73' lang='lat' dir='ltr'>assumebantur</span> <span class='ocrx_word' id='word_1_376' title='bbox 1187 2599 1300 2649; x_wconf 81' lang='lat' dir='ltr'>felix</span> <span class='ocrx_word' id='word_1_377' title='bbox 1308 2600 1430 2647; x_wconf 84' lang='lat' dir='ltr'>fore,</span> <span class='ocrx_word' id='word_1_378' title='bbox 1460 2597 1619 2648; x_wconf 68' lang='lat' dir='ltr'>defectu</span> <span class='ocrx_word' id='word_1_379' title='bbox 1632 2597 1731 2633; x_wconf 67' lang='lat' dir='ltr'>solis</span> 
     </span>
     <span class='ocr_line' id='line_1_44' title="bbox 257 2651 1731 2707; baseline -0.002 -15"><span class='ocrx_word' id='word_1_380' title='bbox 257 2653 429 2707; x_wconf 86' lang='lat' dir='ltr'>foedato</span> <span class='ocrx_word' id='word_1_381' title='bbox 446 2651 589 2691; x_wconf 75' lang='lat' dir='ltr'>iisdem</span> <span class='ocrx_word' id='word_1_382' title='bbox 604 2653 806 2691; x_wconf 68' lang='lat' dir='ltr'>mensibus</span> <span class='ocrx_word' id='word_1_383' title='bbox 823 2653 888 2692; x_wconf 85' lang='lat' dir='ltr'>die</span> <span class='ocrx_word' id='word_1_384' title='bbox 896 2655 1165 2707; x_wconf 73' lang='lat' dir='ltr'>patefactum.</span> <span class='ocrx_word' id='word_1_385' title='bbox 1223 2655 1382 2706; x_wconf 81' lang='lat' dir='ltr'>contigit</span> <span class='ocrx_word' id='word_1_386' title='bbox 1397 2667 1442 2692; x_wconf 91' lang='lat' dir='ltr'>ea</span> <span class='ocrx_word' id='word_1_387' title='bbox 1459 2653 1608 2705; x_wconf 86' lang='lat' dir='ltr'>eclipsis</span> <span class='ocrx_word' id='word_1_388' title='bbox 1626 2665 1731 2690; x_wconf 86' lang='lat' dir='ltr'>anno</span> 
     </span>
     <span class='ocr_line' id='line_1_45' title="bbox 269 2709 1737 2761; baseline -0.001 -13"><span class='ocrx_word' id='word_1_389' title='bbox 269 2710 416 2749; x_wconf 87' lang='lat' dir='ltr'>Christi</span> <span class='ocrx_word' id='word_1_390' title='bbox 442 2713 542 2759; x_wconf 84' lang='lat'>317,</span> <span class='ocrx_word' id='word_1_391' title='bbox 571 2712 626 2751; x_wconf 79' lang='lat'>20</span> <span class='ocrx_word' id='word_1_392' title='bbox 655 2709 888 2750; x_wconf 88' lang='lat' dir='ltr'>Decembris.</span> <span class='ocrx_word' id='word_1_393' title='bbox 945 2711 1002 2750; x_wconf 90' lang='lat' dir='ltr'>ita</span> <span class='ocrx_word' id='word_1_394' title='bbox 1021 2711 1139 2750; x_wconf 87' lang='lat' dir='ltr'>etiam</span> <span class='ocrx_word' id='word_1_395' title='bbox 1158 2724 1241 2750; x_wconf 90' lang='lat' dir='ltr'>non</span> <span class='ocrx_word' id='word_1_396' title='bbox 1264 2711 1319 2749; x_wconf 91' lang='lat' dir='ltr'>ita</span> <span class='ocrx_word' id='word_1_397' title='bbox 1338 2711 1463 2750; x_wconf 88' lang='lat' dir='ltr'>veteri</span> <span class='ocrx_word' id='word_1_398' title='bbox 1477 2715 1638 2761; x_wconf 88' lang='lat' dir='ltr'>patrum</span> <span class='ocrx_word' id='word_1_399' title='bbox 1659 2721 1737 2746; x_wconf 90' lang='lat' dir='ltr'>no-</span> 
     </span>
     <span class='ocr_line' id='line_1_46' title="bbox 270 2765 1736 2818; baseline -0.001 -14"><span class='ocrx_word' id='word_1_400' title='bbox 270 2773 445 2805; x_wconf 87' lang='lat' dir='ltr'>strorum</span> <span class='ocrx_word' id='word_1_401' title='bbox 474 2765 660 2804; x_wconf 87' lang='lat' dir='ltr'>memoria</span> <span class='ocrx_word' id='word_1_402' title='bbox 702 2765 915 2805; x_wconf 87' lang='lat' dir='ltr'>observant</span> <span class='ocrx_word' id='word_1_403' title='bbox 949 2767 1139 2806; x_wconf 83' lang='lat' dir='ltr'>historiae</span> <span class='ocrx_word' id='word_1_404' title='bbox 1175 2767 1346 2806; x_wconf 85' lang='lat' dir='ltr'>Gallicae</span> <span class='ocrx_word' id='word_1_405' title='bbox 1382 2766 1592 2818; x_wconf 86' lang='lat' dir='ltr'>scriptores</span> <span class='ocrx_word' id='word_1_406' title='bbox 1629 2777 1736 2803; x_wconf 86' lang='lat' dir='ltr'>anno</span> 
     </span>
     <span class='ocr_line' id='line_1_47' title="bbox 270 2821 1734 2874; baseline -0.001 -12"><span class='ocrx_word' id='word_1_407' title='bbox 270 2822 416 2863; x_wconf 87' lang='lat' dir='ltr'>Christi</span> <span class='ocrx_word' id='word_1_408' title='bbox 439 2821 561 2874; x_wconf 81' lang='lat'>1544,</span> <span class='ocrx_word' id='word_1_409' title='bbox 589 2834 668 2873; x_wconf 87' lang='lat' dir='ltr'>quo</span> <span class='ocrx_word' id='word_1_410' title='bbox 693 2828 810 2861; x_wconf 86' lang='lat' dir='ltr'>natus</span> <span class='ocrx_word' id='word_1_411' title='bbox 825 2828 886 2862; x_wconf 87' lang='lat' dir='ltr'>est</span> <span class='ocrx_word' id='word_1_412' title='bbox 901 2823 1133 2864; x_wconf 85' lang='lat' dir='ltr'>Franciscus</span> <span class='ocrx_word' id='word_1_413' title='bbox 1153 2824 1357 2863; x_wconf 85' lang='lat' dir='ltr'>Secundus</span> <span class='ocrx_word' id='word_1_414' title='bbox 1373 2823 1559 2874; x_wconf 83' lang='lat' dir='ltr'>Valesius,</span> <span class='ocrx_word' id='word_1_415' title='bbox 1589 2827 1734 2874; x_wconf 85' lang='lat' dir='ltr'>quarto</span> 
     </span>
    </p>
   </div>
  </div>
 </body>
</html>
