1884 3262
263 216 362 266 724
659 214 973 259 OBSERVAT.
1006 215 1322 261 PAGHYMER.

261 330 346 369 lent
377 324 575 378 gaudendi
605 323 846 376 dolendique
871 323 1058 376 ignorare
1087 323 1313 364 discrimen.
1368 323 1469 365 haec
1488 325 1586 365 mihi
1608 334 1736 366 causa.

262 383 456 447 opinandi¹
484 380 544 421 est
569 394 714 434 parum
743 387 881 420 exacte
899 381 1101 434 proditam
1132 395 1153 419 a
1173 380 1414 433 Pachymere
1432 382 1590 422 Ioannis
1611 382 1727 435 pueri

261 447 427 480 aetatem
444 439 487 477 in
508 438 634 490 patris
652 443 791 476 morte.
847 439 1060 490 potiusque
1087 438 1283 477 assentior
1312 438 1480 489 Georgio
1508 438 1746 495 Acropoli-—h

259 505 347 546 tae,
378 496 446 548 qui
465 509 497 537 c.
518 496 572 538 75
591 508 685 533 suae
703 494 915 545 Histmiae,
942 495 1069 534 relata
1086 501 1213 533 morte
1233 493 1447 543 Theodori,
1478 494 1527 534 de
1544 494 1622 535 hoc
1642 496 1725 534 eius

258 554 345 593 filio
379 553 436 592 sic
458 552 619 591 scribit.
660 568 681 592 o
705 549 778 604 μὲν
803 548 895 601 υἷός
920 554 996 593 τοῦ
1023 550 1216 604 βασιλέως
1247 547 1459 606 Θεοδωρου
1491 550 1516 592 ό
1540 547 1727 604 Ἰωάννης

258 606 370 651 πάνυ
398 605 550 662 ἀφῆλιξ
580 604 791 677 ἐτύγχανεν
825 622 883 649 ων
908 607 951 648 ἐν
976 611 1031 663 τῷ
1058 624 1183 663 καιρω
1218 611 1291 660 τῆς
1317 610 1522 676 τελευτῆς
1519 610 1591 648 τοῦ
1592 609 1727 674 βασι-

257 666 356 714 λέως
375 665 443 706 καὶ
470 662 635 718 πατρός·
667 662 783 705 ου’πω
808 662 883 719 γάρ
908 666 1067 706 τελείων
1088 665 1283 706 ἐνιαυτῶν
1309 663 1488 718 υπῆρχεν
1503 660 1617 706 ὀκτώ.
1675 679 1726 702 ac

247 724 372 775 filiu-5·
391 721 552 775 quidem
568 724 694 774 impe]
696 723 825 760 niori-5·
850 721 1040 763 Theodori
1057 722 1227 760 Ioannes
1243 720 1361 760 valde
1375 724 1573 759 immatur
1574 722 1736 772 aefuitf

257 782 419 830 aetatis,
451 778 615 832 quando
631 781 848 830 imperator
865 781 951 815 eius
961 785 1082 830 paler
1097 786 1153 816 est
1168 785 1379 816 mortuus.-
1405 792 1560 816 annum
1581 779 1726 830 quippe

255 836 439 875 nondam
473 844 662 874 oet-avum
698 836 943 887 impleverat.
991 835 1045 874 ita
1072 835 1155 876 ille.
1211 832 1291 873 hoc
1312 834 1472 874 omnino
1493 834 1724 877 tenendum.

256 900 408 932 certum
445 907 566 944 porro
595 898 654 930 est
680 898 770 930 ante
794 898 995 943 receptam
1034 891 1420 945 Constantinopolim
1448 897 1487 929 et
1510 892 1737 930 solemnem?

253 949 460 990 Michaelis
481 948 703 999 Palaeologi
723 948 891 999 Augusti
907 949 950 986 in
969 962 1053 987 eam
1074 948 1319 1000 ingressum,
1349 948 1419 1001 qui
1449 946 1514 987 die
1533 947 1585 991 15
1605 961 1724 987 men-

254 1007 309 1045 sis
330 1007 498 1057 Augusti
524 1019 628 1044 anno
649 1008 753 1048 1261
777 1011 962 1056 peractus
981 1011 1060 1053 est,
1089 1019 1171 1044 non
1201 1005 1323 1044 fuisse
1343 1019 1514 1058 puerum
1532 1005 1723 1044 Ioannem

254 1068 523 1102 excaecatum.
581 1062 706 1100 multa
729 1061 834 1100 enim
863 1075 964 1113 quae
983 1061 1245 1113 Pachymeres
1265 1076 1288 1100 a
1311 1076 1346 1101 c.
1366 1065 1419 1104 33
1445 1061 1472 1100 l.
1493 1064 1521 1103 2
1538 1061 1588 1100 ad
1605 1061 1675 1103 91.
1695 1063 1722 1103 3

253 1125 470 1167 memorat,
503 1118 664 1156 omnino
687 1124 778 1169 post
799 1124 955 1170 captam
975 1118 1111 1156 urbem
1132 1125 1172 1157 et
1191 1124 1281 1157 ante
1314 1118 1504 1157 Ioannem
1525 1131 1722 1156 excaeca-

251 1182 341 1213 tum
370 1176 579 1226 contigisse
608 1174 803 1225 oportuit.
860 1173 951 1225 quia
977 1188 1072 1214 vero
1101 1188 1176 1213 nec
1201 1188 1368 1213 numero
1397 1187 1472 1212 nec
1495 1187 1634 1224 genere
1651 1174 1721 1212 illa

249 1232 345 1270 talia
367 1237 461 1269 sunt
482 1238 528 1269 ut
551 1230 677 1268 maius
695 1229 974 1282 quadrimestri
995 1230 1168 1281 spatium
1188 1231 1342 1281 exigere
1361 1230 1584 1279 videantur,
1604 1230 1721 1281 plane

251 1301 391 1326 censeo
412 1287 534 1326 huius
555 1287 729 1324 eiusdem
741 1286 836 1324 anni
853 1289 958 1329 1261
983 1286 1047 1325 die
1065 1293 1206 1326 octavo
1226 1286 1304 1325 kal.
1326 1286 1544 1336 Ianuarias,
1570 1286 1735 1339 Christis

250 1358 417 1396 nempe,
456 1350 505 1382 ut
533 1343 794 1396 Pachymeres
814 1342 959 1392 tradit,
999 1343 1150 1394 natali,
1186 1343 1295 1382 iussu
1318 1342 1486 1382 barbaro
1512 1343 1660 1382 tutoris
1677 1348 1719 1383 et

249 1402 423 1452 collegae
450 1400 654 1440 Michaelis
683 1399 905 1449 Palaeologi
933 1400 1122 1439 Ioannem
1155 1399 1377 1452 Augustum
1407 1413 1574 1453 puerum
1593 1399 1717 1452 paulo

249 1458 438 1496 maiorem
462 1457 636 1496 novenni
655 1456 776 1495 fuisse
795 1456 1014 1497 luminibus
1031 1457 1213 1496 orbatum
1232 1463 1274 1496 et
1291 1456 1334 1495 in
1353 1463 1551 1496 aeternam
1573 1461 1717 1496 custo-

248 1515 356 1553 diam
376 1515 478 1553 arcis
498 1513 741 1566 Dacybitzae
763 1511 968 1552 conditum
981 1543 992 1562 ‚
1021 1520 1134 1553 sexto
1151 1527 1257 1552 anno
1278 1519 1458 1553 vertente
1479 1513 1530 1561 ab?
1545 1512 1716 1564 inaugu-

246 1572 403 1611 ratione
421 1571 543 1622 patris
563 1571 646 1609 eius
666 1569 889 1620 Theodori,
921 1569 1015 1622 tali,
1045 1576 1092 1610 ut
1107 1569 1292 1623 vidimus,
1325 1569 1389 1610 die
1406 1569 1530 1610 sacris
1548 1568 1594 1608 in
1615 1575 1716 1610 tem-

245 1629 317 1682 plo
339 1626 573 1668 ceremoniis
593 1633 766 1681 peracta.

731 1737 1090 1787 CAPUT
1161 1738 1221 1796 V,

279 1841 558 1894 Clzronologia
578 1839 949 1891 Patriarclzarum,
977 1839 1163 1892 Arcena,
1194 1838 1437 1892 ΜεεΡΙιονί,
1468 1845 1505 1878 et
1537 1840 1684 1879 iterum

245 1898 432 1946 Amani,
467 1900 541 1950 qui
567 1897 642 1935 sub
670 1897 871 1936 ,Miclzait'le
897 1897 1147 1949 Palaeologo
1173 1895 1306 1935 sedem
1340 1897 1712 1950 Constantinopoli-

784 1961 930 1994 tanam
957 1960 1178 1992 tenuerunt.

355 2032 386 2070 I.
443 2031 566 2070 Multa
590 2037 685 2070 sunt
705 2031 748 2070 in
766 2037 947 2083 tempore
970 2031 1194 2083 ingressus,
1231 2030 1384 2080 exitus,
1421 2031 1464 2070 in
1483 2030 1622 2096 spatiis
1641 2030 1710 2070 vi·-

241 2094 306 2127 tae
334 2102 381 2125 ac
409 2088 513 2126 sedis
539 2087 686 2127 horum
723 2088 1040 2140 patriacharum
1073 2089 1130 2127 ita
1157 2083 1321 2127 confusa
1331 2116 1342 2135 ,
1381 2094 1430 2126 ut
1459 2087 1561 2127 viris
1589 2087 1710 2126 etiam

242 2144 394 2195 magnis
414 2158 493 2183 non
511 2145 758 2184 occasionem
777 2144 900 2185 modo
919 2145 990 2184 sed
1005 2145 1278 2185 necessitatem
1294 2144 1455 2184 errandi
1474 2144 1708 2186 obiecerint.

242 2201 358 2252 atqui
378 2214 458 2239 non
478 2207 526 2239 ut
546 2200 629 2251 illi,
659 2201 803 2240 horum
827 2215 928 2253 quae
944 2203 1118 2255 primum
1142 2202 1259 2241 modo
1284 2201 1512 2254 produntur
1527 2200 1707 2240 destituti

241 2257 335 2296 luce
352 2263 715 2309 monumentorum,
743 2258 847 2297 citra
866 2259 1025 2311 culpam
1046 2265 1084 2299 et
1102 2257 1420 2311 reprehensionis
1437 2257 1566 2296 iustae
1583 2257 1706 2296 meri-

244 2319 332 2352 1um
349 2314 393 2353 in
417 2313 481 2353 his
511 2314 702 2354 titubasse
733 2320 956 2368 potuerunt
967 2345 978 2367 ‚
1015 2315 1130 2356 nobis
1161 2316 1279 2364 item,
1309 2314 1342 2353 si
1370 2314 1468 2367 quid
1488 2313 1706 2353 offenderi-

244 2382 358 2420 mus,
389 2370 527 2408 similis
545 2368 684 2410 veniae
707 2371 885 2411 conditio
901 2386 948 2411 ac
969 2385 1058 2425 spes
1077 2371 1311 2411 ostenditur.
1371 2384 1516 2423 quare,
1540 2371 1616 2410 nisi
1632 2370 1705 2409 de-

103 2437 132 2471 P
155 2436 223 2472 512
243 2426 340 2465 bere
359 2427 545 2465 volumus
562 2428 754 2467 mulctam
773 2428 1029 2481 negligentiae
1047 2430 1206 2467 nomine
1219 2458 1229 2478 ,
1259 2428 1518 2466 annitendum
1540 2434 1599 2466 est
1621 2441 1703 2465 no·-

243 2482 304 2521 bis
327 2488 367 2520 et
389 2496 463 2534 pro
491 2483 599 2521 virili
620 2485 937 2524 contendendum
967 2486 1008 2524 in
1027 2486 1105 2524 isto
1135 2485 1256 2524 semel
1283 2485 1338 2522 sic
1369 2485 1578 2535 purgando
1597 2484 1701 2533 loco,

244 2546 290 2577 ut
317 2552 407 2576 eum
439 2539 624 2592 deinceps
655 2542 720 2581 vel
748 2542 960 2582 mediocris
988 2542 1153 2581 attentio
1178 2542 1341 2592 legentis
1369 2541 1564 2579 inoffenso
1585 2546 1702 2592 quest

245 2594 413 2645 vestigio
435 2595 656 2636 decmrere.
713 2597 793 2637 hoc
810 2599 994 2652 deinceps
1017 2598 1262 2638 conabimur.
1319 2598 1451 2636 sedem
1475 2595 1702 2636 Constanti-

245 2651 515 2702 nopolitanam
531 2652 749 2704 imperante
772 2655 963 2695 Michaele
982 2656 1214 2706 Palaeologo
1243 2654 1418 2706 quinque
1438 2653 1602 2692 omnino
1621 2666 1700 2704 pa-

242 2707 439 2746 tiiarchae
464 2714 700 2759 tenum-unu
745 2725 917 2762 quorum
946 2726 1050 2751 unus
1076 2712 1194 2752 etiam
1218 2711 1407 2750 Aisenius
1428 2710 1488 2748 illi
1511 2708 1697 2748 ecclesiae

242 2763 300 2801 bis
316 2764 498 2815 praefuit.
555 2765 730 2817 priorem
748 2766 869 2807 huius
889 2767 1201 2821 patriarchatum
1225 2768 1272 2806 ab
1301 2781 1408 2806 anno
1421 2764 1566 2804 Christi
1587 2764 1696 2808 1255

241 2821 454 2870 plocedere
476 2827 555 2859 tam
579 2828 733 2861 certum
754 2829 834 2872 est,
861 2838 980 2876 quam
997 2825 1070 2865 illo
1099 2826 1187 2877 ipso
1209 2838 1312 2863 anuo
1337 2821 1590 2862 Theodorum
1616 2821 1697 2858 La-

240 2876 381 2915 sca1im
391 2877 611 2917 Iuniorem
600 2891 794 2931 lmperare
806 2881 1002 2933 coepisse3
1019 2882 1127 2934 quod
1136 2879 1333 2934 capitibus
1348 2877 1567 2919 librihuius
1577 2876 1694 2917 tertio
1749 2908 1752 2911 .
