<?xml version="1.0" encoding="UTF-8"?>
<!DOCTYPE html PUBLIC "-//W3C//DTD XHTML 1.0 Transitional//EN"
    "http://www.w3.org/TR/xhtml1/DTD/xhtml1-transitional.dtd">
<html xmlns="http://www.w3.org/1999/xhtml" xml:lang="en" lang="en">
 <head>
  <title>
</title>
<meta http-equiv="Content-Type" content="text/html;charset=utf-8" />
  <meta name='ocr-system' content='tesseract 3.04.00' />
  <meta name='ocr-capabilities' content='ocr_page ocr_carea ocr_par ocr_line ocrx_word'/>
</head>
<body>
  <div class='ocr_page' id='page_1' title='image "./corpusscriptorum17niebuoft_0166.png"; bbox 0 0 1846 3262; ppageno 0'>
   <div class='ocr_carea' id='block_1_1' title="bbox 210 237 1281 288">
    <p class='ocr_par' dir='ltr' id='par_1_1' title="bbox 210 237 1281 288">
     <span class='ocr_line' id='line_1_1' title="bbox 210 237 1281 288; baseline -0.006 0"><span class='ocrx_word' id='word_1_1' title='bbox 210 254 214 258; x_wconf 83' lang='lat'>&#39;</span> <span class='ocrx_word' id='word_1_2' title='bbox 231 240 323 288; x_wconf 85' lang='lat'><strong>148</strong></span> <span class='ocrx_word' id='word_1_3' title='bbox 650 237 888 282; x_wconf 88' lang='lat' dir='ltr'>GEORGII</span> <span class='ocrx_word' id='word_1_4' title='bbox 926 238 1281 282; x_wconf 83' lang='lat' dir='ltr'><strong>PACHYMERIS</strong></span> 
     </span>
    </p>
   </div>
   <div class='ocr_carea' id='block_1_2' title="bbox 167 348 1748 1716">
    <p class='ocr_par' dir='ltr' id='par_1_2' title="bbox 167 348 1748 1716">
     <span class='ocr_line' id='line_1_2' title="bbox 221 348 1694 410; baseline -0.003 -10"><span class='ocrx_word' id='word_1_5' title='bbox 221 355 337 400; x_wconf 78' lang='grc' dir='ltr'><strong><em>θὲνοι</em></strong></span> <span class='ocrx_word' id='word_1_6' title='bbox 361 352 438 410; x_wconf 78' lang='grc' dir='ltr'><strong>ὕφ’</strong></span> <span class='ocrx_word' id='word_1_7' title='bbox 464 349 521 395; x_wconf 70' lang='grc' dir='ltr'><strong>ἐνὶ</strong></span> <span class='ocrx_word' id='word_1_8' title='bbox 538 355 704 407; x_wconf 84' lang='grc' dir='ltr'><strong><em>χιτῶνι,</em></strong></span> <span class='ocrx_word' id='word_1_9' title='bbox 741 349 977 409; x_wconf 80' lang='grc' dir='ltr'><strong><em>διερρωγότι</em></strong></span> <span class='ocrx_word' id='word_1_10' title='bbox 999 353 1066 395; x_wconf 80' lang='grc' dir='ltr'><strong><em>καὶ</em></strong></span> <span class='ocrx_word' id='word_1_11' title='bbox 1087 348 1245 410; x_wconf 80' lang='grc' dir='ltr'><strong><em>τούτῳ,</em></strong></span> <span class='ocrx_word' id='word_1_12' title='bbox 1279 358 1364 403; x_wconf 78' lang='grc' dir='ltr'><strong><em>τοῖς</em></strong></span> <span class='ocrx_word' id='word_1_13' title='bbox 1383 356 1553 407; x_wconf 76' lang='grc' dir='ltr'><strong><em>τυχοῦσι</em></strong></span> <span class='ocrx_word' id='word_1_14' title='bbox 1579 370 1694 410; x_wconf 83' lang='grc' dir='ltr'><strong><em>περι-</em></strong></span> 
     </span>
     <span class='ocr_line' id='line_1_3' title="bbox 221 419 1694 478; baseline -0.002 -11"><span class='ocrx_word' id='word_1_15' title='bbox 221 420 510 476; x_wconf 81' lang='grc' dir='ltr'><strong><em>στελλόμεναι,</em></strong></span> <span class='ocrx_word' id='word_1_16' title='bbox 559 421 743 476; x_wconf 85' lang='grc' dir='ltr'><strong><em>νηλίποις</em></strong></span> <span class='ocrx_word' id='word_1_17' title='bbox 772 423 892 464; x_wconf 80' lang='grc' dir='ltr'><strong><em>ποσὶν</em></strong></span> <span class='ocrx_word' id='word_1_18' title='bbox 927 420 1007 464; x_wconf 77' lang='grc' dir='ltr'><strong>ὕπὸ</strong></span> <span class='ocrx_word' id='word_1_19' title='bbox 1042 424 1205 463; x_wconf 83' lang='grc' dir='ltr'><em>πολλῶν</em></span> <span class='ocrx_word' id='word_1_20' title='bbox 1239 419 1382 474; x_wconf 69' lang='grc' dir='ltr'><strong><em>ὄψεσιν</em></strong></span> <span class='ocrx_word' id='word_1_21' title='bbox 1408 422 1563 476; x_wconf 81' lang='grc' dir='ltr'><strong><em>ἀτίμως</em></strong></span> <span class='ocrx_word' id='word_1_22' title='bbox 1590 422 1694 478; x_wconf 85' lang='grc' dir='ltr'><strong><em>πρὸς</em></strong></span> 
     </span>
     <span class='ocr_line' id='line_1_4' title="bbox 221 485 1693 547; baseline -0.001 -12"><span class='ocrx_word' id='word_1_23' title='bbox 221 492 318 541; x_wconf 74' lang='grc' dir='ltr'><strong><em>τοὺς</em></strong></span> <span class='ocrx_word' id='word_1_24' title='bbox 353 491 524 540; x_wconf 83' lang='grc' dir='ltr'><strong><em>οἲκείους</em></strong></span> <span class='ocrx_word' id='word_1_25' title='bbox 557 489 734 540; x_wconf 82' lang='grc' dir='ltr'><strong><em>ἐξέθεον.</em></strong></span> <span class='ocrx_word' id='word_1_26' title='bbox 805 492 872 534; x_wconf 81' lang='grc' dir='ltr'><strong><em>καὶ</em></strong></span> <span class='ocrx_word' id='word_1_27' title='bbox 902 491 1016 540; x_wconf 80' lang='grc' dir='ltr'><strong><em>δίκας</em></strong></span> <span class='ocrx_word' id='word_1_28' title='bbox 1046 490 1225 532; x_wconf 85' lang='grc' dir='ltr'><strong><em>ἐτίννυον</em></strong></span> <span class='ocrx_word' id='word_1_29' title='bbox 1253 488 1442 547; x_wconf 74' lang='grc' dir='ltr'><strong><em>ἄντικρυς</em></strong></span> <span class='ocrx_word' id='word_1_30' title='bbox 1464 490 1614 533; x_wconf 80' lang='grc' dir='ltr'><strong><em>Ἰταλοὶ</em></strong></span> <span class='ocrx_word' id='word_1_31' title='bbox 1635 485 1693 534; x_wconf 74' lang='grc' dir='ltr'><strong>ὧν</strong></span> 
     </span>
     <span class='ocr_line' id='line_1_5' title="bbox 222 556 1692 614; baseline -0.001 -11"><span class='ocrx_word' id='word_1_32' title='bbox 222 561 367 603; x_wconf 78' lang='grc' dir='ltr'><strong><em>ἐκεῖνοί</em></strong></span> <span class='ocrx_word' id='word_1_33' title='bbox 395 576 493 602; x_wconf 89' lang='grc' dir='ltr'><strong><em>ποτε</em></strong></span> <span class='ocrx_word' id='word_1_34' title='bbox 522 558 627 614; x_wconf 82' lang='grc' dir='ltr'><strong><em>πρὸς</em></strong></span> <span class='ocrx_word' id='word_1_35' title='bbox 654 556 881 613; x_wconf 76' lang='grc' dir='ltr'><strong><em>Ῥωμαίους</em></strong></span> <span class='ocrx_word' id='word_1_36' title='bbox 910 560 1086 602; x_wconf 85' lang='grc' dir='ltr'><strong><em>ἐποίουν.</em></strong></span> <span class='ocrx_word' id='word_1_37' title='bbox 1157 557 1243 612; x_wconf 80' lang='grc' dir='ltr'><strong><em>ἅμα</em></strong></span> <span class='ocrx_word' id='word_1_38' title='bbox 1276 559 1321 601; x_wconf 80' lang='grc' dir='ltr'><strong>δὲ</strong></span> <span class='ocrx_word' id='word_1_39' title='bbox 1347 560 1414 601; x_wconf 82' lang='grc' dir='ltr'><strong><em>καὶ</em></strong></span> <span class='ocrx_word' id='word_1_40' title='bbox 1445 558 1491 602; x_wconf 80' lang='grc' dir='ltr'><strong>τὸ</strong></span> <span class='ocrx_word' id='word_1_41' title='bbox 1516 558 1692 602; x_wconf 78' lang='grc' dir='ltr'><strong><em>παλαιὸν</em></strong></span> 
     </span>
     <span class='ocr_line' id='line_1_6' title="bbox 221 624 1725 685; baseline -0.001 -13"><span class='ocrx_word' id='word_1_42' title='bbox 221 630 395 672; x_wconf 83' lang='grc' dir='ltr'><strong><em>θέσπιον</em></strong></span> <span class='ocrx_word' id='word_1_43' title='bbox 414 629 666 685; x_wconf 77' lang='grc' dir='ltr'><strong><em>ἐπληροῦτο,</em></strong></span> <span class='ocrx_word' id='word_1_44' title='bbox 706 627 915 679; x_wconf 68' lang='grc' dir='ltr'><strong>αἈλέξιος</strong></span> <span class='ocrx_word' id='word_1_45' title='bbox 925 625 1216 678; x_wconf 81' lang='grc' dir='ltr'><strong><em>Ἀλεξόπουλος</em></strong></span> <span class='ocrx_word' id='word_1_46' title='bbox 1235 628 1302 670; x_wconf 82' lang='grc' dir='ltr'><strong><em>καὶ</em></strong></span> <span class='ocrx_word' id='word_1_47' title='bbox 1320 627 1382 669; x_wconf 80' lang='grc' dir='ltr'><strong>ἐπὶ</strong></span> <span class='ocrx_word' id='word_1_48' title='bbox 1403 624 1563 677; x_wconf 79' lang='grc' dir='ltr'><strong><em>τούτοις</em></strong></span> <span class='ocrx_word' id='word_1_49' title='bbox 1576 631 1690 671; x_wconf 89' lang='grc' dir='ltr'><strong><em>Κου-</em></strong></span> <span class='ocrx_word' id='word_1_50' title='bbox 1703 639 1725 674; x_wconf 84' lang='grc'><strong><em>5</em></strong></span> 
     </span>
     <span class='ocr_line' id='line_1_7' title="bbox 220 693 1694 754; baseline -0.003 -12"><span class='ocrx_word' id='word_1_51' title='bbox 220 695 486 754; x_wconf 80' lang='grc' dir='ltr'><strong><em>τριτζάκης.”</em></strong></span> <span class='ocrx_word' id='word_1_52' title='bbox 548 695 710 754; x_wconf 70' lang='grc' dir='ltr'><strong><em>ἔφθασε</em></strong></span> <span class='ocrx_word' id='word_1_53' title='bbox 730 696 808 753; x_wconf 79' lang='grc' dir='ltr'><strong>γὰρ</strong></span> <span class='ocrx_word' id='word_1_54' title='bbox 830 698 896 740; x_wconf 87' lang='grc' dir='ltr'><strong><em>καὶ</em></strong></span> <span class='ocrx_word' id='word_1_55' title='bbox 916 697 995 754; x_wconf 82' lang='grc' dir='ltr'><strong>πρὸ</strong></span> <span class='ocrx_word' id='word_1_56' title='bbox 1019 700 1092 739; x_wconf 85' lang='grc' dir='ltr'><strong><em>τοῦ</em></strong></span> <span class='ocrx_word' id='word_1_57' title='bbox 1113 701 1245 738; x_wconf 84' lang='grc' dir='ltr'><strong><em>ταῦτα</em></strong></span> <span class='ocrx_word' id='word_1_58' title='bbox 1261 696 1451 752; x_wconf 77' lang='grc' dir='ltr'><strong><em>γενέσθαι</em></strong></span> <span class='ocrx_word' id='word_1_59' title='bbox 1472 693 1494 738; x_wconf 78' lang='grc' dir='ltr'><strong><em>ὃ</em></strong></span> <span class='ocrx_word' id='word_1_60' title='bbox 1515 713 1694 752; x_wconf 82' lang='grc' dir='ltr'><strong><em>συγγρα-</em></strong></span> 
     </span>
     <span class='ocr_line' id='line_1_8' title="bbox 168 762 1693 824; baseline -0.002 -14"><span class='ocrx_word' id='word_1_61' title='bbox 168 775 199 810; x_wconf 92' lang='grc' dir='ltr'>Β</span> <span class='ocrx_word' id='word_1_62' title='bbox 223 764 409 822; x_wconf 78' lang='grc' dir='ltr'><strong><em>ψάμενος</em></strong></span> <span class='ocrx_word' id='word_1_63' title='bbox 433 762 591 808; x_wconf 72' lang='grc' dir='ltr'><strong><em>ἀκούειν</em></strong></span> <span class='ocrx_word' id='word_1_64' title='bbox 618 765 732 822; x_wconf 80' lang='grc' dir='ltr'><strong><em>παρὰ</em></strong></span> <span class='ocrx_word' id='word_1_65' title='bbox 749 765 905 822; x_wconf 84' lang='grc' dir='ltr'><strong><em>πατρὸς</em></strong></span> <span class='ocrx_word' id='word_1_66' title='bbox 930 764 1171 819; x_wconf 81' lang='grc' dir='ltr'><strong><em>ὁμιλοῦντος</em></strong></span> <span class='ocrx_word' id='word_1_67' title='bbox 1193 764 1305 824; x_wconf 74' lang='grc' dir='ltr'><strong><em>ἄλλῳ</em></strong></span> <span class='ocrx_word' id='word_1_68' title='bbox 1325 766 1390 808; x_wconf 82' lang='grc' dir='ltr'><strong><em>καὶ</em></strong></span> <span class='ocrx_word' id='word_1_69' title='bbox 1413 764 1484 807; x_wconf 81' lang='grc' dir='ltr'><strong>τὸν</strong></span> <span class='ocrx_word' id='word_1_70' title='bbox 1506 769 1693 808; x_wconf 80' lang='grc' dir='ltr'><strong><em>τοιοῦτον</em></strong></span> 
     </span>
     <span class='ocr_line' id='line_1_9' title="bbox 219 831 1692 892; baseline -0.002 -14"><span class='ocrx_word' id='word_1_71' title='bbox 219 833 340 892; x_wconf 81' lang='grc' dir='ltr'><strong><em>λόγον</em></strong></span> <span class='ocrx_word' id='word_1_72' title='bbox 373 834 572 891; x_wconf 69' lang='grc' dir='ltr'><strong><em>λέγοντος.</em></strong></span> <span class='ocrx_word' id='word_1_73' title='bbox 644 832 699 884; x_wconf 81' lang='grc' dir='ltr'><strong>ὥς</strong></span> <span class='ocrx_word' id='word_1_74' title='bbox 731 834 809 890; x_wconf 76' lang='grc' dir='ltr'><strong>γὰρ</strong></span> <span class='ocrx_word' id='word_1_75' title='bbox 837 839 1000 877; x_wconf 84' lang='grc' dir='ltr'><strong><em>πολῖται</em></strong></span> <span class='ocrx_word' id='word_1_76' title='bbox 1032 833 1145 884; x_wconf 78' lang='grc' dir='ltr'><strong>ι’)’ντες</strong></span> <span class='ocrx_word' id='word_1_77' title='bbox 1170 834 1309 876; x_wconf 85' lang='grc' dir='ltr'><strong><em>ἐκεῖνοι</em></strong></span> <span class='ocrx_word' id='word_1_78' title='bbox 1327 834 1379 876; x_wconf 86' lang='grc' dir='ltr'><strong>τὰ</strong></span> <span class='ocrx_word' id='word_1_79' title='bbox 1399 833 1503 876; x_wconf 69' lang='grc' dir='ltr'><strong><em>οἴκοι</em></strong></span> <span class='ocrx_word' id='word_1_80' title='bbox 1525 831 1692 889; x_wconf 77' lang='grc' dir='ltr'><strong><em>ἐζήτουν</em></strong></span> 
     </span>
     <span class='ocr_line' id='line_1_10' title="bbox 219 899 1692 960; baseline -0.001 -13"><span class='ocrx_word' id='word_1_81' title='bbox 219 906 288 948; x_wconf 83' lang='grc' dir='ltr'><strong><em>καὶ</em></strong></span> <span class='ocrx_word' id='word_1_82' title='bbox 308 904 349 947; x_wconf 74' lang='grc' dir='ltr'><strong>εἴ</strong></span> <span class='ocrx_word' id='word_1_83' title='bbox 360 909 465 947; x_wconf 90' lang='grc' dir='ltr'><strong><em>ποθι</em></strong></span> <span class='ocrx_word' id='word_1_84' title='bbox 485 901 637 952; x_wconf 83' lang='grc' dir='ltr'><strong><em>ἅλωσις</em></strong></span> <span class='ocrx_word' id='word_1_85' title='bbox 658 906 732 958; x_wconf 81' lang='grc' dir='ltr'><strong>τῆς</strong></span> <span class='ocrx_word' id='word_1_86' title='bbox 749 905 947 960; x_wconf 79' lang='grc' dir='ltr'><strong><em>πατρίδος</em></strong></span> <span class='ocrx_word' id='word_1_87' title='bbox 968 903 1150 958; x_wconf 81' lang='grc' dir='ltr'><strong><em>συμβαίη</em></strong></span> <span class='ocrx_word' id='word_1_88' title='bbox 1172 900 1371 945; x_wconf 80' lang='grc' dir='ltr'><strong><em>ἐσκόπουν</em></strong></span> <span class='ocrx_word' id='word_1_89' title='bbox 1392 899 1472 945; x_wconf 62' lang='lat' dir='ltr'><strong>vina</strong></span> <span class='ocrx_word' id='word_1_90' title='bbox 1494 904 1601 958; x_wconf 83' lang='grc' dir='ltr'><strong><em>φωτὶ</em></strong></span> <span class='ocrx_word' id='word_1_91' title='bbox 1619 920 1692 945; x_wconf 83' lang='grc' dir='ltr'><strong>νυ-</strong></span> 
     </span>
     <span class='ocr_line' id='line_1_11' title="bbox 219 967 1748 1031; baseline -0.002 -15"><span class='ocrx_word' id='word_1_92' title='bbox 219 973 314 1023; x_wconf 86' lang='grc' dir='ltr'><strong><em>κτὸς</em></strong></span> <span class='ocrx_word' id='word_1_93' title='bbox 351 967 430 1031; x_wconf 80' lang='grc' dir='ltr'><strong>(ἦν</strong></span> <span class='ocrx_word' id='word_1_94' title='bbox 464 972 507 1015; x_wconf 74' lang='grc' dir='ltr'><strong>δ’</strong></span> <span class='ocrx_word' id='word_1_95' title='bbox 545 971 622 1028; x_wconf 79' lang='grc' dir='ltr'><strong>ἐγὼ</strong></span> <span class='ocrx_word' id='word_1_96' title='bbox 656 969 677 1015; x_wconf 83' lang='grc' dir='ltr'><em>ὃ</em></span> <span class='ocrx_word' id='word_1_97' title='bbox 711 972 785 1016; x_wconf 82' lang='grc' dir='ltr'><strong>τὸν</strong></span> <span class='ocrx_word' id='word_1_98' title='bbox 819 972 944 1028; x_wconf 83' lang='grc' dir='ltr'><strong><em>κηρὸν</em></strong></span> <span class='ocrx_word' id='word_1_99' title='bbox 984 970 1164 1025; x_wconf 74' lang='grc' dir='ltr'><strong><em>κατέχων</em></strong></span> <span class='ocrx_word' id='word_1_100' title='bbox 1194 973 1261 1014; x_wconf 82' lang='grc' dir='ltr'><strong><em>καὶ</em></strong></span> <span class='ocrx_word' id='word_1_101' title='bbox 1295 972 1453 1027; x_wconf 81' lang='grc' dir='ltr'><strong><em>φαίνων</em></strong></span> <span class='ocrx_word' id='word_1_102' title='bbox 1484 970 1688 1028; x_wconf 75' lang='grc' dir='ltr'><strong><em>ἐκείνοις),</em></strong></span> <span class='ocrx_word' id='word_1_103' title='bbox 1704 984 1748 1018; x_wconf 87' lang='lat'><strong>10</strong></span> 
     </span>
     <span class='ocr_line' id='line_1_12' title="bbox 218 1034 1691 1097; baseline -0.001 -13"><span class='ocrx_word' id='word_1_104' title='bbox 218 1034 342 1085; x_wconf 81' lang='grc' dir='ltr'><strong><em>τοῦτο</em></strong></span> <span class='ocrx_word' id='word_1_105' title='bbox 363 1040 569 1095; x_wconf 72' lang='grc' dir='ltr'><strong><em>ξυνέβαινε</em></strong></span> <span class='ocrx_word' id='word_1_106' title='bbox 588 1039 781 1096; x_wconf 74' lang='grc' dir='ltr'><strong><em>λέγεσθαι</em></strong></span> <span class='ocrx_word' id='word_1_107' title='bbox 799 1041 892 1097; x_wconf 74' lang='grc' dir='ltr'><strong><em>παρ’</em></strong></span> <span class='ocrx_word' id='word_1_108' title='bbox 918 1041 1077 1083; x_wconf 77' lang='grc' dir='ltr'><strong><em>ἐκείνων</em></strong></span> <span class='ocrx_word' id='word_1_109' title='bbox 1100 1038 1156 1090; x_wconf 81' lang='grc' dir='ltr'><strong>ὥς</strong></span> <span class='ocrx_word' id='word_1_110' title='bbox 1176 1038 1343 1082; x_wconf 73' lang='grc' dir='ltr'><strong><em>εἰδότων</em></strong></span> <span class='ocrx_word' id='word_1_111' title='bbox 1363 1038 1419 1088; x_wconf 84' lang='grc' dir='ltr'><strong>ὥς</strong></span> <span class='ocrx_word' id='word_1_112' title='bbox 1439 1037 1564 1082; x_wconf 75' lang='grc' dir='ltr'><strong><em>εἰδόσι</em></strong></span> <span class='ocrx_word' id='word_1_113' title='bbox 1583 1037 1691 1094; x_wconf 79' lang='grc' dir='ltr'><strong><em>τάχα</em></strong></span> 
     </span>
     <span class='ocr_line' id='line_1_13' title="bbox 217 1106 1691 1169; baseline -0.002 -15"><span class='ocrx_word' id='word_1_114' title='bbox 217 1108 373 1155; x_wconf 72' lang='grc' dir='ltr'><strong><em>ὁπόθεν</em></strong></span> <span class='ocrx_word' id='word_1_115' title='bbox 395 1107 532 1169; x_wconf 76' lang='grc' dir='ltr'><strong><em>ἁλῴη·</em></strong></span> <span class='ocrx_word' id='word_1_116' title='bbox 571 1110 634 1151; x_wconf 87' lang='grc' dir='ltr'><strong>ἐπὶ</strong></span> <span class='ocrx_word' id='word_1_117' title='bbox 656 1109 733 1165; x_wconf 79' lang='grc' dir='ltr'><strong>γὰρ</strong></span> <span class='ocrx_word' id='word_1_118' title='bbox 758 1109 1028 1166; x_wconf 74' lang='grc' dir='ltr'><strong><em>γενησομένου</em></strong></span> <span class='ocrx_word' id='word_1_119' title='bbox 1051 1109 1160 1158; x_wconf 79' lang='grc' dir='ltr'><strong><em>τινὸς</em></strong></span> <span class='ocrx_word' id='word_1_120' title='bbox 1178 1109 1380 1162; x_wconf 71' lang='grc' dir='ltr'><strong><em>βασιλέως</em></strong></span> <span class='ocrx_word' id='word_1_121' title='bbox 1394 1108 1571 1158; x_wconf 76' lang='grc' dir='ltr'><strong><em>Ἀλεξίου</em></strong></span> <span class='ocrx_word' id='word_1_122' title='bbox 1591 1106 1691 1151; x_wconf 76' lang='grc' dir='ltr'><strong><em>ὑπε-</em></strong></span> 
     </span>
     <span class='ocr_line' id='line_1_14' title="bbox 219 1175 1688 1233; baseline -0.002 -11"><span class='ocrx_word' id='word_1_123' title='bbox 219 1176 341 1222; x_wconf 88' lang='grc' dir='ltr'><strong><em>νόουν</em></strong></span> <span class='ocrx_word' id='word_1_124' title='bbox 372 1178 447 1233; x_wconf 83' lang='grc' dir='ltr'><strong>τὴν</strong></span> <span class='ocrx_word' id='word_1_125' title='bbox 476 1182 551 1232; x_wconf 81' lang='grc' dir='ltr'><strong>τῆς</strong></span> <span class='ocrx_word' id='word_1_126' title='bbox 584 1175 740 1228; x_wconf 84' lang='grc' dir='ltr'><strong><em>πόλεως</em></strong></span> <span class='ocrx_word' id='word_1_127' title='bbox 768 1177 945 1230; x_wconf 83' lang='grc' dir='ltr'><strong><em>ἅλωσιν,</em></strong></span> <span class='ocrx_word' id='word_1_128' title='bbox 983 1178 1054 1220; x_wconf 86' lang='grc' dir='ltr'><strong><em>καί</em></strong></span> <span class='ocrx_word' id='word_1_129' title='bbox 1077 1195 1197 1220; x_wconf 85' lang='grc' dir='ltr'><strong><em>τινων</em></strong></span> <span class='ocrx_word' id='word_1_130' title='bbox 1228 1177 1386 1231; x_wconf 72' lang='grc' dir='ltr'><strong><em>ἄλλων,</em></strong></span> <span class='ocrx_word' id='word_1_131' title='bbox 1425 1175 1498 1226; x_wconf 75' lang='grc' dir='ltr'><strong><em>οὓς</em></strong></span> <span class='ocrx_word' id='word_1_132' title='bbox 1516 1175 1688 1233; x_wconf 69' lang='grc' dir='ltr'><strong><em>ἕλεγενὸ</em></strong></span> 
     </span>
     <span class='ocr_line' id='line_1_15' title="bbox 167 1241 1693 1305; baseline -0.003 -13"><span class='ocrx_word' id='word_1_133' title='bbox 167 1257 198 1292; x_wconf 88' lang='lat' dir='ltr'>C</span> <span class='ocrx_word' id='word_1_134' title='bbox 218 1245 419 1305; x_wconf 82' lang='grc' dir='ltr'><strong><em>χρησμός.</em></strong></span> <span class='ocrx_word' id='word_1_135' title='bbox 490 1242 595 1301; x_wconf 77' lang='grc' dir='ltr'><strong><em>ἦσαν</em></strong></span> <span class='ocrx_word' id='word_1_136' title='bbox 615 1246 658 1289; x_wconf 83' lang='grc' dir='ltr'><strong>δ’</strong></span> <span class='ocrx_word' id='word_1_137' title='bbox 684 1241 799 1289; x_wconf 63' lang='grc' dir='ltr'><strong><em>οὗτοι</em></strong></span> <span class='ocrx_word' id='word_1_138' title='bbox 819 1245 839 1290; x_wconf 83' lang='grc' dir='ltr'><em>ὃ</em></span> <span class='ocrx_word' id='word_1_139' title='bbox 861 1249 1027 1302; x_wconf 81' lang='grc' dir='ltr'><strong><em>Καῖσαρ</em></strong></span> <span class='ocrx_word' id='word_1_140' title='bbox 1043 1246 1218 1297; x_wconf 66' lang='grc' dir='ltr'><strong><em>Ἀλέξιος</em></strong></span> <span class='ocrx_word' id='word_1_141' title='bbox 1239 1245 1442 1302; x_wconf 73' lang='grc' dir='ltr'><strong><em>ἄντικρυς,</em></strong></span> <span class='ocrx_word' id='word_1_142' title='bbox 1482 1243 1503 1288; x_wconf 83' lang='grc' dir='ltr'>ὅ</span> <span class='ocrx_word' id='word_1_143' title='bbox 1521 1245 1693 1299; x_wconf 79' lang='grc' dir='ltr'><strong><em>ἀνεψιὸς</em></strong></span> 
     </span>
     <span class='ocr_line' id='line_1_16' title="bbox 217 1312 1746 1369; baseline 0.001 -11"><span class='ocrx_word' id='word_1_144' title='bbox 217 1318 367 1359; x_wconf 81' lang='grc' dir='ltr'><strong><em>ἐκείνου</em></strong></span> <span class='ocrx_word' id='word_1_145' title='bbox 393 1313 569 1365; x_wconf 69' lang='grc' dir='ltr'><strong><em>Ἀλέξιος</em></strong></span> <span class='ocrx_word' id='word_1_146' title='bbox 591 1313 644 1357; x_wconf 78' lang='grc' dir='ltr'><strong>τὰ</strong></span> <span class='ocrx_word' id='word_1_147' title='bbox 662 1315 794 1358; x_wconf 79' lang='grc' dir='ltr'><strong><em>πολλὰ</em></strong></span> <span class='ocrx_word' id='word_1_148' title='bbox 816 1312 1179 1369; x_wconf 82' lang='grc' dir='ltr'><strong><em>συμβαλλόμενος,</em></strong></span> <span class='ocrx_word' id='word_1_149' title='bbox 1217 1316 1285 1356; x_wconf 82' lang='grc' dir='ltr'><strong><em>καὶ</em></strong></span> <span class='ocrx_word' id='word_1_150' title='bbox 1305 1313 1326 1357; x_wconf 79' lang='grc' dir='ltr'><em>ὃ</em></span> <span class='ocrx_word' id='word_1_151' title='bbox 1350 1317 1482 1357; x_wconf 83' lang='grc' dir='ltr'><strong><em>δοκῶν</em></strong></span> <span class='ocrx_word' id='word_1_152' title='bbox 1508 1318 1591 1357; x_wconf 83' lang='grc' dir='ltr'><strong>τῶν</strong></span> <span class='ocrx_word' id='word_1_153' title='bbox 1613 1318 1690 1357; x_wconf 86' lang='grc' dir='ltr'><strong>θε-</strong></span> <span class='ocrx_word' id='word_1_154' title='bbox 1703 1325 1746 1360; x_wconf 85' lang='grc'><strong>15</strong></span> 
     </span>
     <span class='ocr_line' id='line_1_17' title="bbox 218 1381 1692 1440; baseline -0.001 -13"><span class='ocrx_word' id='word_1_155' title='bbox 218 1384 485 1440; x_wconf 83' lang='grc' dir='ltr'><strong><em>ληματαρίων</em></strong></span> <span class='ocrx_word' id='word_1_156' title='bbox 513 1381 821 1439; x_wconf 82' lang='grc' dir='ltr'><strong><em>Κουτριτζάκης</em></strong></span> <span class='ocrx_word' id='word_1_157' title='bbox 835 1416 849 1438; x_wconf 86' lang='grc'>,</span> <span class='ocrx_word' id='word_1_158' title='bbox 888 1381 935 1433; x_wconf 80' lang='grc' dir='ltr'><strong>ὃς</strong></span> <span class='ocrx_word' id='word_1_159' title='bbox 959 1384 1028 1425; x_wconf 87' lang='grc' dir='ltr'><strong><em>καὶ</em></strong></span> <span class='ocrx_word' id='word_1_160' title='bbox 1056 1382 1131 1438; x_wconf 86' lang='grc' dir='ltr'><strong>τὴν</strong></span> <span class='ocrx_word' id='word_1_161' title='bbox 1159 1382 1315 1438; x_wconf 81' lang='grc' dir='ltr'><strong><em>βουλὴν</em></strong></span> <span class='ocrx_word' id='word_1_162' title='bbox 1346 1387 1509 1440; x_wconf 84' lang='grc' dir='ltr'><strong><em>πρῶτος</em></strong></span> <span class='ocrx_word' id='word_1_163' title='bbox 1536 1381 1692 1438; x_wconf 74' lang='grc' dir='ltr'><strong><em>ὑπεσή-</em></strong></span> 
     </span>
     <span class='ocr_line' id='line_1_18' title="bbox 218 1449 649 1508; baseline -0.002 -12"><span class='ocrx_word' id='word_1_164' title='bbox 218 1470 335 1508; x_wconf 89' lang='grc' dir='ltr'><strong><em>μαινε</em></strong></span> <span class='ocrx_word' id='word_1_165' title='bbox 354 1456 427 1507; x_wconf 80' lang='grc' dir='ltr'><strong>τῆς</strong></span> <span class='ocrx_word' id='word_1_166' title='bbox 445 1449 649 1501; x_wconf 78' lang='grc' dir='ltr'><strong><em>ἁλώσεως.</em></strong></span> 
     </span>
     <span class='ocr_line' id='line_1_19' title="bbox 349 1515 1692 1575; baseline -0.002 -11"><span class='ocrx_word' id='word_1_167' title='bbox 349 1520 474 1564; x_wconf 79' lang='grc' dir='ltr'><strong><em>Ἀλλὰ</em></strong></span> <span class='ocrx_word' id='word_1_168' title='bbox 508 1524 642 1564; x_wconf 79' lang='grc' dir='ltr'><strong><em>ταῦτα</em></strong></span> <span class='ocrx_word' id='word_1_169' title='bbox 670 1519 744 1574; x_wconf 70' lang='grc' dir='ltr'><strong>μὲν</strong></span> <span class='ocrx_word' id='word_1_170' title='bbox 776 1517 885 1562; x_wconf 73' lang='grc' dir='ltr'><strong><em>οὕτω</em></strong></span> <span class='ocrx_word' id='word_1_171' title='bbox 914 1517 1020 1561; x_wconf 80' lang='grc' dir='ltr'><strong><em>κατὰ</em></strong></span> <span class='ocrx_word' id='word_1_172' title='bbox 1041 1517 1116 1573; x_wconf 82' lang='grc' dir='ltr'><strong>τὴν</strong></span> <span class='ocrx_word' id='word_1_173' title='bbox 1137 1516 1255 1562; x_wconf 90' lang='grc' dir='ltr'><strong><em>πόλιν</em></strong></span> <span class='ocrx_word' id='word_1_174' title='bbox 1277 1515 1571 1575; x_wconf 75' lang='grc' dir='ltr'><strong><em>ἐπράχθησαν·</em></strong></span> <span class='ocrx_word' id='word_1_175' title='bbox 1607 1519 1692 1562; x_wconf 75' lang='grc' dir='ltr'><strong><em>ἐπεὶ</em></strong></span> 
     </span>
     <span class='ocr_line' id='line_1_20' title="bbox 220 1585 1690 1646; baseline -0.002 -13"><span class='ocrx_word' id='word_1_176' title='bbox 220 1590 264 1633; x_wconf 73' lang='grc' dir='ltr'><strong>δ’</strong></span> <span class='ocrx_word' id='word_1_177' title='bbox 291 1591 414 1646; x_wconf 73' lang='grc' dir='ltr'><strong><em>ἐχρῆν</em></strong></span> <span class='ocrx_word' id='word_1_178' title='bbox 442 1592 653 1644; x_wconf 76' lang='grc' dir='ltr'><strong><em>πανταχοῦ</em></strong></span> <span class='ocrx_word' id='word_1_179' title='bbox 675 1589 927 1645; x_wconf 85' lang='grc' dir='ltr'><strong><em>φημίζεσθαι</em></strong></span> <span class='ocrx_word' id='word_1_180' title='bbox 950 1587 1004 1630; x_wconf 77' lang='grc' dir='ltr'><strong>τὰ</strong></span> <span class='ocrx_word' id='word_1_181' title='bbox 1022 1587 1264 1643; x_wconf 79' lang='grc' dir='ltr'><strong><em>πραχθέντα</em></strong></span> <span class='ocrx_word' id='word_1_182' title='bbox 1276 1620 1289 1641; x_wconf 88' lang='lat'><strong>,</strong></span> <span class='ocrx_word' id='word_1_183' title='bbox 1328 1589 1396 1630; x_wconf 82' lang='grc' dir='ltr'><strong><em>καὶ</em></strong></span> <span class='ocrx_word' id='word_1_184' title='bbox 1413 1591 1571 1642; x_wconf 83' lang='grc' dir='ltr'><strong><em>μᾶλλον</em></strong></span> <span class='ocrx_word' id='word_1_185' title='bbox 1592 1585 1690 1630; x_wconf 75' lang='grc' dir='ltr'><strong><em>ὅσον</em></strong></span> 
     </span>
     <span class='ocr_line' id='line_1_21' title="bbox 218 1653 1747 1716; baseline -0.002 -13"><span class='ocrx_word' id='word_1_186' title='bbox 218 1659 266 1703; x_wconf 83' lang='grc' dir='ltr'><strong>τὸ</strong></span> <span class='ocrx_word' id='word_1_187' title='bbox 300 1655 648 1716; x_wconf 82' lang='grc' dir='ltr'><strong><em>θαυμασιώτερον</em></strong></span> <span class='ocrx_word' id='word_1_188' title='bbox 671 1655 802 1713; x_wconf 76' lang='grc' dir='ltr'><strong><em>εἶχον,</em></strong></span> <span class='ocrx_word' id='word_1_189' title='bbox 839 1655 895 1707; x_wconf 81' lang='grc' dir='ltr'><strong>ὥς</strong></span> <span class='ocrx_word' id='word_1_190' title='bbox 914 1658 957 1699; x_wconf 81' lang='grc' dir='ltr'><strong>ἐκ</strong></span> <span class='ocrx_word' id='word_1_191' title='bbox 979 1654 1164 1714; x_wconf 87' lang='grc' dir='ltr'><strong><em>παρόδου</em></strong></span> <span class='ocrx_word' id='word_1_192' title='bbox 1183 1654 1337 1699; x_wconf 82' lang='grc' dir='ltr'><strong><em>ἁλῶναι</em></strong></span> <span class='ocrx_word' id='word_1_193' title='bbox 1356 1654 1554 1714; x_wconf 81' lang='grc' dir='ltr'><strong><em>τοιαύτην</em></strong></span> <span class='ocrx_word' id='word_1_194' title='bbox 1573 1653 1747 1703; x_wconf 80' lang='grc' dir='ltr'><strong><em>πόλιν20</em></strong></span> 
     </span>
    </p>
   </div>
   <div class='ocr_carea' id='block_1_3' title="bbox 213 1788 1691 2938">
    <p class='ocr_par' dir='ltr' id='par_1_3' title="bbox 213 1788 1691 2938">
     <span class='ocr_line' id='line_1_22' title="bbox 213 1788 1691 1838; baseline 0 -15"><span class='ocrx_word' id='word_1_195' title='bbox 213 1790 390 1838; x_wconf 81' lang='lat' dir='ltr'><strong>pertusis,</strong></span> <span class='ocrx_word' id='word_1_196' title='bbox 425 1789 687 1836; x_wconf 78' lang='lat' dir='ltr'><strong>qualescumque</strong></span> <span class='ocrx_word' id='word_1_197' title='bbox 718 1791 835 1834; x_wconf 80' lang='lat' dir='ltr'><strong>fugam</strong></span> <span class='ocrx_word' id='word_1_198' title='bbox 865 1788 1124 1835; x_wconf 77' lang='lat' dir='ltr'><strong>expedientibus</strong></span> <span class='ocrx_word' id='word_1_199' title='bbox 1153 1789 1283 1835; x_wconf 78' lang='lat' dir='ltr'>primae</span> <span class='ocrx_word' id='word_1_200' title='bbox 1314 1791 1556 1831; x_wconf 84' lang='lat' dir='ltr'><strong>occurrerant,</strong></span> <span class='ocrx_word' id='word_1_201' title='bbox 1590 1788 1691 1824; x_wconf 86' lang='lat' dir='ltr'><strong>nudis</strong></span> 
     </span>
     <span class='ocr_line' id='line_1_23' title="bbox 215 1835 1690 1883; baseline -0.001 -12"><span class='ocrx_word' id='word_1_202' title='bbox 215 1838 381 1883; x_wconf 87' lang='lat' dir='ltr'><strong>pedibus,</strong></span> <span class='ocrx_word' id='word_1_203' title='bbox 414 1837 475 1871; x_wconf 90' lang='lat' dir='ltr'><strong>sub</strong></span> <span class='ocrx_word' id='word_1_204' title='bbox 499 1836 606 1871; x_wconf 89' lang='lat' dir='ltr'><strong>oculis</strong></span> <span class='ocrx_word' id='word_1_205' title='bbox 630 1836 833 1876; x_wconf 90' lang='lat' dir='ltr'><strong>multorum,</strong></span> <span class='ocrx_word' id='word_1_206' title='bbox 865 1836 908 1869; x_wconf 89' lang='lat' dir='ltr'><strong>ad</strong></span> <span class='ocrx_word' id='word_1_207' title='bbox 932 1836 1139 1880; x_wconf 89' lang='lat' dir='ltr'><strong>propinquos</strong></span> <span class='ocrx_word' id='word_1_208' title='bbox 1161 1835 1474 1879; x_wconf 86' lang='lat' dir='ltr'><strong>ignominiosissime</strong></span> <span class='ocrx_word' id='word_1_209' title='bbox 1496 1836 1690 1871; x_wconf 84' lang='lat' dir='ltr'><strong>cursabant.</strong></span> 
     </span>
     <span class='ocr_line' id='line_1_24' title="bbox 216 1880 1691 1928; baseline -0.001 -11"><span class='ocrx_word' id='word_1_210' title='bbox 216 1888 255 1918; x_wconf 82' lang='lat' dir='ltr'><strong>et</strong></span> <span class='ocrx_word' id='word_1_211' title='bbox 287 1893 414 1928; x_wconf 83' lang='lat' dir='ltr'><strong>poenas</strong></span> <span class='ocrx_word' id='word_1_212' title='bbox 447 1883 579 1917; x_wconf 89' lang='lat' dir='ltr'><strong>omnino</strong></span> <span class='ocrx_word' id='word_1_213' title='bbox 610 1893 739 1928; x_wconf 87' lang='lat' dir='ltr'><strong>aequas</strong></span> <span class='ocrx_word' id='word_1_214' title='bbox 772 1881 853 1918; x_wconf 72' lang='lat' dir='ltr'><strong>Itali</strong></span> <span class='ocrx_word' id='word_1_215' title='bbox 886 1882 1053 1915; x_wconf 87' lang='lat' dir='ltr'><strong>dederunt</strong></span> <span class='ocrx_word' id='word_1_216' title='bbox 1087 1893 1200 1915; x_wconf 85' lang='lat' dir='ltr'><strong>earum</strong></span> <span class='ocrx_word' id='word_1_217' title='bbox 1235 1881 1430 1916; x_wconf 86' lang='lat' dir='ltr'><strong>iniuriarum</strong></span> <span class='ocrx_word' id='word_1_218' title='bbox 1465 1880 1588 1926; x_wconf 84' lang='lat' dir='ltr'><strong>quibus</strong></span> <span class='ocrx_word' id='word_1_219' title='bbox 1611 1881 1691 1915; x_wconf 87' lang='lat' dir='ltr'><strong>olim</strong></span> 
     </span>
     <span class='ocr_line' id='line_1_25' title="bbox 215 1926 1689 1964; baseline -0.001 0"><span class='ocrx_word' id='word_1_220' title='bbox 215 1929 386 1964; x_wconf 87' lang='lat' dir='ltr'><strong>Romanos</strong></span> <span class='ocrx_word' id='word_1_221' title='bbox 415 1928 615 1964; x_wconf 83' lang='lat' dir='ltr'><strong>affecerant.</strong></span> <span class='ocrx_word' id='word_1_222' title='bbox 642 1955 644 1958; x_wconf 48' lang='lat'>&gt;</span> <span class='ocrx_word' id='word_1_223' title='bbox 662 1928 760 1963; x_wconf 89' lang='lat' dir='ltr'><strong>simul</strong></span> <span class='ocrx_word' id='word_1_224' title='bbox 782 1927 884 1962; x_wconf 89' lang='lat' dir='ltr'><strong>etiam</strong></span> <span class='ocrx_word' id='word_1_225' title='bbox 907 1927 1016 1961; x_wconf 87' lang='lat' dir='ltr'><strong>veteri</strong></span> <span class='ocrx_word' id='word_1_226' title='bbox 1047 1929 1186 1962; x_wconf 87' lang='lat' dir='ltr'><strong>oraculo</strong></span> <span class='ocrx_word' id='word_1_227' title='bbox 1208 1939 1270 1961; x_wconf 86' lang='lat' dir='ltr'><strong>sua</strong></span> <span class='ocrx_word' id='word_1_228' title='bbox 1292 1927 1379 1961; x_wconf 86' lang='lat' dir='ltr'><strong>fides</strong></span> <span class='ocrx_word' id='word_1_229' title='bbox 1403 1926 1568 1961; x_wconf 87' lang='lat' dir='ltr'><strong>constitit.</strong></span> <span class='ocrx_word' id='word_1_230' title='bbox 1615 1926 1689 1963; x_wconf 72' lang='lat' dir='ltr'><strong>eius</strong></span> 
     </span>
     <span class='ocr_line' id='line_1_26' title="bbox 215 1972 1690 2019; baseline -0.001 -10"><span class='ocrx_word' id='word_1_231' title='bbox 215 1975 301 2009; x_wconf 88' lang='lat' dir='ltr'><strong>haec</strong></span> <span class='ocrx_word' id='word_1_232' title='bbox 330 1980 427 2009; x_wconf 88' lang='lat' dir='ltr'><strong>erant</strong></span> <span class='ocrx_word' id='word_1_233' title='bbox 455 1975 563 2009; x_wconf 78' lang='lat' dir='ltr'><strong>verba</strong></span> <span class='ocrx_word' id='word_1_234' title='bbox 599 1973 794 2016; x_wconf 84' lang='lat' dir='ltr'><strong>“Alexius,</strong></span> <span class='ocrx_word' id='word_1_235' title='bbox 830 1973 1037 2018; x_wconf 85' lang='lat' dir='ltr'><strong>Alexopulus</strong></span> <span class='ocrx_word' id='word_1_236' title='bbox 1068 1976 1104 2007; x_wconf 84' lang='lat' dir='ltr'><strong>et</strong></span> <span class='ocrx_word' id='word_1_237' title='bbox 1133 1985 1237 2019; x_wconf 84' lang='lat' dir='ltr'><strong>super</strong></span> <span class='ocrx_word' id='word_1_238' title='bbox 1259 1974 1320 2007; x_wconf 86' lang='lat' dir='ltr'><strong>hos</strong></span> <span class='ocrx_word' id='word_1_239' title='bbox 1344 1972 1606 2008; x_wconf 84' lang='lat' dir='ltr'><strong>Cutritzaces.&#39;&#39;</strong></span> <span class='ocrx_word' id='word_1_240' title='bbox 1651 1972 1690 2008; x_wconf 87' lang='lat' dir='ltr'><strong>id</strong></span> 
     </span>
     <span class='ocr_line' id='line_1_27' title="bbox 216 2018 1690 2066; baseline -0.001 -10"><span class='ocrx_word' id='word_1_241' title='bbox 216 2033 282 2066; x_wconf 83' lang='lat' dir='ltr'><strong>ego</strong></span> <span class='ocrx_word' id='word_1_242' title='bbox 305 2020 403 2055; x_wconf 88' lang='lat' dir='ltr'><strong>huius</strong></span> <span class='ocrx_word' id='word_1_243' title='bbox 426 2019 592 2055; x_wconf 77' lang='lat' dir='ltr'><strong>historiae</strong></span> <span class='ocrx_word' id='word_1_244' title='bbox 613 2022 782 2066; x_wconf 78' lang='lat' dir='ltr'><strong>scriptor,</strong></span> <span class='ocrx_word' id='word_1_245' title='bbox 806 2025 988 2064; x_wconf 79' lang='lat' dir='ltr'><strong>antequam</strong></span> <span class='ocrx_word' id='word_1_246' title='bbox 1011 2019 1093 2053; x_wconf 89' lang='lat' dir='ltr'><strong>urbs</strong></span> <span class='ocrx_word' id='word_1_247' title='bbox 1116 2025 1316 2064; x_wconf 87' lang='lat' dir='ltr'><strong>caperetur,</strong></span> <span class='ocrx_word' id='word_1_248' title='bbox 1341 2019 1473 2054; x_wconf 84' lang='lat' dir='ltr'><strong>memini</strong></span> <span class='ocrx_word' id='word_1_249' title='bbox 1494 2030 1548 2052; x_wconf 89' lang='lat' dir='ltr'><strong>me</strong></span> <span class='ocrx_word' id='word_1_250' title='bbox 1571 2018 1690 2054; x_wconf 75' lang='lat' dir='ltr'><strong>audire</strong></span> 
     </span>
     <span class='ocr_line' id='line_1_28' title="bbox 217 2065 1690 2113; baseline -0.001 -12"><span class='ocrx_word' id='word_1_251' title='bbox 217 2078 261 2101; x_wconf 87' lang='lat' dir='ltr'><strong>ex</strong></span> <span class='ocrx_word' id='word_1_252' title='bbox 284 2073 384 2113; x_wconf 86' lang='lat' dir='ltr'><strong>patre</strong></span> <span class='ocrx_word' id='word_1_253' title='bbox 406 2078 479 2101; x_wconf 88' lang='lat' dir='ltr'><strong>meo</strong></span> <span class='ocrx_word' id='word_1_254' title='bbox 503 2078 578 2101; x_wconf 86' lang='lat' dir='ltr'><strong>cum</strong></span> <span class='ocrx_word' id='word_1_255' title='bbox 601 2066 666 2101; x_wconf 85' lang='lat' dir='ltr'><strong>alio</strong></span> <span class='ocrx_word' id='word_1_256' title='bbox 689 2066 836 2112; x_wconf 86' lang='lat' dir='ltr'><strong>quodam</strong></span> <span class='ocrx_word' id='word_1_257' title='bbox 859 2065 903 2100; x_wconf 91' lang='lat' dir='ltr'><strong>de</strong></span> <span class='ocrx_word' id='word_1_258' title='bbox 926 2065 977 2099; x_wconf 82' lang='lat' dir='ltr'><strong>his</strong></span> <span class='ocrx_word' id='word_1_259' title='bbox 1001 2069 1127 2110; x_wconf 82' lang='lat' dir='ltr'><strong>agente</strong></span> <span class='ocrx_word' id='word_1_260' title='bbox 1150 2069 1186 2099; x_wconf 87' lang='lat' dir='ltr'><strong>et</strong></span> <span class='ocrx_word' id='word_1_261' title='bbox 1208 2065 1406 2099; x_wconf 79' lang='lat' dir='ltr'><strong>vaticinium</strong></span> <span class='ocrx_word' id='word_1_262' title='bbox 1422 2065 1569 2100; x_wconf 80' lang='lat' dir='ltr'><strong>nondum</strong></span> <span class='ocrx_word' id='word_1_263' title='bbox 1585 2076 1690 2100; x_wconf 86' lang='lat' dir='ltr'><strong>even-</strong></span> 
     </span>
     <span class='ocr_line' id='line_1_29' title="bbox 217 2110 1690 2157; baseline -0.001 -9"><span class='ocrx_word' id='word_1_264' title='bbox 217 2117 256 2148; x_wconf 85' lang='lat' dir='ltr'><strong>tu</strong></span> <span class='ocrx_word' id='word_1_265' title='bbox 290 2115 464 2157; x_wconf 84' lang='lat' dir='ltr'><strong>patratum</strong></span> <span class='ocrx_word' id='word_1_266' title='bbox 494 2112 670 2148; x_wconf 74' lang='lat' dir='ltr'><strong>recitante.</strong></span> <span class='ocrx_word' id='word_1_267' title='bbox 717 2124 791 2146; x_wconf 87' lang='lat' dir='ltr'><strong>cum</strong></span> <span class='ocrx_word' id='word_1_268' title='bbox 815 2110 902 2146; x_wconf 81' lang='lat' dir='ltr'><strong>enim</strong></span> <span class='ocrx_word' id='word_1_269' title='bbox 927 2112 1025 2146; x_wconf 87' lang='lat' dir='ltr'><strong>ambo</strong></span> <span class='ocrx_word' id='word_1_270' title='bbox 1048 2111 1096 2145; x_wconf 85' lang='lat' dir='ltr'><strong>illi</strong></span> <span class='ocrx_word' id='word_1_271' title='bbox 1121 2110 1488 2156; x_wconf 79' lang='lat' dir='ltr'><strong>constantinopolitani</strong></span> <span class='ocrx_word' id='word_1_272' title='bbox 1514 2111 1609 2145; x_wconf 86' lang='lat' dir='ltr'><strong>cives</strong></span> <span class='ocrx_word' id='word_1_273' title='bbox 1632 2122 1690 2146; x_wconf 81' lang='lat' dir='ltr'><strong>es-</strong></span> 
     </span>
     <span class='ocr_line' id='line_1_30' title="bbox 218 2156 1689 2204; baseline -0.001 -12"><span class='ocrx_word' id='word_1_274' title='bbox 218 2162 295 2193; x_wconf 88' lang='lat' dir='ltr'><strong>sent</strong></span> <span class='ocrx_word' id='word_1_275' title='bbox 317 2162 354 2192; x_wconf 90' lang='lat' dir='ltr'><strong>et</strong></span> <span class='ocrx_word' id='word_1_276' title='bbox 376 2158 515 2193; x_wconf 87' lang='lat' dir='ltr'><strong>exulare</strong></span> <span class='ocrx_word' id='word_1_277' title='bbox 538 2162 759 2204; x_wconf 81' lang='lat' dir='ltr'><strong>cogerentur,</strong></span> <span class='ocrx_word' id='word_1_278' title='bbox 796 2157 947 2203; x_wconf 80' lang='lat' dir='ltr'><strong>patriae,</strong></span> <span class='ocrx_word' id='word_1_279' title='bbox 979 2161 1019 2191; x_wconf 87' lang='lat' dir='ltr'><strong>ut</strong></span> <span class='ocrx_word' id='word_1_280' title='bbox 1040 2157 1101 2200; x_wconf 91' lang='lat' dir='ltr'><strong>fit,</strong></span> <span class='ocrx_word' id='word_1_281' title='bbox 1134 2157 1304 2191; x_wconf 83' lang='lat' dir='ltr'><strong>desiderio</strong></span> <span class='ocrx_word' id='word_1_282' title='bbox 1329 2156 1530 2203; x_wconf 79' lang='lat' dir='ltr'><strong>prophetias</strong></span> <span class='ocrx_word' id='word_1_283' title='bbox 1553 2161 1689 2191; x_wconf 89' lang='lat' dir='ltr'><strong>scruta-</strong></span> 
     </span>
     <span class='ocr_line' id='line_1_31' title="bbox 218 2203 1690 2250; baseline -0.001 -12"><span class='ocrx_word' id='word_1_284' title='bbox 218 2205 366 2248; x_wconf 82' lang='lat' dir='ltr'><strong>bantur,</strong></span> <span class='ocrx_word' id='word_1_285' title='bbox 401 2204 429 2238; x_wconf 89' lang='lat' dir='ltr'><strong>si</strong></span> <span class='ocrx_word' id='word_1_286' title='bbox 459 2216 547 2250; x_wconf 85' lang='lat' dir='ltr'><strong>quae</strong></span> <span class='ocrx_word' id='word_1_287' title='bbox 582 2204 873 2250; x_wconf 85' lang='lat' dir='ltr'><strong>recuperationem</strong></span> <span class='ocrx_word' id='word_1_288' title='bbox 906 2203 999 2237; x_wconf 85' lang='lat' dir='ltr'><strong>urbis</strong></span> <span class='ocrx_word' id='word_1_289' title='bbox 1031 2204 1146 2248; x_wconf 82' lang='lat' dir='ltr'><strong>regiae</strong></span> <span class='ocrx_word' id='word_1_290' title='bbox 1168 2204 1417 2249; x_wconf 85' lang='lat' dir='ltr'><strong>promitterent.</strong></span> <span class='ocrx_word' id='word_1_291' title='bbox 1464 2206 1690 2237; x_wconf 80' lang='lat' dir='ltr'><strong>versabantur</strong></span> 
     </span>
     <span class='ocr_line' id='line_1_32' title="bbox 218 2248 1690 2297; baseline -0.001 -13"><span class='ocrx_word' id='word_1_292' title='bbox 218 2255 331 2284; x_wconf 87' lang='lat' dir='ltr'><strong>autem</strong></span> <span class='ocrx_word' id='word_1_293' title='bbox 351 2250 386 2284; x_wconf 87' lang='lat' dir='ltr'><strong>in</strong></span> <span class='ocrx_word' id='word_1_294' title='bbox 410 2261 452 2285; x_wconf 87' lang='lat' dir='ltr'><strong>ea</strong></span> <span class='ocrx_word' id='word_1_295' title='bbox 475 2251 721 2297; x_wconf 85' lang='lat' dir='ltr'><strong>conquisitione</strong></span> <span class='ocrx_word' id='word_1_296' title='bbox 744 2261 806 2296; x_wconf 84' lang='lat' dir='ltr'><strong>per</strong></span> <span class='ocrx_word' id='word_1_297' title='bbox 829 2253 960 2284; x_wconf 89' lang='lat' dir='ltr'><strong>noctem</strong></span> <span class='ocrx_word' id='word_1_298' title='bbox 991 2261 1045 2284; x_wconf 90' lang='lat' dir='ltr'><strong>me</strong></span> <span class='ocrx_word' id='word_1_299' title='bbox 1075 2250 1170 2295; x_wconf 88' lang='lat' dir='ltr'><strong>ipso,</strong></span> <span class='ocrx_word' id='word_1_300' title='bbox 1205 2249 1265 2294; x_wconf 92' lang='lat' dir='ltr'><strong>qui</strong></span> <span class='ocrx_word' id='word_1_301' title='bbox 1295 2249 1382 2284; x_wconf 88' lang='lat' dir='ltr'><strong>haec</strong></span> <span class='ocrx_word' id='word_1_302' title='bbox 1410 2248 1546 2290; x_wconf 78' lang='lat' dir='ltr'><strong>scribo,</strong></span> <span class='ocrx_word' id='word_1_303' title='bbox 1579 2250 1690 2284; x_wconf 83' lang='lat' dir='ltr'><strong>facem</strong></span> 
     </span>
     <span class='ocr_line' id='line_1_33' title="bbox 218 2293 1690 2341; baseline -0.002 -11"><span class='ocrx_word' id='word_1_304' title='bbox 218 2296 305 2341; x_wconf 85' lang='lat' dir='ltr'><strong>ipsis</strong></span> <span class='ocrx_word' id='word_1_305' title='bbox 329 2307 482 2338; x_wconf 87' lang='lat' dir='ltr'><strong>ceream,</strong></span> <span class='ocrx_word' id='word_1_306' title='bbox 516 2298 560 2332; x_wconf 82' lang='lat' dir='ltr'><strong>ad</strong></span> <span class='ocrx_word' id='word_1_307' title='bbox 584 2296 680 2331; x_wconf 87' lang='lat' dir='ltr'><strong>cuius</strong></span> <span class='ocrx_word' id='word_1_308' title='bbox 710 2297 820 2330; x_wconf 90' lang='lat' dir='ltr'><strong>lumen</strong></span> <span class='ocrx_word' id='word_1_309' title='bbox 842 2296 1087 2337; x_wconf 85' lang='lat' dir='ltr'><strong>lucubrabant,</strong></span> <span class='ocrx_word' id='word_1_310' title='bbox 1124 2295 1391 2341; x_wconf 86' lang='lat' dir='ltr'><strong>praetendente,</strong></span> <span class='ocrx_word' id='word_1_311' title='bbox 1427 2306 1469 2329; x_wconf 87' lang='lat' dir='ltr'><strong>ac</strong></span> <span class='ocrx_word' id='word_1_312' title='bbox 1490 2293 1541 2328; x_wconf 86' lang='lat' dir='ltr'><strong>sic</strong></span> <span class='ocrx_word' id='word_1_313' title='bbox 1563 2305 1585 2328; x_wconf 87' lang='lat' dir='ltr'><strong>e</strong></span> <span class='ocrx_word' id='word_1_314' title='bbox 1607 2305 1690 2340; x_wconf 83' lang='lat' dir='ltr'><strong>pro-</strong></span> 
     </span>
     <span class='ocr_line' id='line_1_34' title="bbox 219 2341 1690 2388; baseline -0.001 -13"><span class='ocrx_word' id='word_1_315' title='bbox 219 2342 343 2387; x_wconf 88' lang='lat' dir='ltr'><strong>pinquo</strong></span> <span class='ocrx_word' id='word_1_316' title='bbox 367 2342 525 2377; x_wconf 84' lang='lat' dir='ltr'><strong>audiente</strong></span> <span class='ocrx_word' id='word_1_317' title='bbox 548 2352 637 2388; x_wconf 81' lang='lat' dir='ltr'><strong>quae</strong></span> <span class='ocrx_word' id='word_1_318' title='bbox 657 2343 747 2377; x_wconf 89' lang='lat' dir='ltr'><strong>inter</strong></span> <span class='ocrx_word' id='word_1_319' title='bbox 769 2353 846 2377; x_wconf 82' lang='lat' dir='ltr'><strong>sese</strong></span> <span class='ocrx_word' id='word_1_320' title='bbox 867 2341 1097 2386; x_wconf 83' lang='lat' dir='ltr'><strong>loquerentur.</strong></span> <span class='ocrx_word' id='word_1_321' title='bbox 1144 2341 1385 2386; x_wconf 80' lang='lat' dir='ltr'><strong>significabant</strong></span> <span class='ocrx_word' id='word_1_322' title='bbox 1406 2346 1540 2383; x_wconf 82' lang='lat' dir='ltr'><strong>autem,</strong></span> <span class='ocrx_word' id='word_1_323' title='bbox 1580 2351 1690 2385; x_wconf 84' lang='lat' dir='ltr'><strong>quan-</strong></span> 
     </span>
     <span class='ocr_line' id='line_1_35' title="bbox 218 2385 1689 2434; baseline -0.001 -13"><span class='ocrx_word' id='word_1_324' title='bbox 218 2393 290 2421; x_wconf 87' lang='lat' dir='ltr'><strong>tum</strong></span> <span class='ocrx_word' id='word_1_325' title='bbox 315 2388 495 2429; x_wconf 86' lang='lat' dir='ltr'><strong>recordor,</strong></span> <span class='ocrx_word' id='word_1_326' title='bbox 520 2393 727 2434; x_wconf 85' lang='lat' dir='ltr'><strong>compertum</strong></span> <span class='ocrx_word' id='word_1_327' title='bbox 749 2387 836 2430; x_wconf 87' lang='lat' dir='ltr'><strong>sibi,</strong></span> <span class='ocrx_word' id='word_1_328' title='bbox 859 2399 902 2422; x_wconf 80' lang='lat' dir='ltr'><strong>ex</strong></span> <span class='ocrx_word' id='word_1_329' title='bbox 923 2387 992 2422; x_wconf 81' lang='lat' dir='ltr'><strong>isto</strong></span> <span class='ocrx_word' id='word_1_330' title='bbox 1014 2386 1174 2422; x_wconf 87' lang='lat' dir='ltr'><strong>videlicet</strong></span> <span class='ocrx_word' id='word_1_331' title='bbox 1197 2387 1375 2430; x_wconf 86' lang='lat' dir='ltr'><strong>vaticinio,</strong></span> <span class='ocrx_word' id='word_1_332' title='bbox 1399 2385 1598 2431; x_wconf 83' lang='lat' dir='ltr'><strong>capiendam</strong></span> <span class='ocrx_word' id='word_1_333' title='bbox 1622 2385 1689 2420; x_wconf 82' lang='lat' dir='ltr'><strong>ali-</strong></span> 
     </span>
     <span class='ocr_line' id='line_1_36' title="bbox 219 2431 1690 2480; baseline -0.001 -13"><span class='ocrx_word' id='word_1_334' title='bbox 219 2433 355 2479; x_wconf 89' lang='lat' dir='ltr'><strong>quando</strong></span> <span class='ocrx_word' id='word_1_335' title='bbox 380 2433 724 2480; x_wconf 82' lang='lat' dir='ltr'><strong>Constantinopolim:</strong></span> <span class='ocrx_word' id='word_1_336' title='bbox 753 2434 820 2469; x_wconf 77' lang='lat' dir='ltr'><strong>sed.</strong></span> <span class='ocrx_word' id='word_1_337' title='bbox 836 2433 872 2468; x_wconf 85' lang='lat' dir='ltr'><strong>id</strong></span> <span class='ocrx_word' id='word_1_338' title='bbox 894 2433 1084 2468; x_wconf 82' lang='lat' dir='ltr'><strong>faciendum</strong></span> <span class='ocrx_word' id='word_1_339' title='bbox 1108 2433 1333 2478; x_wconf 83' lang='lat' dir='ltr'><strong>opinabantur</strong></span> <span class='ocrx_word' id='word_1_340' title='bbox 1353 2445 1375 2468; x_wconf 85' lang='lat' dir='ltr'><strong>a</strong></span> <span class='ocrx_word' id='word_1_341' title='bbox 1397 2432 1543 2478; x_wconf 86' lang='lat' dir='ltr'><strong>quodam</strong></span> <span class='ocrx_word' id='word_1_342' title='bbox 1567 2431 1690 2466; x_wconf 76' lang='lat' dir='ltr'><strong>deinde</strong></span> 
     </span>
     <span class='ocr_line' id='line_1_37' title="bbox 218 2476 1688 2525; baseline 0.001 -13"><span class='ocrx_word' id='word_1_343' title='bbox 218 2483 405 2523; x_wconf 83' lang='lat' dir='ltr'><strong>regnaturo</strong></span> <span class='ocrx_word' id='word_1_344' title='bbox 426 2480 652 2525; x_wconf 88' lang='lat' dir='ltr'><strong>imperatore,</strong></span> <span class='ocrx_word' id='word_1_345' title='bbox 686 2481 818 2516; x_wconf 89' lang='lat' dir='ltr'><strong>nomine</strong></span> <span class='ocrx_word' id='word_1_346' title='bbox 839 2479 979 2524; x_wconf 83' lang='lat' dir='ltr'><strong>Alexio,</strong></span> <span class='ocrx_word' id='word_1_347' title='bbox 1004 2480 1246 2514; x_wconf 79' lang='lat' dir='ltr'><strong>adiuvantibus</strong></span> <span class='ocrx_word' id='word_1_348' title='bbox 1268 2479 1333 2514; x_wconf 88' lang='lat' dir='ltr'><strong>illis</strong></span> <span class='ocrx_word' id='word_1_349' title='bbox 1356 2478 1431 2514; x_wconf 88' lang='lat' dir='ltr'><strong>aliis</strong></span> <span class='ocrx_word' id='word_1_350' title='bbox 1453 2482 1532 2523; x_wconf 82' lang='lat' dir='ltr'><strong>post</strong></span> <span class='ocrx_word' id='word_1_351' title='bbox 1554 2488 1630 2512; x_wconf 88' lang='lat' dir='ltr'><strong>eum</strong></span> <span class='ocrx_word' id='word_1_352' title='bbox 1652 2476 1688 2513; x_wconf 80' lang='lat' dir='ltr'><strong>in</strong></span> 
     </span>
     <span class='ocr_line' id='line_1_38' title="bbox 217 2525 1689 2571; baseline -0.001 -12"><span class='ocrx_word' id='word_1_353' title='bbox 217 2527 355 2559; x_wconf 89' lang='lat' dir='ltr'><strong>oraculo</strong></span> <span class='ocrx_word' id='word_1_354' title='bbox 379 2525 561 2571; x_wconf 80' lang='lat' dir='ltr'><strong>expressis.</strong></span> <span class='ocrx_word' id='word_1_355' title='bbox 607 2531 779 2562; x_wconf 87' lang='lat' dir='ltr'><strong>caeterum</strong></span> <span class='ocrx_word' id='word_1_356' title='bbox 810 2530 956 2561; x_wconf 79' lang='lat' dir='ltr'><strong>eventus</strong></span> <span class='ocrx_word' id='word_1_357' title='bbox 988 2526 1106 2560; x_wconf 89' lang='lat' dir='ltr'><strong>docuit</strong></span> <span class='ocrx_word' id='word_1_358' title='bbox 1127 2537 1194 2560; x_wconf 85' lang='lat' dir='ltr'><strong>non</strong></span> <span class='ocrx_word' id='word_1_359' title='bbox 1215 2526 1454 2571; x_wconf 81' lang='lat' dir='ltr'><strong>imperatorem</strong></span> <span class='ocrx_word' id='word_1_360' title='bbox 1475 2527 1689 2569; x_wconf 80' lang='lat' dir='ltr'><strong>expugnato-</strong></span> 
     </span>
     <span class='ocr_line' id='line_1_39' title="bbox 218 2569 1688 2617; baseline -0.001 -12"><span class='ocrx_word' id='word_1_361' title='bbox 218 2582 291 2605; x_wconf 89' lang='lat' dir='ltr'><strong>rem</strong></span> <span class='ocrx_word' id='word_1_362' title='bbox 314 2571 430 2612; x_wconf 89' lang='lat' dir='ltr'><strong>urbis,</strong></span> <span class='ocrx_word' id='word_1_363' title='bbox 464 2571 524 2605; x_wconf 86' lang='lat' dir='ltr'><strong>sed</strong></span> <span class='ocrx_word' id='word_1_364' title='bbox 548 2571 731 2606; x_wconf 83' lang='lat' dir='ltr'><strong>Caesarem</strong></span> <span class='ocrx_word' id='word_1_365' title='bbox 753 2572 907 2606; x_wconf 83' lang='lat' dir='ltr'><strong>Alexium</strong></span> <span class='ocrx_word' id='word_1_366' title='bbox 932 2573 1107 2614; x_wconf 79' lang='lat' dir='ltr'><strong>futurum;</strong></span> <span class='ocrx_word' id='word_1_367' title='bbox 1139 2571 1323 2617; x_wconf 86' lang='lat' dir='ltr'><strong>Alexopuli</strong></span> <span class='ocrx_word' id='word_1_368' title='bbox 1343 2575 1456 2606; x_wconf 83' lang='lat' dir='ltr'><strong>autem</strong></span> <span class='ocrx_word' id='word_1_369' title='bbox 1478 2569 1611 2604; x_wconf 85' lang='lat' dir='ltr'><strong>nomine</strong></span> <span class='ocrx_word' id='word_1_370' title='bbox 1632 2569 1688 2604; x_wconf 83' lang='lat' dir='ltr'><strong>in-</strong></span> 
     </span>
     <span class='ocr_line' id='line_1_40' title="bbox 221 2615 1689 2664; baseline -0.001 -14"><span class='ocrx_word' id='word_1_371' title='bbox 221 2617 369 2651; x_wconf 81' lang='lat' dir='ltr'><strong>dicatum</strong></span> <span class='ocrx_word' id='word_1_372' title='bbox 400 2617 446 2650; x_wconf 89' lang='lat' dir='ltr'><strong>ibi</strong></span> <span class='ocrx_word' id='word_1_373' title='bbox 478 2617 629 2652; x_wconf 82' lang='lat' dir='ltr'><strong>Alexium</strong></span> <span class='ocrx_word' id='word_1_374' title='bbox 659 2618 844 2659; x_wconf 89' lang='lat' dir='ltr'><strong>iuniorem,</strong></span> <span class='ocrx_word' id='word_1_375' title='bbox 879 2617 1004 2662; x_wconf 87' lang='lat' dir='ltr'><strong>prioris</strong></span> <span class='ocrx_word' id='word_1_376' title='bbox 1037 2618 1246 2664; x_wconf 72' lang='lat' dir='ltr'><strong>patruelem,</strong></span> <span class='ocrx_word' id='word_1_377' title='bbox 1278 2617 1338 2663; x_wconf 87' lang='lat' dir='ltr'><strong>qui</strong></span> <span class='ocrx_word' id='word_1_378' title='bbox 1369 2615 1508 2652; x_wconf 82' lang='lat' dir='ltr'><strong>multum</strong></span> <span class='ocrx_word' id='word_1_379' title='bbox 1533 2615 1579 2650; x_wconf 84' lang='lat' dir='ltr'><strong>ad</strong></span> <span class='ocrx_word' id='word_1_380' title='bbox 1601 2615 1689 2649; x_wconf 85' lang='lat' dir='ltr'><strong>hanc</strong></span> 
     </span>
     <span class='ocr_line' id='line_1_41' title="bbox 219 2661 1687 2706; baseline 0 -10"><span class='ocrx_word' id='word_1_381' title='bbox 219 2673 292 2697; x_wconf 88' lang='lat' dir='ltr'><strong>rem</strong></span> <span class='ocrx_word' id='word_1_382' title='bbox 327 2662 490 2705; x_wconf 88' lang='lat' dir='ltr'><strong>contulit,</strong></span> <span class='ocrx_word' id='word_1_383' title='bbox 522 2663 572 2698; x_wconf 85' lang='lat' dir='ltr'><strong>uti</strong></span> <span class='ocrx_word' id='word_1_384' title='bbox 603 2668 640 2698; x_wconf 90' lang='lat' dir='ltr'><strong>et</strong></span> <span class='ocrx_word' id='word_1_385' title='bbox 670 2664 758 2698; x_wconf 87' lang='lat' dir='ltr'><strong>inter</strong></span> <span class='ocrx_word' id='word_1_386' title='bbox 788 2663 996 2699; x_wconf 82' lang='lat' dir='ltr'><strong>voluntarios</strong></span> <span class='ocrx_word' id='word_1_387' title='bbox 1024 2664 1274 2698; x_wconf 87' lang='lat' dir='ltr'><strong>existimatione</strong></span> <span class='ocrx_word' id='word_1_388' title='bbox 1296 2667 1333 2698; x_wconf 88' lang='lat' dir='ltr'><strong>et</strong></span> <span class='ocrx_word' id='word_1_389' title='bbox 1355 2661 1564 2698; x_wconf 85' lang='lat' dir='ltr'><strong>auctoritate</strong></span> <span class='ocrx_word' id='word_1_390' title='bbox 1586 2672 1687 2706; x_wconf 83' lang='lat' dir='ltr'><strong>prae-</strong></span> 
     </span>
     <span class='ocr_line' id='line_1_42' title="bbox 221 2706 1689 2788; baseline -0.001 -46"><span class='ocrx_word' id='word_1_391' title='bbox 221 2713 317 2742; x_wconf 85' lang='lat' dir='ltr'><strong>stans</strong></span> <span class='ocrx_word' id='word_1_392' title='bbox 342 2708 580 2788; x_wconf 50' lang='lat' dir='ltr'><strong>Cutritizaces,</strong></span> <span class='ocrx_word' id='word_1_393' title='bbox 614 2709 741 2756; x_wconf 87' lang='lat' dir='ltr'><strong>primus</strong></span> <span class='ocrx_word' id='word_1_394' title='bbox 763 2715 883 2744; x_wconf 87' lang='lat' dir='ltr'><strong>auctor</strong></span> <span class='ocrx_word' id='word_1_395' title='bbox 906 2709 1039 2744; x_wconf 86' lang='lat' dir='ltr'><strong>consilii</strong></span> <span class='ocrx_word' id='word_1_396' title='bbox 1061 2710 1107 2745; x_wconf 88' lang='lat' dir='ltr'><strong>de</strong></span> <span class='ocrx_word' id='word_1_397' title='bbox 1128 2709 1222 2745; x_wconf 87' lang='lat' dir='ltr'><strong>urbis</strong></span> <span class='ocrx_word' id='word_1_398' title='bbox 1245 2707 1495 2755; x_wconf 82' lang='lat' dir='ltr'><strong>expugnatione</strong></span> <span class='ocrx_word' id='word_1_399' title='bbox 1516 2706 1578 2742; x_wconf 82' lang='lat' dir='ltr'><strong>tali</strong></span> <span class='ocrx_word' id='word_1_400' title='bbox 1600 2712 1689 2742; x_wconf 86' lang='lat' dir='ltr'><strong>tem-</strong></span> 
     </span>
     <span class='ocr_line' id='line_1_43' title="bbox 246 2758 764 2789; baseline 0.004 -1"><span class='ocrx_word' id='word_1_401' title='bbox 246 2766 305 2789; x_wconf 91' lang='lat' dir='ltr'><strong>ore</strong></span> <span class='ocrx_word' id='word_1_402' title='bbox 327 2758 446 2789; x_wconf 86' lang='lat' dir='ltr'><strong>teutan</strong></span> <span class='ocrx_word' id='word_1_403' title='bbox 470 2766 502 2789; x_wconf 87' lang='lat' dir='ltr'><strong>a.</strong></span> <span class='ocrx_word' id='word_1_404' title='bbox 761 2761 764 2766; x_wconf 85' lang='lat'><strong><em>&#39;</em></strong></span> 
     </span>
     <span class='ocr_line' id='line_1_44' title="bbox 221 2765 1688 2847; baseline -0.001 -13"><span class='ocrx_word' id='word_1_405' title='bbox 221 2765 244 2800; x_wconf 72' lang='lat' dir='ltr'><strong>p</strong></span> <span class='ocrx_word' id='word_1_406' title='bbox 315 2800 364 2834; x_wconf 78' lang='lat' dir='ltr'><strong>Ac</strong></span> <span class='ocrx_word' id='word_1_407' title='bbox 395 2800 569 2845; x_wconf 86' lang='lat' dir='ltr'><strong>negotium</strong></span> <span class='ocrx_word' id='word_1_408' title='bbox 599 2800 734 2847; x_wconf 87' lang='lat' dir='ltr'><strong>quidem</strong></span> <span class='ocrx_word' id='word_1_409' title='bbox 765 2801 1033 2847; x_wconf 84' lang='lat' dir='ltr'><strong>recuperationis</strong></span> <span class='ocrx_word' id='word_1_410' title='bbox 1064 2801 1213 2837; x_wconf 83' lang='lat' dir='ltr'><strong>civitatis</strong></span> <span class='ocrx_word' id='word_1_411' title='bbox 1242 2800 1362 2845; x_wconf 82' lang='lat' dir='ltr'><strong>regiae</strong></span> <span class='ocrx_word' id='word_1_412' title='bbox 1390 2800 1601 2834; x_wconf 84' lang='lat' dir='ltr'><strong>transactum</strong></span> <span class='ocrx_word' id='word_1_413' title='bbox 1623 2797 1688 2833; x_wconf 84' lang='lat' dir='ltr'><strong>hoc</strong></span> 
     </span>
     <span class='ocr_line' id='line_1_45' title="bbox 221 2843 1688 2892; baseline -0.001 -12"><span class='ocrx_word' id='word_1_414' title='bbox 221 2845 320 2880; x_wconf 86' lang='lat' dir='ltr'><strong>modo</strong></span> <span class='ocrx_word' id='word_1_415' title='bbox 353 2851 418 2881; x_wconf 86' lang='lat' dir='ltr'><strong>est.</strong></span> <span class='ocrx_word' id='word_1_416' title='bbox 464 2847 620 2892; x_wconf 87' lang='lat' dir='ltr'><strong>quoniam</strong></span> <span class='ocrx_word' id='word_1_417' title='bbox 651 2859 733 2882; x_wconf 87' lang='lat' dir='ltr'><strong>vero</strong></span> <span class='ocrx_word' id='word_1_418' title='bbox 763 2847 987 2882; x_wconf 83' lang='lat' dir='ltr'><strong>conveniebat</strong></span> <span class='ocrx_word' id='word_1_419' title='bbox 1017 2847 1184 2892; x_wconf 82' lang='lat' dir='ltr'><strong>divulgari</strong></span> <span class='ocrx_word' id='word_1_420' title='bbox 1213 2847 1299 2882; x_wconf 86' lang='lat' dir='ltr'><strong>facti</strong></span> <span class='ocrx_word' id='word_1_421' title='bbox 1327 2847 1451 2882; x_wconf 83' lang='lat' dir='ltr'><strong>famam</strong></span> <span class='ocrx_word' id='word_1_422' title='bbox 1475 2856 1517 2880; x_wconf 92' lang='lat' dir='ltr'><strong>eo</strong></span> <span class='ocrx_word' id='word_1_423' title='bbox 1541 2843 1688 2879; x_wconf 74' lang='lat' dir='ltr'><strong>celerius</strong></span> 
     </span>
     <span class='ocr_line' id='line_1_46' title="bbox 220 2891 1687 2938; baseline -0.001 -12"><span class='ocrx_word' id='word_1_424' title='bbox 220 2903 289 2936; x_wconf 88' lang='lat' dir='ltr'><strong>quo</strong></span> <span class='ocrx_word' id='word_1_425' title='bbox 320 2891 509 2928; x_wconf 84' lang='lat' dir='ltr'><strong>mirabilior</strong></span> <span class='ocrx_word' id='word_1_426' title='bbox 539 2905 595 2929; x_wconf 82' lang='lat' dir='ltr'><strong>res</strong></span> <span class='ocrx_word' id='word_1_427' title='bbox 626 2898 723 2938; x_wconf 86' lang='lat' dir='ltr'><strong>erat,</strong></span> <span class='ocrx_word' id='word_1_428' title='bbox 758 2893 871 2929; x_wconf 87' lang='lat' dir='ltr'><strong>obiter</strong></span> <span class='ocrx_word' id='word_1_429' title='bbox 901 2896 937 2928; x_wconf 87' lang='lat' dir='ltr'><strong>et</strong></span> <span class='ocrx_word' id='word_1_430' title='bbox 965 2894 1009 2930; x_wconf 81' lang='lat' dir='ltr'><strong>ab</strong></span> <span class='ocrx_word' id='word_1_431' title='bbox 1033 2893 1194 2930; x_wconf 85' lang='lat' dir='ltr'><strong>aliorsum</strong></span> <span class='ocrx_word' id='word_1_432' title='bbox 1217 2893 1326 2929; x_wconf 82' lang='lat' dir='ltr'><strong>missis</strong></span> <span class='ocrx_word' id='word_1_433' title='bbox 1348 2893 1536 2938; x_wconf 83' lang='lat' dir='ltr'><strong>expugnari</strong></span> <span class='ocrx_word' id='word_1_434' title='bbox 1559 2892 1687 2926; x_wconf 63' lang='lat' dir='ltr'><strong>mutarn</strong></span> 
     </span>
    </p>
   </div>
  </div>
 </body>
</html>
