1884 3262
446 189 522 232 DE
558 188 837 232 MICHAELE
869 187 1241 232 PALAEOLOGO
1274 189 1323 231 L.
1362 189 1438 232 VI.
1574 188 1674 235 449

217 299 382 357 σχόντες
407 299 572 350 σάκκοις
605 304 670 343 καὶ
702 306 776 355 τῆς
801 300 955 352 πόλεως
976 298 1214 356 ἐκβαλόντες
1235 298 1401 354 νυκτός,
1441 300 1558 345 αὐτοὶ
1577 302 1674 353 τούς

216 373 273 420 εἷς
293 367 429 413 ἰ’ίνεσιν
458 372 525 412 καὶ
555 370 715 426 τρυφὴν
737 374 818 412 τῶν
837 370 914 421 ἔξω
932 388 1012 412 που
1031 374 1107 425 τῆς
1134 367 1287 419 πόλεως
1307 367 1487 420 ἐξιόντας
1509 386 1672 426 σχημα-

215 437 420 492 τισάμενοι
444 438 522 480 ἆνὰ
542 435 692 491 κράτος
713 438 818 480 εὐθὺ
836 443 909 492 τῆς
926 436 1235 494 μεγαλοπόλεως
1253 434 1433 494 ἔφευγον.
1470 440 1536 482 καὶ
1557 443 1670 495 πρῶ-

214 525 287 549 τον
312 510 368 556 εἷς
387 507 676 561 ΙΙῙεσὲμβρειαν
695 505 774 548 vimi
792 511 991 564 βασιλικῷ
1009 504 1150 563 κόμπῳ
1169 508 1235 548 καὶ
1254 511 1390 562 τρυφῇ
1411 505 1665 563 φθάσαντες,
1689 514 1723 549 D

182 573 272 625 5055
294 575 353 629 μὴ
385 580 616 631 φωραθεῖεν
643 573 879 630 φεύγοντες,
916 573 1024 617 οὕτω
1055 571 1250 630 θαλάσσῃ
1272 579 1454 628 χρῶνται
1484 577 1551 617 καὶ
1580 580 1670 633 πλῷ

214 643 317 699 πρὸς
339 643 412 698 τὴν
433 642 562 686 πόλιν.
611 645 677 684 καὶ
702 643 751 696 δὴ
771 643 1054 697 καταχθέντας
1073 646 1124 699 τῇ
1142 641 1247 684 κατὰ
1266 641 1337 684 τὸν
1349 640 1575 685 Ἀνάπλουν
1595 647 1670 686 τοῦ

214 710 537 766 ἀρχιστρατήγου
559 716 664 767 μονῇ
690 711 758 766 ἐφ’
779 709 946 766 ἡμέραις
971 708 992 753 ὅ
1013 714 1174 764 κρατῶν
1196 709 1270 752 οὐκ
1288 710 1444 764 ἐδέχετο
1455 743 1468 763 ,
1506 713 1553 753 ἐν·
1570 711 1670 768 ὀργῇ

212 782 387 838 παντοίᾳ
406 779 478 834 τὴν
499 779 713 834 ἀποφυγὴν
735 776 998 831 ποιούμενος,
1026 781 1092 820 καὶ
1115 778 1161 821 τὸ
1182 783 1263 820 πᾶν
1284 779 1410 837 δειλίᾳ
1431 780 1497 820 καὶ
1519 797 1671 822 κακαν-

215 849 309 907 δρΙᾳ
330 847 488 890 ἐκείνων
505 849 665 902 κρίνων,
699 851 859 889 πολλῶν
880 845 1013 889 πόνων
1031 849 1097 889 καὶ
1114 845 1264 897 ἐξόδων
1282 844 1484 889 ἀπώλειαν
1501 849 1543 889 ἐν
1561 852 1670 904 βρα-

160 926 204 960 10
209 923 286 971 χεῖ.
357 913 411 965 ὥς
441 915 482 957 δ’
522 915 595 958 οὐκ
622 911 671 968 ἦν
694 915 741 957 τὸ
762 916 922 971 γεγονὸς
946 913 1226 966 ἀναλύεσθαι,
1265 915 1427 964 ἐκείνοις
1447 916 1520 969 μὲν
1543 917 1669 970 ἐκχω-

215 991 341 1039 ρεῖται
363 983 438 1037 τὴν
460 981 577 1025 πόλιν
596 981 858 1032 εἰσελθόντας
885 987 943 1040 τῷ
964 987 1129 1036 βασιλεῖ
1144 984 1462 1038 ἐμφανίζεσθαι,
1496 981 1518 1026 ὅ
1551 984 1601 1026 δέ
1623 1001 1666 1040 γε
1692 994 1721 1029 P
1745 997 1812 1032 307

217 1056 414 1107 Τερτερῆς
437 1049 587 1106 ἐρήμης
607 1052 835 1104 βασιλείας,
865 1049 1072 1094 θελόντων
1093 1052 1159 1092 καὶ
1179 1055 1261 1093 τῶν
1277 1048 1549 1106 Βουλγάρων,
1583 1053 1670 1094 ἐπι-

211 1118 474 1173 λαμβάνεται.
545 1121 627 1161 καὶ·
651 1120 693 1161 ἐν
726 1119 846 1177 ὀλίγῳ
879 1118 955 1172 ἅμ’
990 1116 1159 1173 ἠκούετο
1190 1120 1400 1171 βασιλείας
1435 1120 1666 1173 ἐπιβαίνων,

211 1190 278 1230 καὶ
308 1186 396 1242 ἅμα
424 1185 697 1241 ταινιούμενος
724 1187 827 1230 κατὰ
857 1187 1053 1240 βασιλέας
1082 1187 1277 1243 ἐγκρατὴς
1307 1191 1388 1230 τῶν
1418 1186 1668 1243 Βουλγιῖρων

157 1263 200 1299 15
212 1251 275 1309 ἦν.
344 1255 449 1298 ἀλλὰ
488 1261 622 1298 ταῦτα
659 1256 733 1309 μὲν
771 1257 812 1305 ἐς
850 1260 1070 1309 τοσοῦτον,
1112 1255 1164 1299 τὰ
1197 1255 1241 1298 δ’
1277 1256 1465 1298 ἐντεῦθεν
1495 1257 1669 1307 ἐσαῦθις

209 1326 395 1382 ἐροῦμεν.

348 1393 425 1437 10.
485 1390 593 1446 Ἤδη
625 1391 668 1433 δέ
695 1387 850 1447 χρόνων
877 1387 1180 1449 παρῳχηκότων
1204 1388 1409 1446 τεττάρων
1422 1388 1591 1449 Ἰωάννῃ
1613 1392 1664 1435 τὰ
1687 1402 1716 1437 Β

210 1465 285 1515 τῆς
313 1461 601 1513 πατριαρχειάς
628 1459 890 1515 διαφέροντι,
926 1459 1031 1501 κατὰ
1058 1463 1168 1513 μῆνα
1196 1462 1426 1514 Ληναιῶνα
1451 1465 1524 1514 τῆς
1545 1459 1665 1512 ἕβδό-

208 1546 291 1583 μης
312 1530 558 1577 ι’νδικτιῶνος
580 1530 704 1569 δειναὶ
726 1529 961 1582 κατηγορίαι
983 1525 1117 1585 τούτῳ
1141 1525 1254 1581 παρά
1277 1545 1396 1570 τινων
1417 1532 1491 1570 τοῦ
1514 1527 1664 1583 κλήρου

156 1607 202 1641 20
215 1594 543 1652 συρριὶπτονται,
582 1597 747 1649 ψευδεῖς
773 1597 846 1649 μέν
875 1598 940 1637 καὶ
970 1598 1153 1650 διακενῆς
1179 1595 1226 1638 τὸ
1257 1593 1476 1652 παράπαν,
1510 1597 1558 1639 οὐ
1582 1597 1665 1651 μὴν

211 1666 256 1708 δὲ
289 1666 356 1707 καὶ
390 1667 594 1720 δυσχερεῖς
626 1668 684 1723 τῷ
715 1668 932 1721 κρατοῦντι
962 1663 1167 1718 δέχεσθαι.
1239 1659 1288 1719 ἦν
1319 1664 1397 1722 γὰρ
1430 1665 1563 1724 ἐκείνῳ
1596 1665 1666 1708 διὰ

210 1817 327 1862 cisque
349 1816 459 1851 indita
481 1815 654 1861 exportari
683 1819 783 1850 noctu
816 1815 905 1850 Asan
937 1827 979 1849 ex
1011 1815 1096 1850 urbe
1130 1816 1292 1850 Ternobo
1331 1817 1482 1858 curavit3
1521 1817 1663 1862 ipseque

209 1875 286 1898 mox
321 1875 395 1897 cum
427 1874 532 1896 uxore
564 1874 606 1896 ac
639 1862 799 1896 comitatu
819 1861 915 1908 quasi
942 1860 1043 1895 animi
1065 1861 1178 1906 gratia.
1199 1863 1287 1895 ruris
1311 1863 1516 1897 amoenitate
1538 1864 1663 1899 fruitu-

209 1921 270 1944 rus
286 1934 296 1947 .
329 1919 486 1954 egressus
508 1908 654 1941 indidem
676 1919 803 1941 summa
826 1907 1001 1941 celeritate
1027 1907 1351 1952 Constantinopolim
1374 1920 1494 1943 versus
1516 1909 1582 1943 iter
1604 1921 1662 1944 ar-

208 1954 324 2000 ripuit.
371 1966 413 1989 ac
444 1955 687 1988 Mesembream
716 1953 848 1999 quidem
881 1965 986 1998 usque
1009 1953 1103 1996 regia
1122 1965 1244 1999 pompa
1265 1954 1412 1999 luxuque
1434 1954 1582 1999 speciem
1604 1966 1661 1990 se-

210 1999 367 2034 curitatis
397 2003 629 2042 ostentarunt3
671 2011 757 2044 quae
786 1999 951 2032 simulatio
974 2000 1165 2033 necessaria
1186 2005 1262 2032 erat
1283 2012 1326 2033 ne
1350 2002 1430 2042 suga
1450 2002 1662 2046 deprehensa

209 2046 419 2080 sisterentur.
466 2052 636 2079 caeterum
659 2045 705 2078 ibi
727 2057 816 2079 nave
839 2056 1019 2078 conscensa
1051 2044 1135 2079 mari
1159 2045 1356 2088 Byzantium
1387 2047 1551 2079 feruntur.
1599 2058 1661 2080 ex—

209 2098 327 2141 ceptos
349 2092 418 2125 illic
440 2092 546 2136 primo
577 2102 739 2125 exscensu
762 2090 881 2124 Sancti
906 2090 1106 2132 Archangeli
1129 2091 1306 2124 Michaelis
1329 2091 1530 2124 monasterio
1554 2103 1661 2136 prope

208 2139 215 2146 ”
233 2142 342 2171 ort-um
363 2138 429 2171 sito
452 2137 635 2182 imperator
657 2137 785 2182 aliquot
808 2136 927 2170 diebus
952 2135 1154 2169 admissione
1178 2137 1339 2177 exclusit,
1364 2135 1473 2169 iratus
1496 2137 1579 2180 ipsis
1602 2149 1661 2170 ve·

208 2147 380 2216 Rementer
403 2183 446 2216 ob
469 2184 581 2227 fugam
605 2195 703 2227 quam
726 2182 899 2216 iudicabat
919 2182 1207 2226 intempestivam;
1230 2187 1403 2225 totumque
1424 2181 1461 2214 id
1485 2182 1661 2217 consilium

208 2239 316 2261 vanae
336 2227 548 2272 ignavaeque
568 2228 736 2262 formidini
768 2228 1000 2268 adscribebat,
1034 2238 1102 2271 qua
1134 2228 1265 2260 fructus
1296 2227 1446 2260 laborum
1470 2228 1660 2271 expeditio-

207 2284 354 2318 numque
385 2273 561 2307 multarum
588 2285 653 2307 uno
679 2279 843 2307 momento
866 2273 1074 2307 inconsultae
1096 2272 1245 2306 levitatis
1267 2271 1430 2306 iacturam
1452 2272 1658 2317 irreparabi-

208 2318 273 2352 lem
295 2319 502 2362 querebatur
524 2320 660 2352 factam.
705 2319 848 2363 denique
878 2326 1009 2359 tamen,
1042 2329 1115 2351 cum
1138 2317 1230 2362 quod
1252 2318 1377 2351 fuctum
1400 2319 1660 2362 quomodocum-

207 2376 275 2409 que
298 2364 411 2398 fuerat
429 2364 588 2398 infectum
612 2363 687 2397 fieri
710 2364 887 2410 nequiret,
911 2363 1061 2409 permisit
1083 2363 1126 2396 iis
1147 2363 1308 2407 ingressis
1331 2362 1505 2397 civitatem
1529 2364 1596 2398 sibi
1618 2376 1658 2400 se

208 2409 344 2444 sistere.
398 2408 535 2442 interim
567 2409 731 2443 Terteres
761 2421 900 2444 vacuum
933 2409 1054 2442 Asanis
1088 2410 1167 2452 suga
1199 2408 1292 2450 regni
1325 2409 1497 2451 thronum,
1534 2422 1658 2455 magna.

207 2455 428 2499 Bulgarorum
452 2455 646 2495 voluntate,
670 2454 779 2499 palam
796 2456 992 2499 occupavit,
1015 2465 1150 2499 unoque
1172 2453 1286 2487 nuntio
1305 2454 1439 2489 auditus
1463 2458 1515 2489 est
1538 2461 1574 2490 et
1597 2468 1656 2490 oc-

208 2511 354 2544 cupasse
384 2511 522 2543 regnum
557 2505 594 2533 et
626 2500 760 2533 solemni
793 2500 859 2534 ritu
887 2503 1064 2533 coronatus
1087 2499 1202 2544 sicque
1223 2499 1257 2533 in
1279 2499 1378 2544 plena
1401 2503 1436 2534 et
1458 2506 1551 2535 certa
1574 2513 1656 2535 con-

208 2547 349 2580 stitutus
382 2544 592 2590 possessione
622 2545 791 2589 Bulgarici
819 2545 1039 2590 principatus.
1084 2544 1170 2578 haec
1191 2550 1271 2580 tunc
1294 2545 1328 2580 in
1351 2545 1439 2580 huuc
1460 2547 1595 2581 modum
1613 2558 1655 2590 se

207 2591 407 2626 habuerunt.
455 2602 544 2636 quae
566 2596 683 2624 secuta
706 2594 804 2633 sunt,
832 2590 865 2623 in
888 2596 1038 2634 tempore
1059 2591 1246 2624 reddemus.

301 2638 354 2671 10.
400 2636 474 2670 Iam
497 2641 609 2670 autem
633 2635 775 2669 evolutis
798 2635 895 2669 anuis
918 2642 1063 2680 quatuor
1085 2647 1127 2670 ex
1149 2647 1215 2681 quo
1237 2635 1378 2671 Ioannes
1400 2636 1652 2682 patriarchatus

208 2681 336 2716 honore
359 2682 604 2726 praecellebat,
629 2692 742 2715 mense
756 2680 943 2714 Februario
963 2680 1126 2725 septimae
1139 2681 1351 2726 indictionis,
1374 2693 1496 2726 graves
1518 2681 1552 2715 in
1576 2693 1653 2715 eum

209 2727 440 2762 accusationes
474 2739 497 2762 a
527 2727 723 2772 quibusdam
756 2738 776 2760 e
807 2728 897 2760 clero
920 2725 1128 2768 conflantur,
1158 2727 1334 2762 mendaces
1356 2727 1431 2761 illae
1454 2727 1587 2772 quidem
1610 2738 1652 2761 ac

209 2772 309 2817 plane
329 2773 465 2814 inanes,
488 2784 553 2807 non
577 2776 687 2806 tamen
711 2771 869 2825 eiusmodi
891 2782 976 2826 quas
997 2783 1100 2816 aegre
1122 2772 1307 2819 imperator
1327 2773 1533 2806 admitteret.
1578 2776 1653 2808 stu-

210 2817 313 2852 debat
335 2819 422 2854 enim
443 2819 500 2853 ille
521 2818 575 2852 vel
597 2817 740 2852 maxime
760 2828 912 2852 naucum
933 2817 1064 2853 modum
1087 2818 1270 2854 hebetandi
1298 2818 1404 2854 aciem
1435 2817 1551 2861 nimii,
1583 2829 1650 2864 quo

267 2869 438 2916 Georgius
466 2870 687 2914 Pachymeres
716 2870 746 2903 Ι.
1320 2868 1375 2908 29
