1884 3262
755 202 862 248 un.
879 202 935 248 11.
988 186 1195 249 NOTAE.
1231 244 1235 246 a
1550 204 1672 260 ..639

211 315 369 367 possit,
389 313 542 364 obstat,
571 312 681 365 quod
714 313 996 355 candelabrum
1019 314 1131 353 cuius
1154 313 1222 352 hic
1240 314 1340 354 et-i'n
1357 312 1455 354 locis
1474 314 1673 367 Apocaly-

191 384 325 422 'pseos
353 371 525 409 laudatis
553 377 613 409 est
638 371 807 418 mentio,
836 384 918 408 non
945 383 1102 409 cereum
1121 372 1253 410 funale
1274 373 1484 422 praetulit,
1512 372 1582 410 sed
1603 371 1674 412 &aa

213 427 305 476 olei,
333 427 416 466 sive
443 427 662 479 lampadem
689 427 795 465 intra
820 440 940 477 quam
973 428 1059 465 oleo
1086 428 1268 466 innatans
1293 428 1534 479 ellychnium
1556 429 1674 468 ilam-

211 496 317 522 mam
343 491 573 536 conceptam
597 484 751 535 pinguis
777 483 941 533 liquoris
973 497 1092 522 succo
1126 485 1258 523 aleret.
1315 485 1394 523 tale
1423 487 1567 537 quippe
1594 485 1674 524 suit

211 541 492 579 candelabrum
520 539 764 579 tabernaculi
788 540 935 578 veteris
955 540 1080 580 Exod.
1095 541 1159 583 ²25
1192 543 1244 581 31
1258 572 1270 590 ‚
1299 547 1340 579 et
1359 554 1460 591 quae
1479 542 1530 579 ad
1552 542 1672 580 huius

211 597 434 648 exemplum
455 597 688 635 candelabra
705 596 840 635 decem
855 608 972 635 aurea
991 597 1084 634 fecit
1101 597 1285 635 Salomon
1304 603 1344 635 et
1359 598 1492 649 posuit
1508 599 1550 636 in
1566 605 1672 637 tem-

209 651 298 704 plo,
343 656 370 694 2
400 654 564 705 Paralip.
593 653 621 694 4
649 655 687 694 7.
744 653 878 703 itaque
907 659 948 691 et
974 652 1016 690 in
1046 653 1280 705 Apocalypsi
1308 654 1542 693 candelabra
1573 654 1675 694 haec

208 709 366 761 λυχνίαι
385 716 600 758 vocantur,
629 708 738 760 quod
760 710 937 760 cerigeris
956 710 1247 758 instrumentis,
1276 710 1444 762 opinor,
1469 724 1555 749 non
1574 726 1674 750 con—
1732 718 1738 726 ’

209 766 334 814 venit,
363 767 424 804 uti
446 779 518 805 nec
541 779 641 816 quae
661 765 727 803 hic
748 767 895 804 Giaece
916 766 1057 816 legitui
1075 781 1159 805 vox
1176 768 1472 819 λαμπαδοῦχον.
1530 781 1671 819 argen-

209 827 318 860 teum
338 835 434 861 vero
455 823 556 861 illud
574 821 675 860 cerei
693 823 949 873 gestatorium
971 836 993 860 a
1015 823 1071 860 (11
1074 836 1173 861 accis
1199 824 1483 863 iwecentioiibus
1505 825 1670 863 videtur

208 875 458 930 μανουάλιον
485 880 617 931 potius
643 879 806 919 dictum.
862 880 1018 918 Nicetas
1047 880 1089 918 in
1119 879 1264 918 [sancio
1299 887 1339 918 et
1363 880 1523 919 Alexio:
1550 879 1599 922 τά
1626 896 1669 922 τε

208 931 435 986 μανουεέλια
466 935 534 976 καὶ
561 931 778 987 κανδήλας.
835 936 950 974 Anna
980 937 1192 974 Commena
1207 937 1234 976 l.
1256 937 1307 979 15
1333 935 1574 989 μανουηλημ,
1591 951 1666 989 ap-

206 991 328 1043 pellat
358 992 639 1030 candelabrum
657 998 750 1029 ante
769 992 1046 1043 imperatorem
1069 993 1260 1044 praeferri
1281 993 1462 1042 solitum,
1492 1008 1581 1032 cum
1598 996 1666 1033 su·-

206 1048 286 1085 nali
313 1048 461 1086 scilicet
486 1054 526 1086 et
551 1061 662 1086 cerea
679 1047 853 1087 candela.
911 1049 1019 1099 quod
1037 1049 1069 1087 si
1089 1049 1367 1087 candelabrum
1385 1063 1542 1100 quoque
1558 1065 1664 1102 pon-

205 1104 375 1141 tificibus
402 1105 643 1156 praelatum,
670 1118 747 1142 usu
770 1104 958 1143 similium
983 1118 1118 1143 rerum
1139 1105 1332 1143 vocabula
1347 1107 1561 1157 vulgante,
1593 1120 1662 1146 re—

204 1160 381 1212 periatur
414 1158 660 1212 μανουοὶλιον
688 1166 727 1198 et
755 1160 883 1212 ipsum
913 1162 1063 1200 dictum
1092 1176 1114 1199 a
1138 1161 1346 1200 Philotbeo
1373 1163 1415 1201 iu
1435 1164 1659 1213 Diaconico,

202 1221 336 1254 tamen
356 1230 438 1256 non
457 1218 514 1256 illi
532 1231 666 1255 cereus
681 1217 750 1255 sed
766 1218 915 1269 lampas
932 1219 1229 1269 imponebatur,
1259 1225 1307 1257 ut
1324 1218 1430 1257 idem
1448 1220 1502 1258 ibi
1526 1220 1664 1259 obsen-

204 1279 294 1322 vat,
322 1272 392 1313 καὶ
424 1272 445 1313 ὁ
474 1270 663 1321 διάκονος
691 1271 925 1340 (inquiens)
958 1275 1107 1315 ι’σταται
1137 1271 1323 1323 δεξιόθεν
1344 1274 1470 1315 αυτοῦ
1489 1276 1665 1330 κατέχων

203 1327 452 1382 μανουάλιον
479 1327 575 1383 μετά
598 1327 806 1382 λαμπάδος
830 1329 1022 1382 ἦμμένης.
1078 1332 1283 1383 propiium
1304 1344 1395 1383 ergo
1413 1332 1576 1371 xidetur
1596 1347 1664 1372 ec-

202 1386 408 1424 clesiastici
439 1392 480 1424 et
507 1386 734 1438 episcopalis
769 1387 995 1425 candelabri
1024 1387 1243 1440 lampadem
1272 1401 1362 1426 cum
1387 1388 1472 1427 oleo
1502 1395 1664 1440 gestare.

202 1443 310 1480 unde
327 1444 430 1481 sorte
454 1442 562 1495 apud
584 1442 814 1481 Zachariam
834 1443 1070 1496 Proplietam
1090 1458 1123 1483 c.
1143 1444 1169 1486 4
1188 1444 1381 1483 olivarum
1400 1459 1490 1484 cum
1514 1447 1663 1485 cande-

201 1498 314 1538 labro
341 1500 487 1538 mentio
517 1500 705 1550 iungitur.
762 1499 843 1538 huc
863 1501 1097 1539 crediderim
1120 1500 1293 1539 allusisse
1309 1502 1536 1553 Syncsium,
1566 1503 1663 1542 dum

202 1557 470 1608 episcopatum
490 1555 624 1597 ἐλαίου
642 1562 683 1594 et
700 1555 854 1606 ἐλαίας,
887 1558 965 1595 olei
983 1564 1023 1595 et
1041 1559 1171 1595 olivae
1190 1558 1375 1608 symbolis
1394 1559 1661 1599 adumbravit.

178 1631 180 1634 >
200 1613 376 1651 scribens
399 1613 502 1650 enim
523 1613 576 1650 ad
594 1613 763 1650 amicum
782 1614 849 1664 qui
868 1614 930 1652 sui
944 1615 1135 1652 rationem
1157 1614 1325 1652 absentis
1343 1613 1478 1654 haberi
1495 1617 1662 1655 comitiis

200 1669 485 1721 episcopalibus
504 1669 724 1733 cupiverat,
753 1683 826 1707 nec
849 1683 1009 1722 compos
1026 1670 1151 1722 optati
1171 1677 1256 1709 erat
1275 1672 1423 1720 sactus,
1451 1685 1661 1723 serumque

200 1738 275 1763 nec
302 1726 385 1776 spei
415 1725 534 1763 affine
562 1726 640 1763 iam
658 1725 701 1763 id
719 1732 859 1764 votum
886 1733 993 1776 crat,
1026 1727 1134 1791 quod
1152 1728 1332 1766 omnibus
1352 1729 1484 1768 vacuis
1504 1730 1661 1768 sedibus

199 1781 372 1834 impositi
399 1781 597 1833 praesides
623 1781 793 1834 episcopi
814 1783 1002 1832 fuissent,
1037 1782 1224 1834 idipsum
1242 1784 1392 1822 indicat
1409 1786 1661 1836 aenigmatice

197 1836 262 1876 his
278 1837 428 1877 verbis:
455 1835 481 1879 ὃ
496 1835 571 1891 γοῖρ
593 1837 727 1879 ἔλαιον
745 1853 795 1879 συ
811 1854 853 1879 τε
874 1835 901 1879 α’
903 1841 1004 1889 ξιοῖς
1024 1846 1098 1879 etc.
1128 1845 1168 1877 et
1187 1840 1306 1892 paulo
1327 1847 1420 1912 post
1438 1837 1532 1910 offid'
1547 1842 1660 1884 ἐλαία

198 1895 258 1941 τίς
279 1893 385 1936 ἔστιν
408 1891 840 1948 ἒνοφθαλμισμᾶτων’
823 1895 1101 1949 εστερημένη.
1184 1893 1297 1947 .’ἕφ
1314 1894 1417 1953 ’ᾗπερ
1439 1894 1492 1938 ὃν
1510 1898 1536 1939 ὅ
1551 1898 1659 1951 ηὸυς

198 1952 318 2002 φίλος
338 1951 643 2005 ἔγκεντρισθείη.
699 1957 742 1989 at
770 1952 907 1990 melius
926 1953 1047 1991 suerit
1063 1925 1193 1991 totain
1211 1953 1327 1992 istam
1345 1955 1548 2005 Synesiani
1562 1969 1655 1994 vere

197 2006 436 2047 characteris
456 2008 677 2059 epistolam,
707 2021 806 2059 quae
821 2009 924 2047 inter
943 2010 1067 2047 editas
1086 2023 1166 2047 non
1186 2023 1346 2061 compar
1349 2017 1408 2058 et,
1438 2024 1487 2048 ex
1506 2012 1654 2062 optimo

174 2063 387 2103 vaticano
419 2064 554 2103 codice
583 2063 649 2102 hic
685 2064 924 2116 describere,
954 2066 1142 2105 adiuncta
1167 2072 1302 2104 nostra
1323 2066 1652 2120 interpretatione

195 2120 347 2159 Latina.
401 2123 459 2158 sic
471 2120 592 2171 igitur
610 2120 748 2161 habet:

526 2201 568 2239 Σ
643 2203 680 2240 Τ
750 2202 798 2240 N
866 2202 906 2240 E
978 2201 1019 2239 Σ
1087 2200 1114 2240 I
1183 2201 1218 2240 Ο
1288 2202 1327 2240 Τ

645 2255 680 2289 Ε
701 2256 743 2290 Π
761 2258 785 2290 Ι
803 2256 842 2290 Σ
866 2257 900 2290 Τ
922 2255 954 2290 Ο
976 2256 1009 2288 Α
1033 2254 1076 2287 Η
1114 2265 1213 2299 puy.
1374 2256 1375 2259 ’

253 2307 354 2367 πρός
377 2326 467 2353 τινα
491 2313 572 2352 τῶν
600 2311 767 2382 ἑταίρων
802 2310 1025 2379 ἐπισκοπὴν
1054 2311 1098 2354 ἐκ
1129 2309 1332 2379 μακρόθεν
1364 2309 1594 2367 αἰτήσαντα,

463 2366 560 2421 μετοὶ
585 2366 660 2422 τὴν
686 2372 767 2410 τῶν
793 2364 1021 2410 ἐπισκόπων
1053 2364 1386 2410 αποκατᾶστασιν.

314 2432 368 2477 T&
389 2432 621 2487 σοφώτατον
640 2431 812 2504 γράμμα,
840 2433 883 2478 τὸ
906 2432 1012 2488 μάλα
1032 2432 1105 2503 μὲν
1125 2435 1296 2489 ἐμμελές,
1326 2434 1431 2506 μάλα
1449 2434 1493 2478 δὲ
1512 2436 1652 2491 βραχύ,

197 2487 295 2534 ἀλλὰ
313 2491 383 2533 καὶ
399 2490 504 2545 μάλα
520 2488 621 2546 λιγύ,
651 2489 673 2534 ὃ
689 2489 741 2544 δή
757 2508 819 2533 τοι
837 2491 859 2534 ὅ
875 2488 1111 2545 θαυμαστός
1127 2504 1191 2534 σοι
1204 2495 1302 2542 νοῦς
1321 2488 1524 2547 ἀπέτεκεν,
1551 2493 1652 2548 ’ἡμῖν

522 2571 551 2609 S
653 2570 691 2608 Y
793 2570 827 2608 N
928 2569 962 2609 E
1062 2572 1089 2608 S
1185 2559 1204 2610 Ϊ
1299 2571 1318 2611 Ι

623 2623 1017 2660 EPISTOLA
1062 2635 1223 2663 cxx111.

706 2669 740 2704 in
763 2669 840 2704 cod.
862 2669 941 2706 Vnt.
965 2681 1054 2704 num.
1075 2669 1133 2707 93.

240 2714 290 2751 ad
302 2715 473 2762 quendam
481 2715 715 2759 familiarium
730 2715 790 2761 qui
804 2715 1033 2760 episcopatum
1048 2717 1169 2751 absens
1183 2727 1224 2752 ex
1238 2717 1423 2772 langinqno
1432 2718 1597 2762 petierat,

440 2767 520 2807 post
542 2762 740 2797 constitutos
764 2762 802 2796 in
824 2762 970 2796 ecclesiis
991 2763 1194 2797 vacantibus
1215 2763 1397 2807 episcopos.

285 2817 578 2862 Sapientissimum
610 2818 794 2863 scriptum,
828 2829 902 2852 cum
929 2818 1032 2852 valde
1060 2819 1276 2859 concinnum,
1304 2824 1375 2855 tum
1397 2819 1498 2854 valde
1519 2819 1646 2860 breve,

193 2860 255 2896 sed
275 2866 330 2897 et-
339 2862 438 2899 valde
465 2868 642 2910 argutum,
673 2863 762 2910 quod
781 2863 865 2900 Tibi
885 2863 1026 2902 mirifica
1046 2876 1141 2901 mens
1160 2864 1318 2912 peperit,
1346 2865 1390 2902 ad
1414 2875 1476 2901 nos
1497 2843 1647 2901 delatuui

1673 2209 1791 2248 9447
