1884 3262
445 222 521 264 DE
557 220 835 264 MIGHAELE
871 219 1247 264 PALAEOLOGO
1285 220 1332 262 L.
1360 219 1436 262 lv.
1577 217 1676 263 253

189 338 240 392 ἦν
261 335 368 387 ὅλως
389 336 607 394 συμφέροι.
678 330 878 380 ἀποθέσει
910 336 989 392 γὰρ
1019 335 1232 389 βασιλείας
1259 335 1326 377 καὶ
1345 335 1571 393 ι’διωτισμῷ
1593 350 1666 388 με·
1692 339 1721 373 Ρ
1749 339 1813 375 171

188 406 315 450 τιέναι
332 405 378 449 τὸ
399 406 580 462 ἔγκλημα
599 404 810 461 βούλεται.
879 410 940 464 τῷ
969 405 1038 458 δέ,
1076 399 1110 464 ᾧ
1139 404 1190 447 ἂν
1220 406 1287 446 καὶ
1316 403 1545 460 συνενέγκοι
1576 419 1677 446 σκο-

187 480 300 529 πῶν,
339 475 437 519 οὐδ’
468 475 577 525 ὅλως
605 474 792 532 εὑρίσκω.
865 477 931 517 ἐπὶ
958 475 1034 528 μὲν
1066 469 1141 517 οὖν
1167 481 1263 527 τοῖς,
1279 480 1454 526 κοινοῖς,
1493 470 1676 515 αὐτόθεν

188 548 341 601 δῆλον,
377 547 445 588 καὶ
478 545 599 588 οὐδὲν
622 548 688 588 δεῖ
704 547 945 602 ἐρωτῶντας
970 541 1224 598 μανθάνειν·
1260 542 1309 585 τὸ
1337 543 1417 598 γὰρ
1443 539 1546 597 μήτ’
1574 543 1676 584 ἐκεί-

152 604 263 663 5νου
285 615 375 657 o‘t'ov
409 614 454 657 τ’
491 614 612 664 ὄντος
642 614 695 657 τὰ
725 611 952 670 πράγματα
980 615 1170 663 διοικεῖν,
1220 613 1287 654 καὶ
1306 612 1412 667 μηδὲ
1435 609 1676 666 συμβάντος

187 686 379 739 ἐκστῆναι
390 717 403 736 ,
451 681 508 734 ὥς
539 685 645 740 με’γα
673 701 712 726 τι
739 683 816 738 τὴν
850 684 1025 738 ἐρημίαν
1055 683 1317 737 λογίζεσθαι,
1364 679 1484 723 οὐδὲν
1511 680 1611 723 ἀλλ’
1647 680 1673 735 ἢ

187 746 407 808 ζητοῦντος
426 751 540 808 οῗμαι
573 753 709 796 κοινὸν
728 752 907 808 ὄλεθρον
939 754 1007 794 καὶ
1030 755 1225 806 Τελχῖνος
1243 748 1400 804 τρόπον
1421 751 1674 804 ἐνδεικνυμέ-

185 841 276 867 νου.
347 822 369 865 i)
401 823 446 865 δὲ
477 823 546 865 καὶ
574 826 736 877 μᾶλλον
780 819 1063 878 διαφερόντως
1093 825 1178 863 τῶν
1214 819 1350 862 ἄλλων
1379 818 1552 861 ἅπτεται
1588 823 1673 862 τῶν

186 893 311 946 ἐμῶν,
347 891 513 948 μακρὰν
538 890 587 934 ἂν
607 891 683 947 τὴν
705 892 963 946 δημηγορίαν
980 890 1189 933 κατέτεινα
1214 889 1279 942 ἄν,
1315 888 1364 944 ἢν
1387 886 1490 944 μήγε
1511 890 1579 930 καὶ
1598 888 1670 946 ἀφ’
1696 902 1725 936 Β

129 974 174 1007 10
187 959 276 1011 ἑνὸς
306 960 438 1015 μόνου
469 958 557 1010 οἶός
587 960 630 1003 τ’
663 956 713 1015 ἦν
746 965 953 1017 παριστᾶν
981 959 1058 1014 τὴν
1090 957 1270 1014 βλάβην.
1340 959 1384 1000 τί
1411 956 1490 1014 γάρ
1510 976 1583 1012 μοι
1605 960 1674 1000 καὶ

182 1030 370 1086 ἐχέγγυον
389 1034 465 1072 τοῦ
483 1031 530 1072 δὲ
549 1025 677 1087 αὖθις
694 1027 972 1086 ἀπραγμόνως
990 1032 1144 1083 βιῶσαι
1162 1027 1436 1086 καταθεμένῳ
1457 1027 1505 1082 τὴ
1513 1046 1532 1069 ν
1555 1028 1672 1078 ἕξου-

182 1102 300 1155 σιάνς
335 1100 380 1141 τί
401 1099 446 1142 δὲ
463 1101 620 1155 γυναικὶ
645 1100 712 1142 καὶ
735 1101 852 1142 παισὶ
878 1103 1066 1154 μᾶλλον,·
1103 1095 1166 1148 οἷς
1195 1096 1247 1140 ἄν
1283 1096 1501 1154 παρευθύς
1518 1103 1672 1153 μοῖραν

180 1166 410 1225 ἐφεδρεύειν
433 1166 589 1224 ἀνάγκη
610 1162 697 1224 ἧςὸ
723 1167 860 1223 τυχών
883 1168 933 1211 οὗ
953 1165 1188 1225 γηθήσειεν.
1261 1167 1351 1220 ε’μοὶ
1378 1166 1455 1221 μὲν
1493 1162 1568 1209 οὖν
1597 1166 1671 1208 οὖν.

180 1237 289 1281 ἴστιν
318 1236 595 1294 ἀμφισβητεῖν
626 1238 763 1295 ἐκείνῳ
793 1242 869 1292 τῆς
899 1242 1177 1292 πνευματικῆς
1206 1233 1456 1291 ι’δμοσῦνης,
1493 1235 1569 1280 κᾶν
1590 1236 1612 1278 ὅ
1632 1253 1670 1277 τι

126 1323 167 1358 15
181 1305 359 1351 κελεύοι·
391 1308 492 1358 τέως
520 1307 564 1350 δ’
597 1308 640 1351 ἐν
667 1306 832 1358 τούτοις
853 1311 1012 1351 πολλοῦ
1042 1324 1085 1364 γε
1112 1307 1194 1350 δέω
1222 1311 1521 1364 προσεπαινεΐν.
1589 1310 1670 1348 ποῦ

270 1430 303 1463 2.
329 1428 405 1476 τῷ]
430 1427 471 1465 τὸ
486 1428 504 1462 2
645 1430 680 1465 8.
703 1425 938 1466 ἅπτεσθαιΡ.
1084 1429 1139 1463 11.
1163 1424 1229 1472 δὲ]
1255 1426 1351 1462 nal?
1373 1437 1418 1462 an
1438 1424 1506 1468 ἐςῖ)

178 1554 246 1588 que
268 1542 390 1577 innuit.
439 1542 578 1577 videtur
601 1543 691 1578 velle
715 1555 770 1578 me
801 1542 1017 1588 depositione
1042 1541 1253 1587 principatus
1286 1545 1324 1575 et
1356 1541 1470 1575 reditu
1495 1541 1538 1575 ad
1565 1541 1668 1576 vitam

177 1589 346 1634 privatam
372 1589 514 1634 expiare
549 1590 662 1624 scelus
698 1590 790 1636 quod
824 1589 987 1624 conscivi.
1034 1588 1070 1623 iu
1101 1588 1168 1622 hoc
1200 1588 1258 1621 ille
1283 1587 1366 1633 quid
1390 1592 1550 1633 spectet,
1576 1589 1668 1622 etin

177 1645 280 1680 quem
312 1638 503 1670 transferre
534 1635 665 1681 cogitet
697 1636 925 1682 principatum
957 1635 1039 1670 mihi
1063 1640 1245 1680 ereptum,
1279 1635 1487 1669 comminisci
1511 1635 1670 1680 equidem

176 1693 322 1726 nequeo⁴
368 1687 501 1727 quanta
523 1694 627 1728 porro
650 1694 822 1728 quamque
844 1681 1040 1728 perniciosa
1062 1680 1143 1715 inde
1165 1682 1258 1715 soret
1282 1680 1415 1715 oritura
1438 1682 1670 1726 perturbatio,

174 1728 346 1762 subiicere
374 1729 441 1763 sibi
470 1729 616 1774 quisque
650 1728 958 1774 circumspiciendo
993 1733 1117 1762 cuncta
1152 1731 1289 1773 potest,
1313 1731 1352 1760 ut
1383 1727 1487 1762 alium
1510 1729 1669 1761 consulat

175 1774 352 1808 neminem.
402 1786 478 1809 cum
501 1775 590 1809 enim
613 1775 674 1809 ille
698 1775 752 1809 cui
774 1775 1002 1809 interversum
1026 1773 1204 1819 imperium
1228 1774 1427 1818 patriarcha
1450 1774 1527 1807 iure
1551 1774 1666 1819 queri-

173 1827 252 1858 tur,
277 1833 341 1855 nec
365 1833 428 1866 per
452 1827 602 1856 aetatem
625 1827 687 1856 aut
710 1821 961 1867 experientiam
994 1832 1058 1866 par
1090 1821 1136 1854 sit
1160 1820 1240 1866 moli
1262 1820 1427 1854 ferendae
1450 1819 1664 1864 publicarum

172 1877 306 1910 rerum,
340 1873 593 1914 praetereaque
624 1868 659 1902 in
690 1868 920 1902 calamitatem
953 1867 1117 1901 inciderit
1159 1878 1234 1900 cum
1277 1867 1561 1901 immedicabilem
1593 1873 1665 1901 tum

174 1914 310 1948 omnino
344 1915 464 1956 talem,
497 1927 588 1960 quae
618 1919 657 1948 ut
695 1914 833 1949 abunde
866 1920 990 1948 cuncta
1017 1919 1157 1948 caetera
1187 1918 1437 1958 suppeterent,
1468 1924 1600 1948 omnem
1631 1914 1665 1948 ei

173 1971 316 2005 prorsus
349 1961 550 1995 facultatem
585 1972 628 1995 ac
667 1960 734 1996 vim
770 1961 899 1995 adimat
929 1961 1144 2006 principatus
1175 1971 1324 2005 unquam
1357 1959 1664 2006 quomodocunque

172 2007 358 2050 fungendi,
385 2008 470 2041 satis
493 2012 592 2053 patet
615 2019 716 2053 quam
742 2007 936 2053 perniciose
961 2008 1118 2041 consulat
1141 2006 1366 2051 reipublicae,
1389 2006 1451 2052 qui
1474 2018 1527 2040 me
1549 2012 1662 2040 amoto

171 2053 384 2099 reductoque
414 2054 450 2087 in
480 2054 633 2088 ordinem
664 2054 771 2088 solum
801 2053 904 2088 istum
937 2058 974 2087 et
1003 2052 1205 2088 destitutum
1237 2064 1302 2098 ope
1326 2052 1479 2097 collegae
1502 2052 1663 2088 universo

173 2110 288 2133 rerum
322 2100 467 2134 omnium
503 2100 662 2144 regimini
696 2100 890 2145 praeficiat.
936 2100 1000 2134 hoc
1032 2099 1121 2133 enim
1157 2098 1242 2144 quid
1266 2104 1360 2132 esset
1382 2098 1475 2133 aliud
1500 2110 1603 2144 quam
1626 2098 1662 2132 in

174 2145 316 2179 exitium
340 2146 566 2180 certissimum
594 2152 719 2181 cuncta
742 2147 933 2192 proficere,
967 2158 1010 2180 ac
1043 2145 1122 2179 mali
1147 2144 1320 2179 daemonis
1346 2144 1532 2179 invidentis
1555 2145 1662 2179 rebus

172 2191 261 2225 bene
285 2192 480 2226 constitutis
502 2193 650 2227 indolem
673 2193 880 2239 praeferre?
912 2192 1001 2226 idem
1032 2192 1099 2226 hoc
1123 2203 1225 2237 porro
1250 2191 1427 2224 consilium
1450 2202 1550 2236 quam
1575 2190 1661 2225 meis

173 2237 321 2282 privatis
342 2238 532 2272 rationibus
559 2243 672 2273 utatus
696 2240 809 2273 famae
831 2239 953 2274 salutis
980 2238 1129 2284 capitale
1158 2244 1263 2282 atque
1286 2237 1476 2271 immaniter
1499 2237 1660 2272 infestum

172 2284 240 2326 sit,
268 2284 462 2318 distinctius
484 2296 693 2331 exequerer,
723 2285 827 2331 longa
856 2285 1014 2319 oratione
1035 2284 1169 2329 singula
1193 2283 1442 2326 enumerando,
1464 2282 1529 2318 nisi
1551 2288 1659 2320 totam

170 2329 339 2364 latissime
362 2330 516 2376 patentis
537 2330 684 2366 iniuriae
706 2331 891 2377 perniciem
913 2331 1009 2365 brevi
1031 2341 1164 2375 possem
1188 2329 1387 2375 compendio
1410 2330 1527 2373 oculis,
1543 2329 1578 2364 in
1593 2342 1659 2365 uno

172 2376 282 2410 veluti
316 2376 524 2421 specimine,
557 2377 741 2412 subiicere.
788 2389 889 2424 quem
921 2378 1009 2412 enim
1054 2377 1213 2411 idoneum
1251 2375 1335 2410 mihi
1374 2376 1495 2411 vadem
1527 2377 1658 2412 dabunt

170 2423 355 2468 tranquille
377 2434 432 2456 me
456 2434 499 2456 ac
521 2434 645 2458 secure
668 2423 829 2468 deinceps
853 2424 1044 2465 victurum,
1069 2427 1250 2468 postquam
1272 2422 1448 2468 imperium
1473 2423 1658 2458 abdicave-

170 2470 240 2503 ro?
274 2469 355 2515 quid
387 2475 469 2503 tunc
501 2469 564 2503 fiet
586 2469 710 2511 uxori,
741 2470 825 2515 quid
848 2470 931 2504 meis
963 2469 1110 2504 liberis?
1140 2480 1226 2515 quos
1248 2467 1369 2515 utiquo
1391 2469 1576 2516 principali
1597 2469 1659 2504 de-

169 2514 287 2560 lapsos
311 2515 452 2560 fastigio
481 2515 541 2549 illa
563 2521 749 2561 expectat,
773 2516 834 2550 illa
855 2516 974 2550 statim
997 2515 1148 2561 excipiet
1171 2516 1263 2550 vitae
1286 2526 1386 2559 sorS,
1419 2528 1489 2562 qua
1512 2516 1570 2551 vix
1592 2516 1657 2551 ho-

170 2573 225 2595 mo
249 2562 292 2595 de
314 2563 416 2606 vulgo
441 2566 622 2596 contentus
646 2564 802 2606 degeret.
849 2574 939 2607 quae
971 2574 1035 2606 ego
1059 2562 1139 2596 dum
1163 2566 1309 2607 reput0,
1341 2561 1406 2596 etsi
1437 2563 1530 2597 haud
1552 2574 1656 2608 prae-

169 2607 282 2641 fracte
306 2608 428 2642 iver'nn
452 2607 583 2642 infitias
618 2608 730 2643 inesse
762 2610 914 2642 fortasse
946 2608 1159 2653 spiritualem
1191 2608 1414 2663 patriarchae
1438 2609 1654 2654 prudentiam

169 2653 204 2686 in
226 2653 304 2688 aliis
328 2654 528 2700 plerumque
550 2666 640 2700 quae
671 2654 900 2700 praescribit,
934 2657 1048 2689 tamen
1079 2654 1203 2690 adduci
1234 2666 1384 2702 unquam
1415 2667 1582 2701 nequeam
1615 2660 1655 2691 ut

170 2699 308 2734 credam
332 2712 435 2746 posse
457 2701 549 2735 illum
573 2701 653 2735 mihi
676 2701 765 2735 iuste
788 2712 831 2735 ac
853 2699 1030 2746 sapienter
1065 2704 1198 2736 tantum
1229 2701 1506 2736 detrimentorum
1530 2713 1571 2736 ac
1594 2714 1655 2736 ca-

169 2744 359 2781 lamitatum
376 2773 387 2789 ,
411 2752 576 2793 quantum
598 2747 665 2781 ista
687 2747 979 2792 perniciosissima
999 2748 1148 2782 fortunis
1181 2747 1359 2794 capitique
1390 2759 1466 2782 meo
1494 2760 1536 2782 ac
1558 2759 1655 2785 meo-,

168 2802 243 2826 rum
275 2794 510 2828 exauctoratio
541 2793 716 2836 continet,
749 2805 882 2839 poenae
915 2793 1050 2829 nomine
1078 2793 1290 2829 medicinalis
1330 2798 1390 2828 aut
1422 2794 1653 2839 poeniteutiae

168 2839 331 2873 salutaris
354 2840 469 2885 specie
489 2840 681 2885 iniungere.
731 2840 787 2874 ubi
809 2839 896 2875 enim
918 2840 1090 2884 locorum,
1121 2853 1190 2886 qua
1221 2840 1259 2875 in
1292 2844 1421 2885 gente,
1449 2840 1520 2875 tale
1552 2840 1652 2887 quid-

169 2896 270 2929 quam
291 2885 447 2920 extitisse
469 2887 570 2922 fando
604 2899 752 2933 unquam
776 2886 995 2922 audivimus?
1028 2891 1065 2922 et
1100 2887 1195 2921 cuius
1227 2888 1389 2929 tandem,
1424 2886 1515 2932 quod
1546 2883 1651 2923 veluti
