1884 3262
492 159 568 202 DE
587 128 867 203 'uncins-LE
892 158 1264 204 PALAEOLoGo
1291 159 1337 202 L.
1363 158 1435 202 vr.
1567 157 1674 204 487

225 275 278 329 γῇ
295 271 566 327 παρεδίδοτο.’
612 269 803 327 Ἰωάννην
830 272 874 315 δὲ
898 274 965 315 καὶ
990 264 1120 322 οὕτως
1140 272 1328 330 ἀφαιρῶν
1347 271 1494 327 ἠτίμου
1515 270 1590 325 τὴν
1609 271 1674 312 ἐπὶ

226 345 301 395 τῆς
319 344 497 395 κεφαλῆς
514 337 749 397 καλύπτραν
767 344 1000 396 μεγιστᾶσιν
1028 335 1156 383 οὖσαν
1177 340 1294 390 ἀξίαν
1306 373 1321 394 ,
1357 338 1463 382 καθ’
1485 337 1536 394 ἣν
1555 340 1673 392 ε’τίμα

224 407 273 450 τὸ
295 406 504 464 πρότερον.
575 406 661 451 εἶτα
684 408 731 451 δέ
757 425 799 464 γε
822 410 889 450 καὶ
918 412 976 467 τῷ
1006 408 1355 466 παρακοιμωμίνῳ
1382 411 1587 464 Βασιλικῷ
1609 407 1673 462 ἔγ-

222 476 424 533 χειρίσας,
461 477 632 535 προνοίᾳ
662 479 738 518 τοῦ
768 479 911 519 λαθεῖν
942 476 1089 518 ἐκεῖνον
1117 477 1314 535 παντοίᾳ,
1361 478 1416 525 εἷς
1436 471 1670 530 Δαματρῦα
1694 474 1724 508 C

191 540 493 597 δέξεληλακότα
529 545 753 599 ἐκτυφλοῦν
788 541 959 596 κελεύει,
1003 543 1136 586 πολλὰ
1167 541 1364 599 πρότερον
1398 547 1471 586 τοῦ
1498 543 1673 597 ΠΙιχαὴλ

225 609 426 654 δεσπότου
447 612 513 653 καὶ
531 611 789 668 αὖταδέλφου
812 609 1090 660 λιτανεύοντος
1105 611 1180 665 μὲν
1205 611 1419 653 δέσποιναν
1440 609 1673 653 λιτανεύον-

224 695 297 727 τος
317 679 361 720 δὲ
378 675 631 733 πατριάρχας
652 697 695 722 τε
713 681 780 721 καὶ
809 677 869 729 οἷς
894 676 915 720 ὅ
935 683 1096 735 κρατῶν
1115 680 1433 735 ἔπληροφορεΐτο
1450 696 1672 732 πνευματι-

225 753 312 795 κοῖς
331 744 527 801 ἀνδράσιν
538 779 553 800 ,
584 747 654 803 ἐφ’
681 740 714 804 ᾧ
739 747 813 802 τὴν
844 747 985 801 ποινὴν
1018 746 1204 802 ἀργῆσαι.
1273 746 1369 789 ἀλλ’
1404 747 1479 789 οὐκ
1508 746 1673 788 ἔπειθον

1658 811 1671 827 2

225 812 513 863 λιτανεύοντες.
583 813 639 864 ὥς
665 814 711 856 δ’
742 813 768 869 ἦ
791 819 842 871 γῆ
860 816 1115 871 μεσημβρίας
1136 815 1280 857 ἐσείετο
1309 814 1419 868 μεθ’
1440 813 1593 871 ἡμέραν
1605 846 1619 866 ,
1651 831 1673 855 ο

169 886 214 921 10
225 883 458 937 Περδίκκας
470 914 484 935 ,
516 880 578 926 ὅτι
597 880 723 937 μόνον
741 882 789 925 οὐ
813 883 860 925 τὸ
879 882 953 936 τὴν
973 887 1047 938 γῆν
1061 883 1243 925 σείεσθαι
1274 882 1376 924 ἀλλὰ
1396 882 1443 925 τὸ
1462 882 1519 936 μὴ
1544 898 1672 924 κατα-

221 951 377 992 πίπτειν
410 950 572 999 ἐκείνοις
601 950 648 992 τὸ
683 949 778 1006 ὄρος
807 954 978 993 τοιαῦτα
1015 948 1398 1006 πράττουσινῖλεγε
1434 949 1668 1003 τεθηπέναι,
1693 954 1726 988 D

220 1018 362 1073 ποινὴν
379 1016 527 1071 ὖπέσχε
545 1017 619 1072 τὴν
642 1018 815 1072 ἐκτομὴν
835 1022 909 1072 τῆς
928 1014 1048 1074 ῥινός.
1117 1019 1184 1059 καὶ
1210 1017 1333 1066 ἄλλος
1364 1017 1426 1060 ὅτι
1455 1016 1582 1070 μόνον
1612 1019 1674 1059 οἲ-

219 1092 325 1127 κεΐον
373 1086 508 1143 ἐκείνῳ
555 1087 683 1129 παῖδα
724 1087 766 1128 ἔκ
815 1090 992 1135 παλαιᾶς
1032 1086 1254 1140 συνηθείας
1301 1084 1398 1127 &debr
1443 1085 1494 1128 τὰ
1533 1084 1672 1140 φιλικὰ

218 1151 547 1209 προσεπτύσσετο
559 1186 574 1206 ,
610 1153 785 1208 σχισμᾶς
803 1158 886 1196 τῶν
910 1151 1118 1211 ῥωθώνων
1135 1157 1217 1197 τῶν
1239 1155 1435 1196 παιδικῶν
1466 1150 1673 1195 ἀπώνατο.

164 1226 210 1262 15
221 1225 280 1279 τῷ
300 1222 344 1265 δὲ
359 1226 432 1264 τοῦ
454 1224 682 1275 Παχωμιόυ
701 1225 741 1263 Γ
739 1223 888 1280 εωργίῳ
907 1226 1193 1278 γραμματιστῇ
1212 1238 1254 1276 γε
1272 1219 1357 1263 iim
1375 1222 1441 1263 καὶ
1459 1222 1673 1279 ἔλλογίμῳ,

218 1289 352 1343 ἐπειδὴ
395 1292 454 1348 τῷ
497 1288 850 1347 Στρατηγοπούλῳ
890 1290 1064 1345 ΙΠιχαὴλ
1093 1289 1232 1332 συνὼν
1264 1292 1369 1331 κατὰ
1404 1288 1478 1343 τὴν
1507 1286 1674 1331 Πόντου

214 1355 455 1411 Ἡράκλειαν
478 1356 615 1412 ὡμίλει
637 1358 704 1400 διὰ
730 1357 802 1412 τὴν
823 1356 1015 1413 ἧμερινὴν
1033 1357 1136 1413 πρὸς
1157 1353 1279 1400 τᾶλλ’
1305 1357 1500 1411 ἀσχολίαν
1529 1356 1675 1406 νυκτὸς

217 1425 271 1467 τὰ
302 1429 493 1478 πλεῖστα,
530 1427 596 1468 καὶ
623 1426 990 1481 προσηγγέλλοντο,
1040 1426 1185 1468 ἐκεῖνον
1210 1426 1284 1479 μὲν
1321 1430 1394 1479 τῆς
1421 1427 1667 1480 στρατηγίας
1689 1441 1722 1475 Ε

218 1490 461 1549 παραλύσας
492 1493 651 1549 ἆγαγών
681 1493 830 1548 ἔκρινεν
861 1491 917 1543 ὥς
943 1498 1235 1546 βασιλειῶντα,
1271 1497 1329 1550 τῷ
1353 1494 1398 1537 δὲ
1418 1493 1490 1547 τὴν
1511 1498 1584 1535 τοῦ
1605 1493 1671 1534 λε’-

163 1568 300 1616 2ογειν
318 1563 410 1617 περὶ
430 1559 588 1605 τούτων
619 1563 663 1603 ἐκ
687 1563 843 1616 βίβλων
865 1564 991 1617 δῆθεν
1015 1560 1151 1605 εἰδότα
1179 1565 1396 1616 βασιλειῶν
1415 1560 1548 1614 δεινὴν
1565 1558 1670 1604 ὑπο-

217 1681 333 1716 muitis
355 1682 569 1717 cernentibus
590 1685 707 1718 terrae
726 1683 903 1719 mandatus
926 1687 990 1719 est.
1034 1695 1098 1718 nec
1118 1689 1233 1719 tamen
1254 1682 1371 1718 Ioanni
1394 1682 1522 1728 profuit
1544 1681 1667 1726 despe-

215 1732 296 1761 rata
317 1727 395 1761 inde
418 1729 597 1763 convictio.
643 1729 708 1763 iam
735 1737 815 1764 tunc
839 1729 950 1773 enim,
971 1729 1014 1764 ad
1038 1730 1202 1774 quoddam
1227 1728 1491 1775 praeiudicium,
1519 1727 1667 1760 dehone-

215 1777 328 1807 status
349 1773 380 1807 is
404 1778 458 1807 est
490 1774 603 1808 ablato
637 1775 758 1820 capitis
786 1775 950 1820 tegmine,
985 1776 1074 1821 quod
1105 1776 1234 1820 insigne
1265 1775 1468 1820 praecipuae
1490 1772 1665 1818 dignitatis

215 1818 302 1852 viris
324 1819 543 1853 summatibus
573 1820 711 1854 concedi
743 1821 876 1855 solitum
907 1821 970 1867 ipsi
994 1821 1086 1866 prius
1114 1821 1282 1855 tribuerat
1307 1821 1498 1865 imperator.
1547 1817 1604 1862 qui
1629 1822 1665 1851 et

215 1863 328 1898 statim
349 1864 426 1898 inde
448 1866 619 1910 praefecto
642 1867 783 1910 Augusti
807 1867 950 1901 cubiculi
970 1867 1125 1900 Ioannem
1150 1867 1298 1900 eumdem
1323 1865 1465 1899 tradidit
1494 1864 1664 1898 abducen-

214 1908 294 1943 dum
317 1909 502 1955 Damatrya
522 1911 635 1957 ibique
658 1913 921 1954 excaecandum,
954 1913 1182 1946 commendato
1213 1912 1307 1957 prius
1329 1916 1367 1945 ut
1397 1910 1487 1955 quod
1516 1908 1587 1942 illic
1609 1909 1663 1942 fa-

214 1958 332 1989 cturus
355 1958 456 1997 esset,
479 1968 577 2001 quam
601 1957 792 1991 cautissime
807 1962 878 1992 toto
899 1958 1023 1992 itinere
1045 1958 1278 1993 dissimularet.
1323 1957 1358 1990 id
1380 1960 1560 2000 antequam
1583 1965 1666 1988 exe-

215 2000 341 2035 cutioni
371 2001 614 2045 mandaretur,
642 2003 790 2037 Michael
822 2004 965 2047 despota
991 2003 1230 2038 instantissime
1262 2002 1373 2037 oravit
1402 2006 1441 2034 ut
1471 1999 1572 2034 fratri
1593 2004 1663 2032 tam

215 2045 283 2079 diri
312 2046 469 2091 supplicii
505 2048 619 2091 gratia
650 2049 762 2083 fieret.
808 2049 949 2083 ambivit
978 2049 1021 2083 ad
1055 2050 1119 2083 hoc
1142 2049 1300 2094 precibus
1322 2047 1442 2080 infimis
1462 2046 1662 2097 Augustam,

214 2090 356 2125 amb1vit
377 2092 587 2136 patriarchas
607 2098 760 2128 veterem
782 2099 818 2128 et
839 2106 979 2137 novum,
1013 2106 1054 2128 ac
1076 2105 1303 2139 quoscumque
1333 2090 1521 2134 intelligere
1551 2092 1662 2134 potmt

215 2135 305 2180 apud
329 2137 509 2190 principem
538 2139 662 2184 aliquid
699 2140 734 2173 in
755 2139 989 2185 persuadendo
1011 2140 1146 2180 valere,
1176 2137 1366 2174 sanctitatis
1387 2136 1545 2181 opinione
1569 2146 1660 2188 com:

214 2181 389 2215 mandatos
411 2194 514 2218 Vlros.
558 2196 621 2218 nec
642 2184 694 2218 illi
714 2192 774 2220 aut
795 2186 1028 2219 detrectarunt
1046 2185 1213 2225 officium,
1237 2188 1296 2217 aut
1318 2195 1358 2218 eo
1380 2182 1531 2226 seguiter
1550 2180 1660 2213 functl

214 2231 305 2260 sunt.
350 2233 519 2262 caeterum
554 2235 821 2276 quantocumque
850 2235 990 2275 agerent
1020 2230 1154 2271 studio,
1186 2229 1268 2263 nihil
1296 2228 1395 2273 plane
1424 2228 1656 2271 impetrarunt.

215 2282 291 2305 cum
315 2277 428 2306 autem
449 2273 538 2307 inter
562 2276 646 2309 haec
667 2276 864 2320 contigisset
885 2288 906 2310 a
928 2276 1111 2309 meridiana
1134 2278 1231 2319 parte
1254 2285 1316 2319 per
1331 2273 1419 2307 diem
1436 2271 1563 2306 moveri
1585 2276 1658 2304 ter-

214 2327 309 2358 ram,
336 2318 516 2352 Perdiccas
546 2320 672 2354 dixisse
703 2322 835 2356 delatus
870 2333 935 2355 non
959 2332 996 2355 se
1028 2320 1141 2355 mirari
1170 2323 1295 2354 terram
1324 2317 1476 2359 concuti,
1506 2317 1566 2351 sed
1590 2327 1656 2350 non

212 2372 316 2396 ruere
337 2363 484 2397 vicinum
503 2370 646 2400 montem
676 2378 779 2411 supra
811 2367 894 2400 talia
916 2371 1075 2410 agentes,
1099 2377 1238 2410 poenam
1262 2364 1347 2398 dicti
1369 2363 1446 2397 tulit
1466 2361 1657 2396 truncatio-

213 2418 288 2441 nem
310 2408 397 2442 nasi.
443 2414 480 2443 at
501 2410 587 2444 alius
609 2411 666 2456 qui
684 2413 904 2457 propinquum
933 2412 1033 2446 huius
1053 2411 1316 2453 adolescentem,
1344 2409 1452 2444 veteri
1482 2406 1658 2442 familiari-

212 2456 288 2487 tate
311 2465 446 2496 carum,
468 2460 549 2488 tunc
570 2457 661 2491 forte
685 2458 818 2490 obvium
841 2462 991 2490 amanter
1013 2457 1184 2502 amplexus
1204 2458 1341 2499 fuerat,
1373 2454 1504 2488 narium
1527 2452 1656 2487 abscis-

212 2498 340 2534 sionem
363 2511 404 2534 ea
425 2499 458 2535 in
481 2513 620 2545 puerum
642 2503 764 2536 amoris
780 2502 1026 2545 significatione
1048 2502 1197 2536 lucratus
1218 2506 1282 2536 est.
1325 2501 1500 2535 dicendum
1515 2504 1551 2533 et
1565 2497 1655 2544 quod

213 2545 364 2589 Georgio
395 2546 565 2587 Pachomii
602 2547 763 2591 contigit,
794 2548 959 2581 literatori
990 2548 1025 2581 in
1056 2547 1172 2593 paucis
1202 2549 1274 2582 eius
1303 2546 1439 2591 generis
1469 2543 1657 2595 praestan-ti

213 2594 417 2636 caeteraque
447 2592 600 2626 honesto.
645 2592 675 2626 is
708 2604 815 2637 nuper
843 2594 932 2638 apud
965 2593 1165 2627 Heracleam
1196 2592 1297 2627 Ponti
1328 2603 1411 2627 suae
1438 2589 1657 2640 professionis

211 2646 351 2680 operam
373 2647 501 2671 navans
522 2638 695 2682 praefecto
717 2638 787 2672 illic
808 2639 1048 2684 Strategopulo
1071 2638 1250 2682 Michaeli,
1281 2649 1354 2672 cum
1384 2636 1482 2671 huius
1515 2634 1659 2679 pnbhcis

209 2682 488 2726 occupationibus
517 2683 752 2727 prohiberetur
783 2695 902 2718 munus
927 2685 1019 2718 istud
1045 2696 1140 2719 suum
1171 2685 1215 2720 de
1236 2684 1291 2718 die
1314 2683 1434 2725 obire,
1458 2681 1653 2725 plerumque

209 2732 313 2761 noctu
334 2729 467 2762 scholas
489 2740 568 2762 suas
590 2729 764 2764 habuerat.
810 2730 875 2764 hoc
904 2729 1053 2764 auditum
1083 2731 1265 2776 imperator
1293 2729 1536 2773 interpretatus
1558 2728 1653 2777 atro-

209 2770 315 2815 citer,
337 2779 479 2820 repente
499 2774 698 2810 Michaelem
730 2774 863 2822 quidem
883 2777 1046 2822 abrogato
1067 2776 1269 2822 magistratu
1296 2773 1470 2810 redactum
1502 2771 1539 2806 in
1561 2769 1654 2805 ordi-
