1884 3262
254 185 353 234 314
662 184 897 229 GEORGII
942 184 1297 231 PACHYMERIS

252 298 574 353 ἔποικτιζομὲνου
609 302 684 341 τοῦ
714 302 966 356 κρατοῦντος
999 305 1092 350 ταῖς
1121 297 1385 355 ἓρημῶσεσιν.
1457 301 1563 345 ἀλλὰ
1588 306 1722 346 ταῦτα

252 371 327 426 μὲν
348 371 414 412 καὶ
436 367 551 422 ἡμεῖς
571 367 675 410 κατὰ
697 366 824 411 τόπον
843 369 1014 424 ἐροῦμεν
1034 367 1301 425 πλατύτερον.

113 456 140 489 p
165 455 231 491 212
392 438 471 482 28.
547 435 654 479 Τότε
687 438 732 479 δὲ
761 439 831 479 -καὶ
864 444 954 487 ταῖς
983 437 1200 492 ἀληθείαις
1227 438 1274 480 τὸ
1304 438 1456 493 σχίσμα
1482 443 1556 493 τῆς
1574 439 1720 494 ἔκκλη-

253 507 346 556 σίας
364 503 589 561 ηὐξάνετο,
628 503 684 555 ὥς
712 507 778 548 καὶ
810 505 904 548 κατ’
934 507 1064 548 οἰκίαν
1097 506 1194 556 τούς
1225 506 1337 556 ε’ντὸς
1365 508 1616 563 διῃρῆσθαι,
1652 509 1718 550 καὶ

253 576 388 624 ἄλλως
412 575 486 629 μὲν
506 574 663 629 πατέρα
682 573 831 630 διάγειν
855 574 990 624 ἄλλως
1019 575 1059 618 d’
1079 573 1192 627 υἱόν,
1231 577 1296 617 καὶ
1323 575 1481 631 μητέρα
1499 577 1564 617 καὶ
1583 581 1716 632 θυγα-
1730 586 1752 620 5

252 645 374 700 τέρα,
413 645 480 686 καὶ
508 642 673 700 νύμφην
705 646 773 686 καὶ
807 642 1023 699 πενθεράν.
1095 639 1200 700 ἦσαν
1226 645 1271 686 δὲ
1303 646 1464 694 πλείους
1488 646 1554 686 καὶ
1576 645 1722 699 οἱπερὶ

252 713 325 756 τὸν
345 711 570 755 ’Υάκινθον
597 713 795 767 μοναχοί,
845 712 1023 755 &oravet
1048 730 1152 763 τινες
1176 714 1242 754 καὶ
1274 715 1329 762 εἷς
1347 710 1498 762 τόπους
1520 715 1563 755 ἐκ
1581 710 1721 756 τόπων

252 780 531 836 πλανώμενοι,
566 779 669 838 ὑπὲρ
694 786 767 824 τοῦ
787 780 1043 837 πατριάρχου
1062 784 1275 836 ζηλοῦντες
1294 781 1589 837 ἒξορισθὲντος.
1643 780 1721 824 ἅλ-

201 865 231 898 Β
255 855 317 893 λοι
339 851 386 893 δέ
410 868 452 907 γε
477 852 544 892 καὶ
574 853 629 900 εἷς
664 850 812 906 ἀρετὴν
842 851 1153 905 διαβεβοημένοι
1184 850 1226 893 ἔκ
1257 868 1299 893 τε
1325 854 1399 893 τοῦ
1425 851 1634 905 Γαλησιόυ
1653 851 1721 892 καὶ
1751 849 1753 851 ’

251 919 399 976 ἑτέρων
426 922 591 974 μονῶν,
630 917 684 969 ὥς
718 920 756 962 οἳ
786 917 879 961 τότε
908 924 958 976 τῇ
978 925 1053 962 τοῦ
1074 917 1376 962 Παντεπόπτου
1403 923 1511 976 μονῇ
1535 935 1719 975 προσκα-
1730 927 1777 962 10

249 988 452 1044 θήμενοι,
507 987 805 1044 ἀπορραγέντες
836 993 909 1043 τῆς
949 990 1124 1042 ποίμνης
1162 989 1333 1037 ἕκαστος
1363 992 1438 1043 τῆς
1470 989 1578 1037 ἰδίας
1607 986 1717 1029 καθ’

249 1056 423 1108 ἑαυτοὺς
440 1056 599 1110 διέζων,
634 1056 737 1112 μηδ’
772 1055 1000 1099 ὁπωστιοῦν
1030 1057 1101 1100 τὸν
1120 1057 1270 1112 Ἰωσὴφ
1297 1059 1351 1106 εἷς
1371 1058 1583 1098 κοινωνίαν
1603 1053 1722 1110 δεχό-

248 1144 363 1181 μενοι
372 1159 384 1179 ,
423 1131 545 1168 τοῦτο
568 1127 641 1180 μὲν
667 1125 721 1174 ὦς
740 1127 806 1167 καὶ
827 1125 955 1168 αὐτοῦ
978 1125 1193 1179 ἐπιβάντος
1220 1129 1350 1179 δῆθεν
1379 1129 1454 1167 τοῦ
1478 1123 1636 1181 θρόνου
1656 1125 1720 1166 ἐπὶ

249 1199 308 1254 τῷ
339 1196 548 1251 πτερνίσαι
576 1195 648 1236 τὸν
675 1192 907 1249 Γερμανόν,
946 1199 1069 1237 τοῦτο
1099 1196 1143 1236 δὲ
1169 1196 1234 1236 καὶ
1257 1192 1312 1242 ὡς
1334 1193 1462 1236 αὐτοῦ
1486 1193 1534 1235 τὸ
1555 1197 1719 1249 πρῶτον

249 1262 350 1319 ὑπὲρ
371 1267 444 1306 τοῦ
464 1261 719 1318 πατριάρχου
752 1264 970 1317 ζηλοῦντος
997 1265 1063 1305 καὶ
1082 1262 1156 1318 τὴν
1179 1267 1253 1305 τοῦ
1273 1266 1314 1304 Γ
1311 1266 1486 1319 ερμανοῧ
1507 1262 1717 1304 κοινωνίαν
1728 1272 1772 1308 15

201 1344 231 1377 C
255 1331 587 1389 ἀποτρεπομένου
617 1333 683 1374 καὶ
711 1338 798 1381 τοῖς
826 1330 964 1381 ἄλλοις
989 1332 1301 1389 προτρέποντος.
1371 1330 1550 1386 ἔγκλημα
1577 1330 1618 1373 δ’
1643 1327 1720 1384 εἶχε

342 1443 375 1478 1.
398 1443 483 1481 ταῖς
504 1439 635 1476 deerat.

250 1533 449 1579 imperatori
472 1532 684 1578 deploratum
708 1535 833 1567 statum
857 1532 1030 1578 regionum
1054 1533 1146 1567 ultra
1169 1532 1360 1577 Sangarim,
1381 1535 1534 1566 extrema
1555 1529 1737 1568 vastitate,

253 1580 490 1615 desolatarum.
537 1591 653 1613 verum
676 1579 743 1613 ista
768 1590 828 1613 nos
851 1591 986 1625 quoque
1008 1580 1118 1613 fusius
1139 1591 1345 1624 exequemur
1367 1589 1428 1612 suo
1451 1581 1537 1612 loco.
1670 1606 1675 1612 .

343 1627 399 1661 28.
447 1626 523 1659 Hoc
555 1636 657 1670 porro
692 1631 845 1670 tempore
881 1625 915 1659 in
947 1637 1014 1671 quo
1047 1626 1235 1660 enarrando
1266 1635 1461 1664 versamur,
1493 1621 1628 1656 minime
1651 1622 1720 1656 iam

250 1671 363 1706 dubiis
384 1671 572 1715 iisdemque
594 1670 722 1715 magnis
745 1670 962 1705 incrementis
995 1672 1140 1706 schisma
1162 1671 1328 1705 ecclesiae
1359 1680 1546 1714 augescens
1568 1667 1722 1714 quotidie

249 1718 440 1764 gliscebat,
465 1717 583 1761 utique
605 1718 671 1752 iam
694 1717 731 1750 in
763 1717 918 1751 domuum
948 1717 1069 1752 intima
1102 1723 1277 1763 receptum
1307 1717 1451 1750 funestis
1482 1713 1721 1750 coniunctissi-

250 1775 378 1799 morum
412 1762 573 1797 dissidiis.
619 1764 754 1797 fervere
784 1763 832 1797 ibi
859 1763 979 1808 iurgiis
1012 1768 1152 1806 cuncta,
1186 1769 1286 1809 patre
1318 1774 1393 1796 cum
1424 1761 1514 1802 filio,
1543 1761 1614 1795 filia
1644 1770 1720 1794 cum

250 1815 380 1852 matre,
404 1821 490 1843 nuru
514 1821 588 1842 cum
612 1820 713 1843 socru
736 1809 931 1852 commissis,
954 1810 1138 1844 declaratis
1161 1810 1194 1843 in
1219 1814 1335 1855 partes
1357 1807 1546 1842 contrarias
1568 1806 1720 1852 pertina-

251 1855 352 1901 cique
375 1855 588 1889 contentione
620 1855 842 1900 propugnatis
864 1855 996 1890 iudiciis
1026 1860 1061 1891 et
1092 1856 1226 1890 studiis.
1273 1853 1500 1890 valentissima
1524 1858 1600 1886 erat
1621 1851 1719 1896 Hya-

252 1901 358 1936 cinthi
380 1901 506 1943 factio,
540 1901 670 1945 ingenti
698 1908 852 1946 promota
874 1913 1011 1936 numero
1033 1913 1195 1946 vagorum
1222 1900 1438 1947 quorumdam
1468 1903 1504 1933 et
1526 1898 1605 1932 hinc
1626 1897 1718 1940 inde,

251 1958 370 1982 rursus
392 1948 481 1981 illinc
505 1948 590 1991 huc,
614 1945 857 1992 inquietissime
892 1947 1097 1982 cursantium
1129 1949 1373 1982 monachornm.
1422 1945 1475 1980 his
1505 1943 1719 1978 intoleranda

252 1994 506 2028 declamabatur
541 1994 675 2028 Arsenii
708 1993 923 2038 patriarchae
957 1994 1083 2029 iniusta
1112 1993 1146 2027 in
1166 1994 1297 2028 exilium
1321 1991 1464 2034 eiectio,
1498 1990 1719 2035 omnibusque

252 2040 362 2074 modis
385 2039 533 2074 eiusdem
556 2039 772 2085 procuranda
797 2039 968 2074 restitutio
993 2052 1053 2085 pro
1078 2040 1175 2074 unico
1199 2039 1381 2073 videbatur
1404 2037 1585 2083 proposita*
1602 2046 1718 2080 scopo.

252 2086 463 2130 exurgebant
496 2086 632 2120 aliunde
663 2085 928 2131 prodibantque,
963 2086 1029 2121 alia
1052 2087 1217 2132 quaedam
1246 2085 1474 2119 vociferantes
1497 2082 1718 2124 emendanda,

252 2133 344 2166 fama
366 2131 504 2166 virtutis
525 2131 644 2175 inclyti
665 2131 799 2166 sodales
824 2133 954 2167 Galesii
977 2132 1130 2166 coenubii
1151 2144 1213 2166 nec
1235 2142 1301 2164 non
1324 2130 1540 2176 quorumdam
1564 2128 1719 2170 aliorum,

252 2178 305 2212 uti
327 2178 384 2223 qui
407 2190 448 2212 ea
472 2182 679 2223 tempestate
701 2177 735 2211 in
753 2179 954 2213 monasterio
978 2179 1212 2224 Pantepoptae
1235 2177 1326 2211 dicto
1353 2179 1585 2216 morabantur,
1610 2185 1631 2209 a
1655 2185 1717 2208 suo

251 2223 374 2268 singuli
406 2224 515 2258 avulsi
546 2236 651 2269 grege
688 2229 724 2257 et
755 2224 881 2259 viritim
908 2227 1142 2265 consulentes,
1175 2225 1243 2258 dux
1267 2226 1452 2267 auctorque
1473 2220 1539 2255 sibi
1562 2221 1718 2266 quisque.

252 2281 425 2304 commune
448 2270 500 2304 his
524 2271 654 2304 cunctis
670 2270 806 2315 Iosephi
823 2271 969 2305 recentis
986 2271 1200 2317 patriarchae
1216 2270 1315 2315 plane
1333 2267 1595 2302 communionem
1617 2276 1719 2300 aver-

250 2315 342 2359 sari,
368 2328 431 2349 nec
455 2328 529 2350 eum
553 2317 618 2350 rite
644 2321 829 2361 promotum
853 2328 1057 2362 agnoscere,
1081 2323 1151 2350 tum
1174 2316 1262 2361 quod
1288 2320 1323 2349 et
1344 2315 1419 2359 ipse
1440 2313 1622 2347 invasisset
1648 2311 1718 2346 sci-

252 2361 332 2395 licet
364 2361 509 2395 alienum
539 2363 718 2406 thronum,
752 2363 966 2408 supplantato
999 2363 1143 2408 indeque
1172 2363 1312 2396 detruso
1347 2362 1540 2401 Germano3
1571 2363 1642 2392 tum
1671 2358 1716 2392 ob

250 2407 530 2450 inconstantiam,
554 2420 622 2453 qua
645 2408 799 2443 miserari
831 2414 933 2444 antea
955 2410 1072 2444 solitus
1097 2408 1230 2443 Arsenii
1252 2409 1422 2442 fortunam
1456 2411 1493 2440 et
1515 2416 1591 2439 eum
1612 2403 1717 2438 resti-

249 2454 414 2488 tuendum
437 2454 682 2498 patriarchatui
705 2455 840 2497 dicere,
865 2467 908 2490 ex
931 2467 1038 2501 eoque
1060 2455 1215 2489 aversari
1239 2453 1501 2488 communionem
1524 2462 1600 2485 cum
1623 2450 1716 2484 Ger—

250 2511 347 2534 mano
365 2503 400 2534 et
423 2500 499 2534 aliis
522 2500 743 2535 aversandam
759 2502 915 2545 suadere,
940 2502 1025 2536 adeo
1047 2501 1113 2535 iam
1137 2499 1310 2535 contraria
1333 2499 1502 2545 prioribus
1524 2496 1591 2530 illis
1615 2495 1717 2530 dictis

250 2546 403 2591 actisque
435 2546 528 2580 facta
558 2547 770 2589 ostenderet,
812 2548 847 2581 in
875 2553 1008 2593 partem
1038 2559 1076 2582 se
1112 2547 1264 2581 inserens
1305 2547 1440 2590 agnitae
1481 2543 1549 2579 sibi
1581 2553 1716 2587 quoque

249 2592 496 2637 damnataeque
527 2592 638 2638 palam
666 2592 809 2627 iniuriae
827 2620 837 2635 ‚
874 2600 911 2628 et.
946 2595 1054 2628 locum
1087 2593 1240 2627 insidens
1272 2592 1361 2627 unde
1389 2591 1506 2637 inique
1540 2587 1716 2633 depulsum

252 2644 394 2684 questus
426 2643 519 2672 esset
554 2639 720 2672 viventem
754 2639 862 2674 adhuc
897 2640 1124 2684 patriarcham
1159 2639 1351 2684 legitimum.
1398 2647 1519 2672 verum
1552 2635 1616 2668 hoc
1640 2644 1716 2668 cum

252 2690 346 2718 esset
367 2683 416 2718 illi
441 2695 612 2719 commune
638 2696 711 2718 cum
736 2685 800 2719 alio
824 2685 969 2726 crimen,
995 2686 1061 2720 alia
1083 2691 1160 2720 erat
1182 2684 1366 2732 peculiaris
1388 2694 1477 2728 quae
1498 2681 1590 2714 illum
1613 2679 1716 2714 vehe-

253 2734 385 2764 menter
408 2731 576 2775 gravabat
598 2730 739 2766 invidia.
786 2736 825 2764 ut
847 2731 936 2765 enim
961 2733 1152 2766 Germanus
1185 2742 1290 2776 supra
1318 2729 1474 2764 iniuriam
1496 2725 1627 2761 exclusi
1650 2726 1716 2760 Ar-

253 2776 338 2810 senii
362 2776 499 2822 propria
519 2777 700 2811 laborabat
720 2776 857 2810 infamia
880 2781 1031 2812 mutatae
1055 2783 1173 2812 contra
1205 2787 1350 2811 canones
1372 2774 1464 2810 sedis
1485 2777 1522 2807 et
1546 2772 1717 2806 Constan-

253 2822 467 2869 tinopolitani
499 2834 543 2857 ex
578 2822 876 2869 Adrianopolitano
907 2823 1100 2859 transcensi
1135 2823 1266 2867 throni,
1302 2822 1354 2857 sic
1383 2824 1420 2856 et
1452 2818 1651 2855 offendebat
1681 2818 1716 2852 in
