1884 3262
268 209 298 255 4
308 212 330 255 1
338 212 366 255 8
687 207 924 251 GEORGII
957 208 1308 252 PACHYMERIS

215 334 245 367 C
268 322 415 377 μένοις,
435 324 437 326 ’
486 316 725 375 προύπεμπε
747 320 882 362 τοίνυν
908 320 1006 370 τούς
1035 319 1289 376 ἀντεροῦντας
1310 321 1368 376 μὴ
1393 321 1585 376 δέχεσθαι
1608 323 1732 377 σφᾶς,

269 390 319 444 ἣν
336 390 451 443 μέλοι
469 388 508 430 οἳ
532 391 605 430 τοῦ
628 387 734 430 καθ’
755 386 927 443 ἡσυχίαν
948 393 1181 443 καθῆσθαι.
1234 389 1384 444 Ἰωσὴφ
1406 390 1448 431 δ’
1472 389 1730 444 ἀπεκρίνατο,

270 457 321 512 ἢν
349 454 475 499 αὐτόν
503 473 546 499 τε
574 458 808 512 περιορίζειν
842 457 960 499 θέλοι
987 460 1053 498 καὶ
1086 457 1184 506 τούς
1218 456 1331 512 ἀμφ’
1351 455 1499 508 αὐτόν,
1535 456 1644 500 οὕτω
1667 458 1732 498 καὶ

271 526 501 581 ἀναγκαίως
519 524 617 574 τούς
637 522 882 581 προσιόντας
902 525 960 580 μὴ
984 525 1199 580 δέχεσθαι,
1237 522 1435 580 πρότερον
1462 524 1506 566 δ’
1531 524 1580 568 οὗ
1601 528 1735 572 καλῶς

273 594 373 649 ἔχειν
395 598 735 649 κατηγορεῖσθαι,
773 592 823 649 ἢν
844 610 958 643 τινας
978 591 1223 650 προσιόντας
1243 595 1308 635 καὶ
1337 593 1493 647 δέχοιτο
1509 606 1519 616 ·
1556 590 1732 648 ἀνάγκην
1746 603 1767 637 5

272 663 351 718 γὰρ
387 660 487 704 εἶναι
516 666 774 719 προσφοιτᾶν
805 664 919 718 σφίσι
948 665 1013 703 καὶ
1044 667 1126 704 τῶν
1155 659 1376 717 ἀγνώτων,
1413 661 1471 715 μὴ
1505 658 1565 703 ὅτι
1587 678 1628 717 γε
1652 666 1735 702 τῶν

272 731 486 787 γνωρίμων
514 733 690 784 συχνοὺς
716 732 772 779 εἷς
803 728 1070 785 παράκλησιν.
1140 728 1166 784 ἢ
1195 734 1292 784 γοῦν
1319 731 1575 786 περιορίζειν,
1606 731 1640 771 εἰ
1660 729 1736 771 θέ-

221 813 252 847 D
277 803 364 851 λοι,
402 798 428 853 ’ἢ
451 798 592 841 ἄνετον
613 798 768 855 ἀφέντα
792 797 1084 841 ἀκαταιτίατον
1101 798 1159 852 μὴ
1182 798 1434 854 μέμφεσθαι.
1503 801 1636 839 ταῦτα
1662 798 1737 849 μέν

268 867 421 924 Ἰωσὴφ
454 867 723 922 ἀπεκρίνατο,
762 866 809 908 οὐ
834 872 891 924 τῷ
920 868 1040 908 πλέον
1073 869 1128 916 εἷς
1159 869 1378 920 κακουχίαν
1408 870 1490 907 τῶν
1523 863 1737 921 παρόντων

274 936 450 988 ἐθέλειν,
482 935 586 977 ἀλλὰ
609 933 807 978 πιστεύων
828 939 878 991 τῇ
899 935 1103 985 διαθέσει,
1139 933 1226 988 ἅμα
1245 934 1385 990 κιρνὰς
1404 941 1489 983 τοῖς
1510 932 1643 989 λόγοις
1670 934 1734 974 καὶ
1750 945 1794 978 10

273 1010 348 1059 τῆς
360 1001 596 1060 βαρύτητος
616 1003 688 1046 οὐκ
704 1003 854 1057 ὀλίγον,
879 1005 912 1045 εἴ
930 1009 1003 1057 τῆς
1019 1007 1135 1056 τιμῆς
1158 1004 1448 1058 ἕξοστρακίσας
1465 1009 1589 1044 ποιεῖν
1609 1001 1738 1043 ἐθέλει

275 1075 439 1127 καὶτῆς
463 1071 543 1114 ἀπὸ
574 1076 657 1114 τῶν
686 1070 922 1126 ἀνθρώπων
951 1069 1244 1126 παρακλήσεως
1264 1070 1426 1126 ἔρημον,
1500 1068 1520 1111 ὃ
1550 1071 1595 1111 δὲ
1616 1074 1740 1123 βασι-

276 1141 369 1190 λεὺς
398 1138 486 1183 οἷον
508 1141 551 1182 ἐκ
577 1145 659 1182 τῶν
679 1139 809 1194 λόγων
830 1140 970 1192 λαβὼν
989 1138 1035 1182 τό
1066 1140 1103 1181 οἳ
1127 1146 1331 1191 συνοῖσον,
1370 1140 1436 1180 καὶ
1458 1136 1521 1180 ὅτι
1543 1139 1739 1193 κατῆρξεν

277 1208 298 1252 ὃ
322 1207 557 1262 πεισόμενος
585 1209 709 1263 λέγων
739 1202 787 1250 οὗ
819 1208 943 1257 αὐτὸς
975 1206 1225 1261 βουλόμενος
1255 1207 1352 1256 ἴσως
1382 1213 1507 1248 ποιεῖν
1531 1205 1636 1247 κατὰ
1666 1205 1740 1259 τὴν

230 1297 262 1331 E
285 1278 387 1332 πρὸς
414 1278 562 1318 ἐκεῖνον
590 1277 802 1318 δυσωπίαν
845 1275 1038 1329 ἀπέσχετο
1061 1309 1072 1327 ,
1129 1273 1394 1331 εὐπρόσωπον
1428 1272 1515 1317 οἷον
1550 1274 1739 1316 ἐντεῦθεν
1754 1283 1795 1319 15

279 1346 351 1389 τὸν
372 1344 633 1403 περιορισμὸν
651 1345 800 1386 ἐκείνου
822 1344 996 1399 θέμενος
1021 1342 1075 1394 ὡς
1097 1344 1244 1386 ἐκείνου
1267 1341 1439 1400 πρώτως
1466 1341 1739 1398 μνησθέντος,

280 1468 334 1500 tes
360 1464 473 1510 palam
497 1464 592 1511 sequi
615 1464 760 1499 hostiurn
784 1462 1058 1506 manifestorum,
1088 1465 1124 1498 in
1147 1465 1248 1499 rebus
1277 1462 1426 1498 maximis
1448 1463 1491 1498 ab
1524 1460 1666 1495 ecclesia
1689 1471 1744 1493 re·

281 1523 347 1556 que
372 1511 505 1556 publica
526 1510 797 1545 irrevocabiliter
820 1511 1073 1552 dissidentium,
1099 1515 1292 1556 appareret.
1340 1510 1430 1544 misit
1460 1519 1542 1552 ergo
1575 1507 1618 1542 ad
1650 1506 1745 1540 Iose-

282 1559 384 1603 pbum
407 1557 594 1601 imperator
617 1562 729 1591 certos
753 1557 923 1598 homines,
945 1557 1003 1602 qui
1027 1568 1087 1590 suo
1111 1560 1242 1590 nomine
1265 1561 1422 1590 vetarent
1444 1567 1487 1589 ne
1510 1553 1625 1587 talium
1647 1552 1743 1586 dein-

283 1614 365 1648 ceps
390 1602 558 1636 hominum
581 1602 772 1636 convictum
796 1614 1079 1647 congressumque
1102 1602 1320 1645 admitteret,
1345 1602 1373 1635 si
1396 1600 1538 1646 quietis,
1567 1609 1636 1644 qua
1658 1609 1744 1642 gau-

283 1649 401 1691 deret,
425 1654 551 1682 certam
574 1648 639 1682 sibi
663 1648 767 1682 vellet
784 1656 939 1683 constare
962 1649 1216 1693 possessionem.
1265 1647 1437 1692 respondit
1458 1645 1623 1690 Iosephus
1645 1654 1744 1678 unam

283 1695 334 1727 rei
357 1705 455 1739 quam
477 1694 611 1728 iuberet
641 1695 858 1739 exequendae
890 1694 1051 1728 rationem
1074 1705 1167 1735 esse,
1199 1693 1228 1728 si
1258 1706 1296 1727 se
1319 1704 1359 1727 ac
1390 1704 1449 1726 eos
1472 1692 1529 1737 qui
1552 1700 1664 1724 secum
1688 1700 1745 1724 es-

283 1745 360 1773 sent
382 1740 415 1773 in
450 1740 582 1774 exilium
618 1742 815 1774 amandaret
846 1740 1056 1784 imperator:
1091 1739 1253 1783 relegatis
1284 1739 1371 1773 enim
1403 1739 1598 1772 facultatem
1629 1736 1746 1769 defore

283 1786 370 1819 istos
399 1796 541 1829 quorum
581 1785 811 1820 familiaritate
850 1785 1108 1820 interdiceretur
1137 1785 1338 1830 alloquendi.
1392 1784 1548 1830 quamdiu
1588 1792 1669 1815 vero
1704 1791 1745 1814 eo

286 1831 361 1864 loco
385 1831 544 1874 degeret,
567 1831 656 1864 haud
683 1843 721 1865 se
742 1832 817 1865 iure
841 1831 970 1875 culpari
994 1832 1083 1876 quod
1117 1832 1279 1865 adeuntes
1303 1831 1345 1864 ad
1378 1842 1415 1863 se
1439 1829 1569 1873 aliquos
1593 1837 1660 1861 non
1683 1837 1745 1859 ex-

287 1876 459 1909 cluderet:
497 1887 572 1910 nam
604 1876 668 1910 nisi
703 1878 845 1910 humano
875 1877 996 1910 solatio
1026 1888 1145 1910 carere
1175 1878 1262 1910 omni
1291 1876 1325 1910 in
1359 1875 1425 1908 isto
1456 1883 1592 1907 secessu
1629 1871 1745 1913 vellet,

287 1932 427 1956 necesse
459 1921 524 1955 sibi
553 1933 627 1955 esse
658 1922 772 1955 officia
801 1934 865 1956 non
901 1923 1076 1965 aspernari
1110 1923 1198 1956 ultro
1228 1921 1273 1956 ad
1307 1933 1344 1954 se
1374 1919 1611 1954 ventitantium
1643 1917 1746 1951 etiam

287 1968 488 2012 ignotorum,
515 1968 619 2001 multo
643 1973 755 2001 autem
778 1968 884 2012 magis
908 1967 1087 2001 admittere
1108 1967 1294 2001 notissimos
1317 1966 1383 2000 sibi
1406 1966 1482 1999 olim
1506 1970 1541 1998 et
1564 1962 1747 1997 familiares

288 2014 458 2058 plurimos.
505 2017 564 2046 aut
586 2013 692 2057 igitur
714 2013 813 2047 exilio
837 2025 889 2046 me
913 2015 1051 2046 mulctet
1080 2014 1282 2058 imperator,
1315 2020 1375 2046 aut
1399 2012 1503 2045 libere
1524 2022 1578 2044 me
1599 2009 1668 2042 frui
1699 2011 1748 2042 si-

289 2061 349 2092 nat
372 2059 435 2092 hoc
458 2059 546 2104 quod
569 2058 723 2103 indulget
745 2059 833 2100 otio;
858 2071 920 2092 nec
943 2059 1139 2103 colloquiis,
1173 2059 1247 2093 sine
1277 2059 1399 2102 quibus
1431 2057 1502 2090 vita
1533 2055 1589 2090 hic
1612 2054 1747 2100 quidem

288 2104 405 2138 vitalis
428 2115 494 2138 non
517 2104 585 2147 sit,
610 2105 756 2139 criminis
782 2116 848 2150 quo
869 2109 987 2139 carent
1008 2110 1122 2138 notam
1146 2105 1318 2149 app³ngat.
1366 2104 1450 2137 haec
1473 2101 1540 2135 fuit
1562 2100 1604 2134 ad
1628 2099 1747 2134 missos

289 2151 335 2184 ab
365 2150 567 2195 imperatore
596 2154 704 2184 oratio
744 2150 902 2195 Iosephi‚
935 2162 1001 2184 non
1034 2150 1123 2184 illius
1155 2149 1291 2195 quidem
1331 2149 1407 2183 eiici
1437 2147 1607 2187 volentis,
1636 2150 1696 2180 aut
1727 2156 1748 2179 a

291 2196 475 2230 suburbani
499 2207 676 2238 secessus,
701 2208 768 2242 quo
793 2197 937 2230 libenter
963 2197 1146 2238 utebatur,
1170 2196 1285 2240 quiete
1309 2194 1434 2236 divelli,
1462 2194 1521 2227 sed
1544 2201 1750 2236 magnopere

290 2241 427 2276 fidentis
451 2240 529 2275 olim
553 2242 588 2275 in
612 2254 650 2276 se
673 2245 853 2288 perspecto
878 2242 1004 2275 affectu
1028 2241 1267 2286 iniperatoris3
1292 2252 1391 2286 quein
1414 2250 1581 2285 nunquam
1606 2248 1646 2271 eo
1667 2247 1751 2270 ven-

291 2291 403 2320 turum
425 2298 567 2332 sperans
589 2293 629 2322 ut
651 2292 720 2321 tam
743 2299 857 2322 carum
881 2288 945 2321 sibi
968 2292 1071 2332 caput
1094 2283 1274 2321 amandare
1296 2287 1496 2325 sustineret,
1519 2285 1562 2318 de
1585 2282 1750 2317 industria

290 2332 325 2365 in
347 2344 390 2366 ea
413 2344 512 2377 quam
539 2333 623 2367 fecit
656 2333 751 2367 exilii
780 2334 947 2367 mentione
969 2334 1082 2367 verbis
1117 2338 1170 2366 est
1201 2343 1282 2366 usus
1315 2331 1513 2366 acerbitatis
1544 2341 1608 2364 non
1632 2337 1750 2374 parum

291 2389 374 2412 sono
398 2378 473 2423 ipso
495 2380 764 2423 praeferentibus
779 2405 789 2421 ‚
833 2390 907 2412 cum
942 2379 992 2413 sic
1026 2389 1234 2423 exaggerans
1258 2379 1388 2412 diceret
1420 2375 1646 2411 “exterminet
1667 2383 1750 2408 sane

291 2434 378 2466 nos,
414 2428 588 2468 postquam
624 2425 748 2459 honore
782 2425 924 2467 deiecit3
960 2431 996 2458 et
1018 2425 1048 2459 si
1072 2425 1158 2458 omni
1178 2425 1317 2458 humano
1341 2423 1496 2469 privatos
1519 2421 1642 2455 solatio
1665 2419 1750 2459 vult,

291 2469 326 2503 in
348 2470 453 2502 feram
472 2470 617 2514 aliquam
640 2470 757 2505 eiiciat
776 2471 984 2505 solitudinem
994 2473 1028 2512 ‚''
1059 2471 1121 2504 tali
1147 2470 1278 2504 scilicet
1310 2467 1622 2504 commemoratione
1644 2464 1750 2498 confi-

292 2515 376 2548 dens
405 2520 644 2549 commoturum
678 2527 715 2549 se
750 2516 896 2561 aliquam
922 2517 955 2550 in
989 2516 1098 2550 animo
1130 2515 1292 2561 principis
1325 2515 1391 2550 sibi
1420 2509 1661 2548 devinctissimi
1690 2514 1751 2543 aut

294 2559 558 2594 misericordiam
590 2565 650 2594 aut
678 2562 914 2595 verecundiam
947 2562 1010 2596 sui.
1058 2567 1095 2595 at
1126 2563 1223 2606 longe
1256 2561 1411 2606 opinione
1444 2558 1551 2593 falsus
1582 2560 1636 2590 est
1666 2566 1747 2589 sua:

296 2605 422 2651 quippe
443 2605 645 2650 imperator,
682 2606 777 2640 cuius
799 2607 835 2640 in
858 2607 968 2642 animo
990 2613 1088 2641 tener
1109 2607 1169 2641 ille
1193 2611 1291 2640 vetus
1314 2618 1355 2640 ac
1377 2604 1490 2639 filialis
1513 2603 1547 2636 in
1570 2601 1750 2646 Iosephum

298 2663 392 2686 amor
416 2652 600 2692 refrixerat
621 2662 686 2685 non
711 2663 837 2695 parum,
863 2654 925 2687 boc
947 2653 1037 2687 illius
1059 2664 1221 2698 responso
1245 2652 1453 2698 plausibilem
1476 2659 1538 2682 nec
1555 2647 1620 2682 sibi
1644 2646 1751 2690 negli-

298 2697 440 2742 gendam
476 2696 595 2731 offerri
623 2698 871 2731 excusationem
908 2699 996 2743 apud
1035 2699 1156 2742 vulgus
1199 2698 1342 2732 credidit
1371 2695 1558 2730 sententiae
1591 2692 1752 2734 durioris,

298 2754 451 2785 magnam
483 2742 634 2777 invidiae
662 2747 793 2787 partem
827 2743 1016 2778 detractum
1040 2744 1083 2777 iri
1116 2746 1208 2778 recte
1231 2747 1326 2777 ratus
1345 2742 1482 2776 decreto
1505 2740 1539 2773 in
1571 2739 1751 2784 Iosepbnm

299 2788 420 2830 exilio,
447 2787 497 2830 si,
520 2787 610 2834 quod
632 2788 724 2832 egit,
763 2789 914 2822 studiose
937 2789 1131 2833 divulgaret
1153 2789 1186 2822 id
1219 2789 1306 2822 ultro
1329 2787 1392 2821 sibi
1417 2785 1620 2820 conscivisse
1645 2795 1750 2830 popo-

298 2834 469 2879 scissaque
490 2834 617 2880 ipsum3
657 2844 695 2868 se
715 2833 751 2867 in
787 2845 827 2868 eo
851 2836 980 2868 tantum
1003 2834 1169 2870 voluntati
1192 2834 1266 2869 eius
1289 2832 1419 2878 apertis
1440 2831 1555 2867 verbis
1580 2830 1751 2865 indicatae
