1884 3262
450 168 528 210 DE
561 166 842 233 MiCHAELE
878 170 1254 214 PALAEOLOGO
1291 172 1339 215 L.
1375 172 1448 216 111.
1597 173 1696 221 247

212 281 503 339 προσπεπαίκει
525 278 672 339 φόβος.
744 284 811 326 καὶ
832 283 892 340 μὴ
918 280 1048 336 μόνον
1067 284 1116 328 τὸ
1143 284 1250 328 κατὰ
1271 287 1384 342 σφᾶς
1408 283 1563 342 ἤθελον
1583 285 1692 331 ἀλλὰ

210 354 276 395 καὶ
295 351 342 395 τὸ
360 351 467 395 κατὰ
487 357 624 395 πᾶσαν
644 351 720 408 τὴν
738 351 858 396 πόλιν
884 351 1116 412 σώζεσθαι..
1178 352 1444 406 ὁπλισθέντες
1470 362 1689 414 τοιγαροῦν

209 422 371 465 διέθεον
393 425 535 464 πᾶσαν
553 421 626 476 τὴν
647 419 766 465 πόλιν
776 455 791 475 ,
825 419 894 466 οἶά
927 440 1032 472 τινες
1061 420 1295 474 διάττοντες
1317 431 1520 480 συνεχεῖς,
1555 428 1626 469 καὶ
1645 427 1684 470 οἱ
1706 432 1736 466 C

206 482 283 545 μὲν
307 491 427 534 ἔνθεν
447 491 486 533 οἳ
505 491 549 533 δὲ
569 491 725 534 ἐκεῖθεν
739 490 845 545 μεθ’
869 489 1003 547 ὁρμῆς
1024 490 1283 546 ἔξαλλόμενοι
1305 491 1424 536 οὐδὲν
1442 492 1584 548 ἑώρων
1603 500 1687 539 τῶν

174 569 195 604 5
207 560 446 616 λεγομένων,
483 558 622 615 μόνων
644 561 689 603 δὲ
707 560 901 615 ὀδυρμῶν
918 562 985 603 καὶ
1004 558 1295 616 στεναγμάτων
1314 561 1466 617 ἤκουον
1483 561 1541 614 ὥς
1560 562 1686 609 ἇλόν-

203 647 278 686 τος
296 634 372 672 τοῦ
394 629 541 680 ἄστεος
565 631 632 672 καὶ
659 627 715 679 ὥς
743 634 818 672 τοῦ
842 632 977 673 δεινοῦ
998 630 1140 687 σφίσιν
1165 631 1207 672 ἓν
1225 633 1317 688 χρῷ
1343 629 1579 687 γεγονότος,
1615 637 1683 676 καὶ

202 704 343 754 σχῆμα
374 694 426 754 ἦν
451 698 645 754 ἄντικρυς
677 696 859 754 ἁλούσης
886 696 1043 748 πόλεως
1071 697 1123 760 τοὶ
1149 697 1440 756 πραττόμενα,
1475 700 1583 758 πλὴν
1605 703 1682 746 οὐκ

201 770 245 811 ἐκ
265 772 350 812 τῶν
367 766 562 826 δρώντων
589 769 890 822 εἶκονιζομένων
919 773 1002 811 τῶν
1015 772 1234 824 χαλεπῶν,
1285 767 1382 811 ἀλλ’
1413 769 1458 812 ἐκ
1483 774 1566 814 τῶν
1595 790 1679 814 πα-

200 835 384 894 σχόντων
408 837 461 880 τὰ
494 841 569 891 τῆς
594 834 798 887 ἁλώσεως.
871 836 920 880 οὐ
941 837 1020 895 γὰρ
1043 831 1158 887 κενδς
1180 834 1310 880 ἐκάλει
1331 838 1446 881 κενὸν
1466 836 1523 890 ὥς
1539 838 1678 895 ληψό-

143 920 319 963 1ομενος
348 911 433 950 τῶν
463 905 592 962 ἀργὸν
625 906 730 963 πρὸς
760 906 808 949 ‘cd
839 904 1081 962 λήψεσθαι,
1139 906 1237 950 οὐδὲ
1265 905 1428 963 πλήρης
1459 907 1516 951 ὢν
1546 908 1673 962 ἄλλος
1693 924 1727 958 D

195 974 462 1034 παρώτρυνεν
481 975 619 1032 ἕτερον
631 1007 646 1028 ,
685 974 781 1017 ἀλλ’
808 973 895 1018 οἷον
921 975 1225 1026 ἕκσπασθέντες
1251 980 1311 1035 τῷ
1333 975 1593 1033 φοβόληπτοι
1610 996 1679 1035 γε.

193 1046 379 1103 γονέναι,
426 1046 493 1087 καὶ
519 1051 607 1094 τοῖς
636 1045 798 1094 οἶκειόις
829 1042 886 1095 ὥς
921 1044 1156 1102 ἀλλοτρίοις
1193 1047 1516 1102 προσπαιόντες,
1558 1045 1676 1092 ὗπώ-

191 1132 342 1158 πτευον
371 1115 440 1157 καὶ
470 1113 570 1163 τοὺς
603 1111 800 1169 συνήθεις
834 1112 891 1164 ὥς
923 1115 1143 1169 πολεμίους
1163 1147 1177 1167 ,
1232 1113 1350 1172 παρὰ
1391 1120 1594 1159 τοσοῦτον
1623 1117 1673 1161 οὐ

190 1182 444 1242 σφάττοντες
460 1182 564 1239 παρ’
600 1181 700 1226 ὅσον
731 1185 799 1226 καὶ
825 1183 872 1227 τὸ
894 1183 998 1239 πρὸς
1024 1184 1185 1227 ἐκείνων
1203 1188 1356 1228 παθεῖν
1375 1182 1671 1242 ἐφυλάττοντο,

135 1263 177 1299 15
191 1251 395 1311 δύσμοροι
422 1257 499 1307 τῆς
531 1249 755 1307 ὁμαιχμίας
787 1254 854 1295 καὶ
885 1252 1027 1296 ἄθλιοι
1056 1252 1131 1308 τῆς
1158 1253 1265 1296 κατὰ
1290 1257 1403 1311 σφᾶς
1427 1256 1671 1311 προθυμίας

189 1325 377 1373 ἕκαστος.
443 1319 536 1365 τότε
570 1323 638 1364 καὶ
671 1321 710 1364 οἱ
745 1322 788 1364 ἒν
818 1322 997 1380 εἱρκταῖς
1018 1321 1203 1379 σιδήροις
1231 1320 1474 1377 πεδοῦμενοι
1504 1323 1669 1383 (πολλοὶ

183 1393 262 1451 γὰρ
283 1397 368 1436 τῶν
388 1391 595 1446 πολεμίων
614 1390 892 1448 κρατηθέντες
911 1389 966 1442 ὥς
984 1391 1146 1449 εἱρκτὴν
1176 1389 1315 1447 λήθης
1343 1391 1418 1447 τὴν
1438 1394 1480 1436 ἓν
1502 1395 1658 1455 Νικαίᾳ
1682 1398 1716 1438 Ε

186 1461 375 1520 φυλακὴν
408 1462 720 1516 κατεκρίνοντο,
775 1458 830 1510 ὥς
862 1460 910 1504 οὗ
944 1461 1099 1521 ῥᾳδίως
1131 1459 1183 1503 ἂν
1213 1459 1488 1518 ἀποδράντες)
1523 1462 1668 1507 ἐκεῖνοι

183 1532 323 1575 τοίνυν
359 1530 434 1586 τὴν
468 1529 606 1584 κοινὴν
639 1526 844 1585 θεώμενοι
880 1530 1066 1588 ταραχὴν
1104 1530 1315 1574 ἐπίστευον
1353 1529 1453 1581 τοὶς
1483 1532 1665 1590 ε’χθροῦς

179 1627 372 1675 disquirere
405 1626 487 1673 quid
517 1626 553 1661 in
585 1638 625 1662 re
659 1629 763 1662 esset.
809 1627 870 1662 sed
907 1627 1041 1674 pariter
1079 1640 1195 1663 omnes
1223 1639 1292 1662 una
1324 1627 1491 1662 communi
1503 1629 1663 1674 'perculsi

179 1675 383 1716 fonnidine‚
405 1675 611 1719 satagebant
625 1685 693 1708 non
716 1686 755 1708 se
778 1675 869 1709 solos
893 1686 1013 1708 verum
1036 1677 1074 1708 et
1100 1676 1192 1709 cives
1216 1679 1378 1720 tectaque
1401 1686 1554 1709 servare.
1602 1687 1664 1711 ar-

178 1721 263 1756 mati
286 1733 368 1766 ergo
395 1720 635 1755 discurrebant
658 1732 722 1766 per
754 1724 862 1754 totam
896 1721 1090 1760 civitatem,
1113 1721 1209 1755 velut
1231 1721 1370 1766 quidam
1389 1721 1480 1755 ultro
1499 1720 1660 1768 ⁵citroque

177 1768 336 1802 continue
366 1767 621 1801 commeabundi
652 1769 783 1802 celeres
815 1767 935 1804 nuntii.
989 1778 1032 1801 ac
1071 1767 1150 1802 dum
1182 1767 1219 1801 hi
1251 1768 1360 1810 banc,
1396 1767 1456 1801 alii
1490 1767 1590 1802 aliam
1622 1770 1659 1803 in

174 1818 309 1860 partem
331 1813 462 1859 impetu
488 1814 665 1858 seruntur,
698 1813 780 1847 nihil
810 1813 947 1859 quidem
972 1824 1088 1847 eorum
1120 1825 1210 1860 quae
1242 1813 1446 1848 dicebantur
1467 1812 1656 1849 videbant:

174 1861 283 1896 solum
318 1860 465 1895 eiulatus
494 1860 645 1906 undique
676 1860 904 1906 planctusque
934 1860 1138 1903 audiebant,
1179 1860 1275 1895 velut
1307 1865 1410 1905 capta
1439 1859 1581 1894 civitate
1603 1860 1657 1894 la-

175 1907 404 1941 mentantium.
453 1912 622 1952 erantque
651 1917 757 1940 voces
790 1918 832 1940 ac
861 1906 1026 1940 clamores
1060 1907 1162 1952 plane
1191 1907 1311 1953 quales
1343 1906 1535 1950 hominum,
1568 1917 1656 1952 quos

173 1964 250 1988 cum
273 1954 419 1988 maxime
441 1965 605 1998 praesens
637 1953 758 1998 pungit
788 1964 830 1987 ac
861 1953 998 1998 penitus
1031 1953 1189 1988 vulnerat
1210 1952 1340 1987 atrocis
1360 1952 1551 1997 ingruentis
1573 1953 1656 1987 mali

171 2010 312 2043 sensus;
338 1999 486 2045 nihilque
508 1999 630 2034 deerat
651 1999 695 2034 ad
717 2011 854 2034 scenam
887 1999 1054 2044 tragicam
1086 2006 1262 2034 extremae
1292 1998 1520 2041 calamitatis,
1542 1999 1654 2045 qualis

170 2046 207 2080 in
230 2046 423 2092 direptione
445 2046 542 2080 urbis
565 2051 780 2092 expugnatae
803 2045 974 2088 cernitur,
995 2045 1061 2079 nisi
1086 2046 1177 2091 quod
1201 2046 1294 2080 solae
1315 2056 1406 2091 quae
1428 2045 1653 2090 patiebantur

170 2104 339 2137 personae
363 2097 480 2138 partes
500 2093 596 2135 illic,
634 2098 671 2126 et
704 2092 840 2138 quidem
874 2091 1145 2138 perfectissime,
1170 2093 1321 2137 agebant
1342 2102 1446 2133 suas,
1469 2090 1536 2125 vim
1558 2090 1651 2126 infe-

169 2143 284 2173 rentes
325 2140 570 2184 comparebant
599 2150 776 2184 nusquam.
835 2150 904 2173 non
936 2138 1024 2173 enim
1039 2164 1049 2180 ,
1090 2142 1131 2172 ut
1168 2139 1210 2173 fit
1249 2139 1285 2172 in
1325 2136 1650 2182 depraedationibus

169 2190 348 2231 captarum
370 2185 568 2228 civitatum,
599 2197 728 2220 vacuus
760 2197 901 2220 vacuum
935 2185 1184 2219 exhortabatur
1216 2185 1258 2218 ad
1294 2194 1409 2217 secum
1433 2182 1647 2228 rapiendum,

168 2235 206 2265 et
227 2232 262 2265 in
283 2231 349 2265 hoc
370 2243 507 2277 segnem
530 2232 744 2278 increpabat.
791 2243 858 2266 non
879 2243 998 2266 rursus
1020 2231 1140 2276 plenus
1162 2231 1314 2276 praedae
1336 2229 1424 2263 alius
1447 2230 1647 2264 ostentabat

167 2277 261 2311 socio
284 2277 397 2323 spolia
431 2279 607 2324 exposita,
637 2278 782 2312 incitans
813 2283 852 2312 ut
883 2283 1022 2312 strenue
1045 2279 1210 2312 auferret.
1256 2275 1360 2316 nihil,
1382 2275 1539 2321 inquam,
1561 2287 1645 2322 spe-

165 2324 328 2358 ctabatur
349 2323 420 2358 tale
434 2350 445 2367 ,
466 2324 527 2358 sed
549 2327 682 2358 tantum
706 2326 810 2359 turba
829 2325 1039 2358 tumultuans
1062 2325 1253 2358 avulsorum
1275 2321 1431 2357 domibus
1453 2325 1491 2356 et
1512 2325 1644 2357 temere

163 2370 371 2404 cursantium
395 2375 488 2404 metu
518 2370 780 2416 lymphatorum.
825 2371 884 2416 quj
917 2370 978 2404 ubi
1000 2369 1035 2403 in
1069 2369 1276 2403 domesticos
1296 2379 1464 2414 procursu
1487 2367 1643 2403 offende-

163 2422 265 2459 rant,
295 2417 582 2451 coborrescebant
611 2423 772 2463 tanquam
794 2416 830 2450 in
853 2417 971 2451 hostes
991 2415 1213 2458 incidissent,
1236 2420 1372 2449 terrore
1393 2413 1545 2458 Panico,
1569 2427 1638 2460 quo

162 2468 263 2497 erant
284 2463 462 2505 fascinati,
496 2462 682 2497 familiares
703 2463 916 2497 deformante
948 2462 982 2496 in
1006 2462 1196 2504 barbaros,
1218 2473 1305 2507 quos
1329 2472 1372 2495 ne
1394 2460 1553 2495 occidere
1577 2473 1638 2495 co-

161 2513 328 2543 narentur
349 2509 423 2544 sola
446 2509 564 2543 tuendi
597 2521 636 2543 se
657 2509 752 2555 ipsos
784 2510 828 2543 ab
861 2520 976 2543 eorum
1003 2507 1137 2543 scilicet
1157 2508 1287 2542 infesta
1306 2507 1340 2542 vi
1366 2511 1402 2541 et
1423 2506 1530 2541 armis
1553 2518 1638 2542 cura

159 2556 371 2591 retardabat.
417 2555 573 2591 infelices
594 2555 670 2590 dira
691 2555 858 2589 caecitate
871 2580 881 2598 ‚
913 2555 971 2600 qui
1005 2566 1071 2588 non
1094 2554 1329 2589 discernerent
1350 2554 1443 2588 cives
1462 2557 1500 2587 et
1521 2553 1635 2588 socios

161 2602 205 2636 ab
229 2602 405 2645 hostibus;
426 2614 490 2636 nec
514 2602 622 2637 minus
645 2601 761 2636 miseri
783 2601 982 2636 fortitudine
1003 2600 1256 2647 intempestiva,
1278 2611 1348 2646 qua
1368 2599 1404 2633 in
1427 2599 1554 2634 amicos
1577 2605 1634 2633 at-

159 2659 228 2693 que
248 2649 336 2683 adeo
358 2649 395 2683 in
418 2660 458 2684 se
478 2649 568 2692 ipsos
591 2659 783 2682 mueronem
811 2647 1044 2692 impetumque
1073 2646 1305 2693 unusquisque
1334 2645 1506 2681 vertebat.
1549 2648 1633 2679 tunc

158 2694 193 2728 bi
219 2706 356 2741 quoque
379 2707 464 2742 quos
488 2694 665 2729 custodiae
686 2695 780 2728 ferro
813 2693 950 2728 vinctos
971 2694 1136 2728 tenebant
1167 2693 1282 2739 (multi
1309 2692 1398 2727 euim
1420 2692 1510 2726 bello
1529 2692 1630 2736 capti

157 2746 326 2786 perpetuo
347 2753 487 2777 carcere
500 2741 651 2775 Nicaeae
668 2740 842 2774 detinendi
858 2739 1008 2775 damnati
1028 2745 1141 2782 erant,
1161 2740 1206 2775 ad
1218 2739 1255 2774 id
1271 2740 1340 2774 ista
1355 2738 1490 2772 delecta
1504 2736 1627 2772 civita-

157 2792 206 2827 te,
239 2787 330 2832 quod
351 2788 432 2822 inde
456 2787 632 2823 difficilius
657 2787 733 2820 vias
757 2785 907 2832 fugiendi
931 2786 1087 2832 reperire
1109 2798 1212 2832 posse
1234 2785 1454 2828 viderentur)
1478 2783 1548 2826 isti,
1571 2783 1627 2817 in-

157 2843 271 2877 quam,
294 2835 456 2870 communi
483 2834 719 2870 animadversa
745 2833 1017 2879 perturbatione,
1041 2833 1200 2880 persuasi
1222 2843 1347 2868 revera
1369 2831 1543 2876 ingressos
1566 2830 1629 2864 ho-
