1884 3262
250 226 349 278 698
626 257 629 262 ·
648 224 970 274 *OBSERVA‘L
994 224 1314 275 PACHYMER.

257 336 346 376 dori
368 333 561 387 principia
581 335 865 386 conspectum'.>
912 335 1010 386 quid
1026 335 1093 374 illa
1114 341 1247 375 sextae
1265 335 1342 374 diei
1362 337 1538 376 mentio?
1582 350 1714 376 nonne

253 391 458 431 evidenter
480 389 602 441 exigit
619 391 809 442 insignem
829 391 1000 443 aliquam
1014 392 1122 431 unde
1141 399 1374 431 numeretur
1392 394 1579 445 epocham
1591 395 1611 433 ’Β
1669 407 1715 433 ea

255 462 376 501 porro
397 461 486 486 cum
508 447 708 486 Theodori
725 462 832 487 mors
851 461 933 487 esse
951 463 1033 487 non
1051 449 1194 501 possit,
1224 450 1368 501 quippe
1387 462 1486 500 quae
1500 451 1715 502 praesigni—

255 505 367 543 ficari
394 505 501 556 signo
525 506 718 555 posterius
746 505 853 543 edito
882 506 1098 556 nequierit,
1126 512 1249 544 restat
1268 512 1316 545 ut
1334 506 1507 544 eiusdem
1533 508 1716 545 solemnis

255 562 503 612 inauguratio
528 561 782 611 intelligenda
806 562 876 610 sit,
906 563 1051 614 natali,
1080 568 1126 600 ut
1144 562 1336 611 diximus,
1367 562 1535 611 Christi,
1563 565 1617 607 25
1639 564 1717 602 De·-

257 618 423 656 cembris
441 618 503 656 die
520 618 613 656 anni
637 619 764 668 1255,
793 619 999 658 celebrata.
1057 625 1097 657 et
1118 619 1369 658 commodum
1390 620 1439 658 ab
1456 620 1531 657 ista
1549 619 1631 670 ipsa
1652 620 1718 658 die

258 688 358 726 quae
386 681 498 713 sexta
518 674 670 723 illuxit,
699 675 898 726 trigesima
925 676 1148 714 Decembris
1174 676 1243 714 illo
1265 676 1401 714 eodem
1419 689 1522 714 anno
1545 675 1652 718 1255
1677 682 1717 715 et

256 732 355 771 seria
383 732 459 770 fuit
484 731 644 783 quinta,
670 745 760 769 cum
786 731 853 770 illo
875 746 980 771 anno
1008 732 1162 784 periodi
1186 732 1358 771 Iulianae
1374 734 1484 776 5968
1501 732 1633 783 cyclus
1649 746 1718 770 so·-

118 791 147 824 P
170 788 239 824 492
261 789 308 827 lis
335 788 384 837 4,
422 788 537 827 litera
561 788 812 826 Dominicalis
842 789 871 827 C
899 789 1044 839 fuerit,
1075 789 1160 838 die,
1187 790 1369 839 inquam,
1399 793 1454 831 30
1484 788 1718 838 Decembris,

258 849 284 889 6
305 859 327 883 a
348 845 604 883 coronatione
623 844 823 884 Theodori
839 859 962 885 manu
977 846 1131 884 Arsenii
1148 838 1398 897 patriarchae
1418 846 1459 883 in
1477 845 1636 884 ecclesia
1655 846 1719 883 fa·-

258 909 336 951 cta,
367 915 469 940 anno
493 902 613 952 1255,
644 902 794 954 eclipsis
813 902 904 940 solis
918 903 1003 942 visa
1022 903 1183 941 Nicaeae
1203 903 1336 954 ingens
1357 908 1435 952 est,
1464 902 1599 940 eadem
1618 901 1719 940 hora

258 973 377 1010 quam
397 958 551 997 notavit
567 957 824 1010 Pachymeres
841 966 932 1011 post
949 959 1150 998 meridiem
1169 961 1295 1009 tertia,
1322 973 1411 998 curn
1429 959 1600 997 tenebris
1619 957 1719 997 den-

257 1015 416 1053 sissimis
439 1021 524 1053 toto
550 1019 659 1063 aere,
686 1021 726 1053 et
753 1017 996 1067 apparitione
1026 1016 1228 1054 stellarum
1249 1017 1288 1054 in
1308 1016 1417 1055 coelo
1431 1044 1442 1065 ,
1471 1022 1519 1054 ut
1541 1021 1650 1067 patet
1668 1028 1719 1053 ex

258 1072 343 1110 eius
362 1071 522 1122 deliquii
541 1071 794 1109 exactissimis
817 1072 994 1122 calculis,
1024 1086 1122 1123 quos
1142 1073 1321 1121 sequenti
1342 1086 1435 1111 mox
1458 1074 1586 1123 capite
1606 1071 1719 1110 dabi-

259 1142 360 1168 muS.
417 1134 545 1166 totam
566 1127 672 1165 hanc
694 1129 961 1167 coniecturam
982 1142 1028 1166 ac
1047 1129 1387 1167 ratiocinationem
1405 1142 1450 1166 eo
1474 1128 1599 1180 pluris
1617 1128 1718 1166 facio

260 1184 370 1235 quod
388 1185 464 1222 mei
482 1184 625 1234 ingenii
637 1198 717 1221 non
742 1191 812 1223 est.
872 1200 962 1224 cum
989 1185 1092 1223 enim
1115 1186 1267 1223 diffisus
1289 1185 1463 1224 facultati
1483 1198 1590 1223 meae
1610 1185 1718 1224 viros

262 1242 362 1280 duos
396 1239 494 1290 mihi
525 1241 775 1278 amicissimos
803 1246 843 1279 et
871 1241 1134 1280 astronomiae
1154 1242 1408 1292 peritissimos
1430 1242 1478 1280 de
1495 1241 1570 1279 hac
1587 1240 1719 1293 eclipsi

257 1297 561 1346 consuluissem,
599 1297 784 1335 Ioannem
812 1298 1029 1350 Baptistam
1057 1298 1275 1336 Ricciolum
1305 1304 1344 1336 et
1371 1298 1556 1336 Iacobum
1586 1299 1719 1336 Gran-

258 1355 369 1403 tami,
400 1354 514 1392 ambo
531 1359 807 1392 convenerunt
827 1354 868 1393 in
887 1354 1121 1393 affirmando
1138 1355 1289 1393 nullam
1307 1368 1411 1393 anno
1429 1354 1577 1393 Christi
1598 1355 1719 1404 1259,

260 1425 340 1462 quo
361 1417 420 1449 est
435 1410 665 1449 Theodorus
681 1410 818 1449 Iunior
838 1411 1014 1449 Lascaris
1040 1417 1243 1460 mortuus,
1271 1412 1363 1454 solis
1395 1411 1587 1463 eclipsim,
1617 1424 1719 1462 qua-

257 1468 337 1506 lem
362 1467 622 1519 Pachymeres
648 1467 853 1517 describit,
883 1468 1051 1521 spectari
1079 1468 1243 1506 Nicaeae
1267 1469 1448 1519 potuisse.
1505 1467 1604 1506 alter
1621 1480 1718 1506 vero

258 1525 445 1573 illorum,
474 1523 639 1562 Iacobus
664 1524 892 1575 Grmxtami,
918 1525 1192 1576 benignissimo
1213 1525 1309 1563 mihi
1329 1524 1572 1576 gratificandi
1588 1524 1719 1562 studio

258 1586 388 1619 totam
415 1580 696 1619 intricatissimi
723 1581 842 1620 huius
869 1581 947 1620 loci
974 1581 1276 1634 perplexitatem
1301 1581 1463 1633 insigni,
1493 1594 1578 1619 mea
1604 1594 1721 1619 causa

258 1638 504 1687 elucubrato,
533 1638 815 1677 commentario
837 1639 1039 1690 explicuit,
1067 1638 1110 1677 id
1126 1638 1254 1690 ipsum
1275 1640 1383 1689 quod
1400 1638 1467 1676 hic
1486 1637 1718 1688 compendio

257 1695 447 1747 proposui
466 1695 627 1734 uberius
648 1701 688 1734 et
705 1696 925 1734 accuratius
943 1695 1160 1734 adstruens,
1191 1695 1236 1733 id
1253 1695 1497 1746 praeclarum
1514 1695 1589 1733 viri
1605 1694 1720 1745 longe

255 1751 482 1801 doctissimi,
511 1758 551 1790 et
575 1752 624 1791 de
643 1765 705 1791 me
725 1766 844 1804 supra
865 1765 982 1803 quam
1003 1752 1231 1803 praedicare
1247 1753 1389 1803 possim
1410 1751 1555 1803 optime
1576 1750 1719 1799 meriti,

259 1822 359 1903 opug
386 1809 502 1859 quale
523 1810 654 1862 accepi
674 1809 830 1849 erudita
846 1809 968 1863 ipsius
994 1815 1202 1848 exaratum
1221 1822 1342 1848 manu
1361 1808 1543 1861 deinceps
1559 1807 1627 1848 hic
1644 1806 1720 1845 ad-

257 1877 332 1902 seri
362 1877 436 1905 am.

726 2007 1087 2058 CAPUT
1153 2008 1261 2060 ΙΙΙ.

256 2099 404 2139 -Ιαοοῦἰ
430 2100 653 2139 Grantczmi
678 2116 697 2138 e
723 2103 910 2139 societate
935 2101 1026 2140 Iesu
1062 2099 1293 2140 dissertatio
1324 2099 1372 2138 de
1399 2099 1538 2151 eclipsi
1568 2098 1668 2136 solis
1692 2110 1720 2136 a

318 2157 561 2210 Paclcymere
577 2165 732 2197 notata.
762 2157 822 2196 ad
835 2160 1003 2197 Petrum
1017 2159 1237 2197 Possinum
1254 2156 1432 2196 eiusdem
1449 2156 1663 2194 societatis.

375 2258 406 2298 I.
463 2259 626 2313 Eclipsis
650 2261 742 2299 solis
770 2274 889 2313 supra
910 2273 960 2298 ex
974 2259 1214 2312 Pachymere
1233 2260 1427 2311 descripta
1446 2271 1529 2296 non
1550 2257 1720 2296 minores

262 2314 305 2352 in
325 2314 488 2355 historia
506 2323 727 2370 temporum
743 2324 781 2356 et
801 2317 1069 2356 astronomicis
1084 2318 1231 2369 legibus
1246 2317 1428 2355 tenebras
1444 2314 1549 2368 parit
1560 2343 1573 2363 ,
1601 2326 1720 2364 quam

263 2370 411 2409 dicitur
439 2373 482 2411 in
510 2378 599 2413 aere
624 2375 905 2414 obscuritatem
934 2374 1081 2412 fudisse
1107 2381 1147 2412 et
1171 2376 1304 2413 lumen
1334 2374 1450 2426 plane
1468 2377 1599 2409 totum
1629 2369 1720 2406 solis

259 2428 497 2468 extinxisse:
527 2436 594 2470 aer
615 2433 717 2470 enim
735 2437 840 2470 tecto
858 2445 883 2469 a
901 2431 996 2469 luna
1013 2431 1094 2469 sole
1112 2432 1241 2482 aliqua
1260 2430 1397 2469 saltem
1416 2428 1615 2467 stellarum
1631 2426 1720 2463 luce

261 2484 448 2535 fulgebat,
478 2492 518 2524 et
537 2501 637 2538 quae
655 2489 698 2526 in
715 2494 824 2527 terra
842 2488 1078 2539 gerebantur
1096 2502 1179 2526 non
1198 2487 1357 2526 omnino
1373 2484 1580 2524 invisibilia
1598 2488 1638 2521 et
1652 2482 1718 2520 in—

251 2541 484 2580 tractabilia
500 2543 666 2583 fiebant:
697 2545 908 2598 descriptio
928 2551 1060 2583 autem
1079 2545 1147 2583 illa
1165 2545 1221 2583 sic
1240 2544 1450 2582 obscurare
1467 2540 1631 2580 videtur
1650 2537 1718 2576 hi—

260 2597 446 2647 storiam,
477 2605 525 2637 ut
556 2602 705 2639 nullam
737 2602 772 2640 ei
798 2602 954 2654 penitus
975 2601 1068 2639 fidei
1083 2602 1212 2640 lucem
1233 2607 1304 2639 aut
1321 2604 1521 2652 aspectum
1541 2593 1719 2635 veritatis

261 2653 472 2705 relinquat.
500 2668 607 2695 mors
627 2659 876 2710 imperatoris
895 2658 1061 2710 ponitur
1077 2671 1181 2696 anno
1198 2658 1241 2696 iu
1260 2663 1495 2695 autumnum
1511 2656 1718 2702 vergente:

265 2713 341 2751 τοῦ
362 2706 401 2752 δ’
423 2707 551 2753 αὐτοῦ
575 2710 719 2767 χρόνον
740 2713 842 2768 πρός
867 2712 912 2756 vd
937 2711 1241 2767 φθινοπωρινόν
1271 2709 1554 2756 ἀποκλίνοντος
1576 2710 1717 2760 μεταλ-

263 2764 394 2807 λάττει
409 2764 455 2808 vo*
475 2769 593 2821 βιοῦν
611 2767 637 2810 o‘
653 2774 822 2823 κρατῶν.
863 2771 1099 2822 praenuntia
1115 2770 1290 2823 affigitur
1309 2769 1399 2808 solis
1419 2764 1584 2805 defectio
1604 2769 1717 2801 tanta

255 2828 312 2860 .ut
335 2825 556 2874 profundae
575 2826 760 2865 tenebrae
781 2827 912 2864 omnia
931 2833 1107 2879 tegerent
1125 2833 1166 2866 et
1187 2827 1318 2865 stellae
1343 2825 1385 2863 in
1411 2821 1519 2861 coelo
1543 2821 1718 2858 lucentes

268 2887 521 2932 apparerent:
550 2879 575 2924 δ
598 2879 650 2936 δή
680 2882 749 2924 καὶ
775 2879 1029 2938 προεσήμῃνὲ
1055 2898 1095 2924 τι
1120 2887 1296 2937 σημεῖον.
1322 2878 1436 2934 ἥλιος
1453 2874 1529 2933 γάρ
1546 2883 1645 2927 οἱα,
1671 2880 1719 2914 ut
