1846 3262
239 189 336 234 202
652 184 895 229 GEOROH
939 184 1293 229 PACHYMERIS

236 301 258 346 ὃ
284 301 327 345 δ’
349 294 528 348 ἀκούσας
551 298 592 342 ἓν
613 300 730 358 δεινῷ
749 299 876 343 ἐτίθει
894 299 969 354 τὴν
990 298 1199 356 ἀγγελίαν,
1237 301 1304 342 καὶ
1326 298 1400 343 οὔκ
1420 297 1520 356 εἶχεν
1541 297 1565 343 ὅ
1586 317 1624 343 τι
1642 302 1709 343 καὶ

234 367 407 426 πρόξοι,
454 367 551 411 οὐδὲ
585 368 789 419 καθεκτὸς
822 364 874 424 ἦν
902 366 1054 413 ἀλύων.
1125 366 1212 411 εἶτα
1243 368 1300 424 μὴ
1335 370 1474 426 κρίνας
1509 369 1710 426 ἀσφαλῶς

234 437 368 495 ἑαυτῷ
392 438 454 479 ἐπὶ
470 434 681 487 τοιαύταις
699 435 868 494 πράξεσι
890 442 1048 481 σιωπᾶν
1070 439 1136 480 καὶ
1154 437 1214 493 μὴ
1233 438 1425 487 ἐπεξιέναι
1444 439 1706 492 ἐπιτιμῶντα,

232 503 618 562 προσκαλεσάμενος
647 506 744 557 τοὺς
773 508 863 562 περὶ
895 506 1022 550 αὐτὸν
1047 504 1263 563 ἶεράρχας,
1301 508 1368 548 καὶ
1390 506 1500 550 δεινὰ
1521 504 1709 562 σχετλιά-

233 592 325 625 σας·
346 574 393 617 τὸ
426 578 591 631 πρῶτον
624 573 679 625 ὥς
705 577 980 631 χλευασθείς,
1028 577 1094 618 καὶ
1138 574 1201 618 ὅτι
1234 572 1354 629 νόμοι
1382 583 1741 632 καταφρονοῖντοᾶ

181 658 213 693 D
239 647 343 687 θεοῦ
377 643 445 686 διὰ
478 647 554 699 τῆς
587 648 669 687 τῶν
697 643 828 701 ὅρκων
854 645 1121 700 παραβασιάς
1139 641 1568 700 ὖπεραγανακτήσας,»
1594 645 1710 695 τέλος

236 713 279 756 τί
306 714 371 755 δεῖ
393 719 520 756 ποιεῖν
549 714 862 767 κατεσκέπτετο,
909 712 965 763 ὡς
996 713 1053 768 μὴ
1082 715 1239 767 ψεῦδος
1268 712 1468 768 ἀληθείας
1499 730 1709 756 κατακαυ-

232 779 409 837 χήσαιτο
436 783 504 823 καὶ
533 779 553 824 ὃ
584 779 785 838 ἀδικήσας
817 784 1037 838 κερδαίνειν
1069 781 1180 833 δόξοι
1205 781 1448 837 ἀνεχομένης
1478 786 1551 839 τῆς
1579 783 1709 838 δίκης.

239 850 326 894 “vd
345 854 444 908 γοῦν
465 852 508 901 ἐξ
525 848 678 905 ἥμιῦν”
715 851 818 909 ἔφη,
856 850 950 894 “2221
975 852 1102 907 ἐκείνη
1130 852 1389 908 περιαργοιή,
1423 851 1578 894 δίκαιον
1604 852 1710 907 γίνε-

237 924 341 963 σθαι
355 953 368 972 ,
406 917 461 969 ὥς
480 918 530 962 ἂν
548 924 606 978 τῷ
627 921 715 976 περὶ
740 919 898 963 τούτων
922 920 1160 977 ἀγανακτεῖν
1185 917 1457 976 μισοπόνηροι
1478 918 1708 974 δόξωμεν·.”
1722 932 1765 967 10

93 999 122 1033 P
151 997 216 1033 135
241 993 374 1032 ταῦτα
406 992 482 1031 τοῦ
513 987 769 1045 πατριάρχου
801 990 986 1045 λέγοντος
1014 987 1256 1044 ἀπήχθοντο
1290 990 1365 1043 μὲν
1388 989 1536 1045 οἱπερὶ
1561 988 1710 1032 ἐκεῖνον

239 1056 422 1107 ἐκτόπως
452 1058 519 1099 καὶ
552 1056 805 1114 ἄπεστύγονν
834 1058 886 1101 τὰ
919 1059 1205 1114 πεπραγμένα,
1243 1057 1290 1100 τὸ
1311 1058 1356 1100 δὲ
1374 1062 1456 1100 πᾶν
1479 1057 1546 1100 ἐπ’
1572 1058 1709 1116 ἐκείνῳ

237 1131 401 1170 κεῖσθαι
434 1124 736 1182 διωμολόγουν,
775 1125 830 1177 ὥς
851 1128 916 1169 καὶ
943 1127 1080 1170 αὐτῶν
1105 1125 1341 1182 ἑψομένων,
1380 1126 1421 1169 εἷ’
1435 1143 1474 1168 τι
1499 1124 1549 1168 ἂν
1573 1127 1709 1185 ἐκείνῳ

237 1197 305 1239 καὶ
344 1193 469 1246 δόξοι.
542 1193 564 1237 ὃ
597 1196 641 1238 δὲ
671 1194 802 1251 ὅρκων
831 1196 991 1238 ἐκείνων
1025 1193 1356 1247 καταστενάξας,
1404 1197 1472 1237 καὶ
1509 1197 1711 1250 μνησθεὶς

237 1263 350 1314 ὅπως
380 1263 617 1319 ἔμπεδοῒντο
649 1265 715 1306 καὶ
747 1263 863 1306 ἄλλοι
883 1264 941 1319 μὴ
962 1262 1104 1307 οἷοίτε
1128 1262 1320 1322 πράττειν
1337 1263 1389 1306 τὰ
1414 1263 1704 1318 ὃμωμοσμὲνα,
1722 1274 1764 1309 15

238 1333 364 1383 αὐτὸς
392 1332 438 1375 τὸ
469 1334 524 1381 εἲς
558 1332 706 1375 ε’κεΐνον
726 1326 826 1387 ἧκον
847 1339 974 1375 ποιεῖν
994 1333 1202 1387 ἀνεδέχετο
1223 1331 1362 1387 μόνος.
1432 1333 1538 1388 πλὴν
1557 1332 1605 1375 οὐ
1625 1350 1711 1376 σω-
1820 1327 1826 1334 “

237 1405 420 1456 μιιτικιῦς
449 1398 644 1456 σφάττειν
670 1399 806 1459 ᾑρεῖτο
844 1399 970 1460 (οὐδὲ
996 1402 1075 1460 γὰρ
1107 1400 1275 1461 ἅξιον)·
1308 1400 1405 1444 ὅσον
1433 1403 1458 1443 δ
1466 1401 1478 1417 ³
1505 1396 1576 1456 ἧκε
1604 1401 1710 1448 κατὰ

238 1470 379 1526 ψυχὴν
412 1467 628 1526 πράττειν,
673 1470 748 1512 οὐκ
778 1468 1022 1526 ἓρραθύμει.
1089 1470 1136 1513 τὸ
1165 1470 1207 1513 δ’
1242 1466 1292 1526 ἦν
1319 1467 1483 1520 πάντως
1514 1468 1613 1528 ὅπερ
1641 1469 1711 1513 διὰ

187 1553 217 1587 Β
242 1544 318 1595 τῆς
349 1539 558 1596 μαχαίρας
590 1542 665 1582 τοῦ
696 1537 929 1594 πνεύματος
959 1541 1133 1596 γίνεται,
1184 1537 1206 1583 ὅ
1233 1540 1318 1583 ἐστι
1343 1539 1457 1597 ῥῆμα
1488 1537 1711 1594 θεοῦςπῶς

235 1650 302 1682 est.
349 1646 379 1682 is
414 1659 517 1694 porro
551 1652 674 1683 acerbo
707 1651 944 1684 consternatus
974 1649 1093 1684 nuntio
1116 1650 1297 1684 aestuabat
1319 1648 1448 1693 animo,
1485 1647 1568 1695 quid
1589 1650 1711 1693 ageret

234 1694 405 1736 incertus3
441 1706 504 1727 nec
527 1696 635 1729 teneri
660 1700 796 1740 poterat
818 1696 898 1741 quin
922 1708 959 1730 se
982 1696 1018 1730 in
1043 1699 1167 1730 cuncta
1189 1697 1299 1742 palam
1323 1695 1558 1730 luctuosissimi
1584 1694 1709 1729 doloris

234 1739 364 1773 indicia
395 1739 601 1775 effunderet.
649 1742 770 1776 deinde
801 1746 897 1776 ratus
929 1742 1019 1776 haud
1046 1753 1201 1776 securum
1225 1753 1300 1776 esse
1323 1741 1389 1776 sibi
1412 1752 1516 1786 super
1538 1741 1600 1775 tali
1620 1740 1710 1775 faci-

235 1797 319 1820 nore
341 1784 444 1819 silere
466 1798 529 1820 nec
551 1786 663 1820 iustae
685 1787 720 1821 id
745 1787 1048 1822 animadversionis
1071 1788 1188 1822 ulcisci
1221 1788 1393 1830 vindicta,
1425 1786 1710 1832 convocatis->qui

236 1831 281 1865 ad
303 1842 438 1865 manum
464 1837 564 1866 erant
587 1833 820 1877 praesulibus,
851 1834 1005 1877 graviter
1028 1845 1236 1879 conquerens
1260 1834 1402 1879 primum
1425 1845 1463 1867 se
1486 1832 1636 1867 delusum
1659 1833 1710 1866 ir-

235 1877 428 1923 risumque‚
462 1881 534 1912 tum
567 1879 668 1912 foede
698 1884 908 1925 contemptas
932 1879 987 1914 dei
1007 1881 1103 1924 leges
1125 1880 1257 1914 nefaria
1293 1878 1477 1913 violatione
1497 1879 1709 1913 iuramento-

236 1934 329 1965 rum,
364 1923 598 1968 indignitatem
622 1925 779 1959 horrendi
800 1925 925 1970 flagitii
948 1925 1187 1970 exaggeravit3
1221 1937 1262 1960 ac
1283 1925 1429 1971 denique
1454 1925 1708 1959 deliberandum

238 1969 418 2015 proposuit
440 1970 522 2016 quid
549 1970 614 2004 tali
643 1971 820 2005 occasione
844 1983 882 2005 se
903 1973 1021 2006 facere
1045 1972 1203 2015 deceret,
1233 1983 1277 2005 ne
1309 1972 1452 2005 mendax
1485 1970 1636 2016 perfidia
1663 1971 1708 2005 de

239 2015 437 2050 conculcata
458 2015 607 2050 veritate
629 2017 765 2063 impune
788 2017 1004 2063 gloriaretur,
1026 2029 1111 2052 neve
1135 2023 1310 2061 grassator
1331 2016 1558 2063 iniquissimus
1580 2017 1707 2062 opimo,

238 2061 330 2107 quod
361 2061 599 2096 immanissime
628 2063 800 2109 rapuerit,
832 2063 938 2109 spolio
970 2064 1157 2108 gauderet,
1191 2063 1389 2098 connivente
1418 2063 1550 2096 iustitia
1572 2062 1707 2104 divina;

238 2118 328 2153 quae
362 2107 393 2141 si
418 2108 509 2151 suis,
543 2113 582 2142 ut
612 2110 811 2156 plerumque
842 2111 952 2153 solet,
986 2109 1204 2155 incompertis
1228 2110 1370 2144 humano
1398 2108 1534 2153 ingenio
1558 2108 1708 2142 consiliis

241 2156 442 2195 cunctetur,
472 2159 586 2188 tamen
617 2156 724 2190 nostri
755 2167 831 2190 esse
864 2155 971 2190 officii
998 2168 1064 2190 non
1096 2155 1271 2201 negligere
1301 2155 1390 2201 quod
1414 2165 1612 2200 possumus,
1645 2154 1708 2188 sed

238 2199 361 2234 saltem
394 2199 683 2236 demonstratione
714 2201 826 2248 aliqua
856 2201 982 2247 insigni
1013 2202 1134 2236 mundo
1159 2207 1195 2236 et
1218 2202 1367 2247 posteris
1388 2201 1512 2235 testari
1534 2212 1601 2235 non
1623 2211 1708 2235 sane

237 2245 463 2290 probantibus
487 2250 547 2281 aut
571 2248 796 2282 tolerantibus
818 2248 932 2292 nobis,
968 2252 1006 2282 at
1038 2249 1257 2282 vehementer
1278 2247 1528 2292 indignantibus
1552 2250 1587 2281 et
1610 2247 1708 2281 dete-

237 2290 431 2333 stantibus,
455 2295 524 2326 tam
548 2297 648 2328 atrox
672 2296 783 2328 scelus
805 2295 912 2329 fuisse
934 2298 1178 2340 perpetratum.
1225 2294 1308 2328 talia
1330 2294 1490 2339 loquente
1508 2292 1708 2339 patriarcha

239 2337 489 2371 exhorruerunt
512 2339 554 2372 ad
581 2341 779 2375 mentionem
803 2341 1003 2386 phanaticae
1025 2340 1238 2375 crudelitatis
1268 2340 1325 2385 qui
1348 2341 1491 2374 aderant
1523 2338 1707 2380 antistites,

238 2382 398 2428 nulloque
432 2394 499 2417 non
537 2384 634 2429 signo
664 2387 880 2422 declararunt
903 2387 1088 2421 abominari
1111 2398 1187 2421 sese
1219 2386 1302 2421 totis
1325 2386 1443 2421 animis
1463 2385 1595 2419 facinus
1618 2384 1705 2418 adeo

239 2428 446 2463 execrabile.
494 2429 740 2474 adiunxerunt,
778 2432 980 2467 decerneret
1010 2433 1100 2479 quod
1132 2432 1192 2467 tali
1223 2432 1401 2467 occasione
1423 2432 1476 2466 sas
1499 2436 1535 2464 et
1561 2441 1706 2476 aequum

238 2485 381 2520 poscere
403 2479 564 2519 putaret:
601 2479 880 2523 comprobaturus
903 2490 980 2513 sese
1002 2491 1043 2514 ac
1063 2490 1126 2525 pro
1149 2478 1243 2512 virili
1266 2486 1452 2512 secuturos.
1499 2476 1543 2510 ad
1575 2487 1616 2509 ea
1646 2475 1706 2510 ille

237 2519 353 2564 gravi,
390 2531 433 2554 ex
457 2520 526 2555 alto
555 2528 696 2567 pectore
717 2525 819 2559 ducto
843 2525 990 2569 gemitu,
1021 2524 1196 2559 recordari
1219 2536 1256 2558 se
1278 2528 1426 2559 testatus
1448 2534 1518 2568 qua
1541 2520 1706 2566 religione

236 2565 460 2601 iurisiurandi
491 2578 568 2601 sese
602 2581 716 2604 omnes
751 2571 993 2606 adstrinxerint
1015 2571 1060 2606 ad
1090 2571 1206 2606 statim
1230 2570 1461 2605 vindicandam
1486 2568 1523 2603 vi
1547 2572 1583 2602 et
1605 2578 1705 2603 manu

239 2611 441 2658 perfidiam,
463 2611 500 2646 in
522 2617 600 2648 utro
622 2617 848 2660 Augustorum
872 2617 1056 2662 existeret,
1078 2617 1174 2651 alteri
1197 2620 1318 2651 contra
1338 2620 1442 2662 pacta
1465 2617 1631 2648 conventa
1651 2613 1706 2647 in·
1760 2659 1763 2661 .

241 2657 363 2692 sidiari
385 2670 427 2693 ac
448 2660 598 2704 grassari
619 2661 654 2696 in
677 2664 819 2696 alterum
842 2663 1004 2706 audente,
1028 2657 1180 2706 addidit,
1202 2662 1357 2708 quoniam
1380 2663 1563 2706 appareret
1586 2659 1706 2693 deesse

241 2703 438 2739 facultatem
469 2706 613 2741 caeteris
643 2708 756 2742 iurata
777 2709 990 2754 exequendi,
1022 2721 1061 2746 se
1083 2709 1217 2755 quidem
1240 2708 1330 2755 quod
1352 2712 1445 2742 esset
1469 2706 1505 2739 in
1531 2716 1569 2740 se
1591 2706 1706 2739 factu-

241 2760 328 2783 rum.
375 2762 443 2785 non
465 2751 659 2788 stricturum
683 2758 796 2788 autem
819 2755 1010 2789 sensibilem
1039 2755 1189 2802 gladium
1209 2754 1245 2790 in
1268 2764 1389 2799 corpus
1412 2763 1453 2787 ac
1473 2751 1624 2796 iugulum
1648 2761 1705 2784 sa-

244 2795 362 2840 crilegi
396 2796 509 2842 (haud
544 2799 631 2834 enim
654 2799 690 2834 id
713 2799 1033 2846 sibirconvenire),
1070 2801 1131 2836 sed
1166 2801 1258 2846 quod
1288 2811 1370 2835 suae
1393 2797 1577 2844 potestatis
1604 2797 1705 2836 foret,

244 2840 374 2877 minime
407 2845 640 2881 cunctatumm
673 2845 815 2893 exequi,
850 2847 976 2882 utendo
1009 2847 1123 2893 gladio
1155 2845 1319 2894 spiritus,
1355 2844 1447 2893 quod
1476 2846 1531 2879 est
1562 2842 1705 2878 verbm·
