1846 3262
395 208 472 251 DE
505 201 786 251 MICHAELE
818 205 1196 251 PALAEOLOGO
1232 207 1280 249 L.
1310 205 1343 249 Ι.
1539 201 1605 250 43

127 324 203 374 τὰς
222 319 362 382 θύρας
380 326 454 378 τῆς
474 323 626 367 ἐκείνου
650 316 958 378 εὖμενείαςτοΐς
980 321 1132 375 ἑτέροις
1152 322 1463 378 ε’πιζυγοῦντας,
1501 317 1602 363 ἔδει·
1625 327 1656 362 Β

130 398 206 445 ξαν
240 393 284 436 αἲ
313 393 464 436 πολλαὶ
498 396 583 436 τῶν
622 393 774 436 ἐκείνου
811 395 978 447 πληγῶν
1007 392 1225 449 ἔπιφοραί,
1273 389 1379 434 ὥστε
1406 386 1605 440 πολλάκις

128 461 240 518 ἡμᾶς
273 463 433 518 ἐγγίζειν
466 466 526 521 τῷ
557 459 734 522 θανάτῳ
761 460 1124 517 μαστιγουμένους.
1195 459 1308 510 ὅπως
1341 461 1386 503 δὲ
1413 459 1605 516 καὶπρὸς

129 531 248 587 ὑμῶν
271 531 442 574 ἕκαστον
461 529 621 588 ἀγάπης
644 531 823 586 εἴχομεν,
859 532 927 572 καὶ
948 527 1004 580 ὥς
1023 529 1099 584 τὴν
1117 527 1319 592 ὑμετέραν
1341 529 1446 583 παρ’
1469 530 1608 588 ἐκείνῳ

96 601 341 656 ὅᾶποδοχὴν
373 604 449 644 τοῦ
482 600 638 651 παντὸς
665 597 930 655 ἓτιμώμεθα,
975 598 1155 649 πολλοὺς
1186 596 1300 653 οἶμαι
1330 596 1607 655 γινώσκοντας

130 672 311 722 ἐξειπεῖν.
384 671 418 713 εἲ
438 670 485 713 δέ
506 688 576 714 ποι
596 670 664 712 καὶ
684 669 743 724 μὴ
765 666 956 724 ἀνύοιμεν
984 665 1255 721 ἱκετεύοντες,
1293 668 1341 710 οὐ
1369 667 1472 725 πρὸς
1494 666 1606 723 ἡμᾶς

131 738 227 783 οἶδα
247 732 385 783 τοῦτο.
448 739 554 796 πλὴν
572 738 619 782 τὸ
637 736 840 782 δύσκολον
860 742 935 781 τοῦ
955 741 1102 794 καιροῦ
1120 735 1379 795 περιβάλλειν
1395 738 1607 794 μεγίσταις

128 806 331 864 ὑποψίαις
349 810 415 852 καὶ
434 808 531 859 τοὺς
548 808 677 864 μηδὲν
698 809 865 858 δικαίως
885 806 936 850 ἂν
957 807 1341 864 ἓγκληθησομὲνους
1353 839 1367 860 ,
1407 808 1442 849 εἲ
1464 806 1607 862 ὀρθῶς

130 895 192 929 τις
213 879 363 935 κρίνοι,
401 877 519 921 οὐδὲν
536 877 698 928 ἀπεικὸς
717 877 830 928 ἴσως.
860 874 886 932 ἦ
910 876 988 933 γὰρ
1010 881 1084 920 τοῦ
1101 881 1248 933 καιροῦ
1273 877 1472 919 δυσκολία
1487 873 1606 930 ἅψα-

75 960 119 994 10
129 947 232 1004 μίνη
251 949 318 990 καὶ
339 951 423 990 τῶν
449 947 673 1004 μεγίστων,
710 948 777 990 καὶ
797 944 858 997 οἷς
878 946 955 990 οὐκ
974 942 1025 1003 ἧν
1046 951 1200 989 παθεῖν
1219 947 1263 989 ἐκ
1283 947 1465 998 δικαίου,
1499 945 1600 987 ἐκεί·
1625 951 1657 985 C

131 1034 216 1067 νοις
244 1017 320 1072 μὲν
358 1016 580 1073 συμφορὰν
607 1015 706 1072 ἡμῖν
727 1017 772 1060 δὲ
794 1014 985 1071 ὖποψίαν
1026 1015 1104 1075 (οὗ
1129 1015 1207 1072 γὰρ
1227 1017 1372 1059 κακίαν
1395 1012 1603 1071 εἴποιμεν)

129 1088 174 1129 ἔκ
202 1089 278 1129 τοῦ
306 1083 462 1136 εἶκότος
492 1077 698 1142 προσῆψε.
770 1085 878 1141 πλὴν
905 1083 1080 1128 ἑκάστου
1108 1084 1249 1142 κριτὴς
1267 1084 1315 1128 τὸ
1337 1089 1453 1128 θεῖον
1470 1083 1602 1139 ὄμμα,

129 1153 176 1205 ὃς
202 1153 285 1198 οἶδε
310 1155 456 1198 κακίαν
484 1153 667 1208 κολάζειν
689 1156 820 1211 μηδὲν
842 1152 1018 1211 ἐχόντων
1037 1156 1401 1212 παραλογίζεσθαι.
1474 1152 1607 1203 οὕτως

127 1222 245 1280 ἡμεῖς
273 1221 483 1282 ἐλεύθεροι
511 1229 595 1268 τῶν
616 1222 841 1278 τοιούτων,
878 1223 930 1267 ἄν
949 1242 1031 1268 τισι
1055 1225 1155 1267 συνέ
1182 1243 1207 1279 η
1228 1223 1363 1267 καὶτὰ
1386 1219 1603 1279 ἀνήκεστα.

74 1304 117 1341 15
129 1293 174 1336 τό
198 1292 276 1351 γὰρ
302 1294 455 1337 ἐκείνου
474 1294 642 1349 θέλημα
661 1299 803 1351 περιῆν
824 1294 977 1345 παντὸς
997 1295 1188 1348 ἒμποδων
1208 1293 1453 1349 ἱσταμένου,
1489 1287 1524 1352 ᾤ’
1553 1291 1605 1347 δὴ

127 1363 438 1420 προσίστασθαι
466 1363 524 1419 μὴ
555 1365 623 1406 καὶ
651 1365 838 1414 κίνδυνος
877 1359 925 1418 ἧν
958 1364 1001 1414 ἒξ
1032 1361 1235 1420 ἀνάγκης,
1285 1364 1351 1406 καὶ
1381 1360 1407 1418 ἧ
1438 1361 1606 1418 ἀκαιρία

127 1436 310 1488 προσῆν·
363 1432 561 1489 κρείσσων
591 1432 671 1490 γὰρ
696 1430 915 1488 βασιλεύς,
962 1432 1031 1476 ὅτ’
1072 1431 1269 1489 ὀργίζοιτο
1299 1433 1462 1489 χείρονι.
1535 1432 1601 1474 καὶ
1626 1438 1658 1473 D

127 1505 262 1544 ταῦτα
293 1501 369 1557 μὲν
403 1500 509 1546 ὥστε
538 1503 666 1554 δεῖξαι
689 1499 793 1558 μήτε
816 1501 868 1545 τὰ
891 1499 1108 1558 ἀξιώματα
1134 1499 1454 1552 σπουδάσαντας
1476 1507 1602 1556 σχεῖν,

127 1633 354 1669 excludendis
386 1633 487 1677 aliis,
517 1634 604 1670 satis
636 1635 793 1671 indicant
817 1635 972 1671 inflictae
995 1636 1093 1672 nobis
1116 1636 1160 1671 ab
1182 1635 1260 1682 ipso
1283 1634 1402 1670 liberis
1425 1633 1530 1669 dictis
1553 1633 1607 1668 of-

127 1681 227 1715 fenso
246 1681 377 1715 vmultae
400 1692 464 1715 nec
485 1681 580 1716 leves
603 1682 750 1727 plagae,
781 1682 832 1718 ita
861 1689 900 1718 ut
931 1684 975 1718 ad
1007 1683 1127 1718 mortis
1155 1694 1259 1728 saepe
1282 1681 1439 1717 viciniam
1463 1680 1607 1725 flagella

128 1738 192 1762 nos
216 1726 290 1761 eius
314 1728 539 1762 admoverint.
587 1740 687 1763 caros
713 1735 826 1764 autem
857 1730 958 1764 nobis
981 1741 1042 1764 vos
1066 1741 1183 1764 omnes
1205 1740 1300 1771 esse,
1336 1734 1372 1763 et
1394 1734 1433 1762 ut
1455 1733 1607 1761 vestram

128 1773 294 1818 cuiusque
323 1774 612 1809 introductionem
642 1774 678 1809 in
710 1775 783 1819 eius
816 1776 963 1821 gratiam
994 1776 1241 1812 commodorum
1274 1774 1377 1810 etiam
1410 1778 1606 1808 nostrorum

130 1831 173 1854 ac
196 1819 356 1855 fortunae
379 1819 499 1855 damno
524 1821 843 1867 procuraverimus‚
877 1823 1000 1857 multos
1026 1827 1108 1869 puto
1133 1822 1307 1862 dicturos,
1341 1820 1401 1867 qui
1425 1819 1605 1867 praeclare

127 1866 253 1900 norint.
302 1866 424 1911 quodsi
457 1867 539 1913 quid
573 1879 616 1902 ex
649 1868 839 1914 cuiuspiam
872 1873 954 1904 voto
986 1869 1172 1916 impetrare
1195 1867 1420 1914 supplicando
1445 1865 1605 1912 nequivi-

126 1924 220 1956 mus,
255 1924 324 1947 non
350 1912 386 1946 id
410 1913 642 1959 imputandum
666 1913 787 1958 nobis,
819 1915 940 1961 utique
967 1915 1111 1951 consciis
1133 1914 1354 1950 sincerissimi
1376 1914 1411 1948 in
1435 1912 1603 1948 eiusmodi

130 1958 257 1993 officiis
285 1958 412 2002 studii,
453 1960 513 1994 sed
545 1961 765 1996 tribuendum
798 1961 1060 1997 difficultatibus
1090 1967 1297 2008 temporum,
1331 1959 1602 2006 suggerentibus

128 2005 234 2040 menti
258 2005 424 2052 principis
448 2018 546 2041 acres
569 2007 782 2053 suspiciones
805 2007 839 2042 in
863 2010 1027 2054 quosdam
1049 2009 1182 2043 omnino
1206 2008 1420 2053 inculpatos,
1447 2007 1478 2040 si
1502 2011 1601 2039 recto

126 2051 352 2086 iudicaretur.
400 2051 476 2098 quis
508 2053 596 2087 enim
627 2054 733 2088 moris
766 2055 901 2089 humani
933 2056 1045 2090 sciens
1069 2067 1136 2089 non
1159 2055 1211 2090 ita
1240 2053 1378 2089 evenire
1401 2054 1514 2088 solere
1537 2063 1603 2086 no·-

127 2099 207 2132 vit‘?
246 2101 454 2144 temporum,
479 2099 616 2145 inquam
631 2125 641 2142 ,
664 2100 771 2135 certis
794 2102 970 2137 momentis
993 2102 1137 2147 confusa
1159 2101 1325 2147 quaedam
1348 2100 1497 2144 maligne
1519 2109 1602 2144 per-

129 2143 279 2191 plexitas
303 2144 438 2179 summis
461 2146 564 2180 etiam
589 2145 674 2180 viris
707 2147 918 2193 suspiciones
950 2147 1178 2194 iniquissimas
1210 2146 1387 2193 aspergit,
1419 2146 1602 2191 importat-

129 2203 199 2236 que
230 2189 442 2225 calamitates
477 2192 521 2226 iis
553 2191 612 2239 qui
642 2194 779 2228 multari
813 2205 855 2229 ex
888 2195 1008 2230 merito
1031 2205 1098 2229 non
1123 2199 1325 2240 potuerant3
1356 2193 1455 2227 nobis
1487 2194 1602 2225 autem

128 2235 355 2271 familiaribus
390 2238 559 2284 principis
593 2239 819 2286 suspicionem
849 2241 1068 2276 verisimilem
1098 2252 1167 2275 non
1200 2240 1275 2275 veri
1307 2244 1420 2274 tamen
1452 2237 1602 2272 criminis

127 2282 292 2329 imponit,
327 2283 425 2328 quasi
455 2285 567 2319 causis
598 2289 635 2320 et
666 2287 862 2322 auctoribus
885 2287 1045 2322 malorum
1080 2299 1170 2333 quae
1196 2293 1420 2333 praevertere
1443 2283 1602 2330 nequivi-

129 2339 214 2364 mus.
259 2334 431 2364 caeterum
455 2330 648 2366 huiusmodi
671 2334 814 2368 omnium
832 2335 944 2369 'iudex
966 2335 1016 2368 sit
1039 2333 1173 2368 divinus
1196 2333 1332 2374 oculus,
1358 2331 1415 2378 qui
1440 2331 1508 2366 scit
1528 2341 1604 2364 ma-

128 2376 236 2410 litiam
270 2376 413 2422 punire3
446 2388 510 2412 uec
542 2377 574 2412 ei
608 2379 702 2413 fraus
733 2380 930 2426 cuiusquam
962 2381 1057 2415 valet
1089 2382 1270 2426 obrepere.
1315 2378 1434 2424 itaque
1458 2377 1602 2422 siquae

129 2421 349 2467 contigerunt
379 2422 486 2466 talia,
521 2424 620 2459 nobis
651 2426 771 2461 invitis
795 2432 831 2460 et
854 2426 955 2471 plane
984 2426 1131 2460 innoxiis
1162 2426 1393 2471 contigerunt.
1443 2431 1481 2458 et
1512 2433 1602 2469 quae

128 2479 263 2515 poenae
285 2468 525 2504 innocentibus
549 2471 674 2505 deinde
697 2471 944 2519 irreparabiles
967 2473 1019 2507 sic
1041 2473 1196 2507 inflictae
1218 2477 1307 2510 sunt,
1331 2471 1406 2506 sine
1421 2480 1603 2509 consensu.

129 2515 204 2548 sine
227 2514 331 2562 culpa
354 2520 434 2549 sunt
455 2521 575 2551 nostra
597 2516 768 2561 inflictae,
800 2519 874 2554 sola
905 2524 940 2554 et
970 2519 1070 2553 nobis
1093 2518 1307 2553 ineluctabili
1337 2518 1516 2563 regnantis
1537 2527 1604 2549 vo·-

127 2561 271 2605 lqntate.
320 2561 414 2596 dicet
436 2561 578 2608 aliquis,
611 2564 724 2610 potuit
746 2565 873 2599 talibus
897 2575 1060 2610 praesens
1083 2565 1234 2600 obiicere
1257 2577 1295 2599 se
1318 2565 1462 2599 medium
1487 2567 1523 2597 et
1547 2562 1604 2595 in·

126 2606 240 2642 iuriae
263 2608 412 2642 obstare.
461 2609 591 2654 potuit,
617 2611 679 2645 sed
705 2611 915 2656 patientibus
939 2611 1130 2653 inutiliter,
1153 2611 1220 2646 sibi
1244 2612 1370 2646 noxie:
1394 2620 1487 2644 suam
1512 2608 1600 2642 enim

129 2652 182 2687 sic
203 2653 374 2688 fortunam
399 2655 581 2700 perderet,
613 2657 747 2691 alienae
771 2669 836 2692 non
860 2658 1054 2704 prodesset.
1099 2659 1153 2693 vis
1177 2662 1298 2692 contra
1321 2657 1430 2692 maior
1453 2661 1489 2690 et
1511 2654 1603 2688 invi-

130 2704 188 2733 cta
220 2699 410 2734 necessitas
440 2702 588 2744 ruebat,
627 2703 800 2743 obstantia
829 2715 991 2750 quaeque
1022 2709 1243 2751 perruptura.
1303 2703 1482 2750 praevalet
1513 2700 1601 2735 enim

129 2757 212 2786 rex,
244 2757 318 2780 cum
350 2746 519 2783 imbecillo
551 2748 722 2783 irascitur.
768 2750 854 2784 haec
885 2751 979 2786 dicta
1010 2751 1100 2791 sint,
1131 2755 1174 2785 ut
1204 2750 1458 2785 demonstretur
1490 2757 1601 2791 neque

128 2791 220 2836 quod
245 2791 451 2836 dignitates,
484 2806 552 2828 non
576 2795 689 2829 studio
714 2797 906 2841 quaesitas,
937 2797 1189 2843 acceperimus,
1222 2808 1334 2842 neque
1358 2795 1386 2829 si
1413 2805 1504 2840 quae
1526 2793 1601 2826 ira-

129 2841 187 2870 tus
211 2837 372 2884 princeps
394 2850 498 2874 saeve
521 2841 556 2875 in
579 2840 744 2886 quosdam
768 2843 966 2888 optimatum
991 2844 1188 2889 infesteque
1211 2841 1430 2882 decreverit,
1466 2838 1598 2874 crimini

127 2882 226 2918 nobis
257 2884 349 2919 iuste
371 2896 393 2920 a
416 2897 587 2934 quoquam
612 2887 703 2923 verti
726 2899 839 2935 posse.
875 2890 947 2925 ‘sed
969 2890 1027 2925 vel
1050 2890 1105 2925 bis
1127 2899 1264 2924 causam
1287 2887 1489 2935 praebuerit
1519 2884 1599 2932 quis
