1846 3262
444 217 521 260 DE
550 214 828 260 MICHAELE
858 215 1236 261 PALAEOLOGO
1267 216 1313 260 L.
1340 214 1376 260 1.
1569 213 1647 262 ’47

168 331 243 376 ἐπ’
276 329 464 389 ἐσχάτοις
491 327 734 378 τάττεσθαι.
803 329 880 375 κῖἱν
901 348 962 382 τις
979 330 1055 388 τὴν
1072 331 1291 388 βασιλικὴν
1308 325 1522 389 ’σωτηρίαν
1546 348 1646 388 πρε-

166 400 329 452 πόντως
349 403 598 460 πολυωροιή,
636 405 703 445 καὶ
725 399 966 451 ἵδιωτεῦσας
982 399 1198 457 ἀγαπήσω,
1236 402 1304 444 καὶ
1323 398 1649 459 προσλιπαρῆσω
1667 450 1674 455 ,

165 472 225 527 μὴ
254 471 490 529 ὀργίζεσθαι
520 472 593 515 τὸν
625 469 852 526 δεσπότην,
892 472 928 513 εἲ
955 475 1096 513 λυπεῖν
1128 470 1242 521 τινὰς
1275 469 1392 525 ὖμῶν
1425 472 1564 527 δοκοίη
1595 470 1645 514 τὸ

166 540 266 596 ἐμὸν
295 541 479 596 ἀξι’ωμα’
524 548 711 599 κρεῖσσον
734 540 813 597 γὰρ
844 537 900 590 ὥς
929 539 1000 582 ἕνα
1035 543 1120 582 τῶν
1151 544 1415 596 στρατιωτῶν
1448 542 1646 597 ἐξυπηρε-

131 613 320 654 5τοῦντα
353 609 555 668 ἀσφαλῶς
585 608 734 667 διάγειν
761 608 788 665 ἢ
814 607 935 668 φόβῳ
961 610 1029 652 καὶ
1057 606 1270 659 ὖπονοιάις
1290 608 1385 663 μετ’
1410 608 1646 664 ἀξιώματος

164 681 270 734 ζῆν.,
324 679 416 723 idm)
448 681 586 724 τοίνυν
615 678 710 722 κατ’
745 678 912 737 ἀγαθὴν
942 676 1108 729 πάντως
1134 675 1333 735 πρόνοιαν
1353 682 1429 721 τοῦ
1450 683 1556 722 θεοῦ
1576 680 1645 721 καὶ

163 748 212 792 τὸ
239 745 430 804 ὑπήκοον
462 749 649 793 εὖπειθιῒ
670 749 738 791 καὶ
775 747 823 791 τὸ
858 747 1154 802 στρατιωτικὸν
1170 747 1374 791 ιεῦτακτεῖ
1396 749 1463 790 καὶ
1484 747 1537 790 τὰ
1560 752 1645 791 τῶν

161 818 329 873 ἐχθρῶν
347 818 500 875 ἠρεμεῖ.
555 819 623 861 καὶ
646 819 795 861 πολλοί
812 834 917 875 τινες
937 815 1054 872 ι’·μεΐς
1069 819 1138 860 καὶ
1160 814 1350 874 μεγάλοι,
1388 817 1427 860 οἶ
1443 817 1519 872 μὲν
1538 816 1641 874 πρὸς
1666 828 1697 862 C

162 887 341 941 α’ᾲιατος
359 892 418 947 τῷ
439 892 682 945 κρατοῦντι,
718 887 759 930 οἶ
780 887 825 930 δὲ
846 889 914 930 καὶ
937 893 1025 937 τοῖς
1042 885 1246 942 ἀξιώμασι
1264 886 1554 943 διαπρέποντες
1573 888 1644 929 καὶ

107 960 152 995 10
163 955 271 999 καθ’
299 954 322 999 ὅ
349 974 388 1000 τι
423 955 474 999 ι’ἱν
501 973 565 1008 τις
591 956 696 1000 εἷ’ποι
723 956 850 1000 καλὸν
880 958 947 1000 καὶ
973 963 1157 1013 γενναῖον
1174 954 1504 1013 ὖπερτεροῦντες.
1573 957 1643 998 καὶ

160 1023 340 1081 ἀνάγκης
367 1024 495 1082 οἷ”σης
518 1031 807 1081 νεοκομεΐσθαι
837 1025 909 1069 τὸν
934 1025 1136 1081 βασιλέα,
1173 1026 1404 1082 ἕκλεγέσθω
1431 1025 1507 1080 μὲν
1534 1022 1556 1068 ὅ
1577 1024 1638 1081 μὴ

152 1092 334 1155 ἀπᾴδων
345 1128 358 1148 ,
396 1095 553 1151 ἕψομαι
575 1097 620 1139 δὲ
638 1095 750 1151 κᾶγιὺ
768 1097 836 1138 καὶ
855 1099 914 1155 τῷ
931 1100 1052 1154 κοινῷ
1074 1096 1316 1151 ψηφίσματι
1335 1092 1538 1150 θήσομαι.
1587 1094 1637 1137 οὗ

153 1163 238 1220 γὰρ
272 1165 381 1215 mag
407 1162 624 1216 συστάσεις
651 1164 758 1208 ἀλλὰ
791 1164 866 1221 τὴν
900 1170 976 1208 τοῦ
1013 1165 1217 1219 βασιλέως
1246 1161 1456 1221 προῦργου
1483 1163 1638 1214 παντὸς

158 1230 408 1288 ποιούμεθα.
479 1234 556 1278 κᾶν
579 1234 628 1278 οὐ
651 1235 770 1278 θέλοι
787 1252 850 1285 τις
871 1233 1008 1278 ἄλλων
1030 1233 1346 1292 ψηφιζομένων,
1383 1233 1503 1276 οὐδὲν
1533 1230 1637 1276 ἀνύ-

104 1309 146 1345 15
159 1319 261 1346 σειεν
281 1301 331 1346 ἂν
351 1303 411 1359 μὴ
432 1303 570 1347 θέλων
591 1305 761 1355 ἐκεῖνος·
801 1302 828 1360 ἦ
845 1303 924 1360 γὰρ
941 1302 1117 1365 ὑμετέρα
1136 1300 1400 1360 ὖπερτερῆσει
1420 1300 1632 1358 βούλησις.
1656 1315 1689 1350 D

157 1370 292 1422 οὕτως
314 1372 392 1429 ἐγώ
421 1375 654 1429 δημοτικῶς
679 1373 758 1429 ἔχω
789 1373 894 1417 ὥστε
916 1375 983 1416 καὶ
1002 1374 1132 1429 μηδὲν
1151 1374 1214 1415 ἐπὶ
1233 1374 1377 1428 μηδενὶ
1398 1369 1638 1427 ἀξιούμενος

155 1441 307 1496 μείζονι
330 1441 505 1499 ἀγαπᾶν,
531 1444 598 1486 καὶ
619 1440 830 1486 θελόντων
847 1443 922 1497 μὲν
941 1439 1189 1500 προφρόνων
1205 1439 1323 1496 ὑμῶν
1341 1441 1406 1484 ἐπὶ
1422 1445 1505 1484 τῶν
1524 1458 1635 1498 πρα-

149 1508 325 1566 ’γμάτων
355 1511 490 1566 με’νειν
521 1512 760 1569 αἱρεῖσθαι,
796 1512 855 1568 μὴ
876 1510 1088 1555 θελόντων
1109 1513 1154 1554 δὲ
1178 1509 1304 1554 πάντ’
1329 1512 1400 1555 ἐᾶν
1420 1511 1487 1553 καὶ
1504 1511 1635 1566 μηδὲν

154 1583 508 1638 πολυπραγμονεῖν
534 1581 712 1636 ἐθέλειν,
749 1580 825 1625 κᾶν
848 1583 1069 1639 ζημιοῧμαι
1090 1580 1143 1625 τὰ
1164 1579 1332 1636 ἔσχατα.
1403 1583 1634 1639 παρακαλῶ

246 1690 280 1726 7.
305 1687 348 1728 τὸ
372 1690 493 1726 deerat
515 1694 596 1727 ante
619 1703 695 1738 στρ.

151 1783 207 1818 vel
232 1783 346 1818 infimo
369 1786 574 1826 contentum
597 1783 788 1831 vidensque
812 1784 954 1826 svobis
977 1784 1143 1820 delectum
1167 1782 1269 1819 alium
1290 1781 1451 1818 idoneum
1476 1781 1537 1828 qni
1560 1793 1626 1828 pn-

151 1829 229 1876 pilli
262 1830 429 1876 principis
459 1830 587 1873 saluti,
623 1836 662 1866 ut
685 1844 751 1878 par
775 1836 846 1876 est,
882 1831 1058 1877 invigilet,
1093 1831 1298 1876 aequissimo
1330 1830 1439 1865 animo
1464 1829 1625 1875 privatae

150 1875 281 1922 quietis
311 1884 438 1911 sortem
471 1877 670 1922 amplectar.
716 1889 816 1924 agam
849 1878 930 1924 quin
963 1879 1066 1913 etiam
1097 1877 1222 1913 infimis
1247 1876 1407 1923 precibus
1431 1887 1505 1910 cum
1528 1876 1628 1921 prin-

150 1922 248 1968 cipe,
271 1934 315 1956 ne
338 1923 479 1958 moleste
501 1924 595 1958 ferat
613 1924 780 1960 recedere
802 1937 854 1959 me
881 1926 925 1960 ab
949 1925 1023 1959 eius
1048 1936 1154 1966 cura,
1183 1924 1277 1970 quod
1300 1935 1342 1958 ea
1364 1926 1462 1957 tanta
1484 1927 1623 1967 tamque

150 1969 340 2004 honorifica
373 1970 597 2016 praefectura
629 1976 787 2006 ornatum
819 1982 896 2006 esse
919 1983 972 2006 me
995 1971 1195 2017 quibusdam
1228 1974 1377 2005 vestrum
1404 1980 1471 2003 non
1495 1969 1623 2014 probe-

149 2019 220 2052 tur.
267 2016 510 2061 praestabilius
543 2017 632 2051 enim
667 2017 769 2063 longe
802 2023 857 2052 est
890 2018 926 2052 in
956 2018 1073 2052 militis
1096 2017 1152 2051 vel
1175 2016 1328 2063 gregarii
1360 2014 1556 2050 conditione
1578 2026 1621 2049 ac

151 2062 292 2097 fortuna
315 2062 527 2108 reipublicae
550 2064 694 2103 servire.
718 2076 817 2111 qnam
843 2069 932 2099 metu
955 2069 991 2099 et
1013 2063 1264 2110 suspicionibus
1287 2062 1423 2097 anxium
1446 2061 1481 2096 in
1505 2061 1621 2106 digni-

147 2110 225 2143 tate
255 2109 389 2143 vivere.
437 2121 479 2144 en
513 2109 624 2155 igitur
654 2122 718 2156 per
749 2111 935 2146 beneficam
967 2110 1215 2157 providentiam
1246 2109 1394 2144 numinis
1424 2112 1460 2143 et
1488 2107 1620 2142 subditi

147 2154 276 2189 dociles
309 2155 353 2190 ad
388 2155 576 2202 parendum
600 2163 701 2200 sunt,
734 2162 771 2192 et
794 2157 1009 2204 disciplinam
1034 2157 1158 2192 milites
1181 2162 1343 2197 servant,
1379 2158 1415 2189 et
1437 2153 1619 2200 quiescunt

146 2201 396 2246 quiescereqne
418 2213 481 2237 nos
503 2201 621 2238 sinunt
642 2205 778 2246 hostes,
814 2210 850 2239 et
872 2205 1079 2239 iste'vester
1101 2202 1185 2237 ordo
1210 2201 1488 2247 amplissimorum
1518 2200 1619 2246 prin-

146 2246 259 2293 cipum
279 2248 432 2285 abundat
448 2260 607 2293 numero,
633 2262 775 2296 quorum
795 2250 932 2296 quidam
950 2250 1168 2296 imperatoris
1191 2247 1451 2293 consanguinei,
1479 2247 1619 2292 quidam

145 2293 264 2340 primis
295 2299 376 2329 sunt
404 2294 631 2339 dignitatibus
661 2296 837 2339 illustres,
871 2297 1077 2343 <ictibusque
1107 2295 1215 2331 omnis
1247 2293 1386 2340 generis
1417 2293 1617 2339 praeclaris,

146 2351 236 2385 quae
254 2351 424 2385 quemque
447 2343 681 2378 commendare
704 2344 760 2378 vel
782 2343 926 2379 maxime
950 2343 1101 2390 possint,
1125 2353 1250 2377 summe
1274 2339 1460 2386 conspicui.
1495 2351 1539 2374 ex
1564 2340 1619 2374 his

145 2386 300 2430 eligatur
323 2386 397 2432 qui,
423 2388 514 2433 quod
537 2400 596 2423 res
619 2389 733 2436 poscit
754 2394 792 2425 et
815 2402 955 2425 necesse
978 2394 1049 2432 est,
1073 2389 1215 2424 tutelam
1239 2387 1339 2434 pueri
1362 2386 1532 2433 principis
1555 2397 1618 2420 ex-

145 2437 276 2467 erceat.
321 2433 514 2477 assentiar,
553 2436 734 2477 accedam,
776 2440 812 2471 et
841 2436 1072 2471 communibus
1100 2435 1243 2470 calculis
1268 2445 1378 2469 meum
1412 2432 1618 2478 adiungam:

145 2489 214 2513 non
236 2478 324 2514 enim
348 2479 504 2526 privatas
527 2481 678 2517 rationes
702 2486 813 2518 status
835 2484 1062 2528 fortunaeque
1087 2487 1248 2525 nostrae,
1272 2480 1334 2515 sed
1357 2479 1524 2525 principis
1547 2479 1617 2514 uti-

143 2524 275 2560 litatem
310 2537 351 2560 ac
383 2526 526 2561 salutem
554 2531 642 2565 stante
673 2529 786 2564 omnia
818 2529 1016 2575 quaerimus
1048 2532 1084 2563 et
1113 2528 1247 2563 cunctis
1270 2525 1516 2573 praeferimus.'
1555 2525 1616 2571 qui

144 2571 278 2606 electus
315 2583 336 2606 a
366 2572 467 2607 vobis
499 2573 624 2617 fuerit,
656 2575 687 2609 si
718 2575 965 2621 deprecabitur
994 2576 1195 2617 honorem‚'
1210 2574 1340 2608 frustra
1369 2572 1456 2607 erit:
1495 2572 1614 2607 vincet

143 2617 234 2652 enim
258 2628 442 2653 consensus
465 2623 583 2655 vester
607 2617 681 2656 eiu's
704 2622 924 2665 modestiam,
959 2634 1022 2657 nec
1055 2632 1119 2656 sua
1142 2632 1216 2657 eum
1239 2618 1448 2655 verecundia
1473 2618 1614 2653 iudiciis

143 2665 291 2698 omnium
324 2669 477 2701 vestrum
509 2666 553 2701 ad
584 2672 774 2703 extremuni
804 2668 915 2704 obniti
945 2668 1111 2714 patietur.
1168 2678 1222 2702 me
1254 2665 1345 2711 quod
1379 2665 1522 2707 attinet,
1561 2663 1614 2698 ita

75 2742 86 2756 ἱ
142 2714 359 2756 comparatus
392 2722 487 2754 sum,
522 2717 561 2747 ut
590 2725 677 2756 nec,
709 2714 740 2748 si
771 2725 834 2749 vos
865 2715 1036 2750 iusseritis
1059 2725 1207 2760 pergere
1229 2712 1265 2747 in
1287 2716 1450 2758 suspecto
1473 2722 1614 2746 munere

141 2755 350 2798 detrectem,
374 2758 477 2793 etiam
500 2759 593 2794 nullo
616 2760 735 2795 addito
758 2761 889 2796 honore
911 2761 966 2796 vel
989 2763 1243 2796 auctoramento
1265 2758 1404 2799 maiori3
1428 2762 1465 2792 et
1486 2757 1517 2792 si
1541 2757 1609 2792 alio

141 2806 246 2837 nutus
278 2802 385 2838 vestri
414 2806 686 2852 propenderint,
717 2807 833 2842 statim
856 2808 918 2843 sim
943 2807 1169 2854 acquieturus
1191 2809 1228 2840 et
1250 2804 1446 2851 tranquillo.
1466 2814 1610 2838 securo-

77 2863 100 2888 1
141 2859 210 2928 que
231 2848 342 2885 animo
366 2861 569 2887 recessurus
593 2852 743 2896 domum,
775 2854 859 2889 nihil
879 2854 1059 2900 inquirens
1083 2855 1128 2888 de
1150 2849 1263 2887 causis
1287 2862 1377 2898 quae
1399 2861 1463 2884 vos
1489 2850 1543 2884 ad.
1557 2849 1610 2884 sic

166 2905 186 2928 e
208 2905 263 2931 me
283 2898 497 2935 statuendum
518 2898 732 2948 impulerint,
754 2899 889 2937 etiamsi
913 2902 1038 2938 damna
1058 2900 1273 2936 fortunarum
1298 2900 1337 2933 et
1358 2899 1471 2933 status
1492 2895 1529 2932 in
1552 2907 1607 2932 me
