1884 3262
281 184 379 235 386
689 176 924 222 GEORGII
956 175 1303 220 PACHYMERIS
1363 218 1366 220 ,

281 300 380 354 ροῦν
399 287 544 336 ἐκεῖνον
563 287 685 342 εἶναι,
721 295 806 339 τοῖς
831 287 966 345 ὅρκοις
985 287 1390 344 προκατειλημμένον.
1457 290 1589 330 ταῦτα
1618 285 1721 341 πρὸς

281 361 480 417 ἀλλήλους
512 357 770 412 συνθεμένων
798 355 819 399 ὅ
848 357 921 411 μὲν
948 353 1199 413 πατριάρχης
1227 354 1436 399 κατελθών
1463 356 1518 404 εἲς
1544 354 1618 408 τὴν
1646 358 1721 407 τῆς

281 428 545 487 περιβλέπων
572 425 701 480 μονὴν
730 425 1013 480 προσκαθίζει,
1051 421 1239 480 ἑνδεκάτῃ
1267 423 1394 477 μηνὸς
1413 420 1718 476 Ἑκατομβαιῶ-

281 515 375 550 νος,
413 495 603 550 δευτέρας
632 490 898 546 ἐπινεμήσεως
925 495 997 535 τοῦ
1025 488 1169 550 ΙςψπρΙ
1201 490 1339 542 ἔτους,
1371 491 1546 543 κατέχων
1572 491 1638 531 καὶ
1666 487 1716 530 τὰ

233 578 264 611 c
287 566 413 609 αὐτοῦ
433 560 634 619 προνόμια
655 561 928 616 ἀναφαίρετα·
964 558 1016 601 τὰ
1041 559 1086 601 δὲ
1106 562 1178 612 τῆς
1199 558 1408 613 ἐκκλησίας
1429 556 1546 599 ἔτι-ἕν
1566 552 1752 613 γαλήνῃ5

281 629 409 689 ἦσαν,
444 630 548 685 πλὴν
571 632 652 672 τῶν
670 633 742 683 τῆς
763 628 974 683 ἐκκλησίας
991 626 1240 682 τεταγμένων
1259 628 1314 675 εἷς
1337 625 1550 680 ἄρχοντας.

230 715 262 750 1)
422 699 498 745 18.
562 696 746 746 Ἐκείνοις
762 696 838 753 γὰρ
857 697 923 737 καὶ
942 695 1031 736 λίαν
1050 691 1242 743 ὑπόπτως
1261 691 1281 736 ὃ
1302 695 1460 748 κρατῶν
1480 689 1582 745 εἶχεν.
1597 689 1653 741 ὥς
1671 689 1719 733 οὖ

282 764 605 822 συνθησομένοις
633 763 803 824 ῥαδίως,
841 764 1079 817 καὶμᾶλλον
1102 758 1294 810 πολλάκις
1314 760 1451 809 αὐτοῖς
1469 762 1542 801 τοῦ
1567 757 1720 800 Βέκκου

283 832 564 890 διαλεγομένου
583 834 649 875 καὶ
669 829 1000 887 προβαλλομένου
1020 829 1071 872 τὰ
1093 833 1172 872 τῶν
1188 827 1310 883 ἁγίων
1328 827 1432 884 ῥητὰ
1450 826 1508 881 μὴ
1527 824 1722 879 πειθομέὸ

285 920 369 953 νοις
388 899 583 955 πάμπαν,
615 898 721 941 ἀλλὰ
742 897 878 954 δήλοις
898 893 990 940 οὖσι
1007 896 1064 951 μὴ
1085 895 1436 950 καταδεξομὲνοις,
1469 896 1503 936 εἶ
1529 893 1719 949 προβαίη,
1734 903 1778 937 10

283 971 359 1025 τὴν
398 971 557 1024 πρᾶξιν.
624 966 722 1010 ὅθεν
755 968 822 1008 καὶ
853 966 984 1014 αι’τίας
1016 965 1153 1020 σφίσιν
1181 962 1201 1006 ὅ
1229 968 1389 1020 κρατῶν
1422 958 1638 1005 ἐπλάττετο
1667 957 1724 1009 ὥς

283 1037 386 1093 πρὸς
406 1036 480 1091 τὴν
501 1034 603 1090 πρὸς
631 1033 755 1077 αὐτὸν
783 1033 968 1076 δουλείαν
995 1029 1281 1088 ἀφηνιάζουσι,
1319 1032 1386 1073 καὶ
1413 1027 1468 1078 ὥς
1491 1028 1724 1080 ὀνειδίζουσι

230 1116 265 1151 Ε
285 1106 358 1161 μὲν
375 1104 620 1160 ἀρχιερεῦσιν
637 1101 902 1152 ὗποκλιθεΐσι,
939 1099 1235 1155 καταρωμένοις
1250 1099 1294 1140 δὲ
1313 1101 1478 1151 βασιλεῖ
1487 1095 1648 1139 τοιαῦτ’
1670 1094 1723 1137 ἆ-

284 1171 519 1228 ναγκάζοντι
535 1170 733 1226 γίνεσθαι.
768 1168 904 1222 ἀμέλει
922 1184 984 1210 τοι
1001 1169 1067 1209 καὶ
1085 1171 1245 1222 πρῶτον
1262 1170 1371 1221 σφᾶς
1389 1165 1584 1213 θωπείαις
1600 1161 1724 1205 ὕπελ-

283 1245 375 1283 θεῖν
397 1239 495 1294 ἔγνω
508 1269 522 1289 ,
555 1239 620 1279 καὶ
641 1240 946 1291 προσεκαλεῖτο,
983 1235 1049 1276 καὶ
1068 1237 1283 1288 τιμητικῶς
1303 1231 1568 1288 προσεφέρετο
1587 1228 1720 1288 κύκλῳ
1735 1237 1777 1274 15

284 1308 462 1355 καθίσας
484 1305 550 1347 καὶ
568 1304 619 1346 τὰ
641 1301 801 1357 συνήθη
823 1299 1162 1358 προβαλλόμενος.
1229 1301 1333 1355 μηδὲ
1357 1299 1433 1355 γὰρ
1453 1296 1572 1354 χάριν
1594 1296 1721 1340 ἄλλου

284 1369 642 1431 πραγματεύεσθαι
661 1371 734 1425 τὴν
753 1367 912 1426 εἰρήνην
939 1368 965 1424 ἢ
989 1373 1062 1411 τοῦ
1083 1367 1236 1417 δεινοὺς
1254 1367 1453 1420 πολέμους
1473 1365 1724 1419 ἀνακοπῆναι

284 1444 352 1485 καὶ
364 1440 572 1495 Ῥωμαίων
591 1440 745 1492 αἵματα
765 1440 1077 1493 περιποιηθῆναι
1097 1433 1400 1491 ἐκχυθήσεσθαι
1426 1431 1722 1476 κινδυνεύοντα.

282 1509 412 1564 μένειν
431 1509 476 1552 δὲ
493 1508 558 1549 καὶ
576 1504 694 1549 πάλιν
715 1505 788 1559 τὴν
808 1505 1019 1559 ἐκκλησίαν
1039 1502 1358 1558 ἅκαινοτόμητον
1369 1535 1382 1556 ,
1411 1502 1516 1557 μηδὲ
1548 1505 1621 1544 τοῦ
1649 1517 1723 1544 τυ-

143 1594 172 1630 1’
194 1591 262 1628 263
281 1575 428 1632 χόντος
448 1573 835 1631 παροφθησομένου.
880 1573 987 1629 τρισὶ
1006 1572 1051 1614 δὲ
1068 1572 1300 1628 κεφαλαίοις
1317 1573 1383 1613 καὶ
1399 1568 1537 1624 μόνοις
1555 1569 1601 1612 τὸ
1621 1567 1778 1624 πρόςΞΟ

283 1645 357 1700 τὴν
378 1648 459 1687 τῶν
474 1641 680 1696 Ῥωμαίων
701 1641 912 1696 ἐκκλησίαν
933 1637 1207 1697 πραττόμενον
1234 1635 1573 1696 περιστήσεσθαι,
1609 1653 1723 1693 πρω-

283 1753 360 1788 vice
386 1751 492 1797 ipsius
521 1748 749 1805 praeficiendo
783 1747 991 1783 concederet·
1037 1747 1089 1782 bis
1111 1748 1199 1782 inter
1219 1747 1312 1792 ipsos
1335 1746 1508 1782 conventis
1530 1744 1725 1791 patriarcba

282 1798 317 1832 in
346 1797 532 1841 Periblepti
566 1795 800 1829 monasterium
832 1794 989 1838 migravit
1019 1793 1073 1827 die
1108 1796 1148 1828 11
1174 1792 1321 1826 Ianuarii
1345 1792 1509 1826 secundae
1531 1790 1724 1825 indictionis

284 1843 362 1878 anni
383 1843 492 1881 6782,
523 1842 638 1874 fruens
669 1840 717 1874 ibi
747 1839 908 1873 reditibus
932 1839 1001 1873 suis
1024 1839 1139 1872 annuis
1161 1837 1234 1872 sine
1259 1838 1485 1872 diminutione.
1530 1836 1598 1870 sic.
1615 1835 1724 1869 eccie-

283 1888 356 1924 siae
379 1887 512 1932 quidem
536 1895 658 1930 corpus
680 1885 715 1918 in
736 1885 877 1930 quadam
899 1883 1144 1929 tranquillitate
1168 1888 1262 1925 erat,
1295 1894 1360 1917 non
1382 1883 1462 1916 item
1486 1881 1544 1927 qui
1568 1881 1600 1915 ei
1622 1891 1723 1925 prae-

284 1936 393 1968 erant.
1621 1956 1623 1958 .

375 1978 427 2012 18.
472 1976 545 2009 Hos
567 1975 653 2009 enim
676 1973 774 2008 valde
795 1977 968 2019 suspectos
991 1974 1138 2008 habebat
1159 1973 1354 2018 imperator,
1379 1972 1467 2007 haud
1489 1971 1587 2007 facile
1607 1981 1723 2005 assen-

283 2034 381 2058 suros
414 2025 609 2062 autumans,
646 2019 761 2065 utique
796 2031 870 2052 cum
903 2019 1078 2053 disserenti
1107 2019 1302 2064 plerumque
1325 2019 1412 2063 apud
1435 2029 1493 2052 eos
1518 2018 1648 2060 Vecco,
1686 2020 1723 2051 et

284 2067 474 2102 testimonia
502 2068 691 2100 sanctorum
722 2067 876 2118 patrum,
907 2065 1026 2109 quibus
1059 2066 1173 2098 fuerat
1193 2064 1266 2109 ipse
1288 2064 1477 2104 convictus,
1511 2061 1724 2107 proponenti,

286 2125 352 2148 non
374 2111 621 2157 acquieverant,
644 2110 704 2144 sed
726 2122 762 2143 m
784 2111 952 2144 sententia
972 2110 1181 2155 perstabant,
1206 2120 1288 2154 prae
1309 2120 1346 2143 se
1369 2109 1514 2142 ferentes
1536 2119 1601 2141 non
1624 2119 1724 2141 acce-

284 2162 403 2204 pturos
438 2156 566 2191 omnino
603 2155 835 2198 concordiam,
870 2156 900 2189 si
930 2160 1125 2189 conventum
1158 2155 1201 2188 de
1232 2155 1287 2188 ina
1316 2155 1415 2189 foret.
1461 2154 1536 2187 hinc
1565 2152 1722 2186 irritatus

284 2203 441 2248 princeps
463 2200 771 2235 comminiscebatur
800 2211 887 2245 quae
909 2200 991 2245 ipsis
1015 2199 1212 2245 impingeret
1238 2199 1394 2241 crimina3
1426 2198 1522 2244 qnasi
1540 2197 1723 2232 subiectio-

285 2259 362 2282 nem
383 2247 450 2292 ipsi
472 2246 616 2280 debitam
638 2246 884 2286 detrectarent,
918 2246 1227 2290 exprobrarentque
1248 2244 1415 2289 episcopis
1438 2255 1553 2289 pacem
1577 2243 1723 2288 proban-

285 2293 396 2333 tibus,
422 2291 679 2336 imperatorique
696 2291 947 2333 maledicerent,
970 2291 1058 2335 quod
1080 2302 1138 2325 eos
1160 2291 1194 2324 in
1216 2302 1308 2325 suam
1332 2289 1529 2324 sententiam
1552 2288 1722 2323 traxisset.

286 2337 381 2382 prius
404 2339 513 2371 tamen
534 2348 634 2382 quam
656 2337 739 2370 baec
765 2340 1021 2382 persequeretur
1042 2335 1214 2377 infestius,
1250 2335 1380 2370 blandis
1411 2345 1468 2369 eos
1500 2333 1722 2378 experiundos

285 2381 494 2417 suasionibus
543 2381 671 2423 utavit,
694 2381 723 2415 si
747 2385 860 2426 posset
882 2381 1036 2415 delinitos
1058 2381 1235 2415 adducere.
1282 2379 1477 2415 convocatis
1499 2379 1602 2423 igitur
1623 2379 1664 2413 iis
1686 2381 1723 2412 et

285 2427 437 2472 exceptis
460 2392 703 2471 pei-Eonorifice
726 2426 852 2461 medius
875 2426 1048 2478 considens
1071 2426 1168 2460 solita
1190 2426 1248 2460 illa
1270 2426 1334 2460 sibi
1358 2430 1393 2460 et
1415 2424 1549 2470 saepius
1568 2427 1648 2458 ante
1669 2422 1727 2457 al-

262 2473 398 2518 ,legata
419 2471 630 2513 memoravit,
664 2483 729 2506 non
753 2471 820 2506 alia
840 2483 878 2506 se
899 2471 1027 2506 moveri
1047 2483 1148 2505 causa
1174 2471 1216 2505 ad
1246 2471 1455 2505 tractandam
1478 2481 1594 2515 pacem
1615 2467 1721 2512 proti-

284 2522 360 2552 tens
383 2528 483 2561 quam
504 2517 694 2551 necessaria
717 2517 952 2561 praecautione
973 2517 1210 2551 imminentium
1231 2515 1494 2555 inevitabiliter,
1516 2514 1581 2549 nisi
1602 2516 1644 2547 de
1663 2512 1720 2548 illa

285 2562 486 2603 conveniret,
508 2561 667 2595 bellorum
690 2562 861 2603 atrocium,
885 2566 921 2596 et
943 2561 998 2607 pia
1021 2561 1220 2606 parsimonia
1243 2561 1385 2595 Romani
1406 2559 1596 2605 sanguinis,
1621 2568 1721 2602 quem

286 2608 386 2643 aliter
407 2605 637 2641 immanissime
668 2607 869 2640 fundendum
899 2606 1080 2652 periculum
1112 2617 1268 2651 praesens
1291 2610 1391 2640 esset.
1435 2617 1477 2639 ne
1498 2614 1598 2650 porro
1621 2603 1722 2637 dubi-

284 2656 398 2688 tarent
419 2652 498 2697 quin
519 2655 597 2696 post
617 2650 715 2684 istam
737 2663 870 2696 quoque
892 2663 1007 2696 pacem
1031 2663 1186 2686 mansura
1207 2652 1242 2686 in
1266 2655 1358 2686 statu
1380 2650 1533 2695 pristino,
1556 2648 1645 2682 citra
1667 2649 1722 2682 ul-

282 2698 349 2733 lam
380 2697 535 2732 momenti
564 2695 697 2731 maioris
728 2697 1006 2739 immutationem,
1037 2699 1125 2731 foret
1146 2697 1301 2731 ecclesia.
1345 2695 1436 2730 cordi
1458 2695 1520 2728 hoc
1541 2693 1606 2728 sibi
1627 2694 1723 2736 fore;

285 2755 348 2777 nec
370 2743 550 2789 quidquam
571 2741 606 2776 in
630 2752 671 2776 ea
693 2752 774 2775 cura
796 2742 1024 2785 neglecturum
1047 2754 1122 2776 sese
1144 2746 1236 2777 certo
1259 2742 1472 2776 confiderent.
1519 2739 1628 2773 tribus
1658 2739 1721 2773 de·'
1746 2744 1750 2746 ’

285 2799 373 2823 mum
398 2787 479 2822 solis
509 2787 662 2833 capitulis
684 2789 789 2821 totum
810 2787 874 2821 hoc
896 2787 1093 2823 concordiae
1123 2799 1196 2822 cum
1219 2787 1360 2822 ecclesia
1380 2786 1530 2821 Romana
1551 2783 1720 2829 negotium
