1884 3262
692 226 811 272 LIB.
830 227 884 275 11.
935 187 1142 273 NOTAE.
1239 247 1242 250 ⁴
1551 227 1648 274 659

193 339 233 375 et
257 334 507 374 Theodorum
530 336 726 376 Lascarim
760 331 1040 389 συγγᾶμβρους
1059 348 1237 374 vocans.=
1279 347 1329 374 ex
1349 333 1427 373 hoc
1445 334 1648 375 Theodori

193 392 370 430 Lascaris
398 394 560 431 secundi
592 391 841 431 matrimonio
873 398 1003 429 natam
1026 392 1181 430 Irenem
1205 390 1308 429 idem
1331 391 1494 430 Ioannes
1517 392 1645 430 Ducas

193 448 392 487 Theodmi
415 455 525 500 pater
542 449 674 488 adhuc
692 449 831 487 vivens
852 448 1108 486 Constantino
1129 448 1342 486 collocavit
1362 447 1473 496 huic,
1503 447 1551 485 de
1566 461 1645 499 quo

193 504 262 543 hic
287 511 442 553 noster,
479 506 545 563 qui
566 512 713 557 partem
741 504 892 555 generis
915 517 964 542 ex
990 506 1061 543 Ser
1064 504 1123 541 bia
1145 503 1335 542 trahebat.
1391 511 1498 542 recte
1518 510 1647 543 autem

194 567 313 599 vocat
351 556 598 599 Constantini
633 561 835 610 coniugem
872 561 1026 598 Irenem
1065 558 1236 613 ἐκγόνην
1271 559 1432 610 Asanis‚
1479 559 1558 598 hoc
1589 567 1648 599 est

194 623 374 670 neptem,
404 617 553 669 quippe
575 631 624 656 ex
641 618 789 655 Helena
803 617 992 667 genitam,
1024 617 1163 654 Asanis
1187 616 1280 654 filia.

308 687 346 725 p.
366 676 449 715 360
471 687 511 713 V.
535 678 574 716 2.
632 673 866 712 cardinales
891 686 995 724 quae
1014 686 1090 710 vox
1107 679 1182 711 etc.
1240 672 1329 710 Pius
1344 671 1383 710 II
1403 671 1576 710 oratione
1597 671 1649 710 ad

197 729 416 768 cardinales
430 758 440 776 ,
470 743 569 778 quae
586 737 694 768 extat
711 735 920 768 comment.
938 729 965 768 l.
989 728 1029 778 4,
1047 729 1106 767 sic
1128 742 1193 768 eos
1215 728 1446 780 compellat:
1478 742 1549 766 vos
1565 729 1648 766 veri

194 786 340 823 mundi
368 785 575 834 cardines,
605 800 734 838 supra
762 786 912 838 quibus
939 786 1158 823 militantis
1184 787 1333 823 ostium
1362 785 1548 822 eccles-iae
1567 785 1652 823 vol.

193 841 364 879 vendam
385 855 434 879 ac
451 841 668 893 regendam
690 850 757 883 est.
816 842 961 880 ostium
980 848 1110 880 autem
1130 856 1230 894 papa
1251 847 1419 880 vocatur
1437 847 1483 878 ut
1505 840 1651 878 Christi

194 899 389 946 vicarius,
430 900 497 948 qui
523 899 570 936 de
600 900 757 949 seipso
791 898 889 936 dicit·
919 898 1081 936 Ioannis
1110 902 1162 940 10
1188 901 1237 939 9:
1275 905 1346 950 ego
1376 911 1468 934 sum
1486 899 1650 936 ostium.

196 954 306 1004 quod
327 954 375 991 de
396 968 493 993 auro
511 954 579 992 hic
601 955 790 993 scribitur
809 954 859 992 ad.
879 954 1097 992 cardinales
1116 954 1236 992 misso
1257 961 1302 992 ut
1322 967 1461 1006 papam
1479 967 1557 1004 quo
1578 966 1651 991 vo-

194 1010 301 1049 lebat
323 1010 540 1060 imperator
567 1010 791 1058 flecterent,
833 1010 968 1061 accipe
991 1016 1037 1048 ut
1062 1010 1255 1060 scriptum
1274 1025 1296 1047 a
1314 1009 1564 1048 schismatico
1585 1022 1649 1047 res

194 1067 426 1104 Latinorum
448 1073 487 1103 et
501 1067 807 1116 negotiationem
828 1079 926 1117 quae
942 1078 1053 1103 nunc
1079 1065 1340 1104 inchoabatur
1360 1065 1649 1103 conciliationis

194 1122 449 1160 ecclesiarum
468 1122 660 1161 infamare
689 1128 858 1161 conante
885 1122 1176 1174 suspicionibus
1206 1121 1474 1160 calumniosis.
1531 1133 1652 1172 quare

193 1179 228 1217 is
255 1178 527 1217 auctoritatem
556 1179 597 1216 iu
630 1178 708 1218 hoc
739 1178 900 1230 quidem
929 1192 1011 1216 non
1039 1179 1179 1227 habet,
1217 1179 1282 1216 cui
1316 1185 1404 1216 tuto
1432 1177 1549 1215 inniti
1568 1190 1652 1215 cre-

196 1235 328 1273 dendo
347 1235 523 1286 prudens
546 1236 682 1286 possit.
738 1247 814 1272 nec
834 1247 935 1285 opus
953 1240 1036 1272 erat
1054 1235 1350 1285 imperatorem,
1374 1233 1479 1271 haud
1503 1232 1653 1284 alioqui

196 1290 433 1343 prodigum,
464 1292 632 1342 pecunia
662 1304 789 1329 emere
813 1303 1048 1328 consensum
1070 1290 1269 1342 pontificis
1298 1295 1364 1328 aut
1392 1289 1654 1327 cardinalium

196 1348 239 1386 in
256 1346 624 1385 reconciliationem
647 1347 898 1385 ecclesiarum
911 1376 922 1395 ,
953 1359 1068 1398 quam
1097 1347 1157 1384 illi
1173 1360 1348 1398 semper,
1376 1352 1422 1383 ut
1441 1345 1558 1383 etiam
1578 1358 1655 1382 no-

141 1445 145 1449 ,
191 1410 281 1443 ster
303 1403 399 1442 alibi
417 1417 499 1441 non
517 1403 758 1454 dissimulat,
787 1403 950 1441 summis
980 1403 1085 1440 votis
1114 1408 1370 1455 optaverant,
1400 1401 1505 1439 ultro
1524 1401 1653 1452 parati

197 1474 272 1513 pro
290 1473 333 1498 ea
357 1459 513 1510 quidvis
532 1460 689 1511 pacisci.
755 1460 804 1498 ad
832 1459 1123 1510 impetrandum
1152 1472 1245 1498 vero
1263 1472 1284 1496 a
1306 1456 1494 1510 pontifice
1512 1463 1558 1495 ut
1578 1458 1654 1494 Ca-

197 1516 274 1555 roli
292 1516 397 1566 regis
413 1516 622 1555 adversum
641 1530 683 1556 se
701 1516 996 1568 expeditionem
1016 1514 1262 1566 prohiberet,
1301 1514 1408 1564 quod
1431 1513 1547 1551 facile
1569 1527 1652 1551 crc-

199 1572 368 1611 ‹liderim
385 1585 480 1624 prae
498 1573 679 1611 omnibus
702 1572 881 1612 voluisse
910 1570 1141 1610 Michaelem·
1154 1601 1165 1620 ,
1195 1570 1289 1609 satis
1309 1571 1392 1622 ipse
1411 1569 1655 1619 intelligebat

198 1629 285 1669 fore
301 1641 443 1667 verum
463 1642 578 1667 suum
608 1629 650 1667 in
670 1642 806 1681 pacem
831 1628 1085 1667 ecclesiarum
1111 1627 1402 1679 procurandam
1435 1625 1654 1664 declarasse

199 1684 387 1724 studium.
445 1685 616 1737 denique
642 1685 711 1723 hic
737 1691 893 1723 tantum
923 1684 1202 1735 qualicumque
1216 1683 1295 1721 fide
1315 1681 1573 1733 Pachymeres
1593 1681 1656 1719 af-

198 1741 332 1780 firmat
359 1741 535 1780 oblatum
558 1742 606 1780 ab
631 1742 870 1794 imperatore
895 1740 1160 1778 ca1dinalibus
1187 1753 1346 1787 aurum,
1377 1744 1581 1790 acceptum
1605 1737 1654 1774 ab

197 1798 250 1836 iis
271 1810 354 1835 non
375 1797 523 1837 asserit.
583 1803 624 1836 et
645 1799 764 1836 fuisse
784 1797 930 1836 scimus
951 1795 1110 1834 aliunde
1127 1797 1197 1834 illo
1219 1809 1314 1834 aevo
1342 1794 1560 1832 cardinales
1583 1793 1655 1832 ali-

202 1866 301 1905 quos
329 1859 410 1891 tam
438 1860 618 1904 sanctos,
658 1855 726 1906 qui
756 1853 1029 1892 abstinentiam
1054 1852 1243 1902 Fabricii,
1273 1850 1493 1889 Samnitum
1512 1862 1653 1889 aurum

201 1909 471 1963 aspernantis,
505 1910 548 1948 in
569 1924 610 1949 se
631 1910 844 1950 desiderari
861 1923 943 1948 non
960 1909 1146 1947 sinerent.

272 1981 274 1984 '
315 1979 354 2018 Ρ.
375 1968 453 2008 361
486 1980 526 2006 v.
555 1970 618 2008 10.
677 1968 782 2018 regii
817 1965 1133 2004 archidiaconus
1163 1964 1270 2002 cleri.
1327 1963 1482 2015 saepius
1509 1962 1552 2000 in
1575 1961 1651 2000 hac
1675 1961 1704 1996 P
1727 1961 1796 1999 462

200 2021 368 2061 historia
388 2022 647 2075 Pachymeies
670 2023 822 2061 indicat
849 2022 972 2060 fuisse
998 2020 1234 2059 domesticos
1264 2019 1390 2057 cleros
1412 2019 1655 2070 principum.

202 2079 262 2116 sic
280 2079 480 2130 superins,
511 2093 544 2122 c,
564 2080 667 2122 221.
682 2078 729 2128 4,
759 2078 897 2116 scribit
921 2076 1161 2128 Iosephum‚
1201 2081 1410 2125 antequam
1437 2073 1654 2112 monachus

202 2133 340 2182 fieret,
379 2134 541 2173 lectoris
571 2136 746 2174 officium
778 2135 997 2172 exercuisse
1022 2133 1064 2170 in
1095 2133 1200 2170 clero
1233 2130 1448 2168 domestico
1471 2130 1654 2169 dominae

203 2190 349 2228 Irenes.
407 2189 505 2227 haec
529 2190 604 2228 fuit
631 2193 741 2241 p'rior
761 2204 865 2228 uxor
893 2189 1142 2241 imperatoris
1163 2186 1322 2225 Ioannis
1340 2187 1468 2224 Ducae
1496 2186 1652 2238 saepius

202 2245 412 2284 memorati
438 2245 481 2283 in
509 2245 670 2284 historia
701 2247 860 2297 Georgii
883 2244 1147 2297 Acropolitae.
1203 2243 1260 2282 sic
1290 2242 1338 2281 de
1363 2242 1505 2280 Pinaca
1526 2242 1654 2280 Hera-

206 2302 336 2340 cleota
362 2302 492 2353 capite
519 2315 614 2340 mox
637 2302 692 2345 24
721 2303 776 2340 ibi
806 2308 965 2350 narrat,
1003 2301 1162 2352 quando
1187 2299 1221 2337 ei
1250 2304 1406 2350 ereptus
1429 2298 1560 2336 honor
1581 2303 1651 2347 est,

204 2357 283 2409 ipsi
307 2357 458 2409 alioqui
483 2357 657 2406 debitus,
692 2358 946 2397 consecrandi
974 2354 1219 2409 patriarchae
1245 2353 1426 2407 Iosephi,
1454 2355 1588 2392 datum
1608 2354 1652 2392 in

206 2414 392 2453 solatium
413 2420 460 2452 ut
479 2413 522 2451 in
541 2413 691 2466 palatio
707 2415 828 2453 sacris
849 2419 1101 2465 operaretur3
1130 2425 1226 2464 quae
1243 2425 1317 2461 res,
1348 2417 1392 2449 ut
1410 2410 1555 2449 ibidem
1577 2423 1652 2448 no-

205 2476 340 2518 tatur,
380 2470 531 2520 magnis
564 2471 867 2509 auctoramentis
898 2475 1129 2521 quaestuosa
1156 2474 1250 2508 erat.
1316 2467 1372 2506 sic
1411 2473 1450 2504 et
1475 2467 1518 2504 in
1551 2466 1650 2504 aulis

206 2521 521 2564 ch1istianorum
540 2526 804 2564 Occidentalis
825 2525 1008 2564 ecclesiae
1026 2524 1307 2576 imperatmum
1322 2537 1368 2562 ac
1385 2536 1450 2573 re«
1441 2536 1518 2560 rum
1538 2522 1652 2558 vide-

206 2595 293 2621 mus
311 2582 485 2633 templa
473 2596 649 2633 ipsorum
672 2582 887 2620 domestica
903 2595 994 2619 suos
1018 2581 1112 2618 item
1137 2581 1260 2619 cleros
1289 2587 1328 2618 et
1349 2580 1475 2618 omnis
1500 2577 1651 2615 ordinis

206 2638 411 2676 ministros
434 2637 511 2676 iam
533 2639 627 2676 olim
644 2637 800 2678 habere.
858 2643 903 2676 ut
923 2637 972 2675 (le
1000 2637 1085 2674 aliis
1117 2637 1272 2684 sileam,
1302 2636 1345 2673 id
1363 2635 1516 2687 prolixe
1537 2633 1652 2670 docet

206 2693 383 2732 Historia
404 2696 570 2732 Sanctae
588 2694 797 2747 Cappellae
823 2693 963 2732 domus
996 2693 1136 2745 Regiae
1158 2692 1345 2732 Franciae
1373 2691 1521 2729 dudum
1548 2688 1652 2727 edita

208 2761 350 2801 magno
368 2750 585 2789 volumine.

320 2820 361 2858 Ρ.
377 2809 458 2848 363
478 2819 516 2846 v.
535 2809 602 2848 21.
661 2804 842 2855 defuncti
860 2804 1035 2844 cadaver
1050 2819 1125 2857 pro
1145 2806 1284 2843 merito
1302 2804 1461 2841 animae
1480 2806 1553 2839 etc.
1590 2814 1654 2839 sa-

210 2860 264 2900 tis
277 2861 374 2901 haec
395 2869 656 2903 consentanea
678 2862 727 2901 iis
752 2875 850 2915 quae
877 2862 1019 2902 Franci
1043 2862 1255 2915 scriptoles
1274 2860 1437 2899 uadunt
1463 2857 1512 2896 de
1527 2862 1655 2897 morte
