1884 3262
0 2654 7 2672 <a
0 2582 7 2622 ’τΑ

476 249 552 291 DE
578 247 854 313 MICHAELE
887 246 1260 313 PALAEOLOGQ
1295 248 1340 293 L.
1376 248 1430 292 V.
1578 246 1671 292 371

220 361 319 406 εἶναι
349 361 426 418 γὰρ
459 363 524 404 καὶ
558 361 687 417 ἄνδρα
715 366 789 415 τῆς
818 359 977 416 εἲρήνης
1003 360 1074 403 τὸν
1105 358 1247 403 πάπαν
1266 360 1332 403 καὶ
1363 358 1581 414 ἔπιθυμιάς
1601 364 1675 414 τῆς

218 432 459 487 κρείττονος.
527 429 623 484 μετ’
651 429 699 472 οὐ
723 430 827 472 πολὺ
856 430 900 472 δὲ
915 426 1194 479 καταστάντος
1216 433 1290 481 τοῦ
1318 431 1359 471 Γ
1357 430 1546 484 ρηγοριόυ
1577 429 1676 485 πρέ-

221 505 333 554 σβεις
375 500 528 541 ἐκεῖθεν
559 495 923 551 καταλαμβάνουσι
952 497 999 539 τὸ
1025 494 1270 550 Βυζάντιον,
1324 498 1390 539 καὶ
1422 496 1460 539 οἱ
1488 496 1675 552 πρέσβεις

221 569 399 625 φρέριοι,
442 562 497 610 ὧν
520 565 574 616 εἷς
593 562 642 621 ἧν
659 565 847 620 Ἰωάννης
865 563 1130 621 Παράστρων
1161 565 1471 619 ὠνομασμένος,
1508 567 1676 620 πολίτης
1717 609 1729 622 ,

188 644 209 679 5
223 637 406 693 ἀρχῆθεν
428 637 494 678 καὶ
524 634 686 685 ξυνετὸς
714 634 766 676 τὰ
790 636 830 684 ἒς
855 632 1253 689 γλῶσσανἝλληνα,
1282 626 1316 690 ᾦ
1334 632 1384 686 δὴ
1403 634 1470 674 καὶ
1492 634 1608 686 ζῆλος
1625 629 1676 689 ἦν

219 703 321 760 ὑπὲρ
351 708 425 758 τῆς
464 707 544 746 τῶν
574 704 793 758 ἐκκλησιῶν
827 699 1027 753 ἓνῶσεως,
1075 699 1129 751 ὥς
1156 702 1302 750 ἐκεῖνος
1333 700 1457 756 λέγων
1479 702 1671 756 παρίστα,
1696 716 1727 750 c

223 772 327 816 ὥστε
351 773 416 814 καὶ
441 768 632 820 πολλάκις
651 768 922 824 κατεύχεσθαι
947 768 1096 812 ἑαυτοῦ
1117 768 1262 811 αὐτίκα
1283 765 1494 822 θάνατον,
1531 767 1580 824 ἢν
1597 768 1677 823 μό-

222 859 292 884 νον
312 841 490 896 προβαίη
511 839 562 881 τὰ
583 843 656 892 τῆς
674 837 857 894 εἲρήνης,
895 836 917 880 ὃ
947 837 998 891 δὴ
1030 839 1095 880 καὶ
1124 839 1273 892 γίνεται
1294 836 1480 892 ὕστερον.
1552 837 1677 880 ταῦτ’

223 909 348 965 ἔλεγε,
385 909 451 950 καὶ
475 914 564 956 ταῖς
586 906 799 961 ἀληθείαις
825 906 1084 960 σπουδαστὴς
1113 901 1162 960 ἦν
1191 910 1262 960 τῆς
1285 903 1447 960 εἰρήνης
1468 903 1679 960 θερμότα-

171 987 215 1021 10
226 995 319 1030 τος,
358 974 460 1019 ὥστε
479 972 672 1024 πολλάκις
690 976 755 1016 καὶ
776 972 1053 1030 παραβάλλων
1075 972 1305 1030 πατριάρχῃ
1326 990 1368 1015 τε
1397 975 1465 1015 καὶ
1487 978 1536 1029 τῇ
1558 972 1681 1017 συνό-

225 1048 285 1104 δῳ
313 1041 566 1098 κατελιπάρει
595 1044 661 1085 καὶ
690 1039 846 1098 ταύτην
876 1042 1112 1094 ἕπε’σπευδε,
1154 1042 1205 1084 τὰ
1233 1043 1306 1095 μὲν
1333 1041 1443 1083 καθ’
1474 1039 1583 1096 ἡμᾶς
1614 1042 1680 1084 ἐκ-

223 1111 421 1164 θειάζων,
458 1110 563 1154 ὥστ’
586 1110 708 1153 ἔνιότε
729 1112 795 1153 καὶ
825 1109 891 1153 ὅτε
921 1108 942 1152 ὃ
962 1108 1215 1165 πατριάρχης
1235 1110 1509 1165 λειτουργοίη,
1556 1109 1682 1152 αὐτὸν

224 1180 518 1234 ἀποτιθέμενον
541 1179 615 1233 τὴν
638 1177 895 1236 καλύπτραν,
926 1177 974 1221 οὗ
993 1178 1074 1233 μὴν
1096 1179 1140 1220 δὲ
1159 1178 1261 1220 ἀλλὰ
1285 1179 1352 1220 καὶ
1372 1177 1470 1227 τοὺς
1485 1177 1579 1232 μετ’
1604 1178 1682 1221 αὖ-

224 1254 298 1293 τοῦ
325 1245 691 1302 συλλαμβάνοντα,
731 1248 987 1304 εἲσὲρχεσθαι
1012 1246 1064 1288 τὰ
1099 1246 1256 1300 ἄδυτα,
1292 1247 1358 1288 καὶ
1378 1246 1491 1302 παρὰ
1512 1246 1583 1289 τὸν
1602 1264 1674 1290 τυ·
1698 1260 1730 1294 D

172 1323 214 1359 15
223 1317 352 1374 χόντα
386 1316 570 1373 ἀρχιερέα
604 1313 818 1370 ἱστάμενον
848 1315 923 1365 τὰς
955 1315 1154 1368 μυστικὰς
1177 1312 1540 1369 συναναγινώσκειν
1562 1315 1682 1370 εὐχὰς

224 1387 328 1442 μετὰ
358 1384 492 1439 πάσης
522 1382 850 1439 ἔνθουσιότητος.
921 1390 1007 1432 τοῖς
1037 1383 1110 1435 μὲν
1139 1379 1211 1425 οἶν
1232 1381 1440 1439 ἡμετέροις
1469 1381 1579 1426 οὕτω
1609 1401 1683 1426 κο-

226 1456 358 1509 σμίως
377 1456 442 1496 καὶ
463 1453 646 1506 εὐλαβῶς
667 1452 953 1509 προσεφέρετο,
991 1451 1092 1506 πρὸς
1114 1450 1156 1493 d'
1176 1450 1357 1500 Ἰταλοῦς
1373 1450 1541 1507 ἀφορῶν
1559 1452 1683 1494 καλὸν

228 1522 326 1566 εἶναι
346 1524 411 1564 καὶ
431 1521 612 1577 ἀσφαλὲς
632 1520 758 1576 ἔλεγεν
778 1520 1003 1577 ἀφεμένους
1024 1523 1097 1573 τῆς
1116 1516 1359 1575 προσθήκης
1378 1521 1434 1568 εἷς
1453 1516 1682 1562 σκάνδαλον

227 1591 464 1648 προειμὲνης
484 1597 567 1638 τοῖς
591 1589 783 1646 ἀδελφοῖς
805 1588 934 1638 οὕτως
954 1586 1179 1645 εἰρηνεύειν.
1249 1590 1282 1630 εἲ
1298 1586 1344 1630 δ’
1369 1582 1466 1641 οὖν,
1504 1590 1570 1630 καὶ
1603 1588 1681 1631 αὗ-

319 1667 372 1701 19.
396 1661 686 1710 προσκειμένηςέ)

228 1735 413 1771 studiosum
444 1733 606 1768 bominem
641 1731 754 1777 pacis,
788 1733 824 1766 et
858 1742 940 1767 vero
976 1731 1169 1767 instinctum
1198 1729 1365 1766 desiderio
1389 1730 1470 1766 boni
1491 1730 1616 1776 publici
1639 1741 1681 1766 ac

228 1780 416 1827 splendoris
439 1779 490 1814 rei
524 1778 738 1813 Christianae
760 1778 949 1813 universae.
997 1779 1096 1824 paulo
1125 1782 1204 1823 post
1227 1789 1247 1811 a
1277 1777 1342 1811 iam
1365 1777 1567 1822 inaugurato
1589 1780 1625 1812 et
1648 1778 1682 1812 in

228 1827 310 1862 sede
332 1825 526 1871 Apostolica
548 1825 615 1859 rite
639 1824 821 1858 constituto
845 1823 1014 1868 Gregorio
1038 1824 1153 1858 eodem
1185 1824 1366 1857 adfuerunt
1389 1822 1682 1868 Constantinopoli

228 1873 332 1918 legati
362 1872 496 1914 Frerii,
528 1882 668 1916 quorum
700 1881 785 1904 unus
819 1874 894 1904 erat
924 1870 1068 1904 Ioannes
1103 1870 1288 1904 Parastron
1310 1868 1517 1909 nominatus,
1549 1869 1682 1913 origine

229 1919 318 1953 civis
340 1924 473 1959 noster,
503 1917 718 1962 prudensque
750 1927 790 1950 ac
814 1916 958 1949 disertus
993 1916 1130 1949 Graeca
1151 1915 1276 1959 lingua.
1324 1914 1376 1948 hic
1400 1919 1436 1949 et
1457 1915 1562 1949 verbo
1585 1915 1683 1949 affir-

227 1965 343 1999 mabat
373 1969 410 1998 et
439 1964 540 1997 factis
563 1974 646 2008 prae
670 1974 707 1996 se
738 1962 871 1996 ferebat
893 1961 1023 2006 ingenti
1054 1973 1092 1995 se
1121 1962 1233 1995 studio
1271 1960 1419 2005 flagrare
1453 1960 1682 1994 conciliandae

227 2010 317 2044 inter
341 2009 513 2044 discordes
536 2008 696 2042 ecclesias
719 2007 832 2053 pacis,
862 2008 947 2042 adeo
970 2013 1008 2042 ut
1029 2018 1133 2052 saepe
1154 2006 1328 2041 audiretur
1350 2010 1470 2052 optare
1492 2012 1595 2052 atque
1619 2007 1682 2040 im-

227 2056 361 2102 precari
385 2055 451 2089 sibi
474 2059 613 2089 mortem
643 2059 804 2099 tanquam
835 2053 914 2087 nibil
949 2054 1098 2087 censenti
1120 2052 1186 2086 sibi
1218 2057 1348 2086 restare
1372 2052 1511 2097 amplius
1533 2052 1622 2096 quod
1646 2052 1681 2086 in

227 2103 302 2136 vita
325 2105 487 2146 cuperet,
509 2100 539 2134 si
562 2099 659 2133 modo
682 2099 880 2143 contigisset
899 2099 1083 2144 procedere
1102 2098 1248 2132 feliciter
1265 2098 1308 2131 ad
1330 2098 1556 2131 desideratum
1579 2097 1680 2131 finem

228 2147 399 2191 negotium
421 2146 513 2191 quod
533 2150 741 2180 tractaretur
764 2145 878 2190 pacis3
904 2145 1000 2179 cuius
1023 2149 1058 2178 et
1082 2155 1217 2189 compos
1241 2143 1314 2177 voti
1339 2142 1458 2176 deinde
1479 2143 1590 2176 factus
1616 2147 1680 2177 est.

229 2194 315 2227 haec
336 2193 393 2225 ille
415 2192 635 2237 loquebatur,
666 2196 702 2225 et
725 2202 845 2224 revera
868 2194 1038 2236 promotor
1061 2194 1136 2223 erat
1158 2188 1408 2223 ardentissimus
1430 2187 1680 2222 ecclesiasticae

231 2237 451 2279 concordiae,
485 2238 569 2271 adeo
592 2241 630 2271 ut
652 2248 755 2282 saepe
777 2236 819 2270 de
851 2236 985 2281 negotio
1006 2240 1158 2270 tractans
1182 2246 1255 2268 cum
1277 2233 1471 2278 patriarcha
1493 2237 1529 2267 et
1551 2234 1679 2278 synodo

230 2287 348 2329 patres
368 2283 445 2317 illos
466 2282 754 2317 vehementissime
776 2288 908 2324 oraret,
941 2285 980 2315 ut
1002 2293 1089 2327 quae
1119 2291 1254 2314 suarum
1277 2283 1390 2313 essent
1415 2279 1576 2324 cuiusque
1597 2290 1680 2325 par-
1736 2303 1742 2307 -

232 2330 315 2363 tium
337 2328 372 2362 in
396 2340 464 2361 rem
488 2329 600 2362 studio
625 2328 787 2362 communi
809 2329 965 2362 conferre
987 2339 1030 2360 ne
1052 2330 1287 2371 gravarentur,
1309 2335 1365 2359 res
1386 2324 1521 2363 interim
1543 2330 1679 2359 nostras

231 2374 344 2419 magni
364 2375 512 2415 faciens,
535 2384 635 2414 usus,
657 2373 808 2418 inquam,
833 2372 1105 2417 ceremoniasque
1128 2370 1234 2405 nostri
1255 2371 1342 2404 ritus
1364 2370 1538 2405 dilaudans
1561 2375 1597 2404 et
1618 2382 1680 2405 ve-

230 2419 406 2454 neratione
428 2420 538 2465 palam
571 2429 776 2472 prosequens
798 2430 945 2460 summa,
974 2418 1022 2452 ita
1045 2423 1083 2451 ut
1104 2417 1271 2451 interdum
1293 2427 1424 2450 sacrum
1446 2416 1594 2451 faciente
1614 2428 1679 2461 pa-

229 2467 402 2507 triarcha,
426 2465 551 2499 nudato
574 2475 649 2510 lpse
671 2464 782 2509 capite
804 2469 1006 2508 caeteraque
1028 2463 1177 2496 adhibita
1199 2461 1441 2506 significatione
1465 2461 1601 2496 infimae
1622 2473 1680 2496 re·-

229 2511 405 2546 verentiae
438 2510 505 2545 suis
537 2521 650 2544 secum
679 2510 854 2544 comitibus
883 2509 1061 2553 assumptis
1092 2507 1324 2552 ingrederetur
1354 2508 1477 2553 adyta,
1508 2514 1544 2542 et
1566 2519 1678 2542 coram

231 2569 440 2603 quocumque
472 2556 541 2590 illic
572 2559 705 2601 reperto
735 2556 873 2589 adstans
903 2554 1058 2600 praesule
1091 2554 1248 2599 mysticas
1269 2553 1367 2587 simul
1388 2565 1461 2588 cum
1485 2565 1525 2588 eo
1548 2553 1678 2598 legeret

230 2610 449 2648 preces'cum
473 2601 560 2636 omni
580 2603 715 2635 fervore
747 2600 926 2645 religionis.
974 2604 1010 2633 et
1037 2599 1092 2633 ille
1122 2599 1254 2645 quidem
1286 2611 1368 2644 erga
1398 2599 1547 2634 homines
1568 2599 1676 2633 nostri

230 2649 317 2683 ritus
341 2650 390 2682 ita
413 2649 467 2694 pie
489 2648 679 2692 decoreque
700 2656 738 2679 se
759 2648 922 2691 gerebat:
951 2645 1056 2679 Italos
1087 2651 1199 2679 autem
1221 2648 1417 2690 praesentes
1437 2645 1589 2687 intuens,
1618 2656 1678 2678 ae-

231 2706 333 2740 quum
356 2699 393 2728 et
414 2699 524 2728 tutum
547 2693 660 2727 aiebat
682 2703 756 2726 esse
778 2692 912 2726 dimisso
935 2701 993 2725 eos
1015 2695 1193 2736 amotoque
1215 2691 1398 2725 additionis
1427 2691 1469 2726 ad
1493 2690 1678 2734 symbolum

233 2741 390 2774 scandalo
425 2751 499 2774 cum
530 2738 712 2779 fratribus,
745 2748 829 2782 quos
860 2737 1013 2771 viderent
1041 2747 1175 2779 coram,
1209 2737 1355 2771 Graecis
1386 2735 1573 2777 conciliari,
1595 2746 1679 2770 vera

231 2785 282 2819 ita
314 2786 445 2819 demum
483 2785 646 2819 coalitura
676 2794 772 2828 pace.
819 2782 916 2817 simul
948 2787 1060 2816 tamen
1099 2783 1300 2817 admonebat
1325 2790 1477 2824 nostros,
1511 2791 1573 2826 par
1603 2793 1679 2815 esse

232 2830 324 2877 ipsos
344 2843 476 2877 quoque
495 2842 580 2876 quas
604 2829 717 2863 Latini
736 2829 922 2873 allegarent
941 2827 1158 2863 additamenti
1180 2828 1328 2873 symbolo
1349 2826 1468 2862 inserti
1488 2827 1679 2862 excusatio-

234 2887 293 2910 nes
315 2888 380 2911 non
399 2875 595 2924 aspernari,
618 2875 678 2910 sed
700 2875 812 2920 potius
833 2877 872 2908 ut
892 2873 1031 2910 idoneas
1061 2875 1146 2910 satis
1168 2874 1334 2920 accipere.
1380 2873 1437 2918 qui
1459 2879 1570 2907 autem
1593 2872 1681 2908 omni
