1884 3262
273 201 372 248 576
668 198 983 244 OBSERVAT.
1015 195 1327 245 PACHYMER.

272 322 410 349 corum
420 337 432 357 ‚
462 307 622 358 quando
640 314 805 348 vocatus
824 314 883 347 est
901 308 954 348 ad
969 322 1133 362 regnum
1152 309 1451 362 Neapolitanum
1474 318 1522 351 et‘
1535 312 1723 364 Siculum,

274 378 400 405 comes
419 371 504 402 erat
523 365 767 417 provinciae,
795 366 903 404 unde
922 374 1036 406 conte
1050 367 1099 405 ab
1118 367 1225 405 Italis
1242 374 1340 405 tunc
1356 370 1586 409 vocabatur.
1643 382 1723 422 quo

272 423 389 460 etiam
410 423 756 474 contentustitulo
776 427 873 461 tunc
889 428 995 473 erat,
1023 424 1206 476 princeps
1226 424 1318 462 licet
1338 424 1381 462 in
1399 427 1534 476 paucis
1556 428 1725 479 opulen-

271 485 338 517 tus
368 483 408 516 et
431 484 684 529 praepotens,
704 479 884 531 *dynasta
912 480 1142 522 sabaudiae.
1200 481 1493 520 Cantacuzenus
1519 484 1546 523 l.
1563 489 1585 526 1
1618 498 1650 523 c.
1670 485 1726 527 40

268 549 310 587 p.
332 537 411 577 120
433 533 492 573 ed.
504 535 597 587 Reg.
617 532 821 577 ἐπύθοντο
841 535 896 584 ὥς
911 539 986 577 τοῦ
1002 540 1075 591 τῆς
1093 538 1305 591 Σαβωδίας
1322 535 1512 592 ἄρχοντος
1519 571 1531 590 ,
1562 537 1611 582 ὃν
1628 537 1726 582 κόν-

269 606 340 632 τον
360 589 390 643 ἦ
408 592 598 640 Λατίνων
617 595 773 646 γλῶσσα
788 596 902 633 καλεῖ
914 599 988 632 etc.

384 650 423 686 K
437 662 457 687 ο
472 647 782 690 ντοσκέλιον
809 663 847 701 Ρ.
864 650 946 692 365
966 662 1006 689 v,
1028 647 1091 692 14.
1149 650 1303 701 reperio
1322 651 1428 703 apud
1449 652 1609 690 Petrum
1625 652 1726 704 Gyl-

268 703 368 742 lium
398 703 438 741 in
470 705 617 756 Topog.
645 707 732 744 urb.
764 707 966 745 Constant.
991 706 1018 745 l.
1039 709 1061 749 1
1083 719 1116 744 c.
1136 710 1191 748 20
1215 708 1454 746 mentionem
1470 715 1609 760 portae
1627 710 1727 748 con—

269 759 467 809 descalae,
498 774 597 811 quae
617 763 763 800 Graece
783 759 1036 811 κοντὸσκελος
1063 762 1137 801 dici
1156 765 1299 814 potuit.
1356 766 1460 803 forte
1473 765 1530 803 illi
1550 765 1728 804 vicinum

268 822 307 854 ct
335 829 387 854 ex
418 829 462 854 ea
488 831 631 856 nomen
657 819 803 858 ducens
829 820 969 858 navale
999 819 1092 858 olim
1119 820 1228 858 istud
1257 820 1333 859 suit
1356 822 1642 861 Contoscelium
1663 821 1727 860 di-

268 879 376 911 ctum
388 902 397 919 ‚
429 875 537 923 quod
561 881 660 914 tunc
689 876 867 916 dirutum
886 876 1137 915 reaedificare
1157 876 1327 916 voluisse
1344 878 1511 917 Michael
1528 877 1729 931 Augustus

266 929 334 968 hic
352 929 510 970 dicitur.
1403 936 1414 940 “

384 989 423 1026 Κ
435 1002 455 1027 ο
467 1002 488 1039 ρ
503 989 525 1027 δ
537 1003 557 1027 ο
571 1004 594 1028 κ
606 984 699 1040 ούβ
709 1003 733 1027 α
745 1003 764 1037 ς
792 1001 831 1039 Ρ.
851 986 934 1030 430
947 1002 985 1028 v.
999 992 1064 1032 18.
1121 1002 1293 1040 pronum
1304 990 1505 1041 suspicata
1518 997 1578 1030 est
1594 992 1729 1042 lingua

269 1041 475 1092 Mysorum
503 1044 750 1082 cordocubae
778 1045 1017 1083 vocabulum
1051 1045 1199 1097 aliquid
1235 1058 1285 1083 ex
1316 1047 1431 1085 oleris
1459 1050 1622 1086 notione
1648 1049 1729 1087 du-

270 1099 395 1147 xisse,
434 1106 694 1151 propagatum
733 1101 834 1138 sorte
859 1114 908 1139 ex
936 1101 1107 1152 quadam
1138 1102 1391 1153 corruptione
1416 1104 1587 1142 Graecae
1619 1099 1728 1144 vocis

273 1151 461 1207 κόρχορος
488 1157 728 1195 notissimam
761 1157 997 1208 designantis
1021 1158 1138 1196 oleris
1164 1160 1350 1210 speciem,
1389 1165 1427 1197 et
1455 1161 1610 1212 vulgari
1634 1161 1728 1199 olim

276 1211 413 1263 adagio
437 1213 651 1252 celebratae
663 1243 673 1262 ,
702 1212 772 1253 καὶ
790 1211 976 1268 κόρχορος
995 1214 1039 1254 ἐν
1056 1211 1253 1266 λαχάνοις.

386 1269 716 1322 κορτινοὲριοι
745 1283 782 1320 p.
818 1273 896 1311 321
930 1283 969 1308 v.
1002 1273 1041 1311 3.
1099 1277 1271 1320 quatuor
1294 1283 1436 1321 genera
1460 1272 1729 1323 palatinorum

272 1324 544 1363 ministrorum
569 1326 763 1378 gradatim
793 1325 980 1376 dignitate
1003 1327 1217 1364 crescentia
1236 1334 1449 1378 memorat,
1478 1329 1730 1367 Bardariotas

272 1381 363 1418 ostii
384 1381 566 1420 custodes
585 1382 708 1420 instar
729 1382 1013 1432 Helvetiorum,
1043 1384 1286 1430 cortinarios,
1316 1385 1576 1423 cubicularios
1595 1391 1636 1423 et
1655 1385 1731 1423 ad-

271 1437 522 1476 missionales.
580 1437 781 1477 cortinarii
804 1438 922 1476 fuisse
940 1439 981 1477 in
999 1439 1126 1478 aulico
1146 1440 1326 1478 satellitio
1344 1441 1372 1478 ii
1388 1441 1598 1489 videntur,
1626 1455 1731 1493 quo-

270 1506 361 1531 rum
382 1500 467 1532 erat
485 1508 627 1533 munus
651 1494 702 1532 ad
725 1495 930 1541 cortinam,
959 1502 1075 1534 extra
1095 1497 1227 1535 velum
1251 1497 1447 1546 intimum,
1476 1499 1520 1536 la
1541 1501 1731 1536 Portiera

267 1550 439 1587 cubiculi
467 1551 583 1601 regii,
612 1551 842 1603 praestolari
863 1552 1013 1590 subitos
1034 1559 1156 1592 nutus
1179 1559 1220 1592 et
1241 1554 1407 1592 fortuita
1427 1554 1592 1607 imperia
1613 1554 1730 1607 prin-

268 1606 385 1657 cipis,
416 1613 455 1644 et
476 1608 774 1646 admissionibus
796 1607 1030 1647 ministrare.

382 1665 524 1715 Κορυ
538 1660 612 1715 φῶ
642 1678 680 1716 p.
701 1667 784 1707 508
804 1677 842 1703 v.
865 1668 928 1706 17.
986 1670 1046 1703 est
1068 1664 1136 1703 hic
1166 1661 1345 1719 Κορυφώ
1363 1666 1558 1716 recentius
1583 1679 1729 1706 nomen

267 1718 418 1757 insulae
448 1721 665 1771 Corcyrae,
696 1720 813 1758 hodie
835 1727 874 1758 et
895 1734 945 1758 ex
965 1722 1115 1773 aliquot
1134 1728 1244 1760 retro
1270 1723 1431 1761 saeculis
1453 1723 1572 1775 vulgo
1602 1724 1731 1774 Corsa

271 1775 418 1823 dictae3
448 1778 556 1826 quod
582 1778 671 1815 ideo
700 1778 869 1815 retinere
898 1778 940 1815 in
968 1779 1292 1830 interpretatione
1311 1780 1449 1828 debui,
1480 1780 1731 1831 quandoqui-

273 1831 363 1869 dem
393 1831 435 1868 id
464 1839 605 1871 auctor
632 1834 755 1871 sciens
781 1840 966 1884 usurpat,
995 1836 1119 1873 veteri
1142 1835 1214 1873 sibi
1240 1849 1320 1874 non
1339 1837 1474 1887 ignoto
1490 1837 1730 1889 praeferens;

271 1888 335 1926 uti
360 1888 479 1926 etiam
503 1889 545 1926 in
574 1889 701 1945 μορέῳ
730 1890 795 1928 vel
823 1889 969 1945 μορέᾳ,
1005 1904 1079 1942 pro
1110 1891 1397 1943 Peloponneso,
1436 1899 1477 1930 et
1511 1892 1554 1930 in
1592 1892 1730 1931 simili-

271 1943 347 1983 bus
370 1944 456 1982 feci.

346 1996 350 2000 ”
396 1997 594 2053 Κράλις
629 2000 655 2039 l.
690 2001 715 2044 5
748 2016 780 2040 c.
811 2006 850 2044 6.
907 2015 1021 2055 saepe
1060 2002 1239 2041 nominat
1282 2003 1538 2055 Pachymeres
1574 2001 1730 2059 Κράλιν

274 2057 470 2108 Σερβίαςς
500 2070 617 2106 quam
649 2071 785 2096 vocem
810 2059 880 2097 etsi
904 2074 986 2098 non
1009 2060 1148 2111 ignoro
1170 2073 1192 2096 a
1209 2061 1442 2110 quibusdam
1461 2075 1534 2112 pro
1554 2061 1730 2112 appella--⁴

277 2113 362 2152 tiva
391 2113 513 2164 accipi
535 2114 804 2164 aequivalente
828 2117 1022 2155 vocabulo
1043 2111 1244 2169 βασιλεύς,
1274 2124 1407 2155 tamen
1426 2131 1516 2156 cum
1537 2123 1577 2155 et
1595 2123 1730 2157 noster

279 2175 320 2207 et
346 2170 639 2208 Cantacuzenus
665 2177 705 2209 et
730 2172 796 2210 alii
823 2185 908 2211 eam
934 2174 1153 2222 retineant,
1180 2187 1253 2212 nec
1273 2175 1395 2213 verbo
1417 2171 1600 2227 βασιλεύς
1617 2182 1730 2213 com-

277 2232 455 2275 mutent,
484 2240 565 2264 non
594 2233 653 2265 est
682 2229 789 2279 quod
817 2243 888 2267 nos
919 2229 1142 2268 dubitemus
1171 2231 1274 2268 idem
1306 2232 1453 2270 facere:
1484 2231 1626 2281 alioqui
1657 2245 1729 2269 nec

278 2283 483 2320 Sultanem
510 2283 677 2322 Persidis
706 2298 779 2323 nec
807 2286 943 2324 Canim
971 2292 1038 2325 aut
1055 2289 1209 2325 Canem
1236 2286 1507 2326 Tocharorum
1526 2301 1598 2325 nec
1618 2287 1729 2340 Mepe

276 2337 425 2376 Iberiae
456 2339 585 2378 dicere
615 2340 864 2392 deberemus,
893 2343 962 2382 sed
981 2343 1082 2396 regis
1109 2358 1251 2383 nomen
1274 2358 1348 2397 pro
1368 2344 1453 2383 istis
1473 2344 1636 2395 vocibus
1651 2357 1730 2397 po-

275 2406 390 2445 nere,
420 2396 528 2446 quod
551 2409 665 2435 nemo
687 2399 927 2450 probaverit.
1721 2423 1725 2427 ’

388 2454 640 2503 λαμπῖναι
668 2468 707 2506 p.
727 2456 806 2498 156
826 2469 865 2495 v.
885 2458 923 2498 8.
981 2455 1024 2497 ἐν
1040 2457 1264 2509 λαμπίναις.
1319 2457 1377 2495 ita
1401 2462 1568 2508 uterque
1589 2455 1676 2495 cod.
1694 2455 1729 2494 B

276 2513 316 2546 et
341 2506 396 2545 A:
431 2521 523 2545 nam
558 2509 646 2550 vat.
674 2511 771 2549 haec
804 2512 963 2551 omittit.
1021 2515 1195 2566 λαμπίνη
1223 2513 1319 2564 quid
1350 2513 1421 2562 sit,
1454 2526 1535 2551 non
1563 2511 1728 2565 reperio.

132 2572 160 2605 P
184 2570 251 2606 397
275 2564 463 2602 nimirum
493 2577 543 2601 ex
567 2579 643 2604 usu
670 2569 833 2606 fortasse
861 2570 1015 2620 linguae
1044 2571 1214 2621 vulgaris
1246 2569 1476 2622 Pachymeri
1502 2568 1729 2620 obrepserit,

274 2626 321 2660 ut
342 2637 357 2661 ι
377 2634 451 2673 pro
471 2636 497 2672 η
516 2620 558 2658 in
576 2620 653 2660 hoc
672 2625 867 2664 vocabulo
887 2633 1073 2678 poneret:
1103 2640 1193 2665 nam
1217 2627 1404 2679 λαμπήνη
1428 2631 1521 2664 nota
1544 2625 1622 2663 iam
1646 2637 1729 2663 vox

275 2684 347 2718 est.
405 2676 643 2728 Hesychius:
682 2679 869 2733 λαμπήνη
901 2679 1007 2731 εἶδος
1039 2679 1194 2736 ἁμάξης
1221 2679 1290 2735 ἐφ’
1320 2679 1370 2736 ἧς
1401 2679 1588 2734 ὀχοῦνται
1616 2680 1730 2731 ἕνιοι,’

275 2730 434 2786 ἀπήνη,
464 2730 495 2786 ἢ
523 2730 631 2787 ἅρμα
662 2734 894 2778 σκεπαστόν.
951 2738 1050 2777 haec
1076 2740 1160 2789 ille,
1186 2753 1396 2792 congerens
1416 2738 1541 2776 multa
1560 2750 1659 2788 quae
1675 2737 1731 2775 si-

274 2791 358 2827 mul
392 2792 584 2841 integram
614 2793 722 2831 vocis
752 2807 869 2843 quam
895 2796 1066 2845 explicat
1084 2797 1295 2836 absolvunt
1312 2797 1523 2835 notionem.
1580 2800 1619 2832 et
1639 2805 1732 2832 sane

275 2846 410 2886 omnia
438 2847 634 2899 quadrare
666 2849 855 2891 videntur
880 2850 922 2890 in
946 2850 1054 2891 hunc
1083 2853 1215 2892 locum
1241 2858 1282 2891 et
1308 2852 1350 2891 in
1376 2857 1505 2891 mente
1526 2851 1732 2904 scriptoris
