1846 3262
225 210 298 255 58
655 210 892 254 GEORGII
925 211 1278 255 PACHYMERIS

234 342 307 380 νης
324 323 437 374 ἐντὸς
456 321 706 379 εἴστῆκεισαν
727 329 804 368 τοῦ
822 330 947 378 ναοῦ,
986 327 1027 369 οἷ
1053 326 1098 368 δὲ
1125 325 1322 369 συνέθεον
1341 329 1544 383 πανδημεὶ
1565 332 1700 384 θορυ-

234 398 406 447 βοῧντες
428 393 542 448 παρὰ
564 393 610 436 τὸ
633 391 813 449 σύνηθες
830 396 896 437 καὶ
916 394 996 451 ἤδη
1019 402 1105 444 τοῖς
1128 395 1241 445 ἐντὸς
1261 397 1453 452 ἐμφανεῖς
1470 392 1575 452 ἦσαν
1595 397 1699 440 εὖθύ

236 467 310 516 τῆς
337 465 466 516 μονῆς
497 460 649 514 ῗόντες,
685 464 790 513 τινὲς
818 468 899 506 τῶν
930 464 1045 514 ἐκτὸς
1066 463 1195 507 ὄντων
1213 461 1426 520 ὖπηρετῶν
1444 465 1516 508 τὸν
1540 466 1699 509 ἐκείνων

231 528 568 581 ὖποτοπάσαντες
597 529 807 587 θόρυβον,
845 530 904 587 μή
933 534 976 575 τί
1000 550 1079 575 που
1102 535 1270 575 καὶτῶν
1292 532 1569 589 ἀπειρημένων
1595 533 1701 591 δρά-

236 616 349 641 σαιεν
372 600 517 653 σχεδὸν
537 599 759 655 αὐτόνομοι
778 600 889 651 ὄντες
899 634 912 653 ,
950 600 1038 654 ἅμα
1059 603 1104 644 δὲ
1122 603 1187 644 καὶ
1205 601 1276 644 τὸν
1297 603 1563 658 νεωτερισμὸν
1594 601 1731 646 ὕπο-’5

237 665 475 720 πτεύοντες,
514 671 685 725 δηλοῦσι
716 669 791 713 σὺν
821 670 939 728 ὠχρῷ
970 675 1029 728 τῷ
1059 669 1269 729 προσώπῳ
1291 677 1377 720 τοῖς
1397 671 1525 714 ἔνδον.
1597 672 1635 714 οἱ
1656 673 1701 715 δὲ

119 747 146 780 Ρ
169 746 215 780 33
240 739 400 794 σπουδῇ
421 743 507 786 τοῖς
529 739 680 792 κυρίοις
700 738 747 781 τὸ
767 740 956 794 δηλωθέν
983 739 1299 796 ἀπαγγέλλουσι,
1336 741 1403 782 καὶ
1428 738 1484 790 ὥς
1508 741 1701 796 ἐπιζυγῶ-

236 823 306 850 σαι
338 806 412 856 τᾶς
442 811 516 861 τῆς
541 812 669 862 μονῆς
695 805 828 857 πύλας
848 814 933 857 τοῖς
954 809 1185 864 ἐρχομένοις
1206 808 1425 865 συμφέρει,
1464 807 1580 862 μάλα
1598 814 1700 866 θερ-
1741 846 1744 849 ⁴

236 880 326 930 μῶς
347 878 613 931 εἰσηγοῦνται.
651 877 689 919 οἳ
710 876 751 919 δ’
771 876 948 932 ἠμέλουν
969 876 1186 928 ἀκούοντες
1222 877 1445 936 (μηδὲγὰρ
1470 877 1571 932 ἔχειν
1593 895 1701 933 συμ-

237 949 377 1000 βαλεῖν
404 941 558 987 ὅπόθεν
579 947 642 987 ἐπὶ
663 946 845 1004 σφετέρῳ
865 950 975 1005 κακῷ
997 946 1093 989 ἴοιεν
1115 947 1152 989 οἳ
1171 945 1467 1002 συνθέοντες),
1506 946 1700 1004 ἔρχεσθαι
1713 954 1757 990 10

237 1014 283 1056 δὲ
303 1013 509 1063 κάκείνους
533 1016 588 1064 εἲς
609 1014 683 1064 τὰς
702 1014 838 1064 κοινὰς
859 1015 1009 1064 ἐκείνας
1027 1015 1189 1065 τελετὰς
1208 1013 1512 1070 ὑπελάμβανον.
1584 1013 1640 1065 ὥς
1657 1016 1703 1058 δὲ

238 1084 305 1125 καὶ
331 1078 457 1132 αὖθις
486 1081 719 1133 ἐξελθόντες
745 1085 883 1126 ἐκεῖνοι
903 1082 1216 1139 πλησιασάντων
1235 1086 1302 1127 καὶ
1320 1088 1478 1139 μᾶλλον
1499 1084 1546 1127 τὸ
1566 1089 1702 1140 θορυ-

238 1153 370 1205 βῶδες
390 1153 456 1194 καὶ
476 1151 653 1194 ἄτακτον
669 1150 869 1196 ὑπενόουν
881 1185 893 1205 ,
931 1153 988 1195 ἔτι
1007 1157 1165 1208 μᾶλλον
1186 1150 1486 1210 κατωρρώδουν
1507 1155 1575 1195 καὶ
1598 1153 1702 1207 μετὰ

188 1231 217 1264 Β
241 1223 424 1275 σπουδῆς
453 1219 678 1277 εἶσήγγελον
707 1221 760 1263 τὰ
790 1219 1026 1277 γιγνόμενα,
1065 1224 1131 1264 καὶ
1162 1222 1230 1265 ἐπ’
1254 1223 1415 1271 ἐκείνοις
1439 1221 1555 1263 ἄλλοι
1574 1239 1704 1276 ταχυ-

241 1293 514 1346 δρομοῦντες,
553 1292 619 1333 καὶ
647 1286 772 1340 αὖθις
800 1289 939 1333 ἄλλοι·
978 1290 1074 1334 οὐδὲ
1103 1291 1181 1348 γὰρ
1211 1286 1262 1346 ἦν
1292 1291 1404 1340 ὅστις
1426 1288 1518 1333 τότε
1538 1291 1702 1344 βλέπων
1714 1300 1757 1336 15

239 1359 298 1414 μὴ
318 1360 382 1401 ἐπὶ
405 1363 515 1417 κακῷ
534 1360 711 1417 μεγίστῳ
727 1358 801 1413 τὴν
823 1360 980 1403 ἐκείνων
997 1359 1134 1416 ἄφιξιν
1151 1357 1321 1404 ὑπενόει.
1395 1357 1496 1402 ὅθεν
1514 1361 1580 1401 καὶ
1600 1364 1704 1402 πολ-

239 1430 304 1470 λοὶ
327 1429 400 1482 μὲν
431 1429 521 1484 περὶ
554 1426 714 1478 ἑαυτοῖς
734 1426 910 1478 δεδιότες
931 1431 973 1471 ἐκ
993 1433 1075 1471 τῶν
1099 1428 1147 1471 οὗ
1166 1432 1301 1472 καλῶν
1328 1429 1486 1471 ἐκείνων
1508 1426 1702 1480 ὑποψιῶν

238 1497 363 1547 ἄλλος
404 1495 584 1551 ἀλλαχοῦ
627 1495 895 1539 κατεδύοντο·
943 1495 1003 1547 οἷς
1048 1500 1072 1540 δ
1079 1498 1091 1513 ²
1131 1498 1242 1550 ἐζιιελε
1284 1502 1367 1541 τῶν
1407 1494 1703 1548 Μουζαλῶνων

239 1567 362 1609 πλέον
383 1569 464 1609 τῶν
485 1565 633 1619 ἄλλων,
653 1564 887 1622 προσιόντες
906 1568 972 1608 καὶ
995 1561 1119 1616 αὖθις
1145 1565 1310 1626 ἀτάκτῳ
1333 1565 1427 1625 ἤθει
1449 1567 1516 1608 καὶ
1536 1563 1703 1622 προσώ-

238 1652 303 1694 πῳ
332 1635 407 1691 τὴν
438 1635 626 1691 εἰσβολὴν
653 1639 735 1678 τῶν
765 1634 925 1692 ἀνδρῶν
943 1633 1282 1690 ὑπεμίμνησκον,
1336 1637 1403 1678 καὶ
1435 1635 1622 1690 ἐφεκτέον
1654 1634 1785 1678 τόΞζΟ’

190 1703 368 1760 οτὰχος
386 1703 519 1760 ἔλεγον
540 1708 904 1762 προκαταλαβοῦσι
922 1703 996 1761 τὴν
1018 1705 1176 1747 ἐκείνων
1195 1702 1327 1762 ὁρμὴν
1347 1702 1415 1747 διὰ
1429 1707 1505 1759 τῆς
1522 1707 1604 1747 τῶν
1625 1721 1705 1746 πυ-

238 1841 337 1880 rent,
370 1849 492 1880 mena,
526 1841 565 1872 ut
597 1838 723 1873 dictum
750 1841 823 1880 est,
856 1839 1002 1873 tumultu
1030 1838 1168 1873 insolito
1192 1836 1373 1872 multitudo
1400 1836 1622 1871 adventabat.
1668 1839 1707 1870 et

238 1885 307 1919 iam
331 1884 388 1930 qui
411 1884 503 1918 intus
526 1889 625 1918 erant
647 1885 840 1930 intelligere
873 1889 1060 1930 coeperant
1092 1896 1165 1919 eam
1195 1885 1328 1918 turbam
1353 1887 1452 1917 recta
1474 1883 1509 1917 in
1534 1884 1706 1916 monaste-

238 1931 324 1966 rium
347 1931 453 1972 ferri,
488 1941 561 1964 cum
585 1931 722 1976 quidam
748 1943 768 1965 e
790 1931 952 1965 ministris
976 1931 1194 1965 Muzalonum
1217 1930 1304 1964 foris
1329 1929 1610 1974 opperientibus,
1644 1940 1707 1962 ve-

239 1977 299 2011 riti
333 1987 401 2021 quo
433 1979 620 2022 tempestas
652 1982 831 2022 suspectae
860 1978 1025 2012 novitatis
1056 1978 1288 2017 incumberet,
1328 1983 1365 2010 et
1395 1987 1462 2009 non
1495 1975 1570 2009 sine
1601 1984 1706 2008 causa

239 2027 431 2058 metuentes
462 2035 504 2057 ne
538 2028 668 2057 armata
691 2029 726 2058 et
748 2024 861 2068 legum
884 2035 1005 2058 secura
1037 2023 1160 2058 seditio
1186 2023 1220 2057 in
1245 2023 1383 2056 foedum
1407 2021 1546 2066 aliquod
1569 2020 1731 2055 desine-.

241 2075 296 2104 ret
317 2069 469 2108 facinus,
493 2069 619 2114 pallido
643 2071 739 2104 vultu
764 2070 950 2114 periculum
976 2070 1178 2104 nuntiarunt
1200 2070 1244 2103 iis
1269 2068 1330 2113 qui
1354 2079 1397 2101 ex
1421 2067 1576 2102 interiori
1601 2066 1706 2100 comi-

243 2121 321 2150 tatu
345 2115 562 2149 Muzalonum
583 2116 675 2150 intra
697 2117 855 2161 templum
878 2117 1118 2150 versabantur.
1165 2115 1200 2148 hi
1232 2126 1303 2149 rem
1334 2114 1448 2148 statim
1480 2113 1524 2147 ad
1554 2111 1707 2147 dominos

245 2162 460 2203 detulerunt,
495 2167 531 2196 et
567 2162 718 2196 studiose
751 2166 997 2206 suggesserunt
1029 2174 1048 2196 e
1082 2173 1119 2196 re
1142 2160 1255 2195 videri
1287 2159 1404 2205 templi
1427 2160 1549 2194 valvas
1571 2158 1708 2193 occludi

245 2207 483 2249 venientibus3
514 2208 621 2252 idque
644 2209 766 2242 ardore
793 2209 937 2243 maximo
962 2209 1132 2253 urgebant
1154 2212 1193 2240 ut
1216 2207 1331 2241 statim
1357 2211 1550 2240 curaretur.
1597 2210 1635 2238 at
1657 2203 1708 2238 illi

248 2254 427 2289 audientes
451 2254 689 2299 negligebant,
721 2254 810 2289 nulla
832 2255 957 2289 idonea
979 2255 1173 2288 coniectura
1197 2253 1272 2287 fieri
1296 2252 1478 2287 verisimile
1506 2250 1639 2285 causati
1661 2250 1709 2285 ad

247 2301 348 2335 ullum
378 2300 527 2344 ipsorum
564 2301 748 2346 periculum
778 2300 879 2335 istum
913 2312 1046 2335 cursum
1072 2300 1265 2345 pertinere:
1299 2299 1453 2332 nimirum
1478 2297 1708 2342 opinabantur

246 2346 306 2391 agi
338 2347 504 2391 religione
535 2352 592 2381 aut
626 2346 739 2382 studio
772 2347 1018 2381 cohonestandi
1051 2345 1216 2392 principis
1251 2346 1385 2379 turbam
1417 2345 1530 2384 illam,
1565 2347 1600 2378 et
1623 2342 1710 2377 nihil

247 2391 342 2427 aliud
367 2404 468 2437 quam
492 2398 649 2439 spectare
672 2399 731 2427 aut
751 2394 1016 2438 frequentiorem
1040 2393 1186 2427 reddere
1209 2392 1388 2425 funebrem
1412 2388 1558 2435 Augusti
1582 2387 1709 2423 mortui

247 2439 448 2484 panegyrim
492 2451 629 2485 cupere.
688 2445 727 2473 ut
765 2445 877 2474 autem
917 2439 976 2484 qui
1020 2440 1105 2473 haec
1138 2438 1380 2472 nuntiaverant
1409 2447 1542 2471 rursum
1575 2433 1708 2478 egressi

245 2485 388 2530 propius
420 2485 487 2519 iam
519 2486 685 2530 appulsae
714 2486 941 2520 multitudinis
968 2484 1114 2519 furentis
1145 2485 1316 2518 fremitum
1340 2495 1361 2518 e
1382 2482 1496 2516 vicino
1518 2480 1709 2515 terribilio-

245 2542 316 2565 rem
342 2531 486 2565 hausere
509 2531 686 2574 sensibus,
710 2544 750 2566 eo
776 2533 852 2578 plus
875 2532 1155 2567 cohorrescentes
1177 2530 1347 2564 iterarunt
1369 2529 1531 2563 indicium
1550 2537 1709 2561 crescen-

247 2577 299 2611 tis·r
323 2577 420 2619 mali,
454 2577 671 2619 nuntiantes,
705 2583 745 2611 ut
777 2579 896 2624 prius,
931 2590 1020 2623 quae
1054 2577 1223 2612 recentius
1253 2579 1454 2620 cognorant.
1500 2572 1594 2618 quod
1631 2582 1710 2607 mox

249 2623 492 2657 confirmarunt
523 2635 624 2657 cursu
654 2624 772 2658 anhelo
804 2624 1008 2658 festinantes
1043 2623 1101 2657 alii
1132 2634 1235 2668 super
1258 2622 1354 2657 alios.
1399 2632 1510 2665 neque
1533 2619 1620 2654 enim
1643 2619 1711 2652 iam

247 2669 329 2709 ulli,
363 2669 422 2714 qui
452 2674 607 2704 uteretur
638 2669 736 2704 modo
767 2670 940 2712 sensibus,
972 2669 1110 2704 dubium
1133 2673 1208 2703 erat
1231 2668 1313 2713 quin
1334 2668 1371 2702 in
1392 2666 1560 2710 tragicum
1583 2665 1710 2700 exitum

247 2716 450 2760 phanaticus
472 2715 538 2750 iste
562 2727 722 2750 accursus
745 2722 948 2761 erumperet.
995 2727 1102 2761 quare
1126 2714 1223 2750 multi
1247 2714 1313 2749 sibi
1337 2713 1497 2760 privatim
1521 2716 1710 2746 metuentes

248 2761 422 2796 admonitu
446 2762 644 2796 indiciorum
666 2761 858 2807 ingruentis
891 2761 970 2796 mali
1002 2762 1088 2796 alius
1116 2761 1199 2796 alibi
1222 2760 1474 2796 abscondebant
1496 2768 1585 2792 sese.
1631 2755 1712 2801 qui-

247 2808 310 2841 bus
345 2813 458 2842 autem
484 2809 591 2842 maior
624 2820 724 2853 quam
757 2807 906 2842 caeteris
938 2808 1154 2842 Muzalonum
1185 2819 1270 2842 cura
1300 2811 1399 2848 erat,
1433 2804 1545 2838 denuo
1571 2801 1710 2847 trepido
1738 2826 1743 2831 .

249 2865 352 2887 cursu
376 2855 540 2900 vultuque
563 2855 702 2889 turbato
725 2855 820 2900 ipsos
843 2854 999 2896 adibant,
1022 2854 1183 2898 impetum
1207 2859 1412 2888 armatorum
1435 2848 1636 2885 irruentium
1656 2847 1711 2882 in-

247 2898 425 2946 dicantes,
459 2907 495 2936 et
518 2912 726 2947 magnopere
747 2899 957 2943 suadebant,
992 2900 1150 2936 iuberent
1173 2899 1299 2946 opponi
1322 2896 1514 2934 furentibus
1537 2898 1712 2942 portarum
