1884 3262
628 191 1652 245 LIB.1.GLQSSAR1UM.549

271 334 273 336 v
310 297 712 354 αὐτοπρόσωπον
751 298 1167 368 α’ντιφοῖρμακοι]
1202 317 1242 355 p.
1270 305 1353 344 212
1383 316 1419 341 v.
1451 306 1488 344 8.
1548 317 1646 354 pro-

195 357 375 397 verbium
399 358 578 396 indicans
616 358 831 397 efficaciam
869 361 1113 412 praese·1tiae
1146 359 1188 398 in
1217 359 1437 397 tractandis
1467 360 1630 410 negotiis
1613 381 1644 409 s,

192 414 428 467 piaesertim
460 414 853 465 reconciliationum,
891 429 991 466 quae
1010 417 1126 467 longe
1149 416 1267 455 citius
1296 421 1336 454 et
1355 416 1512 453 facilius
1534 431 1555 453 a
1575 430 1646 454 co-

192 484 275 513 ram
293 470 438 509 affante
457 477 495 509 et
515 485 559 509 os
586 485 631 509 ac
659 473 813 510 vultum
833 478 972 510 notum
993 446 1205 512 exhibente
1233 472 1505 522 transiguntur
1530 485 1649 522 quam.

193 526 241 563 ab
261 527 421 565 absente
441 541 511 578 per
525 527 660 566 literas
680 534 749 566 aut
767 528 1052 567 internuncios.
1108 529 1188 567 hoc
1218 529 1397 579 adagium
1416 529 1459 566 in
1476 529 1644 580 vulgatis

191 583 493 622 collectionibus
511 584 687 622 nondum
706 585 849 636 reperi.

303 639 569 693 ἄψικορὲω
598 655 637 692 p.
665 644 748 684 298
775 655 812 680 v,
840 643 906 683 11.
961 640 1128 679 verbum
1148 639 1228 678 hoc
1245 638 1295 676 ab
1308 639 1386 678 alio
1408 647 1642 691 usurpatum

189 696 326 735 videre
356 711 436 735 non
465 697 638 735 memini.
695 703 826 735 tamen
865 710 915 734 ex
950 697 1109 746 vulgata
1146 697 1308 734 notione
1352 696 1642 735 vocabulorum

190 751 391 805 ἇψίκορος
411 759 450 791 et
464 751 660 806 ἆψικορία
681 754 834 792 Platoni
855 753 1069 792 Plutarcho
1087 759 1125 791 et
1149 753 1323 791 Luciano
1339 753 1548 802 tritorum,
1576 753 1643 791 fa-

192 809 267 847 cile
291 810 470 860 intelligo
496 816 606 848 recta
632 810 809 861 analogia
840 810 1052 848 formatum
1081 809 1246 849 verbum
1267 807 1502 862 ἁψικορεῖν,
1533 810 1642 860 quod

189 872 303 904 sonet
318 866 360 903 in
385 865 601 904 satietatem
622 867 702 905 cito
719 867 856 905 venire
872 866 931 904 rei
949 872 1016 904 aut
1035 879 1227 919 personae
1248 865 1421 903 alicuius.
1479 872 1643 917 perapte

190 922 240 960 ad
273 923 504 961 sententiam
533 922 635 972 loci,
675 937 753 975 quo
785 922 1030 973 significatur
1066 923 1144 960 cito
1172 927 1395 974 pertaesum
1411 922 1642 974 imperatori

190 978 375 1017 Germani
395 978 666 1031 patriarchae,
698 992 813 1031 quem
837 979 959 1030 paulo
985 984 1076 1016 ante
1095 984 1207 1016 tanto
1225 978 1355 1016 studio
1373 984 1642 1030 promoverat.

300 1031 546 1087 Βαρβάρα
573 1049 611 1086 p.
643 1039 726 1078 270
753 1048 793 1074 v.
820 1037 886 1076 19.
941 1047 1004 1072 res
1037 1033 1187 1073 indicat
1208 1035 1408 1084 regionem
1441 1034 1641 1085 quandam

190 1096 260 1140 aut
279 1098 431 1143 partem
453 1090 912 1143 Constantinopolitanae
928 1091 1036 1129 urbis
1057 1096 1126 1128 aut
1144 1089 1425 1129 suburbiorum
1442 1091 1526 1128 eius
1547 1090 1642 1127 Bar..

186 1147 319 1186 baram
339 1146 503 1196 dictam,
531 1148 636 1186 forte
665 1162 687 1185 a
702 1147 835 1186 vicino
853 1147 1003 1199 templo
1030 1148 1068 1186 S.
1092 1147 1285 1185 Barbarae
1305 1147 1473 1198 martyri
1494 1146 1642 1189 dicato.

187 1217 281 1247 sane
301 1204 642 1255 Constantinopoli
661 1204 780 1242 fuisse
808 1204 1002 1256 templum
1021 1203 1175 1242 celebre
1194 1204 1233 1241 S.
1252 1203 1447 1242 Barbarae
1466 1203 1640 1254 nomine,

187 1259 307 1299 docet
322 1262 459 1299 Petrus
482 1261 626 1299 Gillius
643 1260 670 1299 l.
692 1263 720 1301 2
741 1274 773 1300 c.
797 1264 825 1302 2
849 1259 1148 1312 Topographiae
1167 1260 1510 1311 Constantinopol.
1530 1260 1640 1311 quod

185 1317 348 1356 videtur
374 1317 570 1356 collocare
597 1316 641 1355 in
672 1317 799 1368 prima
822 1317 991 1367 regione.
1051 1316 1143 1366 quia
1169 1329 1264 1355 vero
1293 1315 1371 1354 hoc
1391 1312 1638 1366 κελλύὸριον,

187 1373 237 1413 de
261 1387 340 1425 quo
355 1373 425 1412 hic
443 1374 593 1424 agitur,
626 1372 776 1411 dicitur
797 1373 922 1411 fuisse
952 1371 1110 1410 mirifici
1134 1371 1308 1422 Nicolai‚
1335 1371 1416 1410 hoc
1437 1379 1495 1410 est
1518 1372 1554 1410 ei
1572 1372 1639 1409 ‹li-

187 1435 321 1468 catum
344 1436 383 1468 et
402 1443 452 1468 ex
471 1443 516 1468 eo
535 1435 824 1481 nuncupatum,
850 1428 1044 1480 suspicari
1060 1429 1156 1467 licet
1172 1429 1355 1482 proxime
1373 1428 1474 1466 illud
1493 1427 1639 1467 adhae-

186 1487 282 1534 sisse
305 1487 455 1539 templo
473 1487 512 1524 in
538 1486 732 1524 honorem
751 1485 922 1524 eiusdem
939 1487 978 1524 S.
994 1485 1150 1523 Nicolai
1163 1499 1184 1523 a
1204 1485 1427 1523 Iustiniano
1445 1485 1540 1523 olim
1562 1498 1638 1523 ex·-

185 1549 340 1592 tructo,
370 1549 417 1581 ut
433 1543 555 1581 refert
578 1542 830 1595 Procopiusl.
853 1545 873 1583 1
896 1542 943 1580 de
963 1541 1161 1580 Aedificiis
1182 1555 1218 1580 c.
1234 1545 1274 1585 6.

199 1644 203 1648 .
297 1599 505 1652 Raetiae
519 1601 635 1639 ειοῖτ
649 1614 699 1639 αι
725 1612 767 1651 p.
787 1601 868 1641 321
887 1611 928 1639 v.
955 1601 996 1640 3.
1057 1598 1287 1649 corrigenda
1311 1599 1415 1636 forte
1441 1596 1492 1635 sit
1515 1595 1636 1634 huius

185 1653 301 1693 vocis
324 1655 540 1706 scriptura,
581 1661 731 1694 mutato
761 1670 795 1696 ει,
827 1654 870 1692 111
893 1670 926 1703 ι,
959 1667 1010 1692 ex
1037 1655 1194 1694 Codino
1221 1669 1255 1694 c.
1281 1654 1320 1703 5,
1343 1653 1409 1692 ubi
1427 1659 1637 1718 postquam

184 1710 510 1750 Bardariotarum
540 1712 729 1750 vestitum
756 1717 795 1751 et
823 1711 1087 1750 ministerium
1123 1710 1340 1764 explicuit,
1378 1710 1426 1748 de
1453 1709 1502 1748 iis
1538 1709 1638 1747 haee

186 1764 409 1818 subiungit:
441 1763 608 1816 τούτους
633 1765 756 1809 πάλαι
789 1767 944 1836 Πέρσας
968 1765 1067 1807 κατὰ
1087 1767 1202 1835 γένος
1226 1766 1248 1809 ὁ
1268 1763 1454 1836 βασίλευε
1470 1766 1636 1818 μετοικί-

186 1835 260 1873 σας
283 1823 438 1866 ἐκεῖθεν
457 1825 514 1872 εἰς
533 1821 599 1867 τόν
616 1821 847 1879 Βαρδαριον
863 1821 1027 1865 ἐκαθισε
1045 1821 1247 1876 ποταμόν,
1282 1819 1362 1874 οἷ’φ
1385 1824 1431 1862 οὐ
1447 1821 1515 1862 καὶ
1533 1825 1637 1875 Βαρ-

186 1882 378 1933 δαριωται
396 1883 622 1921 καλουνται.
679 1882 753 1921 llos
774 1895 915 1932 genere
938 1883 1088 1919 Ρειεαε
1107 1883 1325 1933 imperator
1342 1877 1436 1916 inde
1452 1879 1634 1916 transla-

186 1944 251 1975 tos
276 1939 489 1978 constituit
509 1951 637 1990 prope
665 1937 924 1976 Bardarium
954 1951 1136 1989 amnem,
1177 1951 1222 1975 ex
1248 1950 1327 1989 quo
1357 1934 1635 1973 Βανιίαιὶοιαε

184 2001 394 2034 iocantur.
448 1994 667 2033 Bardarum
696 1994 803 2034 hunc
829 2007 982 2033 amnem
1013 1969 1188 2047 appellat
1210 1992 1325 2032 Anna
1345 1991 1587 2030 Comnenal.
1607 1994 1627 2030 1

185 2064 242 2103 p.
251 2053 315 2100 18,
334 2050 405 2089 ubi
426 2063 515 2089 eum
532 2051 719 2090 describit
744 2057 784 2090 et
807 2051 850 2089 in
879 2051 1080 2089 Thessalia
1107 2051 1301 2099 collocat,
1338 2048 1398 2086 uti
1435 2053 1472 2084 et
1495 2052 1631 2084 noster

185 2119 276 2144 eum
291 2120 512 2149 memo1ans
531 2108 558 2147 1.
574 2111 595 2149 1
617 2112 739 2151 c.10.
795 2121 882 2146 eum
903 2108 1060 2145 Nicetas
1077 2107 1192 2145 initio
1213 2106 1240 2145 l.
1258 2109 1284 2148 8
1304 2104 1462 2142 videtur
1469 2100 1631 2153 ’Ἀξειον

184 2163 339 2201 Axeum
359 2176 515 2202 vocale.
570 2164 782 2203 verisimile
803 2170 862 2202 est
878 2163 1182 2215 Pachymerem‚
1211 2175 1302 2200 cum
1329 2155 1630 2212 Βαρδαρειῶτας

186 2219 370 2270 scripsit,
399 2219 442 2257 id
465 2219 608 2269 gentile
636 2234 782 2259 nomen
808 2235 891 2259 non
910 2234 960 2258 ex
981 2219 1174 2258 Bardario
1203 2216 1347 2255 Codini
1375 2215 1444 2253 sed
1465 2229 1514 2252 ex
1531 2215 1628 2252 Bar-

186 2275 283 2314 (laro
302 2276 438 2313 Annae
458 2277 669 2326 formasse3
698 2277 804 2315 unde
831 2283 939 2315 recta
964 2275 1141 2325 analogia
1163 2267 1393 2326 Βαρδαρευς
1416 2277 1455 2309 et
1473 2266 1628 2323 Βαρδᾶ-
1665 2306 1668 2310 .

186 2346 292 2386 ρειος
312 2331 435 2369 fluere
461 2338 638 2383 possunt.
695 2338 788 2371 utut
819 2332 871 2370 sit
898 2332 946 2370 de
970 2330 1186 2380 vocabulo,
1229 2330 1276 2368 de
1296 2342 1340 2368 re
1355 2328 1441 2380 ipsa
1458 2333 1627 2376 constat,

184 2395 340 2439 gentem
361 2387 464 2425 hanc
482 2388 632 2439 origine
651 2389 869 2439 Peisicam,
899 2388 1099 2427 domicilio
1115 2386 1362 2434 Thessalam,
1388 2383 1468 2422 ab·
1445 2397 1629 2448 impera-

185 2444 337 2483 toribus
356 2444 585 2496 Byzantinis
607 2451 676 2482 aut
700 2445 814 2483 etiam
832 2419 1068 2497 proceribus
1084 2443 1226 2481 horum
1246 2440 1540 2507 consanguineis
1560 2440 1626 2477 ad-

185 2501 315 2540 hiberi
333 2501 490 2540 solitam
514 2501 565 2551 ad
595 2507 745 2539 certum
772 2514 906 2564 genus·
920 2499 1096 2539 satellitii
1121 2498 1295 2555 propriis
1320 2497 1538 2548 insignibus
1561 2496 1626 2536 (11-

186 2558 345 2607 stincti,
374 2571 420 2596 eo
448 2544 570 2599 ferme
596 2557 721 2601 modo
743 2571 820 2609 quo
845 2556 1044 2610 principes
1071 2556 1269 2609 Europaei
1291 2553 1410 2593 hodie
1436 2551 1628 2593 Helvetiis

184 2620 369 2654 utuntur.

299 2672 625 2724 fiasatoypam
640 2673 747 2710 sl‘ov
774 2683 814 2721 p.
837 2668 977 2712 492‘v.
998 2671 1047 2709 1.,
1089 2668 1148 2707 ita
1175 2668 1292 2710 codd.
1319 2679 1476 2716 omnes,
1506 2665 1622 2704 etiam
1644 2672 1672 2705 P
1694 2671 1759 2705 375

184 2725 412 2767 Vaticanus.
464 2727 570 2765 unde
591 2725 892 2777 intelligendum
921 2725 1067 2764 crimen
1094 2725 1219 2764 libelli
1249 2731 1386 2763 contra
1407 2724 1624 2773 imperato-

185 2796 268 2821 rem
290 2783 427 2837 scripti
451 2782 546 2822 lecti
570 2782 695 2821 habiti
718 2781 912 2835 peculiari
937 2781 1132 2821 vocabulo
1153 2782 1483 2836 βασιλογραφεῖον
1503 2777 1628 2816 fuisse

183 2845 390 2892 vocatum,
419 2846 459 2879 et
477 2840 513 2879 ei
527 2839 664 2879 mortis
683 2852 850 2893 poenam
869 2838 1136 2881 constitutam.
