1846 3262
439 224 516 267 DE
549 220 830 271 RHCHAELE
862 227 1239 275 PALAEOLoGo
1276 233 1322 276 L.
1352 217 1439 278 ml
1573 235 1668 282 193

193 333 415 392 ματικοῦς,
451 336 766 395 ὖπερπαθοῦντι
785 340 832 383 δ’
855 339 970 397 ὅμως
987 347 1063 386 τοῦ
1079 340 1272 387 Ἰωάννου
1305 349 1480 390 τοιαῦτα
1499 345 1668 392 παθόν·

193 422 266 456 τος
287 405 440 456 ἀδίκως
461 402 494 450 ὦ
516 409 609 464 δίκη
644 410 712 451 καὶ
735 409 848 467 παρὰ
875 410 924 454 τὸ
957 409 1063 462 εἰκός
1072 444 1086 465 ,
1120 407 1366 470 ’ἀφαιρεῖται
1396 414 1509 473 ῥινὸς
1536 415 1666 474 αὐτῆς

191 474 299 530 μετὰ
318 479 402 519 τῶν
415 476 595 530 χειλέων.
664 478 814 529 ἐκεῖνος
841 479 887 521 δὲ
903 481 1139 538 παραυτίκα
1158 480 1465 539 ῥακενδυτήσας
1489 483 1566 541 τὴν
1582 503 1664 541 μο-

191 543 269 598 νὴν
289 548 365 587 τοῦ
398 543 657 602 Προδρόμου
684 546 918 603 εἰσέρχεται.
988 550 1057 592 καὶ
1088 548 1140 604 δὴ
1170 549 1324 600 ἄλλους
1351 553 1568 605 πλείστους
1593 554 1664 597 διὰ

157 616 328 657 ὅταῦτα
355 610 689 670 ὖποβλεπόμενος
714 616 815 666 τοὺς
840 617 916 670 μὲν
949 617 993 660 ἓν
1013 617 1186 678 οὐδεμιᾷ
1214 617 1356 662 ἔταττε
1377 621 1529 681 μοίρᾳ,
1565 622 1665 674 τούς

190 681 238 724 δὲ
254 683 323 724 καὶ
340 680 518 736 ἐκόλαζε.
570 688 759 728 τοιοῦτον
779 684 859 742 γὰρ
877 684 925 728 τὸ
942 685 1002 741 μὴ
1021 683 1202 741 εὗνόμως
1221 686 1359 743 ἄρχειν
1382 687 1489 733 ἀλλὰ
1507 707 1664 747 τυραν-
1684 697 1717 732 D

189 754 334 801 νικῶς·
379 749 442 802 οἷς
475 751 554 809 γὰρ
591 750 841 810 ἁμαρτάνειν
868 756 1087 810 συμβαίνει
1125 755 1200 799 τὸν
1238 755 1420 814 ἄρχοντα
1429 789 1444 810 ,
1502 757 1665 811 τούτοις

188 816 456 874 ὖπειδόμενον
480 820 579 871 τοὺς
603 825 688 864 τῶν
719 819 958 880 ἃνθρῶπων
975 822 1287 880 εὗσυνειδήτους
1304 824 1542 881 ἄχθεσθαι,
1578 829 1663 872 ἐπεὶ

191 887 268 931 οὗκ
295 887 405 932 ἔστιν
432 890 583 932 ἓκεΐνον
608 878 821 945 μετανοεῖν
845 892 916 949 ἐφ’
943 890 1006 943 οἷς
1022 890 1214 951 ἐπράχθη
1235 895 1302 936 καὶ
1323 893 1566 951 συγγνώμην
1589 898 1661 952 ζη-

135 970 180 1004 10
192 963 272 1000 τεῒν
294 956 648 1014 παραιτούμενον,
694 957 851 1016 ἀνάγκη
879 962 1046 1012 δικαίως
1071 960 1316 1006 πιστεύοντα
1346 962 1663 1019 ἀπεχθάνεσθαι

188 1031 322 1080 μισεῖν
344 1026 535 1070 ἐντεῦθεν
554 1027 652 1078 τοὺς
669 1026 1000 1084 ὖπονοουμένους
1024 1032 1093 1073 καὶ
1112 1037 1315 1088 τιμωρεῖν.
1385 1027 1438 1088 ἦν
1468 1027 1542 1076 οὖν
1569 1030 1663 1077 τότε

188 1094 297 1137 κατὰ
322 1094 369 1138 τὸ
402 1094 565 1152 ἀρχεῖον
596 1097 756 1154 ταραχὴ
791 1101 999 1154 λογισμῶν
1027 1097 1149 1159 φόβῳ
1181 1098 1410 1155 σύμμικτος
1417 1133 1432 1154 ,
1474 1105 1558 1145 τῶν
1583 1102 1659 1156 μὲν

186 1167 396 1219 λογισμῶν
424 1165 539 1220 μηδὲ
557 1164 630 1209 τὸν
663 1164 896 1223 ἀνάλγητον
929 1166 1050 1226 φύσει
1081 1168 1245 1226 ἠρεμεῖν
1271 1167 1433 1213 ἐώντων
1443 1201 1458 1223 ,
1502 1174 1579 1213 τοῦ
1615 1171 1661 1214 δὲ
1683 1178 1712 1213 Ρ
1736 1181 1802 1216 129

188 1229 350 1289 φόβου,
389 1230 445 1283 ὥς
460 1230 521 1290 μή
543 1250 604 1285 τις
622 1235 777 1290 μαθὼν
805 1238 1091 1294 προσαγγείλοι
1123 1239 1190 1280 καὶ
1220 1237 1269 1282 οὗ
1289 1235 1427 1295 φυκτά
1457 1238 1498 1282 οἶ
1516 1238 1570 1282 τὰ
1588 1243 1665 1295 τῆς

133 1311 177 1347 15
189 1298 396 1352 κολάσεως
413 1302 584 1358 γένοιτο,
607 1304 826 1361 παρευθῦς
842 1307 1137 1357 συστέλλοντος
1149 1320 1160 1331 ·
1190 1306 1300 1363 δεινὴ
1321 1306 1398 1364 γὰρ
1415 1307 1458 1350 ἓν
1475 1324 1664 1365 προσαγ-

184 1370 337 1426 γελίαις
354 1369 634 1428 διαφερόντως
660 1369 713 1429 ἦν
739 1372 764 1429 ἦ
793 1378 869 1417 τοῦ
899 1375 993 1418 τινὰ
1021 1377 1153 1419 δοκεῖν
1171 1380 1444 1433 προσκεῖσθαι
1464 1380 1524 1435 τῷ
1545 1378 1663 1420 παιδὶ

180 1436 352 1496 Ἰωάννῃ
371 1442 439 1482 καὶ
459 1446 710 1495 συμπαθεῖν.
781 1442 887 1501 (12)
921 1443 1025 1500 παρ’
1050 1443 1101 1499 ἣν
1124 1446 1260 1487 αῗτίαν
1290 1445 1357 1487 καὶ
1382 1443 1518 1500 ὀλίγον
1535 1443 1658 1488 ὕστε-
1680 1461 1711 1497 Β

187 1524 261 1564 ρον
280 1508 443 1551 οἱκατὰ
461 1513 537 1564 τῆς
564 1511 744 1561 Νικαίας
770 1510 905 1569 τᾶκρα
928 1519 1124 1570 χωρῖται,
1157 1511 1329 1571 ἀγρόται
1360 1514 1438 1569 μὲν
1456 1511 1570 1565 ὄντες
1591 1515 1661 1558 καὶ

278 1606 314 1640 8.
335 1601 581 1652 ὑπειδόμενος
602 1607 642 1642 Ρ.

185 1671 266 1706 dine
286 1676 492 1718 merentem,
525 1675 617 1721 quod
650 1675 681 1711 is
713 1677 868 1722 graviter
888 1677 983 1712 ferre
1005 1678 1100 1713 visus
1129 1681 1223 1712 esset
1236 1688 1334 1724 >quae
1353 1681 1389 1712 in
1410 1678 1571 1714 Ioannem
1592 1681 1663 1715 tam

186 1718 372 1754 crudeliter
392 1726 473 1755 acta
495 1721 651 1765 viderat,
674 1734 775 1768 quam
800 1723 944 1758 iniuste!
975 1725 1103 1769 (testor
1125 1723 1178 1758 ius
1202 1727 1239 1758 et
1261 1725 1422 1770 aequum)
1447 1736 1548 1770 quam
1571 1726 1665 1761 ultra

184 1776 316 1799 omnem
333 1766 468 1800 modum
490 1766 702 1802 immaniter!
734 1769 885 1803 mutilari
907 1770 1007 1804 foede
1031 1769 1132 1805 iussit
1161 1769 1312 1804 abscisso
1338 1782 1415 1804 cum
1436 1770 1542 1805 labrIs
1564 1783 1662 1807 naso.

184 1810 241 1845 ille
264 1816 379 1846 autem
396 1812 501 1847 miser
531 1812 582 1848 ita
616 1814 824 1850 deformatus
848 1816 1048 1851 centunculo
1078 1816 1217 1850 indutus
1238 1816 1273 1850 in
1296 1817 1536 1851 monasterium
1558 1829 1662 1862 prae-

185 1857 335 1892 cursoris
356 1858 532 1903 ingressus
554 1863 619 1894 est.
666 1860 753 1896 alios
767 1861 850 1897 item
873 1861 1037 1907 plurimos
1058 1862 1198 1897 similem
1219 1862 1263 1896 ob
1286 1873 1422 1897 causam
1444 1862 1514 1897 sibi
1539 1874 1663 1909 suspe-

185 1907 261 1937 ctos
297 1902 494 1950 invisosque
524 1906 651 1951 partim
681 1907 773 1942 ultus
808 1908 1051 1944 contumelioso
1083 1908 1242 1953 neglectu
1272 1913 1348 1950 est,
1389 1908 1516 1944 nullam
1544 1920 1662 1944 eorum

183 1947 223 1982 in
244 1948 485 1986 distributione
507 1952 669 1987 honorum
706 1964 750 1988 ac
786 1965 960 1989 munerum
981 1954 1150 1989 rationem
1171 1955 1321 1998 habens,
1353 1954 1475 2000 partim
1496 1955 1661 2001 quaesitis

184 1996 426 2040 praetextibus
446 1997 535 2032 male
558 1998 725 2040 multavit.
772 2011 815 2034 en
838 2002 970 2035 fructus
992 2000 1127 2047 imperii
1157 2011 1224 2035 non
1246 2000 1343 2035 iuxta
1363 2000 1458 2045 leges
1479 2001 1661 2045 tyrannice

182 2041 278 2086 parti
302 2043 470 2088 gestique.
516 2043 644 2090 quippe
666 2046 827 2091 princeps
850 2046 1061 2089 istiusmodi,
1092 2057 1180 2092 quae
1208 2046 1307 2091 large
1328 2047 1549 2092 peccaverit,
1582 2057 1659 2081 cum

186 2098 209 2121 a
229 2088 348 2132 probis
369 2095 406 2123 et
428 2090 539 2124 bonae
562 2091 792 2126 conscientiae
816 2092 1005 2127 hominibus
1027 2096 1089 2127 aut
1110 2091 1391 2127 animadverterit
1421 2095 1482 2126 aut
1502 2091 1658 2137 suspica-

184 2136 241 2167 tus
263 2134 369 2168 suerit
389 2135 600 2182 vituperari,
627 2138 832 2173 exardescat
862 2138 899 2172 in
921 2138 1033 2173 furias
1061 2149 1203 2173 necesse
1225 2142 1299 2178 est3
1330 2142 1368 2171 et
1397 2137 1458 2183 qui
1479 2138 1658 2183 poeniten-

183 2178 268 2213 tiam
290 2181 448 2225 profiteri
469 2193 650 2227 perperam
671 2188 823 2218 actorum
846 2188 907 2219 aut
928 2184 1061 2219 veniam
1085 2194 1228 2230 poscere
1249 2183 1393 2217 alienum
1416 2194 1439 2216 a
1458 2194 1524 2217 sua
1544 2183 1658 2228 digni-

182 2228 259 2258 tate
282 2237 325 2260 ac
347 2232 457 2262 morte
478 2228 577 2273 peius
598 2229 774 2265 vitandum
792 2233 952 2274 censeat,
974 2228 1049 2265 toto
1070 2229 1236 2265 incumbit
1257 2228 1367 2263 animo
1391 2228 1435 2262 ad
1458 2229 1656 2269 existiman-

184 2271 265 2304 dum
293 2282 382 2316 prae
409 2284 516 2319 seque
543 2275 723 2309 ferendum
753 2276 845 2311 iusta
874 2288 952 2311 esse
981 2288 1072 2322 quae
1095 2276 1192 2310 fecit.
1236 2274 1327 2309 unde
1349 2273 1430 2321 quid
1456 2279 1511 2309 est
1534 2286 1656 2310 conse-

184 2327 292 2361 quens
314 2317 381 2352 nisi
401 2324 442 2353 ut
463 2320 576 2355 odisse
598 2325 742 2366 cogatur
757 2325 794 2356 et
814 2333 877 2368 pro
900 2322 1030 2357 viribus
1053 2321 1170 2356 ulcisci
1196 2331 1296 2355 secus
1319 2320 1363 2355 de
1385 2331 1424 2355 se
1446 2321 1654 2374 censentes?

185 2366 264 2397 erat
285 2374 368 2409 ergo
400 2368 485 2400 tunc
514 2365 551 2400 in
580 2369 660 2402 aula
690 2369 842 2403 confusio
877 2368 1118 2413 cogitationum
1140 2372 1231 2402 metu
1253 2368 1430 2412 perplexa.
1474 2377 1553 2401 nam
1574 2367 1655 2402 hmo

184 2408 324 2454 quidem
345 2421 442 2445 nemo
474 2412 629 2456 quamvis
657 2414 752 2448 ferus
774 2417 811 2448 et
842 2414 887 2449 ad
913 2425 1048 2449 sensnm
1070 2413 1291 2448 humanitatis
1314 2411 1447 2457 gelidus
1467 2411 1654 2447 informare

184 2455 296 2489 animo
326 2459 466 2502 poterat
494 2457 671 2502 tragicam
688 2459 836 2505 speciem
866 2461 1039 2495 exercitae
1068 2459 1107 2494 in
1137 2458 1280 2505 puerulo
1312 2458 1388 2492 eius
1414 2457 1482 2492 loci
1497 2469 1654 2504 prorsus

184 2500 323 2535 innoxio
347 2502 561 2538 crudelitatis
583 2507 653 2539 tam
674 2504 850 2549 immanis,
872 2506 955 2551 quin
976 2507 1247 2540 commoveretur
1267 2503 1386 2538 intime
1409 2507 1446 2538 et
1475 2504 1520 2538 ad
1542 2504 1654 2538 vindi-

185 2547 329 2582 candum
349 2548 571 2584 incitaretur:
603 2550 683 2586 inde
703 2552 834 2596 pariter
856 2562 971 2586 omnes
993 2550 1252 2595 constringebat
1283 2555 1394 2585 metus
1415 2552 1453 2584 et
1475 2549 1653 2585 solicitudo

184 2592 348 2639 cuiusque
369 2594 414 2629 de
435 2606 474 2629 se
496 2595 574 2641 ipso
591 2621 603 2638 ‚
625 2608 670 2632 ne
690 2597 721 2631 si
742 2597 834 2643 quod
857 2601 1032 2632 emanaret
1050 2597 1194 2632 istorum
1215 2607 1374 2632 sensuum
1383 2594 1567 2650 judicium,
1590 2606 1654 2630 cu·-

183 2639 265 2684 pide
286 2640 463 2675 collectum
486 2653 509 2675 a
528 2642 664 2687 paratis
683 2642 894 2677 delatoribus
913 2643 958 2678 ad
979 2643 1119 2687 tyranni
1134 2654 1237 2678 aures
1253 2645 1472 2688 perveniret,
1492 2645 1652 2677 secutura

184 2684 302 2720 statim
323 2686 513 2721 inevitabili
535 2699 645 2734 eaque
666 2688 778 2723 atroci
791 2700 915 2734 poena,
935 2688 1103 2734 siquidem
1124 2700 1168 2724 ex
1185 2688 1274 2724 omni
1295 2699 1422 2733 genere
1443 2687 1651 2722 delationum

183 2730 264 2764 illae
301 2731 578 2778 impotentissime
605 2734 848 2789 celerrimeque
869 2735 1088 2770 concitabant
1114 2735 1151 2770 in
1178 2734 1393 2770 saevissimos
1417 2735 1558 2787 ‘furores
1580 2732 1654 2787 Mi3

185 2776 312 2812 chailis
332 2778 498 2822 animum,
521 2791 611 2825 quae
633 2779 678 2815 de
699 2792 857 2826 quopiam
879 2782 972 2816 forte
993 2781 1191 2816 nuntiarent
1213 2780 1394 2816 condolere
1416 2779 1511 2813 illum
1533 2777 1655 2830 Ioanni

187 2833 293 2867 puero
309 2828 346 2858 et
364 2836 480 2860 casum
496 2825 571 2861 eius
589 2837 695 2870 aegre
716 2827 822 2861 ferre.
867 2826 948 2872 (12)
971 2830 1113 2873 propter
1159 2839 1237 2862 uam
1259 2837 1397 2861 causam
1419 2825 1523 2859 etiam
1547 2823 1650 2870 paulo

184 2871 266 2914 post
286 2873 464 2915 agrestes,
496 2871 557 2917 qui
579 2871 713 2907 vicinos
734 2872 888 2909 Nicaeae
909 2878 1043 2909 montes
1063 2839 1236 2916 incolunt,
1259 2874 1416 2907 aratores
1437 2869 1590 2906 homines
1615 2873 1653 2906 et

241 2920 412 2968 Georgius
442 2923 666 2969 Pachymeres
689 2926 719 2960 Ι.
1320 2922 1373 2962 13
