1884 3262
252 211 353 258 <588
655 205 966 252 OBSERVAT.
999 205 1310 252 PAGHYMER.

245 333 395 372 genere
417 318 620 358 hominum
641 317 782 356 cohors
797 315 896 355 11380
912 315 1068 366 legiove
1084 314 1319 380 optimatum
1338 315 1471 354 dicta
1459 329 1502 354 m
1523 314 1701 358 Romano

252 385 345 415 tunc
365 381 465 413 esset
485 374 682 422 exercitu,
713 373 875 412 difficile
896 372 1081 410 divinatu
1101 371 1155 409 sit
1173 371 1226 409 in
1236 372 1476 424 scriptorum
1496 374 1576 411 eius
1595 378 1702 409 18111-

250 433 361 484 poris
387 444 431 469 ea
459 431 507 469 de
531 443 576 468 18
597 430 768 469 silentio.
823 429 910 468 fieri
935 429 1067 481 potuit
1094 435 1138 466 ut
1162 427 1314 466 nobiles
1335 428 1550 467 voluntarii
1572 434 1610 465 et
1627 441 1700 465 suo

251 494 413 539 sumptu
442 486 657 525 militantes
683 486 741 524 sic
765 486 1082 538 appellarentur,
1111 484 1181 535 qui
1204 484 1439 536 optimatum
1464 484 1703 523 vocabulum

246 545 366 583 domo
397 543 586 582 afferrent
616 542 807 581 indicium
834 541 1022 580 natalium
1043 540 1300 593 patriciorum
1319 546 1388 578 aut
1405 553 1543 578 census
1566 540 1703 579 dome·

240 600 352 641 -81101,
410 600 512 638 forte
544 598 660 637 etiam
689 599 758 651 qui
785 599 995 637 militarem
1015 597 1290 636 fortitudinem
1306 596 1586 648 experimentis
1604 596 1702 634 illu-

247 657 394 694 stribus
421 656 673 707 probassent,
702 655 746 693 in
773 661 920 693 ce1tam
949 653 1115 693 honoris
1141 653 1267 704 gratia
1294 652 1483 703 segregati
1508 651 1702 702 legionem

242 713 325 751 1100
355 712 663 762 designabantur
690 711 872 761 nomine;
903 711 1102 762 quomodo
1133 716 1273 748 auctor
1306 716 1364 748 est
1390 707 1702 778 Olympiodorus

249 769 293 807 in
319 769 525 832 Excerptis
554 767 756 807 Photianis
784 771 864 808 τῶν
884 766 1133 821 Ῥοδογαΐσου
1163 762 1331 807 Γότθων
1346 781 1440 814 τους
1459 761 1704 816 κεφαλῶτας,

249 826 380 877 capita
405 825 492 877 ipsa
515 830 555 863 et
582 824 943 877 praestantissimos
963 836 1142 875 quosque
1159 822 1338 861 Gotthici
1362 822 1560 861 exercitus
1585 834 1704 872 quem

250 882 436 920 ductabat
468 881 738 932 Rodogaisus,
779 881 991 933 optimatos
1020 881 1106 919 sive
1134 879 1347 932 optimates.
1374 878 1495 917 fuisse
1528 884 1705 917 vocatos.

247 938 438 976 habemus
457 938 572 976 etiam
591 951 642 977 ex
666 938 852 976 Mauritio
877 938 902 976 l.
925 941 952 980 2
981 943 1137 987 strateg.
1160 951 1194 976 8.
1214 938 1242 978 3
1259 947 1578 1003 unumquemque
1597 933 1706 1000 opti-

246 1001 399 1033 matum
423 994 587 1032 militem
615 995 691 1033 sibi
717 995 996 1046 obsequentem
1031 1007 1167 1032 secum
1206 992 1387 1041 duxisse,
1429 991 1497 1042 qui
1528 986 1705 1043 ἅρματος

247 1058 437 1089 armatus
466 1050 684 1091 dicebatur.
741 1050 849 1102 quod
878 1050 1010 1118 ipsum
1036 1055 1308 1100 argumentum
1334 1054 1392 1086 est
1408 1046 1704 1086 excellentioris

251 1121 372 1158 supra
388 1107 531 1157 vulgus
547 1107 716 1146 militum
737 1107 941 1158 dignitatis
960 1102 1207 1158 ὄπτιματων,
1238 1106 1288 1142 ad
1307 1118 1423 1155 quam
1441 1103 1604 1155 respicit
1621 1116 1704 1141 vox

245 1161 385 1204 -αὕτῶν
414 1162 481 1200 hic
510 1177 532 1201 a
563 1163 803 1215 Pachymere
829 1164 976 1215 posita,
1004 1162 1183 1201 indicans
1210 1161 1450 1212 superiorem
1481 1159 1644 1198 honoris
1665 1165 1704 1197 et

251 1219 490 1271 dignationis
507 1220 704 1270 gradum
693 1234 735 1257 m
752 1220 999 1272 praefectura
1016 1218 1250 1271 optimatum
1275 1230 1394 1269 supra
1409 1217 1702 1269 praefecturam

249 1249 658 1315 Μ880111111138δ1111888.

362 1328 546 1372 ουδέσι
574 1346 614 1384 p.
639 1334 722 1374 222
749 1343 790 1371 v.
817 1304 856 1372 2.
912 1329 1073 1368 videtur
1103 1328 1170 1367 hic
1197 1342 1302 1368 nove
1330 1334 1564 1380 usurpatum
1594 1327 1703 1365 adie-

240 1388 355 1427 fotive
375 1388 613 1426 vocabulum
632 1383 798 1428 ουδέσι
786 1400 828 1424 111
850 1386 932 1426 dat.
951 1385 1095 1438 plurali
1110 1386 1159 1423 ab
1181 1382 1312 1433 ουδείς
1327 1385 1378 1423 ad
1400 1384 1702 1435 significandum

247 1445 347 1483 viles
369 1443 634 1482 homunculos
655 1443 703 1481 de
721 1444 827 1481 faece
847 1443 973 1495 plebis
991 1457 1037 1481 ac
1057 1441 1184 1481 nihili.
1241 1456 1330 1480 113111
1356 1446 1440 1489 τοῖς
1468 1437 1604 1482 ου’δέσι
1623 1446 1702 1478 sta·

248 1501 322 1538 tim
346 1501 514 1551 opponit
542 1497 758 1567 μεγάλους,
787 1499 845 1537 sic
872 1499 1134 1547 subiungens.
1166 1495 1345 1550 μεγαλων
1373 1497 1439 1537 ἐπὶ
1467 1494 1622 1545 τούτοις
1644 1512 1704 1536 τε·

238 1556 453 1609 -ταγμένων
481 1573 524 1597 το
553 1553 761 1609 πρότερον.
816 1556 845 1595 1.
869 1558 896 1598 3
928 1559 1041 1598 0.18
1074 1555 1264 1606 Iosephus
1292 1554 1434 1592 Galesii
1465 1555 1702 1592 Germanum

248 1612 517 1665 patriaicham
538 1613 741 1664 alloquens
764 1611 840 1649 ait.
869 1613 938 1652 καί
958 1624 1030 1652 σου
1052 1607 1312 1664 ὀλιγωροῦσιν
1335 1626 1388 1658 ως
1408 1606 1591 1662 μηδενός.
1635 1608 1702 1647 hic

250 1682 407 1720 quoque
432 1669 614 1732 positive,
644 1675 690 1707 ut
710 1668 768 1706 sic
788 1668 943 1719 loquar,
973 1674 1187 1720 usurpatur
1198 1665 1248 1708 τὸ
1268 1667 1431 1719 μηδείς.-
1458 1679 1600 1718 nempe
1618 1678 1702 1703 nou

236 1739 367 1764 -verus
388 1725 457 1763 sed
475 1725 655 1764 intrusus
682 1731 721 1763 et
744 1724 1019 1776 supposititius
1045 1723 1267 1774 patriarcha
1289 1724 1506 1762 Germanus
1525 1721 1703 1761 habeba-

247 1788 326 1820 tur.
382 1781 460 1819 hoc
481 1781 669 1833 exprimit
683 1787 817 1819 noster
836 1781 955 1820 verbo
977 1781 1119 1819 nullus
1137 1781 1285 1832 μηδείς.

362 1838 562 1885 παπίας
594 1852 632 1889 p
660 1839 742 1879 350
772 1850 812 1876 v.
830 1839 868 1877 9.
926 1837 974 1874 de
1004 1850 1145 1887 magno
1175 1837 1292 1888 papia
1320 1835 1378 1874 sic
1407 1833 1580 1872 Codinus
1610 1847 1644 1872 c.
1672 1834 1701 1876 5

247 1907 290 1931 -.n
314 1892 389 1934 34·
419 1892 443 1933 6
462 1892 579 1945 μέγας
598 1895 779 1939 παππία-ς
807 1893 897 1942 (sic
914 1892 1017 1931 enim
1037 1892 1195 1941 88111111,
1228 1906 1315 1930 011111
1334 1897 1468 1929 1108181
1481 1905 1510 1929 π
1531 1889 1702 1941 simplex

251 1949 401 2006 ponat)
433 1946 509 2001 εἶχε
527 1947 598 2001 μὲν
616 1946 740 1988 πάλαι
756 1946 978 1999 υπηρεσὶαν
997 1944 1308 2000 ἀνεπίγνωστον,
1338 1961 1416 1987 νυν
1436 1943 1479 1986 δὲ
1496 1942 1700 1998 ου’δεμίαν.

251 2019 425 2056 magnus
439 2007 619 2056 pappias·
634 2004 781 2042 imbuit
801 2004 900 2041 olim
915 2005 1182 2042 ministerium
1198 2005 1460 2055 incognitum,
1489 2015 1598 2040 nunc
1620 2016 1701 2039 au..

249 2069 330 2098 tem
364 2061 537 2101 nullam.
595 2067 726 2099 tamen
756 2060 958 2099 Fontanus
986 2067 1123 2099 noster
1156 2060 1207 2097 ad
1234 2060 1547 2097 Cantacuzenum
1580 2058 1701 2096 docet

253 2131 305 2156 ex
333 2118 481 2156 Zonara
511 2130 693 2167 magnum
725 2117 910 2169 pappiam
938 2116 1086 2155 dictum
1111 2116 1284 2154 iudicem
1300 2115 1414 2154 illum
1434 2128 1627 2153 summum
1648 2114 1700 2152 ad

253 2187 369 2224 quem
400 2173 768 2212 commentarienses
799 2173 847 2211 de
875 2173 1052 2225 personis
1082 2186 1240 2211 reorum
1260 2179 1298 2210 et
1316 2184 1500 2220 numero,
1531 2171 1580 2209 de
1604 2184 1699 2222 qua-

251 2231 361 2268 litate
385 2230 638 2279 delictorum,
669 2230 718 2267 de
740 2229 958 2268 clausorum
978 2229 1183 2268 ordinibus
1204 2230 1350 2267 referre
1372 2227 1577 2269 debebant.

365 2282 674 2346 παρακοιμώ
687 2301 839 2338 μενος
866 2301 906 2338 Ρ.
920 2289 1049 2329 206v.
1059 2289 1096 2327 2.
1143 2283 1188 2326 ὃν
1200 2282 1590 2350 παρακοιμώμενοςὸ
1602 2299 1699 2337 noa-

254 2344 333 2381 τῶν
355 2346 452 2393 εἶχε,
481 2349 521 2380 et
541 2343 658 2394 paulo
675 2349 767 2394 post
786 2341 853 2382 καὶ
871 2339 942 2383 τόν
957 2338 1314 2394 παρακοιμώμενον
1336 2336 1572 2393 Μακρηνόν.
1629 2354 1697 2392 ap-

253 2403 367 2450 paret
393 2411 442 2436 ex
469 2397 530 2436 his
566 2398 690 2436 officii
720 2399 840 2437 aulici
870 2399 912 2436 id
939 2398 1179 2436 vocabulum
1205 2412 1306 2448 esse3
1337 2397 1443 2435 unde
1472 2403 1511 2434 et
1539 2409 1632 2434 mox
1650 2409 1695 2434 eo

243 2454 338 2492 8ἱ118
367 2455 529 2505 proprio
548 2455 707 2493 nomine
727 2455 790 2494 vir
810 2455 912 2493 idem
934 2455 1179 2505 designatur,
1210 2455 1304 2493 dum
1323 2453 1482 2492 additur
1500 2445 1554 2505 ἦν
1571 2448 1612 2494 δ’
1630 2467 1696 2492 ευ·-

253 2510 427 2562 δοκιμῶν
453 2508 475 2550 6
498 2508 862 2563 παρακοιμώμενος.
919 2518 1002 2551 erat
1025 2524 1166 2563 nempe
1192 2510 1283 2560 hic,
1311 2516 1358 2549 ut
1376 2508 1554 2560 loquitur
1571 2507 1697 2547 codi-

252 2579 349 2615 nus,
381 2565 714 2604 cubiculariorum
743 2573 783 2605 et
813 2567 1053 2620 epheborum
1079 2567 1328 2619 imperatoris
1354 2571 1494 2618 caput:
1519 2564 1544 2606 6
1565 2579 1695 2616 παρα-

253 2619 499 2689 κοιμώμενος
525 2625 598 2662 τοῦ
629 2638 839 2671 κοιτωνος
853 2623 1071 2677 εὑρίσκεται
1099 2621 1252 2675 κεφαλὴ
1280 2626 1359 2663 τῶν
1385 2622 1428 2663 ἐν
1454 2624 1512 2673 τῷ
1533 2622 1694 2661 κοιτῶνι

251 2674 535 2719 παιδοπούλων
554 2676 621 2718 καὶ
637 2680 716 2718 τῶν
732 2681 1012 2732 κοιτωναρίων.
1052 2679 1240 2731 quocirca
1259 2679 1440 2744 equidem
1454 2677 1696 2729 praesectum

246 2735 429 2773 cubiculi
451 2733 587 2772 Latine
607 2733 712 2784 dixi,
739 2735 833 2774 licet
861 2737 1036 2775 viderem
1057 2736 1279 2774 Wolfium
1267 2750 1311 2774 m
1331 2731 1524 2784 excerptis
1546 2733 1695 2782 Grego-

254 2804 321 2830 rae
348 2791 568 2829 subiunctis
595 2789 882 2830 cubicularium
911 2792 1174 2844 interpretari.
1232 2791 1301 2830 sed
1323 2803 1455 2829 veram
1475 2788 1558 2826 eius
1581 2787 1693 2826 vocis

256 2847 458 2886 notionem
475 2846 595 2899 magis
612 2846 770 2886 videtur
780 2848 980 2887 Pomanus
998 2854 1199 2889 assecutus
1217 2847 1333 2887 initio
1346 2858 1408 2885 sm
1396 2843 1692 2894 Cantacuzeni,
