1884 3262
420 177 496 219 DE
528 177 804 220 MICHAELE
841 176 1216 222 PALAEOLOGO
1247 177 1292 221 L.
1321 177 1396 220 Vl.
1535 175 1630 222 471

169 290 213 334 δ’
243 288 355 344 οἶμαι
385 289 432 333 τὸ
460 289 517 344 μὴ
552 290 744 345 στεγανὸν
762 294 835 333 τοῦ
857 291 996 333 πεδίου
1015 291 1083 334 διὰ
1105 291 1180 347 τὴν
1198 294 1458 347 γειτονοῦσαν
1477 287 1631 345 ἰκμάδα

168 363 242 402 τοῦ
262 363 475 411 ποταμοῦ,
504 357 554 411 ἣν
575 360 664 400 οἵαν
685 376 726 401 τε
742 358 802 413 μὴ
821 353 949 401 οὖσαν
968 360 1149 418 ἐμμένειν
1170 358 1191 402 ὃ
1213 357 1487 416 προσβάλλων
1517 358 1632 413 ἥλιος

166 427 324 483 θερμὸς
345 426 401 469 ὢν
419 426 648 480 ἇνιμᾶσθαι
669 424 840 482 πεφύκοι
860 427 962 482 πρὸς
988 428 1036 470 τὸ
1055 426 1298 480 ἐπιπολάζον
1323 428 1630 484 ἅνασυρομένην

165 500 238 550 τῆς
255 500 352 551 γῆς,
385 497 449 536 καὶ
471 495 517 537 τὸ
543 495 670 549 ξηρὰν
695 495 774 549 ἤδη
799 493 998 545 καθάπαξ
1017 498 1203 551 γίνεσθαι
1223 501 1279 554 τῷ
1299 500 1456 551 συχνῶς
1477 495 1625 550 ά-νιμᾶ-
1650 505 1680 539 C

134 568 270 606 ὅσθαι
294 568 351 622 τῷ
374 561 476 621 ἡλίῳ
503 563 577 617 τὴν
598 561 750 616 ἰκμάδα
772 562 838 604 διὰ
859 563 904 605 τὸ
926 568 1000 618 τῆς
1019 561 1243 620 ἰ”γρότητος
1263 564 1430 606 ἔκλυτον
1458 568 1531 618 τῆς
1555 581 1631 606 συ-

162 636 263 686 χνῆς
288 634 330 674 ἐκ
364 636 440 673 τοῦ
471 636 658 684 ποταμοῦ
679 633 744 673 καὶ
771 626 897 680 αὖθις
918 633 974 680 εἷς
996 631 1047 674 τὰ
1075 631 1170 674 κενὰ
1190 630 1452 688 προσρῦσεως
1472 631 1530 686 μὴ
1553 629 1630 675 ἐώ-

164 717 263 755 σης,
298 699 344 742 τὸ
376 699 418 741 δ’
450 701 505 747 εἷς
533 697 672 752 βάθος
691 700 951 756 προσβαίνειν
968 699 1042 749 τὰς
1065 698 1262 754 λιβάδας,
1296 698 1351 750 ὦς
1371 702 1436 741 καὶ
1456 701 1512 749 εἷς
1531 697 1629 742 διώ-

165 785 293 824 ρυχας
323 768 498 817 duna}
529 765 628 809 εἶναι
661 770 727 809 καὶ
753 767 923 818 ἀνοίξεις
947 765 1160 824 φρεάτων,
1199 773 1273 811 τοῦ
1297 769 1534 810 ἐπιπολαίου
1555 772 1628 823 τῆς

163 842 234 892 γῆς
265 834 515 887 κωλύοντος,
547 833 680 889 οἶμαι,
717 833 804 888 ἅμα
837 837 1055 890 δεχομένου
1085 837 1159 891 τὴν
1179 837 1464 892 ἓπεισρέουσαν
1485 837 1627 878 νοτίδα

111 914 152 946 10
165 907 230 947 καὶ
258 903 333 957 ἅμ’
367 905 614 958 ἐξεμοῦντος.
685 904 836 959 πέφυκε
854 904 932 959 γὰρ
954 906 1019 946 καὶ
1041 903 1152 961 ὕδωρ
1182 908 1248 947 καὶ
1271 909 1428 958 πνεῦμα
1449 909 1499 961 τῇ
1519 903 1627 961 ἀρχῇ

163 977 440 1029 συγκινεῖσθαι
465 971 512 1014 τὸ
542 976 623 1014 πᾶν
644 972 810 1027 ἐφεξῆς,
844 969 899 1021 ὥς
927 971 1007 1029 ὅπῃ
1023 974 1129 1034 ’ποτὲ
1151 972 1229 1030 ῥυῇ
1251 990 1298 1015 τι.
1312 971 1470 1015 τούτων
1490 972 1620 1025 λαβὸν
1642 982 1674 1017 D

163 1039 316 1097 ἀρχήν,
361 1039 483 1082 ἐκεῖσε
522 1041 587 1080 καὶ
630 1039 675 1081 τὸ
720 1039 860 1081 λοιπὸν
900 1041 943 1090 ἐξ
981 1038 1157 1096 ἀνάγκης
1197 1045 1375 1095 συνεχῶς
1408 1041 1624 1097 φέρεσθαι.

162 1109 266 1165 παρ’
297 1107 344 1162 ἢν
367 1110 501 1150 αἰτίαν
530 1109 595 1149 καὶ
616 1111 672 1165 τῷ
694 1112 872 1161 συνεχῶς
892 1109 966 1161 μὲν
989 1108 1034 1151 ‘td
1059 1108 1104 1151 ὃν
1126 1108 1417 1165 ἀπογίγνεσθαι
1447 1113 1626 1163 συνεχῶς

162 1178 207 1219 δὲ
240 1179 305 1219 καὶ
338 1176 384 1218 ‘cd
417 1176 473 1230 μὴ
508 1175 553 1218 ὂν
586 1177 903 1230 προσγίνεσθαι,
941 1181 1016 1231 τῆς
1047 1175 1221 1231 ῗκμάδος
1244 1177 1302 1232 μὴ
1327 1175 1621 1231 ἐπιλειπούσης,

109 1255 150 1288 15
164 1245 258 1295 τοὺς
277 1245 351 1297 μὲν
370 1244 553 1298 καρποῦς
573 1245 796 1300 τρέφεσθαι
827 1247 1040 1298 ξυμβαίνοι
1059 1247 1099 1295 ἒς
1120 1244 1181 1288 ὅτι
1200 1244 1380 1300 μάλιστα
1393 1278 1406 1297 ,
1444 1243 1624 1302 ὑφίστα-

161 1306 264 1356 σθαι
286 1313 326 1355 δ’
351 1312 463 1368 ὕδωρ
487 1315 541 1361 εἷς
561 1311 701 1365 βάθος
719 1312 775 1366 μὴ
800 1313 1035 1369 πεφυκέναι.
1105 1319 1227 1356 τοῦτο
1258 1314 1307 1356 τὰ
1337 1318 1505 1355 πλεῖστα
1528 1312 1626 1362 τοὺς

160 1380 482 1437 κατοικήσαντας
507 1380 669 1437 ἔσφηλε.
738 1380 839 1430 τέως
868 1381 945 1438 γὰρ
975 1386 1049 1424 τοῦ
1080 1387 1270 1437 ποταμοῦ
1290 1383 1470 1432 πίνοντες
1489 1383 1555 1424 καὶ
1576 1380 1622 1424 τὸ

252 1513 285 1547 6.
310 1510 420 1547 καινοὶ
443 1512 484 1547 Ρ.
623 1513 655 1547 8.
679 1508 872 1557 εὐπρεπεῖς
893 1513 934 1547 Ρ.

162 1625 244 1660 solis
269 1624 317 1659 ibi
341 1626 510 1671 potentior
534 1626 678 1661 sustinet
698 1626 769 1672 iugi
791 1629 960 1669 attractu,
998 1637 1062 1660 nec
1083 1626 1217 1660 sublabi
1240 1625 1343 1666 sinit,
1374 1629 1560 1660 extenuans
1584 1624 1624 1659 in

159 1682 306 1716 vapores
337 1678 452 1706 terrae
484 1685 629 1718 superne
652 1685 751 1707 rarae
773 1673 946 1707 meabilem
970 1672 1142 1706 levitatem
1164 1673 1352 1706 imbuentes
1374 1672 1522 1717 indeque
1544 1682 1622 1704 sur-

160 1729 233 1751 sum
256 1718 471 1759 exhalantes,
494 1721 542 1752 sic
564 1719 599 1753 in
623 1719 674 1752 his
697 1720 875 1764 absumpta
898 1717 1097 1752 humiditate
1119 1723 1195 1752 tota
1218 1718 1337 1752 suffusi
1360 1718 1492 1758 laticis,
1516 1720 1555 1750 ut
1576 1727 1620 1750 ne

159 1763 252 1798 stilla
275 1763 410 1808 quidem
434 1765 678 1798 reconditiores
701 1765 821 1798 influat
843 1764 975 1798 telluris
997 1763 1114 1797 intime
1136 1763 1335 1809 squallentis
1359 1763 1471 1805 sinus,
1495 1767 1620 1796 natura

158 1809 322 1854 siquidem
346 1810 430 1842 haec
453 1810 616 1855 quaedam
642 1814 677 1843 et
700 1810 846 1844 conditio
877 1809 1060 1843 communis
1083 1821 1192 1855 aquae
1215 1815 1252 1844 et
1274 1821 1379 1844 aurae
1405 1813 1480 1851 est,
1522 1812 1560 1842 ut
1582 1807 1619 1841 in

158 1855 324 1900 principia
347 1856 569 1889 refundantur
592 1868 673 1897 sua,
704 1857 888 1901 eodemque
911 1855 1126 1889 resolvantur
1148 1855 1342 1889 desinentes
1364 1855 1452 1889 unde
1475 1864 1619 1887 nascen-

158 1906 212 1934 tes
235 1901 414 1945 prodiere,
453 1901 597 1936 ‹lecursu
623 1901 747 1936 nativis
769 1913 875 1947 usque
899 1901 1081 1935 effluxibus
1105 1907 1350 1943 consentaneo,
1388 1912 1451 1934 nec
1479 1898 1617 1933 exorbi-

157 1949 254 1980 tante
275 1947 350 1980 fere
373 1959 394 1980 a
415 1946 521 1981 limite
544 1960 643 1993 quem
666 1947 806 1992 originis
827 1948 971 1992 impetus
994 1947 1152 1991 signavit.
1199 1959 1263 1988 nec
1297 1946 1434 1981 aliunde
1457 1949 1617 1991 repeten-

157 1992 234 2026 dam
265 2004 398 2026 causam
431 1993 585 2027 duxerim
619 1994 812 2028 celebratae
842 1993 1019 2027 felicitatis
1052 1993 1115 2027 soli
1145 1992 1334 2027 Trullensis
1365 1992 1402 2025 in
1434 1990 1616 2035 gignendis

156 2037 432 2083 maturandisque
462 2050 558 2073 omne
590 2051 695 2084 genus
727 2039 925 2073 fructibus.-
954 2044 1089 2084 praesto
1123 2038 1274 2072 nimirum
1298 2041 1352 2072 est
1374 2038 1549 2071 abundans
1570 2034 1616 2069 iis

157 2083 286 2117 alendis
307 2084 392 2117 uber
415 2085 581 2130 quoddam
602 2086 664 2119 soli
686 2085 834 2129 contigui
852 2085 1036 2130 stirpibus,
1058 2084 1292 2128 superficiario
1307 2082 1484 2117 exudantis
1498 2092 1614 2123 succo,

157 2140 220 2162 nec
251 2129 433 2174 quidquam
461 2130 650 2166 derivantis
674 2143 755 2165 suae
777 2131 897 2175 copiae
917 2131 953 2163 in
978 2129 1193 2163 demissiores
1221 2134 1337 2174 partes
1359 2127 1518 2161 ariditate
1542 2137 1614 2159 ma-

158 2178 293 2208 ceratas
315 2174 450 2219 intima,
474 2177 533 2210 sed
557 2177 693 2211 vitalem
715 2177 805 2210 illum
828 2179 935 2210 totum
960 2174 1165 2209 effundentis
1187 2175 1356 2208 humorem
1378 2173 1413 2206 in
1435 2170 1614 2217 pinguedi-

159 2231 234 2253 nem
257 2231 427 2264 pomorum
452 2227 488 2255 et
510 2223 691 2256 baccarum
714 2222 887 2256 mitissima
909 2221 1015 2255 saliva
1038 2220 1230 2254 celebrium.
1274 2219 1353 2253 inde
1385 2219 1454 2262 (ut
1476 2217 1519 2250 ad
1543 2227 1613 2250 rem

156 2277 210 2299 me
241 2266 415 2309 referam)
449 2266 616 2311 intelliges
647 2267 860 2302 excavatnris
891 2266 992 2300 isthic
1022 2271 1146 2311 puteos
1179 2265 1246 2298 duo
1275 2264 1420 2299 invicem
1443 2262 1616 2297 contraria

157 2310 343 2344 obstitisse.
388 2311 482 2356 prius
516 2318 592 2346 erat
623 2314 786 2357 paludosa
820 2313 974 2347 mollities
1007 2311 1143 2345 vicinae
1175 2310 1366 2355 superficiei
1401 2312 1537 2350 terrae,
1574 2306 1612 2340 in

155 2368 263 2401 grave
294 2355 489 2390 fodientium
518 2358 786 2403 impedimentum
826 2357 1038 2398 redundans3
1078 2368 1179 2401 quam
1209 2356 1239 2390 si
1269 2355 1344 2401 quis
1375 2354 1611 2389 difficultatem

155 2402 328 2448 patienter
351 2403 519 2446 egerendo
545 2404 696 2438 vinceret
719 2405 811 2445 luto,
846 2403 1047 2437 occurrebat
1069 2403 1209 2436 alterum
1231 2401 1523 2447 impedimentum,
1546 2398 1610 2433 soli

155 2447 378 2491 depressioris
402 2448 547 2492 strigosa
569 2449 726 2491 siccitas,
760 2453 899 2494 praeter
919 2448 1010 2483 sitim
1034 2449 1160 2482 arentis
1181 2448 1302 2492 glebae
1325 2445 1427 2481 etiam
1458 2446 1502 2479 ob
1525 2444 1610 2478 stia-

157 2493 325 2527 bilitatem
347 2493 430 2527 fluxi
455 2494 604 2538 pulveris
624 2496 761 2528 fundum
784 2505 912 2538 negans
933 2505 1090 2538 capacem
1113 2493 1204 2528 latici
1226 2492 1392 2535 tenendo,
1417 2491 1483 2526 nisi
1497 2493 1532 2524 et
1547 2500 1607 2534 pa-

157 2539 340 2573 vimentum
373 2540 607 2574 substerneres
638 2543 673 2574 et
706 2540 815 2574 latera
845 2539 1171 2573 circumaedificares
1189 2550 1292 2584 opere
1312 2538 1418 2572 solido
1441 2536 1608 2581 perduce-

156 2596 279 2630 resque
303 2585 346 2619 ad
364 2596 546 2627 summum,
572 2586 662 2619 unde
683 2596 782 2618 manu
806 2585 989 2630 repositam
1007 2585 1063 2618 vel
1079 2585 1171 2619 coelo
1185 2585 1240 2619 illa
1265 2595 1336 2618 sam
1352 2583 1473 2617 deinde
1488 2591 1608 2626 aquam

157 2630 199 2664 ad
224 2641 317 2664 usum
343 2642 528 2675 promeres.
576 2631 611 2665 id
635 2638 705 2664 tum
727 2632 842 2664 facere
864 2630 941 2664 novi
964 2630 1160 2665 Trullenses
1181 2642 1247 2675 neg
1260 2633 1424 2670 exerunt,
1451 2626 1549 2672 gravi
1573 2627 1609 2658 et

156 2675 308 2719 graviter
340 2675 423 2721 ipsis
455 2677 577 2711 luendo
610 2677 818 2722 postmodum
851 2687 978 2710 errore.
1011 2676 1062 2710 vin
1095 2688 1256 2722 praesens
1288 2674 1447 2709 videlicet
1476 2670 1609 2706 abunde

156 2721 240 2765 ipsis
265 2721 308 2754 ad
333 2726 447 2766 potum
471 2724 677 2768 suppetebat
697 2722 788 2755 latex
811 2721 966 2767 limpidus
988 2734 1031 2756 ex
1055 2733 1151 2756 amne
1173 2721 1382 2768 profluente,
1405 2729 1470 2764 quo
1495 2728 1533 2751 se
1557 2716 1609 2770 in-

157 2768 339 2800 terclusu'm
371 2767 417 2801 iri
449 2769 484 2801 vi
517 2768 629 2802 hostili
649 2768 740 2802 haud
763 2772 833 2801 tum
856 2779 938 2802 sane
959 2767 1209 2812 providebant,
1243 2766 1394 2800 infelices
1418 2762 1474 2808 qui
1498 2773 1607 2796 nesci-

158 2817 252 2856 rent,
294 2818 421 2858 quanto
444 2814 666 2849 Prometheus
689 2812 919 2860 praestantior
949 2813 993 2848 sit
1016 2813 1238 2860 Epimetheo,
1275 2814 1424 2857 quanto,
1460 2808 1607 2853 inquam,
