1846 3262
423 214 500 257 DE
529 214 810 259 MICHAELE
840 215 1220 262 PALAEOLOGO
1255 219 1301 262 L.
1337 217 1374 260 Ι.
1567 219 1631 265 61

158 328 269 373 νικὸν
293 327 562 387 ἓφαλλόμενοι
582 329 764 388 ἀκριβῶς
783 327 966 388 ἠρεύνων
979 364 994 383 ,
1030 333 1160 387 μηδὲν
1176 337 1259 376 τῶν
1284 337 1359 377 τοῦ
1379 336 1482 377 ναοῦ
1503 351 1634 376 κατα-

158 397 343 450 λιπόντες
363 397 687 456 ἇνεξερεύνητον.
758 398 858 443 ὅθεν
875 402 943 443 καὶ
967 399 1092 451 ἄλλος
1113 401 1241 445 ἄλλον
1258 400 1388 460 εὑρών
1409 420 1452 445 τε
1469 404 1538 445 καὶ
1557 421 1636 446 κα-

158 469 324 524 τασχών
355 468 523 525 ἀπηνῶς
555 471 622 512 καὶ
659 467 714 519 ὥς
748 468 862 527 αὐτῷ
896 471 1279 526 δοκοῧνδιεχρᾶτο.
1351 471 1399 515 οὗ
1421 471 1504 527 μὴν
1525 473 1570 515 δὲ
1594 472 1635 515 οἶ

158 537 277 581 ἄλλοι
323 537 693 596 κατερραθύμουν,
741 537 836 580 ἀλλ’
868 537 944 595 ἐφ’
974 536 1032 581 ἑνὶ
1062 542 1210 582 πολλοί
1236 557 1341 591 τινες
1370 538 1637 596 περιστάντες

124 606 334 662 δὲ’βαλλον
369 607 569 663 ἴπληττον
601 607 785 665 ᾐκίζοντο
814 608 882 650 καὶ
912 606 1054 663 νεκρὸν
1085 608 1159 652 τὸν
1195 607 1347 652 ἄθλιον
1356 643 1370 662 ,
1408 608 1464 660 ὥς
1490 612 1557 653 καὶ
1580 613 1638 661 εἰς

156 677 290 720 πολλὰ
321 677 394 721 τὸν
427 678 497 720 ἓ-’να
530 674 864 732 κατακεκόφθαι·
914 675 1046 726 οὕτως
1080 675 1250 730 ὥπλιζεν
1278 678 1430 729 αὗτούς
1449 676 1476 733 ἦ
1498 681 1636 732 κακία,

156 748 224 789 καὶ
246 744 267 789 ὅ
289 746 429 802 θυμὸς
445 743 681 801 μεμηνότας
700 750 842 801 θῆρας
865 746 1033 790 ἐδείκνυ.
1105 746 1177 790 τὸν
1194 747 1334 802 με’ντοι
1353 765 1396 804 γε
1414 753 1627 802 πρωτοβε-
1649 757 1683 792 Ε

154 808 339 872 στιάριον
358 813 580 872 Κάρουλός
599 831 660 864 τις
679 819 761 858 τῶν
781 813 945 858 ἀδύτων
972 814 1293 871 κατατολμήσας
1322 819 1390 860 καὶ
1424 817 1476 860 τὰ
1496 818 1630 860 πολλὰ

154 882 513 941 διερευνησάμενος
534 885 616 927 ἐπεὶ
636 883 712 939 οὐχ
730 883 909 939 εὕρισκεν
921 917 934 937 ,
966 883 1147 929 ἀπειπὼν
1166 885 1328 940 ἔμελλεν
1346 884 1632 943 ὑποστρέφειν.

99 959 143 994 10
154 953 249 996 ἀλλ’
271 951 294 1008 ἧ
314 961 442 1011 μοῖρα
466 953 558 996 οὐδ’
580 954 728 996 ἐκεῖνον
757 953 819 996 εἴα
850 958 925 996 τοῦ
949 952 1116 1005 πάθους
1146 953 1283 1005 ἐκτός·
1319 955 1393 1010 τὴν
1415 955 1494 1012 γὰρ
1525 954 1632 1012 πρό-

151 1027 270 1066 θεσιν
291 1022 488 1066 εἰσελθὼν
511 1024 577 1065 καὶ
598 1025 697 1079 τῇδε
718 1021 876 1065 κάκεῖσε
893 1022 1245 1080 περιβλεψάμενος
1265 1026 1330 1067 ἐπὶ
1352 1022 1495 1080 γόνασι
1513 1042 1629 1068 συνι-

151 1089 326 1144 ζάνοντα
358 1089 548 1135 κάτωθεν
573 1089 651 1134 εἶδε
678 1093 749 1135 τὸν
784 1092 1012 1146 οἴκτιστον,
1062 1095 1130 1136 καὶ
1158 1094 1257 1137 ἰδὼν
1279 1091 1389 1153 ὁρμᾷ
1408 1085 1628 1150 καθαιρεῖν

150 1159 334 1216 ἀπηνῶς.
403 1163 471 1203 καὶ
496 1160 540 1210 ὃς
567 1163 751 1204 δυσωπεῖ
768 1161 815 1204 τὸ
845 1163 992 1204 οῗκεῖον
1016 1156 1119 1217 αἷμα
1138 1167 1295 1206 πολλοῦ
1317 1162 1427 1213 τινός
1448 1162 1627 1214 ἐξωνού-

147 1247 283 1284 μενος.
356 1228 377 1273 ὁ
397 1231 442 1273 δὲ
470 1229 563 1273 οὔτε
582 1230 685 1286 πρὸς
714 1230 761 1273 τὸ
787 1235 927 1286 σχῆμα
955 1236 1028 1286 τῆς
1051 1232 1219 1282 ἱκετείας
1240 1232 1402 1275 ἀπεῖδεν
1425 1231 1519 1275 οὔτε
1540 1233 1626 1287 μὴν

94 1296 391 1356 15ὖπεκλάσθη
419 1306 506 1349 τοῖς
534 1299 865 1356 ἔπηγγελμὲνοις,
905 1300 1006 1343 ἀλλ’
1035 1299 1178 1352 ἐὐθὺς
1215 1301 1434 1356 κατασχών
1464 1301 1628 1357 ἀναιρεῖ

147 1369 324 1427 ξιφιδίῳ.
395 1371 462 1412 καὶ
489 1371 615 1423 δῆλον
641 1369 805 1425 γεγονὸς
833 1369 880 1413 τὸ
910 1371 1122 1425 πραχθέν,
1171 1370 1247 1414 οὐκ
1275 1366 1326 1426 ἦν
1361 1370 1473 1420 ὅστις
1504 1370 1618 1425 ἀπῆν
1641 1379 1670 1414 Ρ
1695 1378 1741 1414 35

145 1438 316 1490 ἐκεῖθεν,
347 1437 442 1481 ἀλλ’
466 1440 636 1488 ἕκαστος
658 1439 825 1488 ἐπιστὰς
844 1437 900 1489 ὥς
919 1437 1020 1493 εἶχεν
1042 1437 1224 1492 οὐτάζων
1246 1442 1312 1482 καὶ
1329 1439 1435 1494 μεθ’
1457 1438 1619 1495 ὕβρεων

143 1505 276 1564 ᾔκιζε,
313 1509 380 1549 καὶ
410 1509 451 1557 ἒς
478 1512 678 1550 τοσοῦτον
703 1510 881 1561 μελεϊστὶ
911 1507 1192 1552 κατεδάσαντο
1226 1507 1330 1553 ὥστε
1350 1511 1416 1552 καὶ
1436 1508 1534 1559 τοὺς
1552 1511 1620 1552 ε’ν-

144 1575 377 1632 ταφιαστὰς
396 1575 567 1632 ὕστερον
590 1574 728 1635 σάκκῳ
740 1577 802 1619 τὰ
822 1578 925 1633 με’λη
947 1578 1208 1629 καταθέντας
1231 1578 1364 1628 οὕτως
1389 1579 1619 1636 ἐκφορῆσαι

87 1651 135 1687 20
145 1646 212 1687 καὶ
244 1642 366 1704 τάφῳ
397 1647 553 1688 δοῦναι.
627 1646 710 1689 ἐπεὶ
742 1645 784 1688 δ’
827 1648 884 1696 εἷς
915 1646 1033 1697 τέλος
1075 1654 1163 1698 τοῖς
1201 1647 1420 1704 ἀνημέροις
1457 1647 1621 1698 ἐκείνοις

142 1709 336 1771 ἐπράχθη
366 1714 414 1757 τὸ
443 1713 659 1771 τόλμημα,
705 1714 806 1766 συὸς
830 1713 986 1774 τρόπον
1018 1714 1224 1774 θήξαντες
1253 1716 1351 1768 τοὺς
1371 1714 1545 1767 ὀδόντας
1565 1714 1623 1767 ὥς

140 1810 275 1846 modum
307 1811 542 1848 bacchabundi
574 1813 760 1848 cursabant
792 1816 986 1850 scrutantes
1009 1815 1234 1850 attentissime
1260 1817 1401 1857 cuncta,
1425 1814 1618 1860 nullamque

140 1858 260 1904 templi
282 1864 414 1903 partem
442 1871 507 1894 non
530 1859 720 1905 inspectam
744 1865 781 1895 et
803 1861 1013 1906 exploratam
1036 1862 1264 1896 curiosissime
1287 1862 1490 1908 linquentes.
1524 1864 1616 1895 unde

139 1905 268 1938 factum
293 1910 333 1939 ut
356 1906 413 1940 alii
439 1906 542 1940 alium
574 1912 746 1951 repertum
779 1911 815 1941 et
839 1915 1035 1963 correptum
1059 1908 1241 1943 crudeliter
1273 1920 1341 1954 quo
1364 1908 1491 1942 vellent
1513 1909 1613 1941 modo

139 1949 400 1994 interficerent,
424 1952 499 1987 aliis
521 1953 656 1987 interim
679 1953 770 1988 haud
797 1955 1037 1989 cessantibus:
1060 1967 1136 1989 nam
1160 1966 1430 2001 unumquemque
1455 1965 1614 1999 compre-

138 1996 320 2031 hensorum
359 1998 456 2033 multi
495 1998 758 2034 circumstantes
801 2001 1006 2046 pulsabant,
1052 2002 1241 2036 caedebant
1257 2027 1267 2045 ,
1309 2000 1613 2041 excarnificabant,

138 2044 240 2077 etiam
264 2046 299 2077 in
321 2044 432 2090 ipsum
456 2046 590 2080 saevire
614 2051 797 2091 pergentes
821 2047 968 2082 cadaver
990 2048 1163 2089 exanime,
1188 2049 1240 2082 ita
1262 2051 1301 2082 ut
1324 2058 1424 2081 unum
1447 2047 1481 2080 in
1505 2046 1612 2081 multa

137 2089 320 2124 dissectum
350 2092 542 2137 fragmenta
573 2093 643 2126 late
666 2099 887 2137 spargeretur
909 2105 1042 2140 corpus.
1088 2099 1187 2128 tanta
1215 2094 1300 2128 istos
1323 2093 1485 2128 vaesania
1504 2103 1612 2138 urge-

136 2136 199 2170 bat
214 2162 224 2180 ‚
250 2149 291 2171 eo
314 2144 497 2182 provectos
527 2139 669 2173 amentis
701 2139 793 2182 irae,
824 2146 864 2174 ut
888 2151 994 2182 supra
1016 2142 1195 2174 humanum
1218 2141 1348 2174 modum
1373 2139 1485 2174 serina
1510 2150 1611 2184 pror-

135 2193 195 2216 sus
218 2183 315 2217 rabie
337 2190 488 2219 ruerent.
535 2196 704 2231 quaerens
727 2186 873 2231 denique
897 2187 1189 2232 protovestiarium
1214 2186 1359 2220 Carolus
1384 2186 1520 2231 quidam
1543 2197 1608 2231 pe-

134 2233 276 2263 netrare
298 2241 401 2264 ausus
424 2230 458 2264 in
480 2232 586 2275 adyta
601 2257 611 2275 ,
634 2237 670 2266 et
692 2233 739 2267 ibi
762 2235 868 2267 multa
891 2233 1114 2279 nequidquam
1137 2236 1327 2276 scrutatus,
1350 2233 1534 2278 desperata
1556 2231 1610 2264 in-

135 2275 298 2309 ventione
321 2277 484 2311 recedere
511 2279 666 2324 parabat.
713 2279 775 2313 sed
798 2281 904 2314 fatum
934 2291 1001 2314 non
1037 2280 1116 2315 sivit
1143 2279 1237 2313 illum
1259 2279 1406 2314 evadere
1428 2278 1608 2312 immunem

134 2321 268 2355 damni:
298 2334 376 2356 nam
405 2329 580 2369 resumpta
609 2331 754 2371 repente
783 2325 930 2360 Carolus
962 2325 1139 2360 scrutandi
1176 2336 1258 2359 cura
1289 2336 1422 2359 sacram
1455 2334 1607 2358 mensam

134 2367 296 2412 subiens,
330 2374 367 2403 et
390 2370 456 2403 huc
477 2370 624 2416 illucque
645 2383 788 2406 versans
811 2373 926 2407 oculos
940 2398 952 2415 ‚
986 2373 1185 2418 depressum
1207 2373 1328 2405 subtus
1350 2371 1387 2405 in
1410 2380 1523 2415 genua
1546 2369 1608 2404 mi-

131 2413 307 2448 serrimum
342 2415 586 2460 deprehendit,
620 2429 684 2451 nec
717 2418 848 2453 distulit
878 2420 912 2453 in
946 2430 1021 2453 eum
1045 2419 1278 2453 trucidaturus
1299 2418 1454 2461 irruere,
1477 2418 1607 2451 frustra

131 2460 191 2494 illo
215 2461 446 2507 deprecante,
470 2468 507 2497 et
528 2469 690 2508 quantum
712 2465 816 2499 vellet
838 2466 892 2499 sui
913 2465 1090 2510 sanguinis
1114 2464 1282 2498 offerente
1305 2465 1468 2509 pretium,
1496 2462 1606 2508 siqui-

132 2506 211 2541 dem
233 2507 322 2542 latro
354 2520 418 2542 nec
449 2509 567 2543 habitu
592 2510 754 2555 supplicis
787 2510 896 2546 flexus
919 2523 984 2546 nec
1008 2511 1121 2555 rigore
1143 2511 1245 2545 animi
1267 2510 1499 2555 magnitudine
1522 2520 1606 2554 pro-

131 2552 307 2588 missorum
337 2555 393 2589 vel
430 2555 598 2590 tantillum
627 2556 794 2599 infracto,
838 2558 954 2592 statim
986 2558 1233 2603 apprehensum
1271 2557 1418 2602 pugione
1446 2554 1604 2590 confecit.

130 2600 221 2643 quod
258 2612 333 2634 cum
365 2613 443 2635 mox
475 2607 568 2636 esset
601 2603 829 2647 publicatum,
861 2605 973 2638 nullus
1005 2604 1072 2638 fuit
1095 2604 1153 2648 qui
1185 2615 1226 2637 eo
1251 2615 1316 2637 uon
1341 2607 1540 2637 accurreret
1561 2612 1604 2635 ac

129 2656 236 2690 supra
257 2652 354 2681 stans
377 2649 539 2682 caederet
562 2660 706 2694 cumque
737 2650 938 2684 contumelia
962 2650 1199 2685 conscinderet
1220 2656 1400 2684 mortuum.
1447 2648 1603 2692 adeoque

127 2690 220 2726 illum
244 2694 456 2728 membratim
477 2695 724 2738 conciderunt,
754 2701 794 2730 ut
824 2696 884 2742 qui
907 2697 1030 2731 deinde
1051 2697 1197 2742 sepelire
1220 2696 1421 2738 voluerunt,
1460 2704 1603 2728 necesse

127 2737 310 2773 habuerint
330 2740 465 2775 laceros
485 2745 522 2775 et
545 2742 588 2776 ab
609 2741 754 2777 invicem
776 2743 938 2778 discissos
959 2747 1056 2778 artus
1069 2743 1103 2776 in
1119 2754 1255 2777 saccum
1272 2742 1444 2786 colligere,
1468 2752 1536 2787 quo
1554 2739 1599 2774 ad

126 2784 335 2829 sepulturam
369 2787 494 2821 efferre
522 2793 675 2832 possent.
722 2793 902 2835 postquam
936 2801 1018 2824 vero
1049 2790 1211 2824 immanes
1232 2788 1443 2833 sanguinarii
1463 2786 1536 2820 voti
1559 2796 1598 2820 se

126 2836 302 2883 compotes
324 2838 522 2878 perpetrato
546 2834 768 2869 audacissimo
792 2837 922 2872 scelere
944 2837 1116 2877 viderunt,
1140 2840 1214 2870 tum
1235 2846 1318 2869 vero
1342 2834 1489 2868 stridere
1511 2832 1598 2886 den-

126 2876 218 2911 tlbus
251 2877 360 2913 instar
387 2891 547 2925 aprorum
577 2881 824 2927 frendentium,
857 2887 898 2918 ut
927 2894 1025 2917 nemo
1057 2882 1159 2917 etiam
1181 2881 1382 2927 optimatum
1405 2886 1468 2915 aut
1488 2890 1598 2924 magl-
