1884 3262
720 183 823 228 uB.
839 183 902 243 11.
944 183 1144 232 NOTAE.
1241 221 1244 226 ,
1556 182 1653 229 645

217 289 264 327 rii
285 295 484 341 compote,
512 296 561 329 ut
581 291 755 343 plerique
771 291 961 332 hactenus
979 298 1073 331 sunt
1091 292 1255 345 opinati,
1280 303 1479 344 purpurae
1494 292 1651 336 nomine

212 345 469 396 intelligentes
498 361 672 398 pannum
695 361 938 399 purpureum
968 361 1045 398 quo
1065 349 1337 400 exciperentur
1357 354 1494 399 partus
1513 347 1649 400 Augu-

213 406 375 440 starum.
431 404 648 453 requiritur
666 404 766 441 enim
783 410 983 455 praeterea
1003 405 1110 442 nasci
1131 406 1237 443 intra
1254 405 1414 444 domum
1434 417 1531 454 quae
1546 421 1647 456 πορ-

213 453 328 510 φύρα
358 472 549 511 purpura
578 460 803 498 vocabatur.
858 459 956 497 haec
979 473 1071 511 pars
1097 467 1180 498 erat
1206 459 1468 512 imperialium
1494 461 1647 499 aedium

213 512 576 567 Constantinopoli3
602 515 708 553 unde
726 515 1108 565 Constantinopolim
1130 515 1314 566 migrasse
1332 516 1440 568 prius
1458 522 1647 568 oportue-

211 574 275 606 rat
303 576 483 620 parentes
513 571 781 620 Constantini,
818 577 865 608 ut
904 571 939 609 is
971 570 1334 623 Porphyrogenitus
1369 571 1478 610 nasci
1502 578 1645 623 posset.

210 623 344 675 itaque
367 626 638 674 Andronicus,
669 627 740 666 etsi
764 632 880 665 natus
905 632 1028 677 esset,
1057 633 1102 665 ut
1117 626 1376 679 Pachymeres
1390 627 1548 666 videtur
1566 641 1646 667 vo-

207 679 349 730 luisse,
386 681 540 733 imperii
569 682 693 734 patris
720 696 822 721 anno
844 684 993 734 primo,
1024 682 1131 733 quod
1159 682 1417 722 discutiemus
1445 683 1473 721 1.
1492 685 1519 725 3
1545 697 1579 724 c.
1601 686 1642 732 8,

208 748 291 774 non
318 742 450 775 tamen
477 751 559 776 esse
587 751 681 776 vere
711 737 1070 790 Porphyrogenitus
1093 738 1245 790 potuit,
1279 738 1387 790 quod
1407 744 1516 776 extra
1539 740 1644 776 Con..

207 792 505 844 stantinopolim
535 793 586 831 sit
612 800 753 840 natus,
780 794 839 832 uti
861 807 934 831 nec
954 793 1203 832 Theodorum
1221 794 1414 833 iuniorem
1431 794 1644 843 Lascarim,

206 847 280 885 etsi
305 848 506 900 principio
528 849 683 900 imperii
709 850 833 902 patris
848 850 1004 888 Ioannis
1026 850 1207 888 Batatzae
1225 857 1381 899 natum,
1411 849 1642 903 Porphyre-

202 903 376 951 genitum
395 918 557 955 usquam
574 905 724 943 dictum
741 906 918 955 legimus.
973 905 1158 943 nimirum
1170 905 1279 948 haec.
1291 906 1552 944 nomenclatio
1568 906 1640 944 du-

203 958 363 997 cebatur
383 973 431 997 ex
449 961 538 998 looo
551 967 710 1012 partus,
739 961 855 999 domo
877 961 941 998 cui
962 974 1139 1012 purpura
1157 967 1240 999 erat
1258 975 1419 1010 nomen,
1448 962 1520 999 sita
1538 962 1639 1000 Con..

200 1015 477 1067 stnntinopofi,
506 1016 548 1053 in
575 1029 691 1066 quam
717 1016 848 1067 partui
875 1015 1029 1054 vicinae
1056 1018 1252 1066 Augustae
1276 1017 1500 1067 immigrale
1526 1024 1639 1056 elant

197 1069 346 1109 solitae.
403 1071 516 1108 Anna
543 1071 737 1109 Gomnena
763 1072 790 1109 l.
813 1073 838 1112 6
865 1086 906 1123 p.
931 1075 1012 1114 166
1041 1078 1159 1110 vocat
1183 1072 1329 1124 οίκημα
1352 1068 1637 1139 ἀφωρισμένον

197 1121 320 1165 παλαι.
339 1129 425 1173 ταῖς
440 1123 662 1175 τικτούσαις
678 1142 759 1168 των
783 1127 1012 1196 βασιλίδων,
1041 1133 1079 1165 et
1100 1127 1210 1166 addit
1226 1124 1440 1194 πορφύραν
1461 1126 1503 1168 δὲ
1519 1131 1636 1169 τοῦτο

197 1181 240 1221 οἱ
254 1177 452 1222 ἀνέκαθεν
470 1178 738 1235 ὄνομαζουσιν,
749 1182 790 1231 ἐξ
802 1198 850 1223 ου
836 1177 929 1223 ³220st
942 1199 986 1224 το
1006 1185 1087 1223 τῶν
1102 1180 1490 1237 πορφυρογεννήτων
1507 1200 1638 1237 ονομα

197 1236 255 1284 εἷς
274 1234 348 1288 τήν
373 1237 610 1290 οἰκουμένην
632 1238 852 1290 διέδραμεν.
908 1238 1096 1277 describit
1115 1252 1200 1278 eam
1219 1240 1379 1277 domum
1398 1239 1489 1278 alibi
1507 1241 1633 1289 Anna,

195 1292 223 1330 l.
242 1293 430 1332 videlicet
450 1297 476 1336 7
500 1308 540 1345 p.
563 1297 666 1344 190,
695 1299 733 1332 et
768 1294 804 1331 ei
830 1307 973 1332 nomen
1000 1295 1146 1332 sactum
1167 1293 1222 1333 ait
1242 1308 1264 1332 a
1282 1295 1413 1333 colore
1428 1296 1635 1334 marmoris

194 1361 246 1386 ex
275 1362 353 1399 quo
381 1355 464 1388 erat
493 1356 665 1399 structa,
694 1349 802 1401 quod
826 1349 924 1387 dicit
947 1349 1066 1388 fuisse
1086 1351 1209 1388 Roma
1226 1356 1426 1402 portatum
1442 1351 1516 1389 ab
1504 1365 1633 1403 impe-

191 1405 412 1452 ratoribus,
440 1406 598 1456 quando
613 1405 744 1444 sedem
760 1405 913 1458 imperii
932 1405 1162 1458 Byzantium
1178 1406 1479 1447 transtulerunt.
1533 1406 1633 1445 haec

191 1460 312 1499 verba
341 1461 639 1500 Constantinum
670 1461 853 1511 Magnum
881 1461 1103 1512 indigitant.
1160 1468 1199 1500 et
1224 1462 1382 1502 memini
1404 1463 1533 1513 legere
1552 1463 1630 1500 ali-

191 1516 285 1566 quid
305 1516 411 1567 apud
430 1517 580 1555 Aelium
600 1517 868 1569 Lampridium
886 1517 928 1555 in
949 1517 1178 1568 Alagabalo,
1203 1517 1309 1570 quod
1326 1517 1431 1556 trahi
1448 1517 1497 1556 ad
1513 1517 1629 1558 istam

188 1572 484 1611 translationem
509 1573 787 1612 adstruendam
813 1573 953 1625 possit.
1007 1573 1126 1612 verba
1151 1573 1370 1626 Lampridii
1394 1573 1492 1612 haec
1508 1580 1625 1616 sunt:

188 1629 336 1666 stravit
353 1635 389 1666 et
406 1631 518 1666 saxis
532 1627 864 1668 Lacedaemoniis
893 1643 943 1667 ac
959 1629 1255 1680 Porphyreticis
1264 1630 1425 1682 plateas
1442 1631 1483 1668 in
1493 1630 1626 1681 pala-

188 1685 246 1720 tio
272 1698 376 1737 quas
398 1685 706 1723 Antoninianas
732 1687 910 1735 vocavit,
950 1698 1054 1736 quae
1075 1699 1178 1723 saxa
1205 1699 1331 1737 usque
1360 1685 1420 1723 ad
1444 1693 1624 1723 nostram

186 1742 419 1779 memoriam
444 1748 671 1779 manserunt
701 1737 865 1795 (scribit
890 1740 986 1780 haec
1007 1747 1145 1780 auctor
1164 1741 1235 1780 sub
1252 1742 1527 1792 Constantino,
1557 1742 1622 1779 cui

185 1794 321 1833 hunc
309 1810 437 1848 ipsum
456 1797 603 1835 librum
615 1795 751 1853 dicat)
774 1795 847 1835 sed
860 1811 984 1848 nuper
1001 1804 1114 1836 eruta
1133 1804 1168 1834 et
1184 1804 1322 1837 exacta
1338 1804 1446 1836 sunt.
1472 1797 1527 1835 ita
1543 1797 1623 1836 ille.

185 1851 326 1901 quidni
351 1866 447 1891 vero
476 1867 549 1892 nos
576 1852 821 1904 suspicemur
848 1859 958 1892 eruta
987 1859 1025 1891 et
1049 1853 1285 1905 Byzantium
1300 1853 1519 1892 translata
1507 1866 1619 1892 iussu

185 1907 432 1946 Constantini
465 1922 510 1948 eo
537 1908 765 1959 migrantis,
790 1911 857 1947 aut
881 1909 1015 1961 potius
1043 1909 1248 1948 credamus
1276 1908 1412 1948 Annae
1439 1908 1482 1948 id
1506 1907 1619 1948 affir-

182 1964 336 2002 manti?

295 2034 334 2071 p.
357 2022 436 2063 188
456 2033 496 2060 v.
518 2019 557 2062 4.
616 2034 694 2072 quo
719 2021 762 2057 in
786 2033 924 2071 genere
945 2019 1177 2058 Laconibus
1199 2020 1408 2071 plurimis·
1466 2018 1615 2056 Graeca

181 2072 250 2112 hic
275 2075 317 2112 in
340 2076 476 2114 codice
501 2076 648 2127 optimo
677 2076 731 2124 B,
762 2088 895 2126 quem,
925 2080 968 2113 ut
984 2089 1096 2127 saepe
1112 2075 1217 2124 dixi,
1248 2074 1413 2113 fundum
1432 2073 1615 2113 editionis

181 2128 409 2179 habuimus,
434 2132 574 2169 mutila
600 2137 722 2172 erant.
777 2131 885 2169 hunc
911 2130 1013 2169 enim
1032 2131 1074 2168 in
1093 2131 1249 2169 modum
1267 2129 1323 2168 ibi
1340 2125 1531 2178 legitur‘'
1506 2144 1610 2170 οπου

181 2200 225 2238 γε
264 2184 332 2225 καὶ
367 2183 536 2227 Λάκωσι
569 2187 762 2234 πλείστοις
784 2183 951 2253 ὕστερον
973 2186 1016 2227 ἐκ
1041 2190 1115 2226 τοῦ
1143 2214 1335 2225 .......
1363 2181 1608 2239 ἀφιγμένοις.

183 2240 309 2296 codex
332 2241 366 2279 A
392 2241 510 2279 habet
535 2254 698 2295 υστερον
727 2242 770 2283 ἐκ
797 2245 869 2293 τῆς
897 2238 1048 2289 πόλεως
1076 2238 1332 2294 α’φιγμὲνοις,
1370 2240 1438 2279 ubi
1467 2241 1606 2280 merito
1629 2252 1659 2288 p
1679 2251 1747 2288 452

181 2309 344 2360 quaeras
367 2310 415 2335 ex
443 2311 517 2348 qua
541 2298 639 2336 urbe
665 2296 866 2336 advenisse
882 2297 923 2335 hi
939 2298 1112 2336 Lacones
1138 2298 1329 2336 dicantur.
1385 2309 1477 2335 sane
1497 2296 1605 2335 urbis

178 2353 357 2402 nomine,
381 2366 468 2391 cum
489 2353 571 2391 sine
588 2353 719 2392 addito
737 2354 895 2405 ponitur
910 2353 1017 2405 apud
1031 2352 1104 2391 hos
1120 2353 1351 2405 scriptores,
1380 2351 1604 2390 Constanti-

176 2409 354 2459 nopolim
374 2409 542 2459 intelligi
559 2423 622 2448 res
643 2409 728 2460 ipsa
744 2409 934 2459 loquitur.
989 2422 1037 2447 ex
1063 2408 1160 2448 urbe
1182 2414 1310 2447 autem
1326 2408 1602 2446 Constantino-

174 2464 258 2527 poli
283 2464 370 2515 quis
394 2464 625 2516 persuadere
649 2464 721 2502 sibi
747 2464 870 2516 possit
885 2463 966 2501 dici
982 2464 1133 2503 venisse
1149 2464 1269 2511 istos,
1295 2464 1363 2515 qui
1379 2463 1511 2516 potius
1531 2463 1598 2501 hic

174 2519 219 2558 in
236 2533 318 2558 eam
335 2520 626 2571 transmigrasse
644 2533 790 2558 memoi
791 2520 932 2558 entur?
986 2519 1119 2571 itaque
1138 2526 1244 2559 recte
1259 2519 1468 2558 Vaticanus
1487 2532 1596 2570 para-

171 2574 351 2642 phrastes
381 2576 439 2614 sic
463 2575 571 2615 hune
594 2577 725 2615 locum
756 2575 886 2614 effert:
915 2574 1101 2616 ἐντεῦθεν
1126 2592 1192 2616 και
1221 2573 1386 2616 Λάκωσι
1404 2575 1598 2621 πλείστοις

172 2627 340 2684 ὕστερον
359 2631 415 2680 εἰς
432 2629 548 2672 πόλιν
565 2629 810 2698 ἀφιγμένοις.
842 2631 947 2671 unde
963 2633 1125 2672 sortasse
1138 2632 1392 2699 corrigendus
1411 2630 1462 2668 sit
1478 2629 1594 2667 Anat.

174 2686 319 2734 codex,
345 2687 520 2740 reposito
544 2687 599 2736 εἰς
619 2703 693 2740 την
710 2683 824 2728 πόλιν
841 2687 927 2727 vice
946 2687 990 2729 ἐκ
1006 2690 1080 2740 τῆς
1096 2684 1260 2737 πόλεως.
1308 2686 1378 2726 sed
1395 2686 1492 2725 haec
1510 2697 1592 2723 non

173 2742 376 2782 sufficiunt
393 2743 565 2782 sanando
585 2743 742 2784 vulneri
758 2744 988 2796 exemplaris
1010 2744 1224 2796 archetypi.
1278 2756 1368 2781 nam
1395 2742 1437 2779 in
1462 2754 1507 2779 eo
1534 2754 1594 2779 ar-

172 2797 317 2838 ticulus
345 2793 584 2839 masculinus
607 2806 676 2839 aut
700 2807 839 2840 neuter
858 2802 931 2842 τοῦ
949 2799 1118 2849 indicat,
1146 2800 1190 2840 id
1211 2799 1317 2851 quod
1342 2797 1473 2836 statim
1488 2796 1595 2835 deest
