1884 3262
277 197 376 261 410
660 195 891 239 GEoRGn
925 197 1271 242 PAcHYMEms

281 310 320 352 οἳ
349 309 392 351 δὲ
420 304 734 364 παραγενόμενοι
764 307 815 350 τὰ
842 309 917 363 μὲν
936 313 1009 364 τῆς
1029 306 1188 364 εῗρήνης
1213 306 1468 363 δηλώσαντες
1495 309 1727 366 ἀπεδέχθη-

281 393 380 428 σαν,
417 374 781 429 καταλαμβάνουσι
812 376 856 418 δ’
894 379 1015 420 ἐκεῖσε
1044 377 1116 420 τὸν
1144 373 1360 432 Κάρουλον
1390 382 1530 432 θυμοῦ
1555 379 1728 421 πνέοντα

233 450 261 482 Β
284 445 349 486 καὶ
380 447 561 498 λιπαρῶς
586 448 643 501 τῷ
672 441 788 503 πᾶπᾳ
809 446 1092 499 προσκείμενον
1114 446 1178 487 καὶ
1199 448 1552 501 προσλιπαροῦντα
1575 447 1727 502 ἐφεῖναι

281 509 415 570 τούτῳ
435 511 509 565 τὴν
528 513 590 553 ε’πὶ
611 511 683 566 τὴν
701 511 816 554 πόλιν
837 513 1050 556 ἐπέλευσιν.
1120 510 1255 569 ἑώρων
1274 508 1347 554 οὖν
1365 513 1511 556 ἐκεῖνον
1531 511 1726 570 ὁσημέραι

283 584 365 622 τῶν
393 582 530 622 ποδῶν
557 584 631 621 τοῦ
661 577 776 622 πάπα
805 578 1216 636 προκυλινδοῦμενον,
1256 582 1322 622 καὶ
1350 581 1390 629 ἒς
1416 585 1612 624 τοσοῦτον
1636 588 1759 630 ταῖς5

284 648 448 701 μανίαις
467 648 757 702 συνισχημὲνον
777 647 878 690 ὥστε
896 651 962 691 καὶ
985 649 1031 691 τὸ
1054 648 1131 691 ἆνοὶ
1144 655 1283 705 χεῖρας
1301 653 1528 703 σκῆπτρον,
1563 647 1585 691 ὃ
1605 647 1728 704 σύνη-

284 720 359 765 θες
380 722 539 772 κρατεῖν
561 723 645 765 τοῖς
663 720 746 758 τῶν
766 715 931 759 Ἰταλῶν
951 720 1203 772 μεγιστᾶσιν,
1241 716 1404 759 ὀδοῦσιν
1427 717 1469 758 ἔκ
1487 717 1634 770 μανίας
1653 734 1729 759 κα-

237 794 267 826 C
291 790 507 839 ταφαγεΐν,
552 783 687 838 ἐπειδὴ
717 783 935 826 anani-ww
974 787 1041 826 καὶ
1072 785 1146 839 τὴν
1176 783 1277 840 πρὸς
1307 783 1561 840 ἀπαρτισμὸν
1590 782 1728 834 ἔξοδον

283 849 614 907 προβαλλόμενος
632 853 696 893 καὶ
715 853 933 907 προτείνων
952 853 1002 894 τοὶ
1022 852 1150 894 αὗτοῦ
1170 854 1305 894 δίκαια
1324 851 1414 894 οὐδ’
1439 851 1544 901 ὅλως
1561 851 1632 894 τὸν
1648 849 1729 894 ποῖ-

283 937 364 961 παν
395 919 554 961 ἔπειθεν
587 917 799 972 ἀπολύειν,
838 920 932 962 ἀλλ’
962 916 1014 975 ἦν
1045 920 1154 975 παρὰ
1183 925 1306 978 κωφῷ
1333 920 1466 974 λέγων.
1538 919 1730 974 ἀντεπῆγε
1742 925 1785 959 10

283 987 361 1043 γὰρ
382 989 447 1029 καὶ
467 985 488 1029 ὃ
509 985 648 1036 πάπας
666 987 716 1029 τὰ
738 986 838 1041 ὑπὲρ
859 993 941 1030 τῶν
961 991 1147 1043 Γραικῶν
1166 989 1322 1040 δίκαια,
1362 986 1416 1036 ὥς
1446 988 1602 1030 ἐκείνων
1625 983 1731 1030 οὖσα

283 1053 308 1109 ἦ
330 1053 597 1110 μεγαλόπολις
624 1056 783 1105 ἐκείνοις
805 1054 925 1098 πάλιν
944 1059 1008 1098 καὶ
1033 1056 1313 1110 προσεγένετο,
1351 1057 1416 1097 καὶ
1439 1053 1498 1097 ὅτι
1515 1054 1640 1108 νόμος
1660 1055 1731 1097 ἇν-

282 1121 469 1179 θρῶποις
493 1128 649 1175 ταῦτα,
679 1125 744 1165 καὶ
767 1125 881 1179 δῶρα
905 1124 1081 1177 πολέμου
1105 1125 1170 1165 καὶ
1194 1122 1326 1173 πόλεις
1347 1125 1412 1165 καὶ
1430 1121 1646 1177 χρήματα,
1684 1121 1731 1164 τὸ

286 1192 330 1233 δὲ
359 1193 492 1245 μεῖζον
521 1196 595 1245 τῆς
622 1192 941 1245 ἐκκλησίας,υἱοὶ
980 1193 1045 1233 καὶ
1073 1193 1326 1246 Χριστιανοί.
1429 1194 1658 1245 ’ριστιανοΐς
1686 1190 1731 1231 δὲ

240 1271 270 1305 l)
295 1259 397 1301 κατὰ
431 1262 693 1313 Χριστιανῶν
723 1260 899 1315 ἐφεῖναι,
936 1259 993 1314 μὴ
1023 1261 1090 1301 καὶ
1118 1261 1173 1308 εἷς
1203 1258 1480 1315 παροργισμόν
1507 1262 1580 1301 τοῦ
1613 1259 1728 1300 θείου
1741 1264 1783 1300 15

283 1325 541 1384 πράττοιμεν.

422 1395 500 1439 27.
574 1392 716 1444 Οῧτως
741 1393 1094 1448 ἀναχαιτιζομένου
1116 1398 1189 1436 τοῦ
1213 1390 1432 1448 Καροῦλου
1446 1425 1459 1445 ,
1496 1390 1518 1434 ὃ
1539 1392 1729 1445 βασιλεὺς

284 1467 366 1505 τῶν
398 1464 439 1512 ἐξ
468 1463 615 1504 ἐκείνου
644 1464 872 1518 φροντίδων
893 1461 1112 1511 ἀπολυθεὶς
1135 1460 1374 1515 ἐπεβάλλετο
1395 1467 1478 1509 τοῖς
1499 1460 1611 1515 ἔγγὺς
1627 1477 1728 1515 κρα-

284 1528 504 1585 ταιότερον.
576 1532 642 1573 καὶ
659 1528 827 1584 Ἰκάριον
849 1528 1197 1586 προσχωρήσαντα
1218 1530 1393 1583 δέχεται,
1429 1527 1559 1583 ἄνδρα
1576 1527 1728 1582 πολλὴν

284 1600 358 1652 μὲν
386 1599 458 1653 τὴν
489 1599 528 1647 ἒς
555 1596 692 1653 μα’χας
715 1606 856 1654 πεῖραν
881 1598 1047 1652 ἔχοντα,
1084 1595 1339 1652 τατάρχοντα
1362 1597 1404 1638 δὲ
1424 1598 1489 1637 καὶ
1511 1593 1634 1650 νήσου
1654 1612 1728 1650 με·
1739 1610 1785 1645 20

143 1677 171 1710 P
193 1677 260 1711 279
283 1668 443 1722 γίστης,
478 1666 528 1720 ἣν
544 1664 817 1722 Ἀνεμοπύλας
835 1666 934 1716 ἔθος
956 1673 1040 1716 τοῖς
1060 1668 1141 1708 ἐκεῖ
1154 1667 1298 1721 λέγειν,
1336 1661 1574 1719 συμβάματι
1594 1665 1638 1706 δὲ
1656 1661 1730 1706 τύ-

285 1865 423 1898 tabatur
450 1864 578 1910 impetu
608 1863 757 1898 remisso.
802 1864 906 1909 legati
940 1864 1070 1908 appulsi
1101 1863 1297 1898 nuntiarunt
1319 1865 1577 1897 consummatam
1598 1873 1728 1907 pacem,

286 1914 322 1943 et
354 1910 488 1954 excepti
521 1910 746 1954 perbenevole
776 1916 863 1943 sunt.
911 1909 1107 1943 invenerunt
1137 1915 1247 1943 autem
1272 1909 1318 1942 ibi
1344 1909 1499 1942 Carolum
1529 1908 1635 1941 minas
1657 1908 1728 1952 spi-

283 1960 438 1999 rantem,
478 1959 513 1989 et
543 1956 629 1989 omni
652 1956 861 1989 contentione
883 1966 1018 2000 precum
1041 1955 1284 1989 incumbentem
1307 1954 1349 1988 ad
1374 1953 1575 1987 exorandum
1606 1964 1727 1997 papam

285 2006 325 2034 ut
356 2001 420 2035 sibi
454 2002 665 2045 permitteret
697 2001 938 2045 expeditionem
971 2002 1005 2034 in
1039 2002 1154 2034 urbem
1190 1999 1521 2044 Constantinopolim.
1567 1998 1729 2032 videbant

284 2046 388 2089 igitur
421 2046 568 2091 quotidie
595 2046 823 2080 advolventem
855 2058 892 2080 se
924 2057 1032 2091 papae
1055 2046 1216 2090 pedibus,
1249 2051 1284 2079 et
1306 2057 1344 2079 eo
1367 2045 1509 2078 subinde
1530 2044 1652 2078 furoris
1673 2043 1728 2077 in-

287 2091 484 2136 quietissimi
518 2095 804 2136 prorumpentem,
842 2098 882 2126 ut
914 2092 1001 2136 quod
1031 2092 1182 2125 manibus
1205 2102 1295 2125 more
1317 2090 1511 2124 Italicorum
1544 2089 1728 2136 principum

286 2138 446 2181 gestabat
468 2143 658 2182 sceptrum,
682 2137 924 2171 commorderet
945 2137 1078 2171 rabiose
1100 2137 1240 2170 admotis
1263 2136 1442 2178 dentibus,
1466 2135 1640 2178 indignans
1662 2133 1729 2168 sibi

286 2183 423 2226 negari,
453 2194 551 2228 quam
572 2182 808 2217 instantissime
830 2185 988 2227 petebat,
1012 2182 1205 2216 facultatem
1227 2182 1411 2226 exequendi
1433 2181 1520 2225 quod
1545 2180 1728 2215 constitue·

287 2233 364 2269 rat,
400 2236 555 2273 paratum
578 2228 708 2262 scilicet
728 2228 910 2262 exercitum
934 2228 1095 2261 adversus
1118 2228 1354 2272 imperatorem
1377 2226 1560 2266 educendi3
1596 2225 1728 2260 iuribus

288 2273 332 2307 ad
355 2273 387 2305 id
410 2275 538 2307 frustra
560 2273 823 2308 commemoratis
845 2274 936 2314 suis,
966 2274 1053 2306 haud
1077 2285 1236 2318 persuaso
1264 2279 1301 2306 ut
1323 2273 1358 2306 id
1382 2272 1502 2306 bellum
1524 2271 1729 2316 approbaret

289 2322 324 2353 et
346 2318 448 2351 surdo
471 2320 512 2352 ad
536 2330 654 2363 preces
677 2331 790 2353 omnes
812 2319 897 2353 tales
919 2318 1122 2364 persistente
1144 2330 1243 2364 papa,
1289 2318 1346 2363 qui
1379 2317 1526 2352 vicissim
1557 2317 1729 2360 allegabat

290 2363 413 2397 Carolo
437 2364 644 2398 Graecorum
667 2365 760 2406 iura,
782 2365 911 2409 placide
934 2364 1110 2398 admonens
1134 2375 1319 2409 possessam
1343 2364 1386 2397 ab
1409 2363 1473 2396 illis
1495 2362 1617 2396 dudum
1637 2362 1728 2396 Con-

288 2408 558 2452 stantinopolim,
591 2410 711 2443 iteruin
740 2410 783 2444 ad
813 2410 967 2455 antiquos
995 2409 1144 2443 dominos
1167 2411 1302 2443 fortuna
1324 2409 1525 2442 revolutam.
1571 2417 1630 2441 eas
1652 2417 1728 2441 esse

287 2465 401 2488 rerum
425 2454 636 2488 humanarum
659 2455 770 2489 vices:
813 2461 848 2489 et
868 2457 968 2489 urbes
991 2460 1026 2489 et
1049 2466 1129 2499 opes
1153 2455 1282 2488 demum
1306 2460 1458 2488 caeteras
1481 2451 1630 2498 praemia
1652 2462 1728 2486 esse

288 2499 378 2533 belli.
424 2498 523 2543 eique
554 2500 620 2542 legi
653 2501 950 2545 acquiescendum,
989 2501 1185 2545 praesertim
1217 2511 1291 2534 cum
1315 2499 1440 2534 Graeci
1463 2509 1596 2543 quoque
1618 2497 1728 2531 eccle-

289 2544 361 2579 siae
382 2544 446 2578 filii
469 2544 715 2590 christianique
737 2553 866 2580 essent:
903 2549 1096 2591 “neque‚’'
1128 2547 1261 2587 aiebat,
1293 2549 1498 2590 “possumus
1521 2541 1727 2578 Christianos

290 2601 364 2625 cum
388 2589 588 2623 Christianis
609 2590 834 2632 committere,
858 2603 900 2625 ne
921 2591 1004 2625 iram
1026 2591 1061 2624 in
1084 2603 1143 2625 nos
1166 2591 1219 2625 dei
1242 2600 1465 2636 provocemus,
1479 2591 1499 2605 ’'

380 2636 434 2670 27.
481 2635 538 2668 Sic
562 2646 717 2679 represso
739 2636 863 2680 impetu
889 2636 1023 2678 Caroli,
1045 2637 1228 2681 imperator
1249 2638 1314 2670 ista
1337 2647 1418 2669 cura
1440 2636 1570 2668 levatus
1593 2644 1632 2667 eo
1656 2632 1727 2667 ani-

290 2679 414 2714 mosius
435 2679 587 2713 incubuit
610 2681 643 2713 in
668 2692 720 2714 res
743 2692 822 2715 suas
845 2693 943 2725 quam
970 2681 1093 2727 optime
1124 2681 1371 2716 constituendas
1396 2691 1438 2714 ex
1460 2678 1629 2724 praesenti
1651 2689 1727 2721 usu,

291 2726 422 2778 quando
455 2725 496 2759 ad
527 2736 563 2759 se
594 2726 835 2770 confugientem
861 2727 1000 2770 benigne
1021 2726 1165 2761 Icarium
1188 2727 1335 2772 excipit,
1373 2725 1479 2759 virum
1502 2724 1605 2758 multa
1627 2734 1728 2769 prae—

290 2770 409 2805 liorum
432 2771 640 2816 experientia
662 2771 835 2805 militarem
858 2771 1030 2806 scientiam
1063 2772 1229 2817 adeptum.
1273 2771 1427 2817 princeps
1452 2769 1483 2803 is
1504 2770 1616 2803 fuerat
1635 2769 1729 2811 insu-

292 2815 346 2850 lae
369 2816 550 2859 maximae,
582 2827 682 2862 quam
709 2816 769 2862 qui
789 2815 856 2850 illic
877 2816 1004 2861 degunt
1025 2817 1264 2863 Anemopylas,
1293 2817 1356 2852 hoc
1378 2819 1432 2850 est
1452 2819 1628 2850 ventorum
1649 2825 1729 2860 por-
