1884 3262
579 225 581 227 ’
612 215 716 259 LIB.
735 214 770 260 1.
824 207 1189 262 GLOSSARJUM.
1526 218 1624 265 579

163 325 371 365 Cratinum
390 325 598 374 comicum,
625 326 680 363 ita
700 326 887 365 continue
907 326 1162 379 subiungens:
1189 305 1260 368 καὶ
1276 324 1494 383 παράγεται
1509 331 1623 383 Κρα-

163 387 274 430 τῖνος
293 384 499 435 κωμωδων
516 384 701 422 τοιοῦτον
718 380 790 423 τόν
811 358 1075 435 Θεοδοτίδηνῡ
1073 380 1251 425 Σάνναν.
1309 386 1399 435 quia
1419 399 1516 425 vero
1538 388 1623 426 Eu-

164 438 335 477 stathius
360 444 589 477 constanter
615 438 720 476 hanc
744 452 887 478 vocem
915 453 1006 477 cum
1033 440 1180 492 duplici
1201 457 1228 492 μ,
1251 442 1407 490 scribit,
1434 443 1540 481 forte
1567 444 1624 481 sic

166 508 211 533 ea
229 495 335 547 apud
352 495 651 547 Pachymerem,
682 495 756 533 etsi
787 495 902 534 ambo
923 496 1040 536 codd.
1061 496 1199 548 optimi
1212 497 1245 534 B
1264 503 1303 535 et
1319 497 1355 535 A
1373 499 1624 538 concorditer

166 565 257 590 cum
283 551 401 590 unico
423 569 449 603 μ
467 552 663 600 sciibant,
696 551 941 590 emendanda
967 553 1098 590 suerit.
1155 553 1367 592 Vaticanus
1392 555 1530 593 solitae
1550 555 1626 594 sibi

165 608 377 646 licentiae
365 622 407 646 m
428 608 506 647 hoc
524 620 618 659 prae
633 608 795 647 caeteris
814 609 938 660 capite
959 609 1187 660 indulgens,
1217 623 1308 648 cum
1328 611 1403 648 alia
1421 612 1562 665 passim
1580 613 1625 651 in

167 678 213 703 eo
244 665 390 716 scripta
415 665 547 703 verbis
572 664 715 728 qtuibus
744 665 860 703 libuit
886 665 1015 713 effert,
1044 671 1132 703 tum
1154 665 1195 703 in
1218 665 1294 704 hac
1313 680 1412 706 voce
1433 666 1625 717 quiddam

167 726 406 773 καινοτομεῖ.
464 722 519 759 sic
542 721 644 758 enim
671 720 813 762 habet.
844 718 1048 774 μᾶκουθοί
1062 736 1166 769 τινες
1185 718 1306 787 ὄντες.
1362 723 1523 762 videtur
1549 738 1627 763 au-
1693 745 1696 753 ι

167 783 247 815 tem
267 790 317 815 ex
337 778 410 815 alia
430 778 578 829 origine
597 777 702 816 hanc
719 790 856 817 vocem
878 790 1093 825 accersere,
1120 791 1195 816 nec
1213 778 1291 817 viri
1311 779 1514 829 singularis
1533 781 1628 819 olim

166 834 285 872 fuisse
303 846 446 873 nomen
462 834 669 885 proprium
685 847 904 885 agnoscere,
921 834 991 872 sed
1008 841 1268 886 propagatam
1275 841 1416 887 putare
1435 849 1486 874 ex
1501 837 1628 875 verbo

167 893 354 961 μακοᾶν,
381 890 491 941 quod
521 890 741 942 Hesychius
771 890 936 943 exponit
974 895 1273 943 παραφρονεῖν,
1312 897 1628 946 προσποιεῖσθαι

168 963 224 999 μη
238 941 437 995 ἇκούειν,
464 946 656 998 desipere,
685 948 882 984 simulare
913 961 954 983 se
978 961 1060 985 non
1086 946 1244 986 audire.
1304 949 1344 986 et
1369 948 1472 987 hanc
1498 950 1630 1001 potis-

167 1003 310 1042 simum
338 1003 548 1041 secundam
577 1003 810 1041 dissimulati
837 1002 996 1041 auditus
1024 1003 1226 1042 notionem
1253 1003 1349 1042 huie
1376 1005 1431 1043 sic
1450 1018 1473 1042 a
1492 1018 1533 1043 se
1552 1006 1629 1043 de-

168 1065 325 1098 curtato
354 1059 549 1098 vocabulo
574 1059 799 1111 imputandi
825 1059 1067 1097 occasionem
1087 1060 1252 1098 sortasse
1268 1062 1478 1112 sumpserit
1497 1073 1548 1099 ex
1567 1074 1628 1111 eo,

168 1115 278 1166 quod
313 1115 432 1166 paulo
466 1115 644 1167 superius
668 1116 814 1167 legerat
842 1115 948 1167 apud
981 1122 1204 1163 auctorem,
1241 1117 1508 1167 patriarcham
1537 1130 1630 1156 cum

168 1171 322 1223 synodo
344 1172 391 1210 ab
411 1172 649 1224 imperatore
668 1178 903 1224 provocatos
922 1171 974 1209 ad
997 1172 1097 1211 serio
1120 1173 1368 1224 cogitandum
1389 1174 1438 1212 de
1455 1174 1630 1212 ineunda

169 1241 262 1267 cum
287 1228 426 1266 Latina
451 1228 610 1266 ecclesia
637 1229 848 1266 concordia
867 1228 1109 1276 ἐπιπολαίως
1129 1225 1343 1280 ἀκηκοέναι
1353 1231 1631 1281 perfunctorie

171 1284 356 1332 audisse,
395 1291 436 1322 et
465 1299 554 1324 cum
582 1297 666 1323 rem
692 1290 991 1333 aversarentur,
1027 1298 1109 1322 non
1139 1291 1271 1323 tamen
1305 1286 1517 1334 obstitisse,
1558 1285 1630 1324 sed

169 1340 279 1391 quasi
311 1341 599 1379 dissimulantes
623 1354 664 1378 se
694 1341 909 1393 percepisse
934 1340 1043 1391 quod
1068 1340 1219 1379 dictum
1245 1343 1392 1391 suerat,
1422 1348 1554 1410 astutp
1573 1342 1631 1379 si—

170 1397 293 1435 lentio
313 1397 547 1436 luciisecisse
560 1397 753 1435 invidiam
773 1403 840 1435 aut
855 1397 1075 1449 periculum
1091 1397 1219 1447 palam
1234 1398 1458 1436 resistendi:
1488 1414 1536 1438 ov
1554 1396 1631 1451 γαρ

170 1448 226 1506 ἦν
258 1449 394 1501 αὐτοῖς
423 1449 655 1504 ἆντιστηναι
689 1468 769 1491 non
799 1455 852 1491 iis
884 1456 970 1490 ine]
973 1460 1017 1490 at
1040 1452 1255 1491 resistendi
1281 1456 1355 1492 tis.
1412 1467 1477 1492 eos
1496 1460 1631 1493 tamen

172 1523 254 1548 non
281 1523 321 1547 se
347 1510 583 1548 continuisse
615 1510 721 1548 intra
754 1510 852 1547 fines
877 1522 1008 1547 merae
1033 1509 1352 1548 dissimulationis
1378 1517 1448 1550 aut
1471 1509 1630 1559 silentii,

173 1566 242 1604 sed
275 1573 476 1617 praeterea
512 1567 651 1614 etiam,
685 1572 731 1604 ut
768 1567 893 1617 imper
895 1566 997 1604 atoii
1025 1565 1222 1616 gratificar
1223 1572 1360 1615 entur,
1398 1567 1632 1618 significasse

172 1623 325 1674 placere
342 1623 415 1660 sibi
433 1623 671 1661 mentionem
689 1622 836 1660 illatam
858 1622 907 1659 ab
924 1635 970 1659 eo
987 1622 1112 1687 pacis,
1141 1623 1345 1661 manifeste
1363 1623 1535 1661 affirmat
1551 1637 1631 1661 no·-

174 1685 277 1727 ster,
315 1684 363 1716 ut
394 1679 634 1717 ostendimus
662 1680 842 1746 superius
867 1678 990 1717 verbo
1015 1674 1227 1730 κνώμενοι.
1283 1691 1406 1729 quare
1432 1693 1514 1717 non
1542 1679 1632 1717 illos

176 1731 471 1788 μαμακούθους
500 1741 568 1774 aut
594 1733 830 1788 μακούθους
855 1735 955 1773 idci1
958 1749 1003 1772 co
1026 1737 1208 1783 vocavit,
1236 1735 1344 1785 quod
1362 1736 1632 1774 simulaverint
1656 1747 1683 1782 p
1705 1748 1774 1783 399

174 1804 215 1830 se
231 1805 314 1829 non
331 1792 489 1840 audire,
518 1791 586 1829 sed
604 1792 712 1842 quod
733 1792 1020 1831 declaraverint
1039 1791 1112 1829 sibi
1128 1791 1289 1843 probari
1308 1792 1633 1845 quodlpropone-

173 1848 314 1896 batur,
344 1847 454 1886 haud
487 1849 580 1886 satis
610 1849 863 1900 providentes
884 1847 981 1899 quid
999 1847 1092 1885 inde
1112 1853 1417 1887 consecuturum
1440 1854 1560 1899 esset,
1587 1849 1632 1887 in

173 1917 255 1956 quo
273 1905 388 1956 ponit
404 1904 614 1943 stultitiam
631 1917 769 1943 eorum
791 1904 868 1943 hoc
888 1904 1011 1944 verbo
1031 1903 1319 1955 reprehensam.

289 1957 460 2013 μανδυ
474 1976 532 2008 ας
559 1975 597 2013 p.
625 1964 708 2003 262
739 1974 778 2000 v.
809 1965 872 2003 11.
928 1959 1098 2011 Hesych.
1131 1957 1312 2012 μανδύας
1338 1957 1443 2008 εἶδος
1470 1960 1632 2013 ἱματίου

177 2019 347 2070 Περσῶν
365 2014 590 2069 πολεμικον.
611 2018 673 2055 soi
675 2022 714 2055 te
734 2020 963 2084 πολεμικοῦ.
995 2016 1224 2055 Eustathius
1240 2016 1290 2054 ad
1301 2016 1376 2055 od.
1384 2032 1405 2056 τ
1423 2017 1498 2054 sub
1514 2018 1631 2067 priu-

178 2073 341 2137 cipium:
370 2074 510 2121 Αἴλιος
538 2070 755 2122 Διονύσιος
784 2069 926 2139 λέγει’
911 2070 972 2114 ότι
1004 2070 1202 2123 Περσικὸν
1228 2087 1354 2123 ονομα
1377 2071 1447 2112 καὶ
1475 2070 1496 2112 ὁ
1526 2086 1632 2123 μαν-

178 2125 289 2176 δύας.
347 2128 450 2169 ἔοικε
481 2128 543 2179 δέ,
575 2130 695 2182 φησί,
727 2127 914 2184 φαινόλῃ.
973 2130 1036 2165 ait
1059 2128 1206 2167 Aelius
1233 2129 1463 2177 Dionysius
1484 2129 1631 2166 Persa.

179 2198 273 2223 cum
300 2198 380 2222 esse
406 2199 546 2223 nomen
569 2185 800 2237 mandyam.
855 2186 1006 2224 similis
1037 2191 1172 2221 autem
1196 2191 1254 2221 est
1274 2184 1457 2235 penulae.
1513 2189 1630 2223 vete-

178 2253 244 2280 res
271 2241 418 2291 glossae
445 2241 658 2279 verborum
684 2242 781 2280 iuris
809 2237 1028 2293 μανδύας’“
1010 2255 1191 2290 ιματιον,
1218 2236 1262 2280 τὸ
1288 2240 1502 2291 λουρίκιον.
1558 2238 1629 2277 sed

178 2296 278 2335 haec
296 2302 342 2334 ut
359 2298 463 2334 tiara
481 2303 522 2334 et
540 2297 614 2334 alia
630 2310 719 2336 cum
739 2311 802 2336 res
825 2303 912 2335 tum
938 2296 1095 2334 nomina
1113 2295 1163 2333 ad
1181 2309 1295 2334 usum
1315 2308 1516 2334 sacrorum
1536 2301 1631 2333 sunt

179 2352 384 2391 translata.
442 2352 558 2390 docet
584 2353 866 2392 eruditissimus
888 2359 1000 2405 pater
1024 2353 1128 2389 Goar
1150 2351 1197 2389 Ο.
1218 2352 1260 2393 Ρ.
1300 2352 1435 2403 (uotis
1458 2351 1509 2389 ad
1532 2351 1630 2389 mis-

180 2423 265 2447 sam
289 2411 327 2447 S.
355 2408 511 2446 Ioannis
540 2408 807 2460 Chrysostomi
830 2423 868 2460 p.
898 2409 956 2446 sui
984 2407 1212 2458 Euchologii
1236 2410 1344 2457 113)
1377 2408 1493 2446 fuisse
1512 2421 1631 2445 man-

182 2465 300 2516 dyam
316 2465 419 2502 inter
435 2465 675 2515 pontificales
691 2471 815 2503 vestes
835 2464 877 2502 id
898 2464 1007 2515 quod
1025 2477 1188 2515 cappam
1205 2464 1287 2501 sive
1311 2463 1482 2515 pluviale
1502 2462 1632 2501 Latini

181 2521 495 2560 Christianorum
517 2522 666 2559 rituum
693 2521 933 2572 expositores
959 2526 1117 2558 vocant.
1173 2526 1201 2557 a·
1220 2532 1297 2570 qua
1317 2532 1391 2558 nec
1410 2520 1534 2562 forma
1555 2531 1629 2556 nec

182 2578 345 2616 notione
368 2577 539 2615 multum
567 2578 675 2615 abest
701 2577 865 2628 penula3
892 2589 1009 2626 quam
1025 2575 1076 2614 ad
1092 2589 1292 2615 sacrorum
1311 2589 1427 2614 usum
1445 2576 1525 2613 iam
1541 2580 1632 2611 tum

185 2634 235 2671 ab
261 2633 494 2685 Apostolicis
523 2633 856 2671 accommodatam
879 2632 1120 2683 temporibus
1143 2646 1224 2670 non
1243 2632 1438 2670 immerito
1456 2630 1533 2669 viri
1552 2629 1630 2667 do-

184 2690 342 2728 ctissimi
364 2690 610 2740 suspicantur
627 2703 676 2726 ex
694 2689 804 2727 Pauli
823 2688 910 2726 loco
932 2692 959 2730 2
979 2688 1031 2726 ad
1049 2687 1219 2726 Timoth.
1238 2687 1265 2729 4
1291 2691 1354 2730 13.
1410 2686 1485 2725 fuit
1510 2697 1630 2737 prae-

185 2751 292 2783 terea
318 2746 509 2796 mandyas
538 2759 660 2798 propi
662 2759 698 2783 1a
723 2744 1006 2784 monachorum
1029 2744 1148 2782 vestis
1174 2756 1224 2782 ex
1242 2743 1416 2781 humeris
1438 2741 1489 2779 ad
1511 2741 1630 2792 pedes

185 2814 309 2852 usque
337 2802 512 2840 defluens
540 2808 581 2840 et
608 2807 739 2840 totum
767 2800 938 2837 ambiens
968 2813 1130 2851 corpus,
1159 2813 1181 2837 a
1208 2805 1320 2850 parte
1344 2799 1425 2836 sola
1445 2796 1631 2835 anteriori

187 2863 344 2909 apeita3
385 2859 539 2909 qualem
571 2858 690 2896 etiam
717 2857 759 2895 in
785 2855 944 2894 ecclesia
971 2856 1120 2895 Graeca
1141 2857 1311 2895 retmere
1333 2854 1375 2893 in
1399 2853 1632 2906 pontificatu
