1884 3262
507 187 613 234 ΠΒ.
637 186 716 233 111.
766 183 1258 232 CHRONOLOGIGUS.
1517 185 1620 231 733

154 301 369 341 secundam
383 332 396 351 ,
425 300 581 352 qualem
596 299 734 339 nullus
751 312 803 340 ex·
831 296 1129 351 quatuordecim
1153 294 1482 351 praecedentibus
1499 301 1540 334 et
1559 302 1620 337 to«

154 359 279 398 tidem
312 359 460 398 secutis
488 355 634 396 habere
661 357 816 410 potuit,
853 362 900 395 ut
923 355 1150 408 periculum
1178 354 1334 393 nullum
1352 352 1404 391 sit
1420 366 1472 391 ne
1490 366 1619 393 annua

153 423 236 455 tam
263 415 342 468 ipsi
366 414 533 468 propria
562 414 774 465 insignitus
803 418 897 452 nota
930 425 1023 451 cum
1044 411 1123 451 alio
1144 411 1330 464 quopiam
1348 409 1619 449 confundatur

153 479 226 512 aut
255 479 442 512 mutetur.
499 471 541 510 iu
567 471 640 509 ista
675 483 798 523 porro
825 469 1085 521 suspensione
1111 482 1174 508 res
1201 469 1365 506 fuerunt
1391 467 1513 506 ferme
1542 479 1617 519 per

155 544 325 580 annum,
357 528 490 582 quoad
513 527 653 579 legatis
672 540 811 579 pacem
834 540 856 564 a
875 527 1054 566 Romano
1073 525 1264 578 pontifice
1286 530 1524 562 conventam
1542 523 1617 562 sti.

153 588 414 640 pulatamque
436 585 716 634 referentibus,
758 582 918 622 comitia
941 589 1038 622 sunt
1053 582 1206 621 indicta
1221 595 1329 620 novo
1349 580 1520 620 creando
1539 595 1616 633 pa-

151 644 362 684 triarchae.
419 643 527 694 quod
552 656 635 680 non
665 640 832 692 contigit
856 646 948 679 ante
973 646 1202 692 sequentem
1223 651 1395 690 annum,
1432 643 1477 678 ut
1497 637 1617 678 docet

152 713 226 740 nos
246 700 429 740 historici
450 699 583 738 nostri
600 699 714 737 locus
734 697 854 736 modo
882 696 1208 737 considerandus.

262 785 331 824 IV.
389 785 444 823 De
464 783 624 822 Ioannis
643 782 762 821 Vecci
783 780 949 835 Iosepho
975 781 1179 833 subrogati
1198 780 1409 830 electione,
1439 792 1556 833 quam
1573 784 1614 819 et

149 841 284 882 statim
298 840 524 880 inchoatam
543 846 634 893 post
650 840 870 891 legatorum
891 839 1014 877 Roma
1028 839 1202 878 reditum
1223 844 1263 877 et
1279 838 1463 877 celeriter
1478 843 1615 876 trans-

148 906 274 938 actam
295 904 485 951 apparet,
515 898 576 935 sic
607 897 748 936 scribit
768 894 1030 948 Pachymeres
1059 909 1092 934 c.
1111 895 1166 938 24
1188 895 1216 934 l.
1237 895 1276 938 5.
1299 916 1301 919 ·
1336 893 1362 936 ὅ
1384 893 1534 942 Βέκκος
1555 894 1614 935 εἷ·-

146 959 274 1012 κοστῇ
288 953 361 1008 μὲν
376 954 444 996 καὶ
456 954 547 1011 ἕκτῃ
561 955 860 1004 Πυανεψιῶνος
869 949 994 1005 μηνὸς
1012 949 1114 993 xmo?
1131 949 1207 1004 τήν
1222 947 1366 1004 ἕορτήν
1383 953 1465 992 τῶν
1481 949 1608 1006 ἆγίων
1630 954 1660 990 Ρ
1680 954 1749 992 518

145 1012 328 1066 πατέρων
340 1015 421 1052 ταῖν
441 1011 485 1053 ἔν
505 1011 659 1066 Νικαίᾳ
677 1005 922 1063 πατριάρχης
937 1007 1218 1062 προβέβληται.
1258 1006 1422 1062 δευτέρα
1438 1005 1482 1048 δὲ
1498 1011 1610 1049 Μαι-

145 1071 423 1123 μακτηριῶνος
439 1070 491 1124 τῇ
515 1065 683 1121 ἐπιούσῃ
704 1068 902 1122 κυριακῇ,
930 1065 976 1106 ἒν
992 1062 1173 1120 ἐπισήμῳ
1188 1063 1319 1119 ἡμέρᾳ
1337 1068 1412 1106 τοῦΙ
1426 1062 1609 1117 πνεύμα-

143 1141 231 1175 τος,
261 1122 310 1165 w*
329 1128 400 1166 τοῦ
418 1120 646 1176 πνεύματος
669 1122 820 1175 δέχεται
837 1121 906 1163 καὶ
930 1123 1150 1163 τελειοῦται
1172 1114 1389 1175 ἆρχιερεῦς.
1454 1122 1498 1160 V
1492 1135 1610 1160 eccas

142 1190 256 1220 sexta
280 1189 316 1219 ct
340 1183 539 1234 vigesima
557 1181 668 1218 Maii
697 1181 868 1229 mensis,
899 1180 1063 1229 infesto
1085 1185 1320 1216 sanctorum
1333 1184 1507 1229 patrum
1529 1180 1613 1218 Ni-

142 1241 369 1277 caeensium
390 1237 637 1290 patriarcha
663 1237 812 1274 electus
840 1242 910 1276 eet.
965 1233 1145 1273 secunda
1160 1248 1251 1272 vero
1272 1234 1386 1273 Iunii
1403 1233 1612 1275 dominica

142 1294 408 1334 hebdomadis·
431 1295 640 1343 vertentis,
668 1294 825 1345 insigni
849 1291 915 1330 die
941 1293 1085 1330 Sancti
1108 1293 1288 1343 Spiritus·
1302 1293 1490 1343 gratiam
1505 1293 1612 1346 Spis-

142 1355 251 1391 ritus
265 1352 468 1404 percepit,
499 1349 715 1389 ordinatus
745 1351 820 1386 rite
841 1348 1100 1401 patriarcha.
1156 1342 1202 1387 hi
1227 1348 1470 1387 characteres
1491 1350 1612 1389 unice

142 1409 352 1460 designant
371 1421 520 1446 annum
544 1407 690 1445 Christi
712 1407 833 1456 1275,
859 1405 1014 1458 periodi
1032 1404 1206 1444 Iulianae
1226 1407 1351 1454 5988,
1372 1419 1452 1458 quo
1474 1406 1611 1458 cyclus

141 1466 238 1504 solis
258 1471 481 1505 numeratus
501 1470 559 1502 est
575 1463 642 1513 24,
663 1463 725 1505 lit.
748 1462 998 1501 dominicalis
1015 1462 1094 1501 fuit
1111 1461 1156 1512 F,
1175 1462 1313 1514 cyclus
1333 1461 1451 1501 lunae
1477 1476 1611 1502 curre-

138 1522 208 1562 bat
226 1526 265 1565 3.
301 1535 401 1574 quae
418 1528 534 1560 notae
554 1522 697 1559 festum
713 1517 882 1558 Paschae
899 1520 1112 1558 conferunt
1129 1519 1173 1557 in
1187 1519 1239 1562 14
1257 1518 1420 1571 Aprilis,
1437 1519 1610 1558 domini-

140 1593 226 1617 cam
245 1593 340 1618 vero
361 1580 606 1618 Pentecostes
624 1578 665 1615 in
685 1579 713 1620 2
733 1576 847 1616 Iunii.
904 1576 1012 1615 unde
1041 1581 1150 1629 patet
1167 1589 1190 1614 a
1210 1576 1337 1627 prima
1359 1578 1609 1617 successione

138 1635 294 1689 Iosephi
316 1636 366 1674 ad
384 1635 527 1674 initum
547 1649 569 1672 a
590 1634 719 1673 Vecco
745 1632 1058 1686 patriarchatum
1078 1632 1348 1671 intercessisse
1363 1646 1515 1672 menses
1546 1648 1609 1673 so-

137 1693 242 1732 lidos
258 1692 458 1731 sexdecim
478 1705 571 1730 cum
596 1691 731 1730 diebus
752 1690 987 1728 octodecim.
1044 1701 1150 1728 anno
1171 1689 1427 1742 praecedenti
1452 1690 1605 1730 Christi

140 1749 250 1792 1274
267 1749 301 1789 si
322 1749 408 1801 quis
429 1748 623 1802 suspicari
647 1748 769 1786 vellet
784 1747 903 1786 Vecci
921 1747 1164 1786 creationem
1183 1747 1345 1796 saetam,
1375 1747 1523 1786 frustra
1542 1761 1605 1787 es-

136 1814 197 1844 set
216 1806 266 1844 ob
288 1805 534 1844 characteres
553 1804 870 1844 diversissimos}
902 1817 993 1842 nam
1018 1802 1155 1857 cyclos
1174 1803 1207 1841 is
1227 1816 1353 1842 annus
1375 1802 1515 1843 habuit
1534 1819 1603 1844 so-

133 1862 185 1901 lis
204 1865 273 1913 23,
295 1863 414 1902 lunae
433 1863 473 1913 2,
489 1862 556 1914 qui
576 1861 671 1900 dant
691 1860 838 1899 Pascha
859 1864 879 1902 1
899 1860 1047 1913 Aprilis
1066 1866 1105 1899 et
1126 1861 1396 1899 Pentecostem
1414 1860 1470 1904 20
1491 1861 1600 1911 Maii,

134 1926 174 1958 et
196 1919 310 1958 litera
339 1919 592 1959 dominicalis
619 1918 791 1956 eiusdem
819 1917 913 1956 anni
946 1917 980 1956 G
1005 1917 1108 1956 diem
1127 1916 1345 1956 secundum
1372 1916 1477 1955 Iunii
1501 1914 1603 1958 facit‘

131 1976 361 2027 sabbatum,
390 1990 480 2015 cum
498 1975 735 2015 dominicam
755 1973 877 2013 fuisse
893 1975 1119 2027 oportuerit
1135 1988 1214 2026 quo
1234 1987 1339 2012 anno
1365 1979 1424 2012 est
1446 1974 1598 2014 Veccus

132 2033 177 2072 in
211 2032 517 2086 patriarchalem
550 2031 950 2083 Constantinopoleos
988 2036 1149 2069 evectus
1179 2029 1323 2072 sedem.
1386 2029 1505 2069 huius
1541 2032 1598 2070 fi-

131 2089 216 2138 nis,
246 2089 433 2140 quoniam
452 2089 659 2129 Michaelis
687 2087 907 2138 Palaeologi
930 2087 1070 2126 funere
1096 2086 1295 2138 posterior
1327 2091 1442 2125 extra
1473 2084 1596 2128 huius

131 2144 321 2185 historiae
355 2145 523 2185 limitem
559 2146 668 2196 exit,
716 2150 876 2184 nostrae
912 2142 1238 2183 considerationis
1278 2155 1387 2182 nunc
1434 2144 1597 2197 quidem

130 2215 214 2242 non
236 2208 308 2244 est.

245 2285 294 2325 V.
352 2285 489 2324 Restat
524 2286 709 2324 ultimum
751 2285 860 2339 quod
903 2283 1183 2338 proposuimus
1222 2283 1291 2322 hic
1328 2285 1596 2328 tractandum.

130 2349 286 2395 tempus
303 2355 384 2393 quo
405 2342 520 2381 missa
545 2343 709 2381 Romam
731 2349 790 2381 est
810 2357 840 2381 av
854 2339 1044 2380 Michaele
1061 2341 1242 2392 Augusto
1268 2340 1432 2393 insignis
1453 2343 1598 2396 legatio

130 2400 181 2437 ad
215 2399 501 2438 absolvendum
529 2400 732 2451 negotium
759 2398 1051 2438 conciliationis
1079 2398 1358 2448 ecclesiarum,
1395 2413 1473 2451 qua
1498 2401 1599 2439 Ger.

129 2469 270 2495 manus
290 2455 572 2508 expatriarcha
602 2462 642 2495 et
661 2455 855 2506 Georgius
883 2455 1115 2507 Acropolita
1145 2454 1318 2495 feliciter
1335 2456 1468 2495 functi
1488 2464 1592 2507 sunt,

129 2512 359 2552 charactere
387 2526 469 2550 non
495 2513 617 2551 dubio
639 2512 872 2562 insignitum
894 2512 1041 2562 legitur
1057 2526 1094 2551 c.
1116 2516 1172 2556 21
1197 2512 1225 2550 l.
1246 2513 1285 2555 5.
1342 2512 1398 2551 ait
1417 2514 1502 2551 illic
1520 2514 1595 2552 hi·-

126 2570 296 2608 storicus
323 2569 488 2609 solvisse
519 2569 671 2609 duabus
698 2569 925 2608 triremibus
951 2569 1101 2620 legatos
1125 2569 1216 2622 paci
1237 2568 1507 2609 conficiendae
1524 2571 1593 2609 de..

126 2627 316 2677 stinatos,
343 2625 495 2678 paratis
525 2626 604 2665 iam
634 2626 684 2665 ad
708 2639 791 2664 eam
820 2639 869 2664 ex
887 2631 1003 2678 parte
1029 2626 1270 2666 Graecorum
1291 2627 1486 2665 omnibus.
1545 2626 1588 2665 hi

125 2683 313 2732 suerunt,
341 2689 388 2722 ut
417 2696 450 2721 c.
483 2685 538 2726 17
563 2683 746 2734 superius
777 2682 956 2733 dixerat,
994 2683 1141 2736 partim
1165 2682 1419 2722 ecclesiastici
1439 2684 1587 2736 partim

124 2740 324 2780 senatorii.
382 2739 537 2793 priores
567 2740 788 2778 Germanus
814 2752 942 2794 nuper
958 2739 1183 2793 patriarcha
1212 2746 1251 2779 et
1274 2739 1484 2793 episcopus
1505 2741 1586 2778 Ni-

124 2808 240 2834 caeae
268 2795 554 2849 Theophanes,
590 2796 659 2835 alii
689 2809 852 2848 magnus
884 2796 1086 2849 logotheta
1117 2796 1376 2849 Acropolita,
1425 2810 1583 2849 praeses

123 2851 304 2892 vestiarii·
333 2854 549 2894 Panaretus
577 2859 618 2894 et
639 2867 806 2907 magnus
830 2854 1027 2909 interpres
1048 2853 1301 2897 Berrhoeota.
1356 2854 1582 2897 triremium
