1884 3262
443 230 518 273 DE
551 230 824 274 MICHAELE
858 230 1229 282 PALAEOLOGO
1265 233 1312 275 L.
1338 232 1413 276 VI.
1547 230 1647 279 491

197 341 311 396 παρὰ
335 345 411 385 τοῦ
440 347 689 399 κρατοῦντος
720 345 913 402 ἐφῆπται.
984 346 1050 388 καὶ
1083 343 1174 387 δίον
1200 344 1248 387 τὸ
1274 344 1460 398 σκαμβὸν
1472 344 1580 401 πρὸς
1599 343 1650 388 τὸ

198 409 330 465 ὀρθὸν
351 408 676 466 οἷπευθύνεσθαι,
713 411 768 463 ὥς
787 410 973 467 ἲσάζοιεν,
1004 411 1026 456 ὃ
1044 413 1088 455 δὲ
1107 413 1154 455 τὸ
1175 412 1307 468 ὀρθὸν
1325 413 1426 469 πρὸς
1445 413 1492 456 τὸ
1515 430 1648 467 σκαμ-
1672 418 1703 452 C

196 478 273 531 βόν
301 476 546 522 ἀπευθύνειν
576 478 794 537 ἠνάγκαζεν
812 513 827 534 ,
873 481 947 523 οὔκ
977 478 1165 524 εὐθύνων
1191 480 1238 523 τὸ
1272 481 1332 536 μὴ
1371 485 1506 531 καλῶς
1541 481 1648 536 ἕχον,

199 545 295 587 ἀλλ’
316 547 516 602 ἐγκαλῶν,
553 551 588 590 εἴ
607 549 665 603 μὴ
686 554 921 605 στρεβλοῖτο
934 581 948 601 ,
982 552 1042 607 τῷ
1068 552 1202 598 καλῶς
1226 548 1369 602 ἔχοντε.
1440 547 1501 592 ὅτι
1522 551 1567 592 δὲ
1583 549 1654 592 καί

150 618 303 668 ’ὅτισιν
334 616 493 658 ἐκείνων
525 615 771 672 παρεξήγετο
803 617 858 659 τὰ
883 620 958 659 τοῦ
987 614 1108 671 ζήλου
1138 618 1204 658 καὶ
1235 621 1311 658 τοῦ
1329 616 1457 670 μέσου
1479 622 1653 673 παρολι-

196 686 373 725 σθαῖνον
392 690 478 732 τοῖς
506 685 700 734 ἐναντίοις
729 685 993 740 προσέπαιεν,
1031 683 1158 734 ἔξεστι
1185 687 1243 742 τῷ
1265 687 1534 740 δίακρινοῦντι
1554 702 1654 731 σκο-

197 756 307 792 πεῖν·
342 750 447 805 πλὴν
475 751 528 793 τὰ
556 757 629 807 τῆς
650 754 848 810 τιμωρίας
873 750 1077 807 σβεννύειν
1106 750 1182 807 εἶχε
1210 753 1278 795 καὶ
1308 751 1356 795 τὸ
1385 752 1568 808 ἀμηγέπη
1587 753 1653 795 ἐπὶ

196 824 284 868 τοῖς
302 818 595 874 πραττομένοις
609 820 790 876 εὔλογον.

328 886 644 944 Ἐκκεκομμὲνης
668 890 805 931 τοίνυν
833 892 908 942 τῆς
935 888 1168 944 παρρησίας
1193 894 1286 937 τοῖς·
1306 887 1538 944 ἐλευθέροις
1564 885 1644 932 ὑπὸ
1668 893 1699 929 D

144 965 189 1000 10
199 950 347 997 σκότον
369 952 566 1011 φὰμουσα
586 958 865 1012 ἔρριπτοῢντο,
902 956 977 1011 τὴν
1004 961 1080 1012 τῆς
1107 956 1237 1012 ἀρχῆς
1254 958 1520 1012 παραβασίαν
1540 957 1652 1012 ἑλίγ-

194 1039 338 1077 χοντα.
407 1023 446 1065 οἱ
467 1024 511 1066 δὲ
532 1023 603 1067 τὸν
621 1022 831 1080 γράφοντα
847 1024 906 1079 μὴ
925 1024 1082 1078 ἔχοντες
1099 1030 1288 1079 τιμωρεῖν
1317 1024 1383 1081 (οὗ
1401 1024 1479 1080 γὰρ
1502 1020 1552 1078 ἦν
1576 1025 1652 1078 ἒμ-

195 1090 457 1148 φανίζεσθαι)
488 1098 575 1141 τοῖς
602 1090 829 1148 εὑρίσκουσι
855 1092 1016 1147 βαρέως
1039 1093 1194 1146 ἐπεῖχον
1218 1089 1273 1141 ὥς
1300 1091 1438 1142 αὐτοῖς
1456 1090 1650 1148 ὗβρίζου-
1694 1118 1701 1127 v

195 1174 261 1201 σιν
276 1171 286 1182 ·
322 1157 443 1214 ὕβριν
459 1159 536 1215 γὰρ
559 1157 727 1202 ἐκάλουν
746 1160 817 1203 τὸν
837 1159 1007 1216 ἔλεγχον.
1080 1157 1292 1216 ἐγγράφως
1319 1165 1535 1216 τοιγαροῦν
1555 1162 1650 1204 ἔκυ-

196 1230 321 1284 ροῦτο
360 1224 383 1280 ἡ
414 1229 588 1286 τιμωρία
619 1233 678 1288 τῷ
704 1226 831 1283 μόνον
858 1226 1092 1285 εὖρήσοντι,
1141 1230 1176 1271 εἲ
1203 1227 1329 1278 αὐτὸς
1360 1227 1551 1285 ἀναγνοίη
1561 1261 1575 1282 ,
1613 1231 1649 1272 εἶ

193 1345 314 1381 saltem
337 1346 424 1381 votis
447 1346 637 1393 expetibilis
658 1347 789 1382 omnino
813 1349 867 1382 est
881 1346 1020 1381 mutatio
1044 1346 1126 1381 talia
1146 1344 1294 1381 iubentis
1313 1345 1495 1392 principis;
1522 1345 1576 1381 cui
1596 1349 1652 1380 ta-

196 1402 272 1426 men
296 1392 331 1426 hi
354 1393 487 1426 nimium
510 1395 599 1428 forte
622 1393 830 1438 indulgentes
853 1393 979 1434 sensui,
1002 1403 1065 1426 nec
1086 1392 1171 1426 satis
1192 1397 1351 1426 caventes
1374 1404 1416 1426 ne
1436 1393 1472 1426 in
1495 1397 1651 1438 apertum

194 1448 322 1472 arcana
353 1438 520 1473 desideria
547 1439 740 1484 prodirent,
775 1439 852 1473 dum
891 1438 1140 1484 praesagiorum
1183 1438 1301 1472 mortis
1330 1437 1476 1482 Augusti
1505 1437 1652 1482 auguria.

198 1487 342 1528 captant
365 1484 629 1528 imprudentius,
664 1485 736 1519 eius
759 1483 842 1517 iram
864 1484 900 1517 in
924 1496 961 1518 se
982 1483 1078 1528 ipsos
1101 1488 1261 1517 acuentes
1282 1483 1468 1528 ingentium
1489 1483 1554 1517 sibi
1575 1485 1652 1517 sue-

197 1532 278 1562 runt
308 1528 470 1563 malorum
499 1541 632 1565 causae.
678 1531 805 1574 agebat
835 1530 894 1564 ille
924 1530 959 1563 in
988 1529 1052 1562 boc
1080 1529 1214 1574 quidem
1233 1540 1300 1562 non
1322 1533 1437 1570 recte3
1470 1528 1551 1574 qui,
1575 1540 1651 1562 cum

144 1597 146 1599 >
196 1575 403 1618 oportuisset
423 1575 591 1621 obliquum
615 1576 658 1609 ad
690 1576 776 1611 recti
810 1587 959 1610 normam
993 1574 1165 1618 corrigere
1185 1574 1303 1619 sicque
1325 1575 1422 1609 ambo
1445 1585 1651 1619 exaequare,

197 1624 315 1654 contra
337 1621 483 1664 cogebat
513 1622 715 1667 detorquere
743 1621 831 1667 quod
863 1633 925 1666 per
948 1631 1024 1654 sese
1049 1624 1179 1654 rectum
1204 1620 1337 1664 fuerat,
1373 1621 1651 1664 conformareque

196 1668 241 1698 ad
263 1666 469 1710 pravitatem
491 1667 635 1712 obliqui,
668 1678 733 1700 non
762 1668 942 1701 emendans
972 1666 1005 1699 id
1027 1665 1117 1710 quod
1141 1670 1217 1700 erat
1239 1666 1413 1708 vitiosum,
1437 1665 1498 1699 sed
1522 1665 1651 1699 crimini

196 1716 359 1753 vertens,
384 1711 415 1746 si
437 1723 503 1746 non
525 1713 768 1757 depravaretur
790 1713 881 1757 quod
913 1713 999 1746 bene
1025 1712 1183 1746 habebat.
1230 1723 1339 1757 neque
1363 1711 1513 1745 diffiteor
1535 1717 1649 1744 tamen

194 1762 373 1802 peccatum
394 1769 416 1792 a
439 1758 628 1801 monachis,
651 1758 847 1804 quibusdam
870 1768 983 1792 eorum
1005 1757 1185 1791 inconsulti
1207 1758 1271 1791 zeli
1290 1757 1548 1791 effervescentia
1567 1767 1651 1801 pro-

195 1803 432 1848 rumpentibus
455 1815 522 1849 quo
546 1803 679 1838 minime
701 1804 907 1837 conveniret.
954 1814 1073 1838 verum
1096 1815 1139 1836 ne
1171 1802 1282 1856 ipsum
1306 1803 1442 1848 quidem
1465 1802 1653 1847 imperato-

193 1858 292 1890 rem,
317 1848 396 1883 dum
419 1849 472 1883 his
495 1850 648 1891 obsistit,
680 1849 822 1883 medium
855 1847 1014 1883 laudatae
1035 1849 1277 1883 moderationis
1300 1848 1470 1889 tenuisse,
1504 1847 1566 1881 sed
1587 1858 1663 1889 err-y

195 1893 346 1928 cedendo
368 1894 548 1939 impegisse
570 1895 604 1929 in
628 1895 830 1929 contrarium
852 1898 1059 1936 extremum,
1082 1894 1215 1928 confido
1237 1895 1444 1928 iudicaturos
1465 1893 1647 1938 sapientes,

194 1938 254 1974 ubi
276 1950 365 1984 quae
387 1940 463 1974 fieri
485 1944 566 1974 tunc
587 1940 731 1984 contigit
753 1945 883 1975 attente
904 1940 1152 1986 perspexerint.
1198 1943 1367 1974 caeterum
1391 1951 1465 1973 cum
1486 1939 1646 1983 utrinque

195 1988 275 2019 acta
299 1995 361 2020 sua
382 1986 546 2031 quaedam
570 1987 737 2021 coloraret
759 1985 900 2020 rationis
922 1986 1085 2031 species,
1105 1985 1219 2019 valere
1250 1986 1307 2019 illa
1331 1985 1447 2020 debuit
1468 1984 1512 2018 ad
1535 1984 1648 2018 extin-

196 2030 347 2075 guendus
379 2033 436 2065 vel
464 2036 558 2066 certe
591 2032 825 2077 temperandos
846 2037 1065 2077 utrorumque
1087 2031 1223 2066 insanos
1246 2032 1407 2071 ardores,
1430 2035 1468 2063 ut
1490 2042 1554 2064 nec
1576 2041 1648 2063 mo-

195 2076 298 2110 nachi
316 2081 388 2110 tam
409 2077 650 2112 contumaciter
670 2079 823 2122 Augusto
846 2081 1085 2122 repugnarent,
1107 2089 1226 2122 pacem
1248 2077 1464 2111 ecclesiarum
1485 2075 1648 2119 reipubli-

196 2132 259 2155 cae
287 2121 498 2157 utilissimam
532 2124 839 2158 accommodatione
868 2123 982 2157 multis
1013 2123 1156 2168 probata
1186 2122 1406 2167 procuranti,
1439 2126 1476 2154 et
1497 2120 1646 2154 vicissim

194 2165 382 2211 imperator
402 2168 514 2202 mitius
536 2181 595 2203 eos
618 2173 810 2213 coerceret,
841 2179 981 2214 quorum
997 2167 1223 2202 aestuantium
1244 2172 1334 2202 metu
1356 2166 1541 2211 peccandi,
1563 2166 1647 2200 licet

196 2222 306 2253 vano,
328 2211 469 2247 infirmis
491 2225 633 2260 aequum
656 2219 732 2248 erat
762 2214 977 2248 conscientiis
997 2213 1140 2258 ignosci.
1186 2217 1225 2247 ut
1255 2218 1294 2247 ut
1314 2223 1414 2257 porro
1438 2211 1579 2256 quisque
1602 2211 1646 2245 ‹le

196 2256 250 2291 his
279 2261 428 2299 statuat,
457 2259 535 2293 inde
567 2261 693 2294 factum
725 2264 779 2294 est
807 2264 847 2294 ut
886 2270 1050 2305 oppressa
1090 2259 1224 2304 publice
1261 2257 1372 2292 saevis
1409 2257 1646 2302 suppliciorum

196 2302 358 2347 exemplis
379 2305 628 2338 contradicendi
647 2306 785 2339 libertas
809 2305 844 2339 in
866 2305 1024 2339 furtivam
1047 2304 1268 2338 maledicendi
1291 2302 1456 2337 licentiam
1489 2314 1646 2348 erumpe-

194 2352 272 2388 ret,
294 2347 480 2394 famosique
507 2350 611 2384 libelli
641 2350 727 2384 clam
759 2350 917 2384 noctibus
939 2355 1201 2394 spargerentur,
1225 2350 1346 2395 quibus
1369 2348 1562 2394 imperatori
1585 2359 1648 2382 ex—

194 2394 446 2439 probrabantur
477 2399 596 2429 vetera
625 2396 756 2430 scelera
778 2396 889 2431 invasi
908 2395 1059 2442 periurio
1087 2394 1220 2441 imperii
1242 2394 1496 2440 circumscripto
1518 2393 1647 2440 pupillo

195 2443 445 2484 excaecatoque
466 2451 547 2474 vero
568 2441 704 2476 herede.

287 2484 352 2519 His
371 2485 555 2529 imperator
588 2498 661 2520 cum
685 2486 755 2520 suis
780 2497 885 2531 supra
906 2485 1037 2520 modum
1058 2485 1206 2529 irritati,
1237 2497 1337 2531 quam
1367 2484 1404 2519 in
1427 2489 1583 2520 auctores
1606 2484 1649 2518 li-

196 2529 357 2565 bellorum
378 2533 447 2564 suis
474 2532 616 2565 latebris
648 2535 742 2565 tutos
764 2531 937 2565 effundere
968 2531 1054 2566 iram
1076 2531 1281 2576 nequibant,
1311 2532 1346 2566 in
1368 2543 1428 2565 eos
1450 2531 1510 2576 qui
1532 2535 1649 2564 sustu-

195 2575 318 2610 lissent
348 2575 513 2617 inventos,
532 2577 621 2621 apud
653 2588 759 2621 seque
790 2582 972 2615 tenerent..
1010 2589 1192 2621 poenarum
1232 2577 1432 2612 crudelitate
1466 2576 1648 2612 satiabant.

196 2632 274 2656 nam
301 2623 335 2655 et
357 2621 457 2655 obiici
478 2622 578 2665 talia,
610 2625 789 2667 utcumque
820 2633 924 2664 vera,
956 2634 1114 2657 summam
1146 2616 1376 2658 co'ntumeliam
1401 2622 1590 2668 putabant3
1614 2626 1650 2655 et

196 2666 298 2701 huius
331 2667 552 2702 contumeliae
583 2679 682 2703 veros
718 2671 875 2702 auctores
898 2679 957 2702 eos
988 2669 1259 2712 arbitrabantur,
1282 2669 1339 2715 qui
1363 2667 1493 2702 nefaria
1516 2670 1552 2700 et
1572 2666 1650 2700 visu

195 2712 304 2756 primo
328 2713 492 2747 abolenda
514 2714 642 2759 scripta
665 2725 738 2748 cum
760 2713 827 2759 ipsi
852 2714 1015 2758 legerent,
1037 2718 1108 2748 tum
1130 2715 1272 2758 legenda
1294 2714 1438 2748 caeteris
1461 2716 1647 2746 servarent.

196 2757 268 2791 fixa
289 2757 394 2802 igitur
424 2759 460 2792 in
482 2759 617 2805 publico
647 2759 701 2793 lex
737 2765 790 2793 est
818 2759 913 2793 huius
934 2760 1144 2795 sententiae:
1174 2761 1256 2806 “qui
1286 2762 1446 2794 famosum
1469 2758 1649 2799 invenerit,

197 2801 230 2835 si
251 2803 375 2848 legerit
395 2803 488 2849 ipse,
510 2804 539 2839 si
563 2804 620 2838 alii
642 2804 782 2846 dixerit,
812 2804 842 2838 si
863 2816 930 2839 non
950 2805 1065 2840 statim
1089 2806 1332 2848 combusserit,
1359 2805 1389 2839 si
1412 2803 1501 2849 apud
1524 2814 1562 2837 se
1587 2803 1648 2837 ba-

196 2847 280 2883 bere
301 2848 530 2895 deprehensus
550 2850 685 2894 fuerit,
707 2850 826 2898 capitis
847 2850 1054 2887 damnator-st
1100 2852 1314 2898 quaestiones
1335 2850 1414 2886 inde
1436 2848 1646 2885 acres'dira-
