1884 3262
450 190 526 232 DE
560 189 836 233 MICHAELE
870 191 1241 235 PALAEOLOGO
1272 192 1317 236 L.
1353 191 1429 234 IV.
1569 190 1664 236 283

203 301 498 360 προσετετήκει,
529 301 633 347 ὥστ’
660 303 851 362 ἀποχρῶν
867 305 973 348 κατὰ
990 306 1038 349 τὸ
1057 305 1259 363 παρεστὸς
1277 301 1515 361 ἡγούμενος,
1542 308 1665 348 τοῦτο

202 374 276 426 μὲν
309 375 365 422 εἷς
395 373 469 425 τὴν
501 374 651 415 ἐκείνου
679 375 952 430 παραμυθίαν
970 372 1182 424 παθόντος
1204 372 1271 416 οἷα
1294 372 1510 426 πεπόνθει,
1543 378 1666 416 τοῦτο

204 442 250 483 δὲ
269 443 336 483 καὶ
358 443 414 490 εἷς
432 441 506 495 τὴν
525 446 607 484 τῶν
628 442 968 497 ἔκκλησιαστικῶν
998 442 1160 498 ἀγωγὴν
1180 445 1235 492 εἷς
1255 444 1466 486 παίδευσιν
1486 440 1664 498 λογικήν,

204 509 252 552 τὸ
272 510 420 552 ἐκεῖνον
440 511 484 552 ἐκ
503 514 576 565 τῆς
598 515 673 552 τοῦ
691 508 947 567 Προδρόμου
971 516 1102 566 μονῆς
1120 507 1298 560 ἐξελθεῖν
1318 513 1385 552 καὶ
1406 514 1666 567 προσοκεῖλαι

171 582 255 634 5τῇ
291 579 506 637 ἐκκλησία,
549 577 666 634 ἔργον
699 577 835 635 πάσης
861 579 1056 634 ἀσχολίας
1093 578 1271 622 ἐπέκεινα
1299 581 1458 621 τίθεται
1488 579 1535 621 τὸ
1564 577 1666 635 ὖπέρ

203 643 352 689 τούτου
385 651 633 701 πρεσβεῦσαι
661 652 719 705 τῷ
744 651 911 701 βασιλεῖ
935 649 1002 690 καὶ
1033 647 1080 690 τὸ
1111 651 1186 703 τῆς
1213 649 1429 703 πρεσβείας
1455 648 1663 703 ἐπαγωγὸν
1687 658 1716 692 Β

204 715 516 772 προβαλέσθαι,
547 714 603 766 ὥς
634 715 753 770 Πἤδη
774 717 848 770 μὲν
869 714 889 759 ὅ
907 716 1199 772 Ἀκροπολίτης
1215 717 1282 758 καὶ
1299 715 1424 771 με’γας
1442 716 1669 771 λογοθέτης

203 787 244 826 Γ
241 782 406 839 εώργιος
414 816 427 836 ‚
466 783 538 841 ἐφ’
563 783 700 826 ἱκανὸν
729 785 772 827 ἔκ
802 783 1063 842 προστάξεως
1086 789 1183 839 σῆς,
1216 789 1412 839 βασιλεῦ,
1446 782 1668 841 ἒνιὸρώσας

204 852 460 909 παραδιδοὺς
498 851 552 895 τὰ
583 850 818 908 μαθήματα
828 886 842 906 ‚
884 853 965 908 ἤδη
997 855 1064 896 καὶ
1093 850 1411 908 ἀποκεκαμήκει,
1454 854 1520 895 καὶ
1549 855 1667 909 χρεία

152 932 195 964 10
207 922 314 964 ἐστὶν
343 920 492 970 ἄλλους
521 918 749 976 ἀνάγεσθαι
759 955 772 975 ,
804 924 871 964 καὶ
899 927 982 965 τῶν
1003 921 1139 965 ἄλλων
1158 921 1234 977 οὐχ
1252 916 1376 976 ἦττον
1394 921 1492 971 τοῦς
1508 926 1582 976 τῆς
1601 922 1668 964 ἔκ·-

205 989 396 1045 κλησίας,
432 988 536 1045 παρ’
557 988 656 1032 ὅσον
673 992 740 1032 καὶ
763 989 918 1047 ἀνάγκη
934 992 1166 1047 προβαίνειν
1187 988 1361 1040 τούτους
1377 994 1435 1049 τῷ
1454 987 1559 1048 λόγῳ
1577 997 1667 1040 ταῖς

203 1059 551 1113 ἐκκλησιαστικαῖς
574 1060 729 1114 χρείαις
757 1057 814 1108 ὥς
835 1057 1017 1114 μάλιστα
1036 1057 1399 1115 χρησιμεύσοντας.
1472 1056 1666 1101 κατάνευε
1688 1066 1718 1100 C

204 1127 340 1169 τοίνυν
366 1124 463 1180 ἡμῖν
488 1126 670 1176 ἀξιοῦσιν
697 1125 752 1177 ὥς
778 1126 880 1185 ὖπὲρ
910 1133 987 1183 τῆς
1015 1129 1229 1183 ἐκκλησίας
1260 1123 1553 1184 πρεσβεύουσι,
1599 1129 1668 1169 καὶ

205 1197 451 1249 ἔξευμενίζου
481 1199 539 1253 τῷ
564 1194 807 1255 Ὁλοβιῦλῳ,
837 1198 903 1239 καὶ
928 1196 1096 1252 δέχομαι
1121 1201 1268 1240 τοῦτον
1287 1197 1353 1239 καὶ
1373 1195 1478 1238 κατὰ
1494 1195 1542 1238 τὸ
1564 1196 1669 1245 εἰκὸς

152 1273 194 1308 15
206 1268 374 1320 τιμῆσαι
406 1264 472 1306 καὶ
505 1265 560 1313 εἷς
593 1262 840 1308 διδάσκαλον
874 1269 1130 1321 καταστῆσαι
1164 1272 1251 1315 τοῖς
1281 1269 1564 1320 προσφοιτῶσι
1594 1268 1670 1319 τῆς

204 1337 368 1387 λογικῆς
406 1329 703 1383 παιδεύσεως.”
774 1335 840 1376 καὶ
870 1339 1002 1377 ταῦτα
1027 1335 1102 1387 μὲν
1129 1333 1201 1376 τὸν
1231 1331 1488 1390 πατριάρχην
1520 1333 1670 1375 ἐκεῖνον

206 1403 328 1443 εἰπεῖν
337 1433 351 1453 ,
387 1402 454 1442 καὶ
476 1399 659 1451 εἰπόντος
680 1401 809 1452 εὐθὺς
829 1407 1075 1446 κατανεῦσαι
1094 1402 1165 1445 τὸν
1187 1402 1360 1456 βασιλέα
1380 1402 1448 1443 καὶ
1470 1405 1521 1456 τῇ
1546 1398 1671 1451 ἀξιώ-

207 1485 267 1511 σει
284 1472 595 1514 καθυποκλΐναι.
667 1467 717 1526 ἦν
738 1471 816 1529 γὰρ
842 1478 933 1521 ταῖς
952 1471 1167 1526 ἀληθείαις
1188 1471 1368 1520 κάκεῖνος
1390 1469 1493 1525 πρὸς
1514 1469 1566 1511 τὰ
1588 1486 1669 1511 πα-

298 1592 332 1626 3.
354 1591 407 1630 εἰς
430 1588 520 1636 τὴν]
548 1589 587 1628 ἐκ
610 1592 650 1625 Ρ.
787 1593 821 1627 9.
844 1591 1117 1637 ἆποκὲκμηκενὶ)

207 1695 363 1740 plenum;
399 1694 443 1728 de
475 1706 543 1740 quo
577 1706 651 1729 cum
682 1694 849 1730 iudicaret
882 1696 1036 1730 idoneum
1069 1707 1111 1729 ac
1142 1694 1335 1737 sufficiens,
1372 1695 1402 1729 si
1425 1694 1672 1740 praeficeretur

207 1740 349 1779 studiis.
382 1740 643 1775 instrumentum
675 1753 750 1775 eum
781 1742 856 1776 fore
889 1742 1130 1787 provehendae
1152 1741 1196 1775 ad
1219 1741 1450 1775 celebritatem
1473 1741 1673 1776 literaturae

207 1798 249 1821 ac
279 1787 494 1831 reponendae
526 1787 562 1821 in
590 1787 710 1821 florem
740 1787 941 1832 pristinum,
974 1800 1036 1822 sua
1068 1799 1151 1821 sane
1186 1787 1279 1820 illum
1302 1787 1414 1832 opinio
1439 1799 1506 1821 non
1530 1788 1673 1829 sefellit3

210 1843 411 1878 quamquam
442 1832 485 1866 ad
516 1833 606 1867 hunc
637 1834 821 1868 ornandum
853 1846 919 1868 non
953 1834 1026 1869 sola
1047 1832 1206 1868 utilitatis
1230 1833 1384 1879 publicae
1406 1833 1539 1867 ratione
1560 1837 1670 1867 motus

207 1884 281 1920 est,
313 1879 374 1912 sed
400 1878 632 1913 misericordia
653 1886 835 1925 praeterea
856 1880 971 1915 infesti
995 1891 1115 1922 casus,
1148 1890 1215 1924 quo
1238 1879 1295 1913 ille
1315 1879 1496 1913 infeliciter
1519 1879 1670 1915 afflictus

206 1925 331 1966 fuerat,
355 1936 505 1970 curaque
526 1926 646 1959 debita
667 1927 862 1961 consolandi
886 1926 961 1960 eius
982 1926 1017 1959 in
1041 1930 1108 1959 tam
1131 1925 1256 1958 acerba
1279 1925 1482 1962 calamitate,
1529 1925 1670 1959 molien-

208 1971 288 2004 dum
310 1981 393 2015 ergo
415 1971 480 2005 sibi
503 1971 637 2016 putavit
657 1976 696 2006 ut
718 1983 793 2007 cum
817 1974 906 2007 bona
928 1972 1040 2017 gratia
1061 1971 1288 2016 imperatoris,
1308 1971 1399 2005 illum
1423 1983 1443 2005 e
1465 1971 1670 2005 monasterio

206 2016 445 2050 Praecursoris
476 2020 632 2051 eductum
666 2018 832 2053 ecclesiae
860 2020 1069 2064 applicaret,
1100 2017 1217 2062 ibique
1246 2017 1382 2051 scholae
1416 2017 1670 2051 ecclesiasticae

207 2062 432 2107 praeficeret,
464 2063 671 2098 erudiendos
692 2064 759 2109 ipsi
781 2065 992 2099 committens
1012 2064 1153 2098 iuvenes
1175 2063 1324 2097 clericos.
1370 2063 1474 2108 idque
1497 2062 1670 2107 negotium

208 2108 338 2142 cunctis
366 2109 648 2154 praevertendum
679 2115 797 2152 ratus,
830 2110 1007 2145 confestim
1037 2110 1124 2144 adiit
1150 2109 1405 2154 imperatorem,
1441 2120 1515 2142 cum
1548 2119 1669 2153 eoque,

209 2153 291 2186 nihil
313 2165 380 2188 non
401 2154 566 2189 adhibens
588 2156 680 2201 quod
702 2157 819 2191 valere
844 2157 888 2191 ad
910 2156 1159 2202 impetrandum
1183 2155 1410 2189 arbitraretur
1431 2165 1531 2197 posse
1544 2179 1555 2193 ,
1578 2154 1669 2187 hunc

209 2199 317 2232 ferme
347 2199 384 2232 in
416 2200 550 2235 modum
586 2202 667 2246 egit.
715 2203 946 2248 “Acropolita
978 2208 1015 2236 et
1042 2212 1182 2246 magnus
1215 2201 1393 2243 logotheta
1415 2200 1585 2243 Georgius
1607 2204 1668 2233 tuo

210 2244 355 2286 dudum,
377 2245 548 2290 Auguste,
568 2247 662 2282 iussu
685 2254 842 2283 versatus
862 2249 898 2283 in
922 2248 1098 2283 tradendis
1120 2246 1324 2290 disciplinis,
1357 2251 1533 2291 postquam
1556 2245 1670 2279 multis

211 2290 278 2324 iam
311 2291 408 2324 annis
439 2292 611 2327 insudavit
633 2293 666 2327 ei
689 2306 838 2340 operae,
874 2294 994 2330 fractis
1021 2294 1152 2328 demum
1174 2291 1305 2325 viribus
1334 2291 1485 2334 fatiscit,
1521 2295 1556 2325 et
1575 2296 1615 2325 ut
1636 2292 1668 2324 ei

211 2335 353 2370 emerito
384 2337 444 2371 alii
475 2338 659 2373 succedant
690 2351 776 2384 opus
804 2341 936 2375 omnino
969 2344 1033 2374 est.
1077 2340 1112 2373 id
1152 2348 1227 2371 cum
1268 2337 1454 2372 universim
1485 2337 1672 2372 iuventutis

213 2381 327 2426 gratia
350 2393 403 2415 me
427 2394 612 2427 suggerere
633 2390 738 2430 teque
760 2398 882 2420 curare
904 2386 1036 2429 dignum
1061 2390 1136 2426 est,
1170 2389 1240 2417 tum
1263 2384 1465 2427 praesertim
1488 2383 1566 2417 mihi
1589 2395 1672 2418 con-

209 2428 304 2462 venit
327 2428 568 2463 ecciesiasticis
589 2430 626 2463 in
649 2443 689 2465 eo
712 2443 838 2476 genere
861 2431 1130 2467 adolescentibus
1152 2429 1371 2474 prospicere,
1404 2441 1490 2475 quos
1511 2430 1561 2463 ita
1586 2429 1671 2463 edu-

210 2485 292 2507 care
314 2478 354 2507 ut
372 2486 473 2519 quam
496 2475 660 2520 aptissimi
683 2479 830 2512 evadant
852 2478 895 2512 ad
920 2489 1034 2512 omnes
1055 2477 1244 2510 functiones
1267 2475 1394 2510 ordinis
1417 2475 1548 2519 nostri,
1585 2486 1672 2521 qua-

211 2531 284 2554 rum
309 2520 492 2565 pleraeque
517 2520 628 2555 literis
659 2527 696 2556 et
726 2524 895 2569 exquisita
918 2523 1076 2557 doctrina
1095 2521 1267 2566 indigent,
1301 2521 1344 2555 ad
1366 2526 1518 2555 nostram
1540 2522 1575 2555 in
1598 2521 1672 2566 pri-

210 2565 275 2599 mis
297 2566 542 2610 providentiam
565 2567 726 2612 pertinet.
772 2581 882 2604 annue
904 2569 1010 2613 igitur
1039 2568 1214 2603 orantibus
1234 2567 1332 2602 nobis
1355 2572 1392 2601 et
1413 2567 1590 2601 universae
1613 2578 1672 2600 ec-

211 2610 338 2645 clesiae
359 2612 493 2646 nomine
514 2613 709 2658 petentibus
732 2615 863 2649 veniam
886 2615 1100 2669 gratiamque
1122 2625 1206 2658 erga
1227 2614 1428 2647 Holobolum
1452 2618 1563 2654 tuam,
1594 2623 1675 2657 per-

212 2657 349 2691 mittens
379 2662 420 2691 ut
451 2660 652 2693 transferam
674 2660 766 2694 illum
787 2661 1019 2706 accipiamque
1040 2672 1076 2694 m
1098 2659 1276 2704 collegium
1298 2659 1382 2693 cleri
1405 2658 1515 2693 nostri
1538 2662 1574 2692 et
1596 2669 1671 2691 cnm

212 2701 328 2736 debito
350 2703 478 2738 honore
498 2705 696 2749 magistrum
719 2707 915 2751 praeficiam
937 2710 1075 2741 nostrae
1094 2705 1284 2747 iuventuti,
1315 2705 1500 2750 disciplinis
1521 2703 1674 2737 liberali-

211 2747 278 2781 bus
300 2749 336 2782 in
357 2749 440 2784 ludo
463 2749 616 2785 literario
640 2763 776 2797 operam
799 2753 953 2787 daturae.
963 2755 983 2768 ’³
1028 2753 1115 2787 haec
1136 2752 1248 2786 locuto
1272 2751 1486 2796 patriarchae
1509 2749 1674 2782 concessit

212 2793 329 2828 statim
356 2795 490 2839 prolixe
520 2797 611 2842 quod
643 2798 780 2832 volebat
812 2799 1015 2844 imperator:
1051 2802 1127 2833 erat
1148 2797 1234 2832 enim
1257 2801 1295 2831 et
1315 2797 1390 2842 ipse
1412 2794 1550 2840 proprio
1573 2794 1672 2838 genio

214 2850 279 2873 non
310 2851 427 2885 parum
462 2841 643 2878 inclinatus
677 2843 720 2878 ad
754 2845 978 2880 revocandum
1007 2845 1045 2879 in
1080 2844 1169 2879 omni
1205 2843 1334 2889 gloriae
1366 2846 1465 2887 parte
1497 2840 1673 2886 antiquum
