<?xml version="1.0" encoding="UTF-8"?>
<!DOCTYPE html PUBLIC "-//W3C//DTD XHTML 1.0 Transitional//EN"
    "http://www.w3.org/TR/xhtml1/DTD/xhtml1-transitional.dtd">
<html xmlns="http://www.w3.org/1999/xhtml" xml:lang="en" lang="en">
 <head>
  <title>
</title>
<meta http-equiv="Content-Type" content="text/html;charset=utf-8" />
  <meta name='ocr-system' content='tesseract 3.04.00' />
  <meta name='ocr-capabilities' content='ocr_page ocr_carea ocr_par ocr_line ocrx_word'/>
</head>
<body>
  <div class='ocr_page' id='page_1' title='image "./corpusscriptorum17niebuoft_0366.png"; bbox 0 0 1884 3262; ppageno 0'>
   <div class='ocr_carea' id='block_1_1' title="bbox 246 219 1283 270">
    <p class='ocr_par' dir='ltr' id='par_1_1' title="bbox 246 219 1283 270">
     <span class='ocr_line' id='line_1_1' title="bbox 246 219 1283 270; baseline 0.002 -2"><span class='ocrx_word' id='word_1_1' title='bbox 246 222 343 268; x_wconf 83' lang='lat'><strong>348</strong></span> <span class='ocrx_word' id='word_1_2' title='bbox 664 219 900 265; x_wconf 86' lang='lat' dir='ltr'>GEORGII</span> <span class='ocrx_word' id='word_1_3' title='bbox 932 222 1283 270; x_wconf 86' lang='lat' dir='ltr'><strong>PACHYMERIS</strong></span> 
     </span>
    </p>
   </div>
   <div class='ocr_carea' id='block_1_2' title="bbox 185 331 1758 1629">
    <p class='ocr_par' dir='ltr' id='par_1_2' title="bbox 185 331 1758 1629">
     <span class='ocr_line' id='line_1_2' title="bbox 246 331 1701 397; baseline 0.003 -16"><span class='ocrx_word' id='word_1_4' title='bbox 246 334 471 392; x_wconf 75' lang='grc' dir='ltr'><em>ἀνάλγητον</em></span> <span class='ocrx_word' id='word_1_5' title='bbox 502 333 528 388; x_wconf 80' lang='grc' dir='ltr'><strong><em>ἦ</em></strong></span> <span class='ocrx_word' id='word_1_6' title='bbox 559 331 773 391; x_wconf 74' lang='grc' dir='ltr'><em>καλύπτρα</em></span> <span class='ocrx_word' id='word_1_7' title='bbox 785 367 798 387; x_wconf 91' lang='grc'><em>,</em></span> <span class='ocrx_word' id='word_1_8' title='bbox 837 337 871 378; x_wconf 81' lang='grc' dir='ltr'><strong>εἲ</strong></span> <span class='ocrx_word' id='word_1_9' title='bbox 889 333 911 378; x_wconf 81' lang='grc' dir='ltr'>ὅ</span> <span class='ocrx_word' id='word_1_10' title='bbox 933 335 1286 393; x_wconf 72' lang='grc' dir='ltr'><em>ε’πανεσπαρμένος</em></span> <span class='ocrx_word' id='word_1_11' title='bbox 1302 337 1515 397; x_wconf 85' lang='grc' dir='ltr'><em>μα’ργαρος</em></span> <span class='ocrx_word' id='word_1_12' title='bbox 1535 340 1701 395; x_wconf 77' lang='grc' dir='ltr'><em>ἀμύνειν</em></span> 
     </span>
     <span class='ocr_line' id='line_1_3' title="bbox 246 401 1703 466; baseline 0.004 -18"><span class='ocrx_word' id='word_1_13' title='bbox 246 407 329 459; x_wconf 64' lang='grc' dir='ltr'><em>ἔχοι</em></span> <span class='ocrx_word' id='word_1_14' title='bbox 350 401 481 460; x_wconf 78' lang='grc' dir='ltr'><em>ταύτῃ</em></span> <span class='ocrx_word' id='word_1_15' title='bbox 500 403 572 453; x_wconf 83' lang='grc' dir='ltr'><em>τὰς</em></span> <span class='ocrx_word' id='word_1_16' title='bbox 593 402 831 460; x_wconf 81' lang='grc' dir='ltr'><em>ἀστραπάς,</em></span> <span class='ocrx_word' id='word_1_17' title='bbox 861 406 896 447; x_wconf 80' lang='grc' dir='ltr'><strong>εἲ</strong></span> <span class='ocrx_word' id='word_1_18' title='bbox 911 406 967 455; x_wconf 78' lang='grc' dir='ltr'><strong>εἷς</strong></span> <span class='ocrx_word' id='word_1_19' title='bbox 987 410 1173 461; x_wconf 81' lang='grc' dir='ltr'><em>βροντῶν</em></span> <span class='ocrx_word' id='word_1_20' title='bbox 1192 405 1392 461; x_wconf 79' lang='grc' dir='ltr'><strong><em>κτύπους,</em></strong></span> <span class='ocrx_word' id='word_1_21' title='bbox 1430 409 1533 454; x_wconf 83' lang='grc' dir='ltr'><em>ὥστε</em></span> <span class='ocrx_word' id='word_1_22' title='bbox 1551 411 1609 465; x_wconf 80' lang='grc' dir='ltr'><strong>μὴ</strong></span> <span class='ocrx_word' id='word_1_23' title='bbox 1630 413 1703 466; x_wconf 67' lang='grc' dir='ltr'><strong>ἒμ-Δ</strong></span> 
     </span>
     <span class='ocr_line' id='line_1_4' title="bbox 243 471 1702 533; baseline 0.005 -18"><span class='ocrx_word' id='word_1_24' title='bbox 243 471 471 528; x_wconf 79' lang='grc' dir='ltr'><em>βρόντητον</em></span> <span class='ocrx_word' id='word_1_25' title='bbox 491 473 677 527; x_wconf 83' lang='grc' dir='ltr'><em>γίνεσθαι</em></span> <span class='ocrx_word' id='word_1_26' title='bbox 695 472 766 515; x_wconf 80' lang='grc' dir='ltr'><strong>τὸν</strong></span> <span class='ocrx_word' id='word_1_27' title='bbox 785 478 1009 530; x_wconf 78' lang='grc' dir='ltr'><em>φοροῦντα,</em></span> <span class='ocrx_word' id='word_1_28' title='bbox 1048 472 1069 517; x_wconf 80' lang='grc' dir='ltr'><em>ὃ</em></span> <span class='ocrx_word' id='word_1_29' title='bbox 1089 476 1208 525; x_wconf 90' lang='grc' dir='ltr'><em>λίθος</em></span> <span class='ocrx_word' id='word_1_30' title='bbox 1227 478 1473 533; x_wconf 81' lang='grc' dir='ltr'><em>συναίροιτο,</em></span> <span class='ocrx_word' id='word_1_31' title='bbox 1504 481 1539 521; x_wconf 84' lang='grc' dir='ltr'><strong>εἷ</strong></span> <span class='ocrx_word' id='word_1_32' title='bbox 1554 479 1605 522; x_wconf 77' lang='grc' dir='ltr'><strong>τὰ</strong></span> <span class='ocrx_word' id='word_1_33' title='bbox 1625 498 1702 522; x_wconf 92' lang='grc' dir='ltr'><strong>πο-</strong></span> 
     </span>
     <span class='ocr_line' id='line_1_5' title="bbox 244 536 1700 602; baseline 0.004 -18"><span class='ocrx_word' id='word_1_34' title='bbox 244 545 389 594; x_wconf 82' lang='grc' dir='ltr'><em>λυτελῆ</em></span> <span class='ocrx_word' id='word_1_35' title='bbox 412 536 539 591; x_wconf 74' lang='grc' dir='ltr'><em>αὖθις</em></span> <span class='ocrx_word' id='word_1_36' title='bbox 559 540 767 596; x_wconf 74' lang='grc' dir='ltr'><em>ἐνδύματα</em></span> <span class='ocrx_word' id='word_1_37' title='bbox 791 545 845 593; x_wconf 80' lang='grc' dir='ltr'><strong>εἷς</strong></span> <span class='ocrx_word' id='word_1_38' title='bbox 865 542 1037 585; x_wconf 80' lang='grc' dir='ltr'><em>ἀπονίαν</em></span> <span class='ocrx_word' id='word_1_39' title='bbox 1058 547 1191 596; x_wconf 83' lang='grc' dir='ltr'><em>μελῶν</em></span> <span class='ocrx_word' id='word_1_40' title='bbox 1211 544 1507 599; x_wconf 76' lang='grc' dir='ltr'><em>συλλαμβάνοι.</em></span> <span class='ocrx_word' id='word_1_41' title='bbox 1575 550 1610 590; x_wconf 75' lang='grc' dir='ltr'><strong>εἴ</strong></span> <span class='ocrx_word' id='word_1_42' title='bbox 1626 549 1700 602; x_wconf 72' lang='grc' dir='ltr'><strong>μὲν</strong></span> 
     </span>
     <span class='ocr_line' id='line_1_6' title="bbox 245 610 1735 670; baseline 0.004 -16"><span class='ocrx_word' id='word_1_43' title='bbox 245 610 318 654; x_wconf 77' lang='grc' dir='ltr'><em>οὐκ</em></span> <span class='ocrx_word' id='word_1_44' title='bbox 349 610 508 667; x_wconf 69' lang='grc' dir='ltr'><em>ἔλεγον,</em></span> <span class='ocrx_word' id='word_1_45' title='bbox 543 612 828 667; x_wconf 85' lang='grc' dir='ltr'><em>παρερρίπτει,</em></span> <span class='ocrx_word' id='word_1_46' title='bbox 862 613 896 654; x_wconf 75' lang='grc' dir='ltr'><strong>εἰ</strong></span> <span class='ocrx_word' id='word_1_47' title='bbox 927 613 992 654; x_wconf 77' lang='grc' dir='ltr'><strong>καὶ</strong></span> <span class='ocrx_word' id='word_1_48' title='bbox 1019 613 1204 662; x_wconf 73' lang='grc' dir='ltr'><em>ἐνδυθεὶς</em></span> <span class='ocrx_word' id='word_1_49' title='bbox 1234 613 1301 655; x_wconf 73' lang='grc' dir='ltr'><strong>ἐπ’</strong></span> <span class='ocrx_word' id='word_1_50' title='bbox 1337 613 1471 670; x_wconf 84' lang='grc' dir='ltr'><em>ὀλίγον</em></span> <span class='ocrx_word' id='word_1_51' title='bbox 1499 613 1598 658; x_wconf 80' lang='grc' dir='ltr'><em>ὅσον</em></span> <span class='ocrx_word' id='word_1_52' title='bbox 1626 617 1735 667; x_wconf 74' lang='grc' dir='ltr'><strong>τᾶςὸ</strong></span> 
     </span>
     <span class='ocr_line' id='line_1_7' title="bbox 242 678 1701 737; baseline 0.005 -17"><span class='ocrx_word' id='word_1_53' title='bbox 242 681 380 735; x_wconf 78' lang='grc' dir='ltr'><em>φιλίας</em></span> <span class='ocrx_word' id='word_1_54' title='bbox 418 678 740 736; x_wconf 73' lang='grc' dir='ltr'><em>ἀφοσιώσασθαι</em></span> <span class='ocrx_word' id='word_1_55' title='bbox 752 712 764 732; x_wconf 97' lang='grc'><em>,</em></span> <span class='ocrx_word' id='word_1_56' title='bbox 811 678 1112 734; x_wconf 78' lang='grc' dir='ltr'><em>ἆπεκδυόμενος</em></span> <span class='ocrx_word' id='word_1_57' title='bbox 1155 683 1387 736; x_wconf 74' lang='grc' dir='ltr'><em>παραυτίκα</em></span> <span class='ocrx_word' id='word_1_58' title='bbox 1421 682 1701 737; x_wconf 73' lang='grc' dir='ltr'><em>μετελάμβανε</em></span> 
     </span>
     <span class='ocr_line' id='line_1_8' title="bbox 244 747 1700 807; baseline 0.003 -17"><span class='ocrx_word' id='word_1_59' title='bbox 244 753 368 803; x_wconf 83' lang='grc' dir='ltr'><em>κυνῆν</em></span> <span class='ocrx_word' id='word_1_60' title='bbox 398 747 423 802; x_wconf 81' lang='grc' dir='ltr'><strong><em>ἢ</em></strong></span> <span class='ocrx_word' id='word_1_61' title='bbox 457 753 672 803; x_wconf 80' lang='grc' dir='ltr'><em>προβατῆν</em></span> <span class='ocrx_word' id='word_1_62' title='bbox 699 748 774 802; x_wconf 81' lang='grc' dir='ltr'><strong>τὴν</strong></span> <span class='ocrx_word' id='word_1_63' title='bbox 804 747 994 803; x_wconf 81' lang='grc' dir='ltr'><em>συνήθη,</em></span> <span class='ocrx_word' id='word_1_64' title='bbox 1031 752 1096 791; x_wconf 79' lang='grc' dir='ltr'><strong>καὶ</strong></span> <span class='ocrx_word' id='word_1_65' title='bbox 1121 754 1262 806; x_wconf 84' lang='grc' dir='ltr'><em>φορῶν</em></span> <span class='ocrx_word' id='word_1_66' title='bbox 1288 751 1505 806; x_wconf 73' lang='grc' dir='ltr'><em>ἕκυδροῦτο</em></span> <span class='ocrx_word' id='word_1_67' title='bbox 1530 753 1650 796; x_wconf 75' lang='grc' dir='ltr'><em>πλέον</em></span> <span class='ocrx_word' id='word_1_68' title='bbox 1674 753 1700 807; x_wconf 80' lang='grc' dir='ltr'>ἢ</span> 
     </span>
     <span class='ocr_line' id='line_1_9' title="bbox 192 814 1754 876; baseline 0.004 -18"><span class='ocrx_word' id='word_1_69' title='bbox 192 823 224 858; x_wconf 90' lang='lat' dir='ltr'>D</span> <span class='ocrx_word' id='word_1_70' title='bbox 249 815 346 859; x_wconf 76' lang='grc' dir='ltr'><em>ὅσον</em></span> <span class='ocrx_word' id='word_1_71' title='bbox 365 823 454 867; x_wconf 78' lang='grc' dir='ltr'><em>ταῖς</em></span> <span class='ocrx_word' id='word_1_72' title='bbox 474 818 707 859; x_wconf 74' lang='grc' dir='ltr'><em>πολυτελέσι</em></span> <span class='ocrx_word' id='word_1_73' title='bbox 725 821 900 867; x_wconf 83' lang='grc' dir='ltr'><em>στολαῖς.</em></span> <span class='ocrx_word' id='word_1_74' title='bbox 952 816 1150 867; x_wconf 76' lang='grc' dir='ltr'><em>ὡσαύτως</em></span> <span class='ocrx_word' id='word_1_75' title='bbox 1171 820 1236 860; x_wconf 72' lang='grc' dir='ltr'><strong>καὶ</strong></span> <span class='ocrx_word' id='word_1_76' title='bbox 1257 819 1318 860; x_wconf 72' lang='grc' dir='ltr'><strong>ἐπὶ</strong></span> <span class='ocrx_word' id='word_1_77' title='bbox 1341 826 1430 869; x_wconf 82' lang='grc' dir='ltr'><em>ταῖς</em></span> <span class='ocrx_word' id='word_1_78' title='bbox 1451 818 1703 876; x_wconf 76' lang='grc' dir='ltr'><em>καλύπτραις</em></span> <span class='ocrx_word' id='word_1_79' title='bbox 1749 814 1754 818; x_wconf 49' lang='grc'><strong>’</strong></span> 
     </span>
     <span class='ocr_line' id='line_1_10' title="bbox 242 885 1701 944; baseline 0.003 -17"><span class='ocrx_word' id='word_1_80' title='bbox 242 887 388 937; x_wconf 74' lang='grc' dir='ltr'><em>ἐποίει,</em></span> <span class='ocrx_word' id='word_1_81' title='bbox 427 885 502 940; x_wconf 84' lang='grc' dir='ltr'><strong>τὴν</strong></span> <span class='ocrx_word' id='word_1_82' title='bbox 530 885 632 940; x_wconf 83' lang='grc' dir='ltr'><em>πρὸς</em></span> <span class='ocrx_word' id='word_1_83' title='bbox 656 891 804 942; x_wconf 78' lang='grc' dir='ltr'><em>χρῆσιν</em></span> <span class='ocrx_word' id='word_1_84' title='bbox 833 886 1055 942; x_wconf 81' lang='grc' dir='ltr'><em>ἀναγκαίαν</em></span> <span class='ocrx_word' id='word_1_85' title='bbox 1086 892 1167 930; x_wconf 86' lang='grc' dir='ltr'><strong>τῶν</strong></span> <span class='ocrx_word' id='word_1_86' title='bbox 1194 892 1414 943; x_wconf 78' lang='grc' dir='ltr'><em>περιττῶν,</em></span> <span class='ocrx_word' id='word_1_87' title='bbox 1450 887 1526 931; x_wconf 75' lang='grc' dir='ltr'><strong>κᾶν</strong></span> <span class='ocrx_word' id='word_1_88' title='bbox 1548 885 1598 944; x_wconf 80' lang='grc' dir='ltr'><strong>ἦν</strong></span> <span class='ocrx_word' id='word_1_89' title='bbox 1617 894 1701 932; x_wconf 85' lang='grc' dir='ltr'><strong>τῶν</strong></span> 
     </span>
     <span class='ocr_line' id='line_1_11' title="bbox 241 953 1758 1012; baseline 0.003 -16"><span class='ocrx_word' id='word_1_90' title='bbox 241 958 494 1006; x_wconf 76' lang='grc' dir='ltr'><em>πολυτελῶν,</em></span> <span class='ocrx_word' id='word_1_91' title='bbox 532 953 870 1008; x_wconf 72' lang='grc' dir='ltr'><em>ἄνθαιροῦμενος.</em></span> <span class='ocrx_word' id='word_1_92' title='bbox 942 957 977 997; x_wconf 80' lang='grc' dir='ltr'><strong>εἴ</strong></span> <span class='ocrx_word' id='word_1_93' title='bbox 1003 956 1048 997; x_wconf 79' lang='grc' dir='ltr'><strong>δ’</strong></span> <span class='ocrx_word' id='word_1_94' title='bbox 1083 957 1229 1005; x_wconf 75' lang='grc' dir='ltr'><em>ἐκεῖνος</em></span> <span class='ocrx_word' id='word_1_95' title='bbox 1256 954 1531 1010; x_wconf 80' lang='grc' dir='ltr'><em>πλαττόμενος</em></span> <span class='ocrx_word' id='word_1_96' title='bbox 1560 956 1699 1012; x_wconf 70' lang='grc' dir='ltr'><em>ὄνησιν</em></span> <span class='ocrx_word' id='word_1_97' title='bbox 1713 966 1758 1000; x_wconf 83' lang='grc'><strong>10</strong></span> 
     </span>
     <span class='ocr_line' id='line_1_12' title="bbox 238 1022 1700 1081; baseline 0.003 -17"><span class='ocrx_word' id='word_1_98' title='bbox 238 1023 373 1079; x_wconf 78' lang='grc' dir='ltr'><em>φέρειν</em></span> <span class='ocrx_word' id='word_1_99' title='bbox 405 1022 510 1078; x_wconf 60' lang='grc' dir='ltr'><em>ἔλεγε</em></span> <span class='ocrx_word' id='word_1_100' title='bbox 539 1028 599 1081; x_wconf 77' lang='grc' dir='ltr'><strong>τῷ</strong></span> <span class='ocrx_word' id='word_1_101' title='bbox 626 1028 823 1078; x_wconf 78' lang='grc' dir='ltr'><em>φοροῦντι</em></span> <span class='ocrx_word' id='word_1_102' title='bbox 850 1024 896 1065; x_wconf 82' lang='grc' dir='ltr'><strong>τὸ</strong></span> <span class='ocrx_word' id='word_1_103' title='bbox 923 1025 1067 1079; x_wconf 69' lang='grc' dir='ltr'><em>κτέρας</em></span> <span class='ocrx_word' id='word_1_104' title='bbox 1087 1025 1160 1079; x_wconf 82' lang='grc' dir='ltr'><strong>τὴν</strong></span> <span class='ocrx_word' id='word_1_105' title='bbox 1181 1025 1346 1066; x_wconf 78' lang='grc' dir='ltr'><em>οἷανοῦν</em></span> <span class='ocrx_word' id='word_1_106' title='bbox 1366 1042 1409 1067; x_wconf 83' lang='grc' dir='ltr'><strong>τε</strong></span> <span class='ocrx_word' id='word_1_107' title='bbox 1429 1027 1495 1067; x_wconf 78' lang='grc' dir='ltr'><strong>καὶ</strong></span> <span class='ocrx_word' id='word_1_108' title='bbox 1517 1023 1700 1081; x_wconf 70' lang='grc' dir='ltr'><em>ὃπουὸή·</em></span> 
     </span>
     <span class='ocr_line' id='line_1_13' title="bbox 237 1089 1700 1149; baseline 0.003 -17"><span class='ocrx_word' id='word_1_109' title='bbox 237 1107 350 1142; x_wconf 83' lang='grc' dir='ltr'><em>ποτε,</em></span> <span class='ocrx_word' id='word_1_110' title='bbox 388 1091 516 1140; x_wconf 72' lang='grc' dir='ltr'><em>εὐθὺς</em></span> <span class='ocrx_word' id='word_1_111' title='bbox 535 1089 734 1134; x_wconf 80' lang='grc' dir='ltr'><em>πιστεύων</em></span> <span class='ocrx_word' id='word_1_112' title='bbox 753 1089 906 1149; x_wconf 67' lang='grc' dir='ltr'><em>ἐφόρει,</em></span> <span class='ocrx_word' id='word_1_113' title='bbox 943 1091 991 1133; x_wconf 85' lang='grc' dir='ltr'><em>οὗ</em></span> <span class='ocrx_word' id='word_1_114' title='bbox 1010 1094 1146 1141; x_wconf 78' lang='grc' dir='ltr'><em>λίθοις</em></span> <span class='ocrx_word' id='word_1_115' title='bbox 1165 1092 1261 1135; x_wconf 79' lang='grc' dir='ltr'><em>οὐδὲ</em></span> <span class='ocrx_word' id='word_1_116' title='bbox 1278 1091 1506 1149; x_wconf 78' lang='grc' dir='ltr'><em>μαργᾶροις</em></span> <span class='ocrx_word' id='word_1_117' title='bbox 1525 1093 1621 1136; x_wconf 81' lang='grc' dir='ltr'><em>ἀλλ’</em></span> <span class='ocrx_word' id='word_1_118' title='bbox 1643 1094 1700 1137; x_wconf 82' lang='grc' dir='ltr'><strong>ὠ·-</strong></span> 
     </span>
     <span class='ocr_line' id='line_1_14' title="bbox 236 1159 627 1219; baseline 0.003 -17"><span class='ocrx_word' id='word_1_119' title='bbox 236 1160 373 1219; x_wconf 72' lang='grc' dir='ltr'><em>φελείᾳ</em></span> <span class='ocrx_word' id='word_1_120' title='bbox 403 1159 627 1214; x_wconf 75' lang='grc' dir='ltr'><em>προσέχων.</em></span> 
     </span>
     <span class='ocr_line' id='line_1_15' title="bbox 379 1226 1698 1283; baseline 0.002 -14"><span class='ocrx_word' id='word_1_121' title='bbox 379 1232 539 1269; x_wconf 83' lang='grc' dir='ltr'><em>Τοῦτον</em></span> <span class='ocrx_word' id='word_1_122' title='bbox 569 1226 785 1283; x_wconf 72' lang='grc' dir='ltr'><em>τοιγαροῦν</em></span> <span class='ocrx_word' id='word_1_123' title='bbox 808 1227 909 1282; x_wconf 62' lang='grc' dir='ltr'><em>ἔχων</em></span> <span class='ocrx_word' id='word_1_124' title='bbox 929 1226 950 1270; x_wconf 80' lang='grc' dir='ltr'><em>ὗ</em></span> <span class='ocrx_word' id='word_1_125' title='bbox 969 1227 1160 1280; x_wconf 74' lang='grc' dir='ltr'><em>βασιλεὺς</em></span> <span class='ocrx_word' id='word_1_126' title='bbox 1188 1226 1448 1282; x_wconf 69' lang='grc' dir='ltr'><em>ἕτοιμοντοῦ</em></span> <span class='ocrx_word' id='word_1_127' title='bbox 1472 1231 1698 1272; x_wconf 86' lang='grc' dir='ltr'><em>Κωνσταν-</em></span> 
     </span>
     <span class='ocr_line' id='line_1_16' title="bbox 237 1294 1754 1354; baseline 0 -15"><span class='ocrx_word' id='word_1_128' title='bbox 237 1296 350 1339; x_wconf 88' lang='grc' dir='ltr'><em>τίνου</em></span> <span class='ocrx_word' id='word_1_129' title='bbox 371 1298 730 1351; x_wconf 79' lang='grc' dir='ltr'><em>καταδραμεῒσθαι</em></span> <span class='ocrx_word' id='word_1_130' title='bbox 753 1297 818 1337; x_wconf 80' lang='grc' dir='ltr'><strong>καὶ</strong></span> <span class='ocrx_word' id='word_1_131' title='bbox 841 1296 916 1349; x_wconf 83' lang='grc' dir='ltr'><strong>τὴν</strong></span> <span class='ocrx_word' id='word_1_132' title='bbox 945 1297 1095 1338; x_wconf 69' lang='grc' dir='ltr'><em>ἐκείνου</em></span> <span class='ocrx_word' id='word_1_133' title='bbox 1120 1294 1322 1338; x_wconf 76' lang='grc' dir='ltr'><em>σκυλεύειν</em></span> <span class='ocrx_word' id='word_1_134' title='bbox 1349 1295 1490 1354; x_wconf 79' lang='grc' dir='ltr'><em>χώραν</em></span> <span class='ocrx_word' id='word_1_135' title='bbox 1503 1330 1516 1349; x_wconf 93' lang='grc'><em>,</em></span> <span class='ocrx_word' id='word_1_136' title='bbox 1551 1300 1586 1340; x_wconf 79' lang='grc' dir='ltr'><strong>εἷ</strong></span> <span class='ocrx_word' id='word_1_137' title='bbox 1612 1305 1698 1348; x_wconf 87' lang='grc' dir='ltr'><em>τοῒς</em></span> <span class='ocrx_word' id='word_1_138' title='bbox 1710 1303 1754 1339; x_wconf 79' lang='grc'><strong>15</strong></span> 
     </span>
     <span class='ocr_line' id='line_1_17' title="bbox 185 1362 1698 1421; baseline 0.002 -15"><span class='ocrx_word' id='word_1_139' title='bbox 185 1375 217 1409; x_wconf 83' lang='grc' dir='ltr'>Ε</span> <span class='ocrx_word' id='word_1_140' title='bbox 241 1368 314 1406; x_wconf 82' lang='grc' dir='ltr'><strong>τοῦ</strong></span> <span class='ocrx_word' id='word_1_141' title='bbox 331 1364 531 1416; x_wconf 74' lang='grc' dir='ltr'><em>βασιλέως</em></span> <span class='ocrx_word' id='word_1_142' title='bbox 553 1366 700 1413; x_wconf 74' lang='grc' dir='ltr'><em>ἐκεῖνος</em></span> <span class='ocrx_word' id='word_1_143' title='bbox 723 1366 826 1405; x_wconf 73' lang='grc' dir='ltr'><em>ἐπίοι</em></span> <span class='ocrx_word' id='word_1_144' title='bbox 838 1397 850 1415; x_wconf 96' lang='grc'><em>,</em></span> <span class='ocrx_word' id='word_1_145' title='bbox 890 1363 937 1405; x_wconf 80' lang='grc' dir='ltr'><em>οὗ</em></span> <span class='ocrx_word' id='word_1_146' title='bbox 958 1366 1244 1418; x_wconf 76' lang='grc' dir='ltr'><em>Μεσεμβρειάς</em></span> <span class='ocrx_word' id='word_1_147' title='bbox 1264 1362 1391 1418; x_wconf 90' lang='grc' dir='ltr'><em>μόνον</em></span> <span class='ocrx_word' id='word_1_148' title='bbox 1418 1370 1596 1421; x_wconf 84' lang='grc' dir='ltr'><em>στερρῶς</em></span> <span class='ocrx_word' id='word_1_149' title='bbox 1623 1367 1698 1409; x_wconf 75' lang='grc' dir='ltr'><em>οἷν-</em></span> 
     </span>
     <span class='ocr_line' id='line_1_18' title="bbox 236 1430 1698 1488; baseline 0.001 -14"><span class='ocrx_word' id='word_1_150' title='bbox 236 1433 386 1487; x_wconf 84' lang='grc' dir='ltr'><em>τείχετο</em></span> <span class='ocrx_word' id='word_1_151' title='bbox 411 1433 478 1473; x_wconf 81' lang='grc' dir='ltr'><strong>καὶ</strong></span> <span class='ocrx_word' id='word_1_152' title='bbox 505 1437 578 1485; x_wconf 80' lang='grc' dir='ltr'><strong>τῆς</strong></span> <span class='ocrx_word' id='word_1_153' title='bbox 592 1431 830 1487; x_wconf 80' lang='grc' dir='ltr'><em>Ἀγχιάλου,</em></span> <span class='ocrx_word' id='word_1_154' title='bbox 870 1432 975 1474; x_wconf 72' lang='grc' dir='ltr'><em>ἀλλὰ</em></span> <span class='ocrx_word' id='word_1_155' title='bbox 1001 1433 1068 1474; x_wconf 77' lang='grc' dir='ltr'><strong>καὶ</strong></span> <span class='ocrx_word' id='word_1_156' title='bbox 1088 1430 1322 1483; x_wconf 78' lang='grc' dir='ltr'><em>Σωζόπολιν</em></span> <span class='ocrx_word' id='word_1_157' title='bbox 1343 1435 1408 1475; x_wconf 76' lang='grc' dir='ltr'><strong>καὶ</strong></span> <span class='ocrx_word' id='word_1_158' title='bbox 1424 1432 1698 1488; x_wconf 71' lang='grc' dir='ltr'><em>Ἀγαθιοιῖπο-</em></span> 
     </span>
     <span class='ocr_line' id='line_1_19' title="bbox 238 1499 1698 1558; baseline 0.002 -17"><span class='ocrx_word' id='word_1_159' title='bbox 238 1506 300 1543; x_wconf 82' lang='grc' dir='ltr'><strong>λιν</strong></span> <span class='ocrx_word' id='word_1_160' title='bbox 330 1503 394 1543; x_wconf 77' lang='grc' dir='ltr'><strong>καὶ</strong></span> <span class='ocrx_word' id='word_1_161' title='bbox 417 1503 686 1558; x_wconf 80' lang='grc' dir='ltr'><em>Κανστρίτζιν</em></span> <span class='ocrx_word' id='word_1_162' title='bbox 717 1503 783 1544; x_wconf 81' lang='grc' dir='ltr'><strong>καὶ</strong></span> <span class='ocrx_word' id='word_1_163' title='bbox 808 1499 903 1542; x_wconf 68' lang='grc' dir='ltr'><em>ἄλλ’</em></span> <span class='ocrx_word' id='word_1_164' title='bbox 924 1499 1029 1542; x_wconf 74' lang='grc' dir='ltr'><em>ἄττα</em></span> <span class='ocrx_word' id='word_1_165' title='bbox 1057 1499 1260 1556; x_wconf 75' lang='grc' dir='ltr'><em>φρούρια,</em></span> <span class='ocrx_word' id='word_1_166' title='bbox 1299 1499 1399 1557; x_wconf 78' lang='grc' dir='ltr'><em>ἅπερ</em></span> <span class='ocrx_word' id='word_1_167' title='bbox 1421 1501 1459 1543; x_wconf 80' lang='grc' dir='ltr'><em>οἶ</em></span> <span class='ocrx_word' id='word_1_168' title='bbox 1481 1506 1555 1544; x_wconf 77' lang='grc' dir='ltr'><strong>τοῦ</strong></span> <span class='ocrx_word' id='word_1_169' title='bbox 1574 1506 1698 1554; x_wconf 79' lang='grc' dir='ltr'><em>βασι-</em></span> 
     </span>
     <span class='ocr_line' id='line_1_20' title="bbox 237 1568 1697 1629; baseline 0.001 -18"><span class='ocrx_word' id='word_1_170' title='bbox 237 1570 337 1620; x_wconf 76' lang='grc' dir='ltr'><em>λέως</em></span> <span class='ocrx_word' id='word_1_171' title='bbox 367 1568 726 1625; x_wconf 74' lang='grc' dir='ltr'><em>ἐπισκευασάμενοι</em></span> <span class='ocrx_word' id='word_1_172' title='bbox 755 1574 1037 1627; x_wconf 82' lang='grc' dir='ltr'><em>προσεκτῶντο</em></span> <span class='ocrx_word' id='word_1_173' title='bbox 1065 1573 1125 1629; x_wconf 72' lang='grc' dir='ltr'><strong>τῷ</strong></span> <span class='ocrx_word' id='word_1_174' title='bbox 1146 1574 1310 1622; x_wconf 81' lang='grc' dir='ltr'><em>βασιλεῖ</em></span> <span class='ocrx_word' id='word_1_175' title='bbox 1314 1602 1328 1623; x_wconf 95' lang='grc'><em>,</em></span> <span class='ocrx_word' id='word_1_176' title='bbox 1367 1571 1433 1612; x_wconf 79' lang='grc' dir='ltr'><strong>καὶ</strong></span> <span class='ocrx_word' id='word_1_177' title='bbox 1455 1571 1546 1614; x_wconf 84' lang='grc' dir='ltr'><em>λίαν</em></span> <span class='ocrx_word' id='word_1_178' title='bbox 1567 1571 1608 1613; x_wconf 77' lang='grc' dir='ltr'><strong>ἐν</strong></span> <span class='ocrx_word' id='word_1_179' title='bbox 1625 1583 1697 1626; x_wconf 70' lang='grc' dir='ltr'><strong>χε-</strong></span> 
     </span>
    </p>
   </div>
   <div class='ocr_carea' id='block_1_3' title="bbox 327 1678 625 1725">
    <p class='ocr_par' dir='ltr' id='par_1_3' title="bbox 327 1678 625 1725">
     <span class='ocr_line' id='line_1_21' title="bbox 327 1678 625 1725; baseline -0.003 -11"><span class='ocrx_word' id='word_1_180' title='bbox 327 1680 380 1714; x_wconf 86' lang='lat'><strong>16.</strong></span> <span class='ocrx_word' id='word_1_181' title='bbox 403 1678 563 1725; x_wconf 62' lang='grc' dir='ltr'><strong><em>πέῤῥωυ</em></strong></span> <span class='ocrx_word' id='word_1_182' title='bbox 585 1680 625 1713; x_wconf 91' lang='lat' dir='ltr'><strong>P.</strong></span> 
     </span>
    </p>
   </div>
   <div class='ocr_carea' id='block_1_4' title="bbox 233 1770 1695 2919">
    <p class='ocr_par' dir='ltr' id='par_1_4' title="bbox 233 1770 1695 2553">
     <span class='ocr_line' id='line_1_22' title="bbox 236 1770 1695 1817; baseline -0.001 -11"><span class='ocrx_word' id='word_1_183' title='bbox 236 1772 271 1806; x_wconf 90' lang='lat' dir='ltr'><strong>in</strong></span> <span class='ocrx_word' id='word_1_184' title='bbox 293 1782 410 1806; x_wconf 84' lang='lat' dir='ltr'><strong>manus</strong></span> <span class='ocrx_word' id='word_1_185' title='bbox 432 1783 566 1806; x_wconf 89' lang='lat' dir='ltr'><strong>sumens</strong></span> <span class='ocrx_word' id='word_1_186' title='bbox 588 1772 851 1817; x_wconf 81' lang='lat' dir='ltr'>percontabatur</span> <span class='ocrx_word' id='word_1_187' title='bbox 874 1772 918 1806; x_wconf 92' lang='lat' dir='ltr'><strong>ab</strong></span> <span class='ocrx_word' id='word_1_188' title='bbox 940 1771 1107 1806; x_wconf 85' lang='lat' dir='ltr'><strong>offerente</strong></span> <span class='ocrx_word' id='word_1_189' title='bbox 1130 1782 1172 1804; x_wconf 89' lang='lat' dir='ltr'><strong>an</strong></span> <span class='ocrx_word' id='word_1_190' title='bbox 1195 1770 1229 1804; x_wconf 90' lang='lat' dir='ltr'><strong>id</strong></span> <span class='ocrx_word' id='word_1_191' title='bbox 1253 1771 1347 1804; x_wconf 86' lang='lat' dir='ltr'><strong>certo</strong></span> <span class='ocrx_word' id='word_1_192' title='bbox 1370 1773 1565 1816; x_wconf 78' lang='lat' dir='ltr'><strong>praestaret</strong></span> <span class='ocrx_word' id='word_1_193' title='bbox 1587 1771 1695 1806; x_wconf 81' lang='lat' dir='ltr'><strong>bellus</strong></span> 
     </span>
     <span class='ocr_line' id='line_1_23' title="bbox 235 1815 1695 1863; baseline -0.001 -12"><span class='ocrx_word' id='word_1_194' title='bbox 235 1818 302 1852; x_wconf 88' lang='lat' dir='ltr'><strong>iste</strong></span> <span class='ocrx_word' id='word_1_195' title='bbox 326 1818 435 1862; x_wconf 86' lang='lat' dir='ltr'><strong>pileus</strong></span> <span class='ocrx_word' id='word_1_196' title='bbox 459 1818 565 1863; x_wconf 78' lang='lat' dir='ltr'><strong>capiti</strong></span> <span class='ocrx_word' id='word_1_197' title='bbox 587 1818 675 1863; x_wconf 89' lang='lat' dir='ltr'><strong>quod</strong></span> <span class='ocrx_word' id='word_1_198' title='bbox 700 1820 853 1862; x_wconf 87' lang='lat' dir='ltr'><strong>tegeret,</strong></span> <span class='ocrx_word' id='word_1_199' title='bbox 884 1821 923 1851; x_wconf 88' lang='lat' dir='ltr'><strong>ut</strong></span> <span class='ocrx_word' id='word_1_200' title='bbox 954 1816 1043 1851; x_wconf 87' lang='lat' dir='ltr'><strong>nullo</strong></span> <span class='ocrx_word' id='word_1_201' title='bbox 1078 1816 1237 1863; x_wconf 73' lang='lat' dir='ltr'><strong>deinceps</strong></span> <span class='ocrx_word' id='word_1_202' title='bbox 1258 1815 1339 1850; x_wconf 74' lang='lat' dir='ltr'><strong>mali</strong></span> <span class='ocrx_word' id='word_1_203' title='bbox 1363 1819 1507 1861; x_wconf 84' lang='lat' dir='ltr'><strong>appulsu</strong></span> <span class='ocrx_word' id='word_1_204' title='bbox 1542 1817 1695 1851; x_wconf 79' lang='lat' dir='ltr'><strong>laedere-</strong></span> 
     </span>
     <span class='ocr_line' id='line_1_24' title="bbox 235 1862 1695 1909; baseline -0.001 -12"><span class='ocrx_word' id='word_1_205' title='bbox 235 1868 314 1905; x_wconf 87' lang='lat' dir='ltr'><strong>tur,</strong></span> <span class='ocrx_word' id='word_1_206' title='bbox 338 1864 462 1897; x_wconf 89' lang='lat' dir='ltr'><strong>nullum</strong></span> <span class='ocrx_word' id='word_1_207' title='bbox 486 1864 632 1898; x_wconf 81' lang='lat' dir='ltr'><strong>dolorem</strong></span> <span class='ocrx_word' id='word_1_208' title='bbox 655 1863 819 1905; x_wconf 88' lang='lat' dir='ltr'><strong>sentiret;</strong></span> <span class='ocrx_word' id='word_1_209' title='bbox 846 1875 888 1897; x_wconf 91' lang='lat' dir='ltr'><strong>an</strong></span> <span class='ocrx_word' id='word_1_210' title='bbox 910 1862 1057 1909; x_wconf 79' lang='lat' dir='ltr'>inspersi</span> <span class='ocrx_word' id='word_1_211' title='bbox 1080 1863 1156 1896; x_wconf 88' lang='lat' dir='ltr'><strong>huic</strong></span> <span class='ocrx_word' id='word_1_212' title='bbox 1178 1863 1317 1895; x_wconf 76' lang='lat' dir='ltr'><strong>uniones</strong></span> <span class='ocrx_word' id='word_1_213' title='bbox 1340 1869 1564 1907; x_wconf 72' lang='lat' dir='ltr'>caeteraeque</span> <span class='ocrx_word' id='word_1_214' title='bbox 1585 1863 1695 1896; x_wconf 85' lang='lat' dir='ltr'><strong>inser-</strong></span> 
     </span>
     <span class='ocr_line' id='line_1_25' title="bbox 234 1906 1694 1954; baseline -0.001 -11"><span class='ocrx_word' id='word_1_215' title='bbox 234 1915 293 1943; x_wconf 84' lang='lat' dir='ltr'><strong>tae</strong></span> <span class='ocrx_word' id='word_1_216' title='bbox 325 1921 476 1953; x_wconf 85' lang='lat' dir='ltr'><strong>gemmae</strong></span> <span class='ocrx_word' id='word_1_217' title='bbox 505 1909 573 1942; x_wconf 78' lang='lat' dir='ltr'><strong>vim</strong></span> <span class='ocrx_word' id='word_1_218' title='bbox 603 1909 769 1943; x_wconf 83' lang='lat' dir='ltr'><strong>baberent</strong></span> <span class='ocrx_word' id='word_1_219' title='bbox 797 1921 954 1943; x_wconf 81' lang='lat' dir='ltr'><strong>arcanam</strong></span> <span class='ocrx_word' id='word_1_220' title='bbox 985 1908 1177 1954; x_wconf 78' lang='lat' dir='ltr'><strong>quampiam</strong></span> <span class='ocrx_word' id='word_1_221' title='bbox 1211 1908 1344 1951; x_wconf 79' lang='lat' dir='ltr'><strong>fulgura</strong></span> <span class='ocrx_word' id='word_1_222' title='bbox 1367 1906 1574 1952; x_wconf 82' lang='lat' dir='ltr'><strong>fulminaque</strong></span> <span class='ocrx_word' id='word_1_223' title='bbox 1595 1920 1694 1942; x_wconf 81' lang='lat' dir='ltr'><strong>aver-</strong></span> 
     </span>
     <span class='ocr_line' id='line_1_26' title="bbox 234 1954 1695 2000; baseline -0.001 -11"><span class='ocrx_word' id='word_1_224' title='bbox 234 1955 328 1989; x_wconf 83' lang='lat' dir='ltr'><strong>tendi</strong></span> <span class='ocrx_word' id='word_1_225' title='bbox 352 1967 373 1989; x_wconf 83' lang='lat' dir='ltr'><strong>a</strong></span> <span class='ocrx_word' id='word_1_226' title='bbox 396 1959 570 2000; x_wconf 81' lang='lat' dir='ltr'><strong>gestante3</strong></span> <span class='ocrx_word' id='word_1_227' title='bbox 595 1959 711 1989; x_wconf 88' lang='lat' dir='ltr'><strong>vestes</strong></span> <span class='ocrx_word' id='word_1_228' title='bbox 732 1955 814 1989; x_wconf 89' lang='lat' dir='ltr'><strong>item</strong></span> <span class='ocrx_word' id='word_1_229' title='bbox 836 1955 915 1989; x_wconf 87' lang='lat' dir='ltr'><strong>illae</strong></span> <span class='ocrx_word' id='word_1_230' title='bbox 935 1954 1110 1998; x_wconf 80' lang='lat' dir='ltr'><strong>speciosae</strong></span> <span class='ocrx_word' id='word_1_231' title='bbox 1133 1966 1173 1987; x_wconf 84' lang='lat' dir='ltr'><strong>ac</strong></span> <span class='ocrx_word' id='word_1_232' title='bbox 1195 1955 1312 1987; x_wconf 85' lang='lat' dir='ltr'><strong>molles</strong></span> <span class='ocrx_word' id='word_1_233' title='bbox 1335 1965 1411 1987; x_wconf 88' lang='lat' dir='ltr'><strong>num</strong></span> <span class='ocrx_word' id='word_1_234' title='bbox 1435 1955 1584 1987; x_wconf 80' lang='lat' dir='ltr'><strong>membra</strong></span> <span class='ocrx_word' id='word_1_235' title='bbox 1607 1966 1695 1999; x_wconf 85' lang='lat' dir='ltr'><strong>quae</strong></span> 
     </span>
     <span class='ocr_line' id='line_1_27' title="bbox 235 1999 1694 2046; baseline -0.001 -11"><span class='ocrx_word' id='word_1_236' title='bbox 235 2001 403 2035; x_wconf 81' lang='lat' dir='ltr'><strong>ambirent</strong></span> <span class='ocrx_word' id='word_1_237' title='bbox 439 2000 638 2035; x_wconf 73' lang='lat' dir='ltr'><strong>lassitudine</strong></span> <span class='ocrx_word' id='word_1_238' title='bbox 671 2001 707 2034; x_wconf 86' lang='lat' dir='ltr'><strong>in</strong></span> <span class='ocrx_word' id='word_1_239' title='bbox 738 2001 854 2034; x_wconf 80' lang='lat' dir='ltr'><strong>labore</strong></span> <span class='ocrx_word' id='word_1_240' title='bbox 888 2000 1118 2046; x_wconf 84' lang='lat' dir='ltr'><strong>prohiberent.</strong></span> <span class='ocrx_word' id='word_1_241' title='bbox 1163 2004 1233 2033; x_wconf 88' lang='lat' dir='ltr'><strong>tum</strong></span> <span class='ocrx_word' id='word_1_242' title='bbox 1274 1999 1331 2032; x_wconf 91' lang='lat' dir='ltr'><strong>illo</strong></span> <span class='ocrx_word' id='word_1_243' title='bbox 1371 1999 1502 2033; x_wconf 86' lang='lat' dir='ltr'><strong>scilicet</strong></span> <span class='ocrx_word' id='word_1_244' title='bbox 1535 2008 1694 2044; x_wconf 77' lang='lat' dir='ltr'><strong>negante,</strong></span> 
     </span>
     <span class='ocr_line' id='line_1_28' title="bbox 235 2045 1694 2092; baseline -0.001 -11"><span class='ocrx_word' id='word_1_245' title='bbox 235 2047 355 2091; x_wconf 82' lang='lat' dir='ltr'><strong>Negas</strong></span> <span class='ocrx_word' id='word_1_246' title='bbox 388 2047 548 2092; x_wconf 86' lang='lat' dir='ltr'><strong>quidquid</strong></span> <span class='ocrx_word' id='word_1_247' title='bbox 588 2047 705 2081; x_wconf 87' lang='lat' dir='ltr'><strong>horum</strong></span> <span class='ocrx_word' id='word_1_248' title='bbox 743 2046 956 2090; x_wconf 81' lang='lat' dir='ltr'><strong>interrogans</strong></span> <span class='ocrx_word' id='word_1_249' title='bbox 995 2045 1158 2090; x_wconf 80' lang='lat' dir='ltr'><strong>attigerat</strong></span> <span class='ocrx_word' id='word_1_250' title='bbox 1197 2045 1374 2079; x_wconf 75' lang='lat' dir='ltr'><strong>fastidiose</strong></span> <span class='ocrx_word' id='word_1_251' title='bbox 1407 2045 1607 2079; x_wconf 80' lang='lat' dir='ltr'><strong>reiectabat.</strong></span> <span class='ocrx_word' id='word_1_252' title='bbox 1652 2059 1694 2080; x_wconf 91' lang='lat' dir='ltr'><strong>ac</strong></span> 
     </span>
     <span class='ocr_line' id='line_1_29' title="bbox 234 2091 1693 2138; baseline -0.001 -11"><span class='ocrx_word' id='word_1_253' title='bbox 234 2104 435 2138; x_wconf 84' lang='lat' dir='ltr'><strong>quamquam</strong></span> <span class='ocrx_word' id='word_1_254' title='bbox 459 2093 627 2126; x_wconf 85' lang='lat' dir='ltr'><strong>amicitiae</strong></span> <span class='ocrx_word' id='word_1_255' title='bbox 649 2096 785 2127; x_wconf 87' lang='lat' dir='ltr'><strong>mutuae</strong></span> <span class='ocrx_word' id='word_1_256' title='bbox 808 2092 1048 2126; x_wconf 81' lang='lat' dir='ltr'><strong>contestandae</strong></span> <span class='ocrx_word' id='word_1_257' title='bbox 1083 2102 1186 2125; x_wconf 84' lang='lat' dir='ltr'><strong>causa</strong></span> <span class='ocrx_word' id='word_1_258' title='bbox 1208 2103 1307 2125; x_wconf 90' lang='lat' dir='ltr'><strong>unam</strong></span> <span class='ocrx_word' id='word_1_259' title='bbox 1332 2103 1352 2123; x_wconf 85' lang='lat' dir='ltr'><strong>e</strong></span> <span class='ocrx_word' id='word_1_260' title='bbox 1376 2091 1485 2125; x_wconf 87' lang='lat' dir='ltr'><strong>missis</strong></span> <span class='ocrx_word' id='word_1_261' title='bbox 1509 2092 1552 2125; x_wconf 91' lang='lat' dir='ltr'><strong>ab</strong></span> <span class='ocrx_word' id='word_1_262' title='bbox 1578 2093 1693 2136; x_wconf 85' lang='lat' dir='ltr'><strong>Augu-</strong></span> 
     </span>
     <span class='ocr_line' id='line_1_30' title="bbox 234 2136 1694 2182; baseline -0.001 -9"><span class='ocrx_word' id='word_1_263' title='bbox 234 2147 288 2173; x_wconf 85' lang='lat' dir='ltr'><strong>sto</strong></span> <span class='ocrx_word' id='word_1_264' title='bbox 310 2139 462 2173; x_wconf 84' lang='lat' dir='ltr'><strong>vestibus</strong></span> <span class='ocrx_word' id='word_1_265' title='bbox 486 2140 551 2174; x_wconf 81' lang='lat' dir='ltr'><strong>sibi</strong></span> <span class='ocrx_word' id='word_1_266' title='bbox 573 2139 782 2173; x_wconf 88' lang='lat' dir='ltr'><strong>circumdare</strong></span> <span class='ocrx_word' id='word_1_267' title='bbox 804 2138 985 2182; x_wconf 77' lang='lat' dir='ltr'><strong>sustinuit,</strong></span> <span class='ocrx_word' id='word_1_268' title='bbox 1018 2138 1216 2172; x_wconf 83' lang='lat' dir='ltr'><strong>brevissimo</strong></span> <span class='ocrx_word' id='word_1_269' title='bbox 1240 2149 1313 2171; x_wconf 85' lang='lat' dir='ltr'><strong>eam</strong></span> <span class='ocrx_word' id='word_1_270' title='bbox 1336 2137 1416 2170; x_wconf 86' lang='lat' dir='ltr'><strong>tulit</strong></span> <span class='ocrx_word' id='word_1_271' title='bbox 1437 2136 1572 2182; x_wconf 81' lang='lat' dir='ltr'><strong>spatio,</strong></span> <span class='ocrx_word' id='word_1_272' title='bbox 1596 2139 1694 2172; x_wconf 84' lang='lat' dir='ltr'><strong>fami-</strong></span> 
     </span>
     <span class='ocr_line' id='line_1_31' title="bbox 233 2184 1694 2230; baseline -0.001 -11"><span class='ocrx_word' id='word_1_273' title='bbox 233 2184 320 2219; x_wconf 84' lang='lat' dir='ltr'><strong>liare</strong></span> <span class='ocrx_word' id='word_1_274' title='bbox 352 2185 466 2219; x_wconf 86' lang='lat' dir='ltr'><strong>statim</strong></span> <span class='ocrx_word' id='word_1_275' title='bbox 496 2197 515 2219; x_wconf 86' lang='lat' dir='ltr'><strong>e</strong></span> <span class='ocrx_word' id='word_1_276' title='bbox 548 2185 670 2219; x_wconf 88' lang='lat' dir='ltr'><strong>canina</strong></span> <span class='ocrx_word' id='word_1_277' title='bbox 702 2184 757 2218; x_wconf 87' lang='lat' dir='ltr'><strong>vel</strong></span> <span class='ocrx_word' id='word_1_278' title='bbox 779 2185 878 2219; x_wconf 85' lang='lat' dir='ltr'><strong>ovina</strong></span> <span class='ocrx_word' id='word_1_279' title='bbox 899 2185 987 2230; x_wconf 88' lang='lat' dir='ltr'><strong>pelle</strong></span> <span class='ocrx_word' id='word_1_280' title='bbox 1010 2184 1244 2218; x_wconf 78' lang='lat' dir='ltr'><strong>vestimentum</strong></span> <span class='ocrx_word' id='word_1_281' title='bbox 1267 2194 1459 2225; x_wconf 84' lang='lat' dir='ltr'><strong>resumens,</strong></span> <span class='ocrx_word' id='word_1_282' title='bbox 1497 2195 1537 2217; x_wconf 90' lang='lat' dir='ltr'><strong>eo</strong></span> <span class='ocrx_word' id='word_1_283' title='bbox 1560 2195 1599 2218; x_wconf 83' lang='lat' dir='ltr'><strong>se</strong></span> <span class='ocrx_word' id='word_1_284' title='bbox 1622 2195 1694 2218; x_wconf 81' lang='lat' dir='ltr'><strong>ma-</strong></span> 
     </span>
     <span class='ocr_line' id='line_1_32' title="bbox 234 2229 1693 2277; baseline -0.001 -12"><span class='ocrx_word' id='word_1_285' title='bbox 234 2231 357 2277; x_wconf 85' lang='lat' dir='ltr'><strong>gnifice</strong></span> <span class='ocrx_word' id='word_1_286' title='bbox 380 2236 576 2274; x_wconf 79' lang='lat' dir='ltr'><strong>ostentans,</strong></span> <span class='ocrx_word' id='word_1_287' title='bbox 602 2243 666 2265; x_wconf 89' lang='lat' dir='ltr'><strong>uec</strong></span> <span class='ocrx_word' id='word_1_288' title='bbox 689 2231 816 2273; x_wconf 88' lang='lat' dir='ltr'><strong>minus,</strong></span> <span class='ocrx_word' id='word_1_289' title='bbox 840 2235 880 2264; x_wconf 92' lang='lat' dir='ltr'><strong>ut</strong></span> <span class='ocrx_word' id='word_1_290' title='bbox 901 2231 1109 2276; x_wconf 82' lang='lat' dir='ltr'><strong>apparebat,</strong></span> <span class='ocrx_word' id='word_1_291' title='bbox 1143 2230 1177 2263; x_wconf 87' lang='lat' dir='ltr'><strong>in</strong></span> <span class='ocrx_word' id='word_1_292' title='bbox 1201 2229 1258 2263; x_wconf 90' lang='lat' dir='ltr'><strong>illo</strong></span> <span class='ocrx_word' id='word_1_293' title='bbox 1283 2229 1348 2263; x_wconf 87' lang='lat' dir='ltr'><strong>sibi</strong></span> <span class='ocrx_word' id='word_1_294' title='bbox 1371 2241 1471 2274; x_wconf 84' lang='lat' dir='ltr'><strong>quam</strong></span> <span class='ocrx_word' id='word_1_295' title='bbox 1494 2230 1614 2275; x_wconf 86' lang='lat' dir='ltr'><strong>quovis</strong></span> <span class='ocrx_word' id='word_1_296' title='bbox 1638 2241 1693 2264; x_wconf 91' lang='lat' dir='ltr'><strong>re-</strong></span> 
     </span>
     <span class='ocr_line' id='line_1_33' title="bbox 233 2275 1694 2322; baseline -0.001 -12"><span class='ocrx_word' id='word_1_297' title='bbox 233 2278 291 2321; x_wconf 83' lang='lat' dir='ltr'><strong>gio</strong></span> <span class='ocrx_word' id='word_1_298' title='bbox 325 2277 560 2321; x_wconf 86' lang='lat' dir='ltr'><strong>paludamento</strong></span> <span class='ocrx_word' id='word_1_299' title='bbox 593 2277 745 2322; x_wconf 86' lang='lat' dir='ltr'><strong>placens.</strong></span> <span class='ocrx_word' id='word_1_300' title='bbox 793 2277 843 2311; x_wconf 89' lang='lat' dir='ltr'><strong>sic</strong></span> <span class='ocrx_word' id='word_1_301' title='bbox 865 2283 901 2311; x_wconf 87' lang='lat' dir='ltr'><strong>et</strong></span> <span class='ocrx_word' id='word_1_302' title='bbox 922 2277 956 2310; x_wconf 88' lang='lat' dir='ltr'><strong>in</strong></span> <span class='ocrx_word' id='word_1_303' title='bbox 980 2275 1196 2322; x_wconf 87' lang='lat' dir='ltr'><strong>operimentis</strong></span> <span class='ocrx_word' id='word_1_304' title='bbox 1220 2275 1343 2321; x_wconf 88' lang='lat' dir='ltr'><strong>capitis</strong></span> <span class='ocrx_word' id='word_1_305' title='bbox 1367 2275 1467 2316; x_wconf 78' lang='lat' dir='ltr'><strong>fecit,</strong></span> <span class='ocrx_word' id='word_1_306' title='bbox 1503 2279 1694 2322; x_wconf 87' lang='lat' dir='ltr'><strong>opportuna</strong></span> 
     </span>
     <span class='ocr_line' id='line_1_34' title="bbox 234 2320 1694 2400; baseline -0.002 -43"><span class='ocrx_word' id='word_1_307' title='bbox 234 2326 271 2357; x_wconf 87' lang='lat' dir='ltr'><strong>et</strong></span> <span class='ocrx_word' id='word_1_308' title='bbox 293 2323 360 2357; x_wconf 82' lang='lat' dir='ltr'><strong>sibi</strong></span> <span class='ocrx_word' id='word_1_309' title='bbox 384 2328 520 2358; x_wconf 85' lang='lat' dir='ltr'><strong>assueta</strong></span> <span class='ocrx_word' id='word_1_310' title='bbox 544 2335 629 2369; x_wconf 85' lang='lat' dir='ltr'><strong>prae</strong></span> <span class='ocrx_word' id='word_1_311' title='bbox 651 2322 814 2368; x_wconf 88' lang='lat' dir='ltr'><strong>speciosis</strong></span> <span class='ocrx_word' id='word_1_312' title='bbox 838 2323 1064 2368; x_wconf 86' lang='lat' dir='ltr'><strong>pretiosisque</strong></span> <span class='ocrx_word' id='word_1_313' title='bbox 1088 2321 1225 2366; x_wconf 79' lang='lat' dir='ltr'><strong>eligens.</strong></span> <span class='ocrx_word' id='word_1_314' title='bbox 1272 2320 1393 2367; x_wconf 90' lang='lat' dir='ltr'><strong>quodsi</strong></span> <span class='ocrx_word' id='word_1_315' title='bbox 1425 2322 1484 2366; x_wconf 87' lang='lat' dir='ltr'><strong>qui</strong></span> <span class='ocrx_word' id='word_1_316' title='bbox 1514 2322 1600 2356; x_wconf 83' lang='lat' dir='ltr'><strong>haec</strong></span> <span class='ocrx_word' id='word_1_317' title='bbox 1629 2321 1694 2400; x_wconf 78' lang='lat' dir='ltr'><strong>ipsi</strong></span> 
     </span>
     <span class='ocr_line' id='line_1_35' title="bbox 234 2366 1693 2415; baseline -0.002 -12"><span class='ocrx_word' id='word_1_318' title='bbox 234 2369 399 2403; x_wconf 82' lang='lat' dir='ltr'><strong>attulerat</strong></span> <span class='ocrx_word' id='word_1_319' title='bbox 421 2370 510 2403; x_wconf 82' lang='lat' dir='ltr'><strong>forte</strong></span> <span class='ocrx_word' id='word_1_320' title='bbox 544 2370 676 2413; x_wconf 79' lang='lat' dir='ltr'><strong>fingens</strong></span> <span class='ocrx_word' id='word_1_321' title='bbox 701 2369 929 2415; x_wconf 86' lang='lat' dir='ltr'><strong>respondisset</strong></span> <span class='ocrx_word' id='word_1_322' title='bbox 961 2369 1073 2402; x_wconf 84' lang='lat' dir='ltr'><strong>inesse</strong></span> <span class='ocrx_word' id='word_1_323' title='bbox 1096 2367 1138 2401; x_wconf 85' lang='lat' dir='ltr'><strong>iis</strong></span> <span class='ocrx_word' id='word_1_324' title='bbox 1162 2379 1261 2413; x_wconf 83' lang='lat' dir='ltr'><strong>quam</strong></span> <span class='ocrx_word' id='word_1_325' title='bbox 1286 2366 1484 2412; x_wconf 81' lang='lat' dir='ltr'><strong>requirebat</strong></span> <span class='ocrx_word' id='word_1_326' title='bbox 1504 2369 1572 2402; x_wconf 83' lang='lat' dir='ltr'><strong>vim</strong></span> <span class='ocrx_word' id='word_1_327' title='bbox 1595 2366 1638 2401; x_wconf 89' lang='lat' dir='ltr'><strong>do</strong></span> <span class='ocrx_word' id='word_1_328' title='bbox 1675 2386 1693 2392; x_wconf 90' lang='lat'>-</span> 
     </span>
     <span class='ocr_line' id='line_1_36' title="bbox 234 2413 1691 2458; baseline -0.002 -9"><span class='ocrx_word' id='word_1_329' title='bbox 234 2415 282 2449; x_wconf 82' lang='lat' dir='ltr'><strong>ris</strong></span> <span class='ocrx_word' id='word_1_330' title='bbox 314 2426 355 2448; x_wconf 83' lang='lat' dir='ltr'><strong>ac</strong></span> <span class='ocrx_word' id='word_1_331' title='bbox 391 2415 600 2458; x_wconf 75' lang='lat' dir='ltr'><strong>fatigationis</strong></span> <span class='ocrx_word' id='word_1_332' title='bbox 631 2415 751 2449; x_wconf 86' lang='lat' dir='ltr'><strong>malive</strong></span> <span class='ocrx_word' id='word_1_333' title='bbox 783 2415 889 2449; x_wconf 86' lang='lat' dir='ltr'><strong>omnis</strong></span> <span class='ocrx_word' id='word_1_334' title='bbox 923 2414 1079 2456; x_wconf 85' lang='lat' dir='ltr'><strong>arcendi,</strong></span> <span class='ocrx_word' id='word_1_335' title='bbox 1113 2419 1194 2448; x_wconf 90' lang='lat' dir='ltr'><strong>tunc</strong></span> <span class='ocrx_word' id='word_1_336' title='bbox 1224 2425 1305 2447; x_wconf 89' lang='lat' dir='ltr'><strong>sane</strong></span> <span class='ocrx_word' id='word_1_337' title='bbox 1327 2413 1383 2447; x_wconf 87' lang='lat' dir='ltr'><strong>ille</strong></span> <span class='ocrx_word' id='word_1_338' title='bbox 1405 2413 1519 2448; x_wconf 88' lang='lat' dir='ltr'><strong>statim</strong></span> <span class='ocrx_word' id='word_1_339' title='bbox 1548 2413 1691 2447; x_wconf 71' lang='lat' dir='ltr'><strong>credens</strong></span> 
     </span>
     <span class='ocr_line' id='line_1_37' title="bbox 236 2457 1691 2506; baseline -0.001 -12"><span class='ocrx_word' id='word_1_340' title='bbox 236 2464 358 2494; x_wconf 85' lang='lat' dir='ltr'><strong>cuncta</strong></span> <span class='ocrx_word' id='word_1_341' title='bbox 387 2459 553 2494; x_wconf 88' lang='lat' dir='ltr'><strong>induisset</strong></span> <span class='ocrx_word' id='word_1_342' title='bbox 583 2467 911 2506; x_wconf 83' lang='lat' dir='ltr'><strong>perseveranterque</strong></span> <span class='ocrx_word' id='word_1_343' title='bbox 940 2466 1115 2505; x_wconf 83' lang='lat' dir='ltr'><strong>gestaret,</strong></span> <span class='ocrx_word' id='word_1_344' title='bbox 1148 2471 1214 2494; x_wconf 89' lang='lat' dir='ltr'><strong>nou</strong></span> <span class='ocrx_word' id='word_1_345' title='bbox 1237 2470 1386 2505; x_wconf 83' lang='lat' dir='ltr'><strong>gemmas</strong></span> <span class='ocrx_word' id='word_1_346' title='bbox 1407 2464 1468 2494; x_wconf 86' lang='lat' dir='ltr'><strong>aut</strong></span> <span class='ocrx_word' id='word_1_347' title='bbox 1489 2457 1691 2504; x_wconf 79' lang='lat' dir='ltr'><strong>margaritas</strong></span> 
     </span>
     <span class='ocr_line' id='line_1_38' title="bbox 235 2505 1130 2553; baseline -0.003 -11"><span class='ocrx_word' id='word_1_348' title='bbox 235 2505 415 2548; x_wconf 82' lang='lat' dir='ltr'><strong>videlicet,</strong></span> <span class='ocrx_word' id='word_1_349' title='bbox 438 2517 555 2540; x_wconf 89' lang='lat' dir='ltr'><strong>verum</strong></span> <span class='ocrx_word' id='word_1_350' title='bbox 576 2507 769 2553; x_wconf 84' lang='lat' dir='ltr'><strong>promissam</strong></span> <span class='ocrx_word' id='word_1_351' title='bbox 795 2507 972 2542; x_wconf 83' lang='lat' dir='ltr'><strong>utilitatem</strong></span> <span class='ocrx_word' id='word_1_352' title='bbox 996 2517 1130 2541; x_wconf 77' lang='lat' dir='ltr'><strong>curans·-</strong></span> 
     </span>
    </p>

    <p class='ocr_par' dir='ltr' id='par_1_5' title="bbox 234 2549 1691 2919">
     <span class='ocr_line' id='line_1_39' title="bbox 326 2549 1691 2598; baseline -0.002 -13"><span class='ocrx_word' id='word_1_353' title='bbox 326 2551 433 2586; x_wconf 84' lang='lat' dir='ltr'><strong>Istum</strong></span> <span class='ocrx_word' id='word_1_354' title='bbox 461 2552 566 2597; x_wconf 85' lang='lat' dir='ltr'><strong>igitur</strong></span> <span class='ocrx_word' id='word_1_355' title='bbox 596 2556 664 2586; x_wconf 86' lang='lat' dir='ltr'><strong>tam</strong></span> <span class='ocrx_word' id='word_1_356' title='bbox 695 2557 867 2597; x_wconf 83' lang='lat' dir='ltr'><strong>potentem</strong></span> <span class='ocrx_word' id='word_1_357' title='bbox 901 2553 1085 2598; x_wconf 88' lang='lat' dir='ltr'><strong>principem</strong></span> <span class='ocrx_word' id='word_1_358' title='bbox 1114 2552 1242 2586; x_wconf 80' lang='lat' dir='ltr'><strong>babens</strong></span> <span class='ocrx_word' id='word_1_359' title='bbox 1266 2553 1420 2596; x_wconf 86' lang='lat' dir='ltr'><strong>paratum</strong></span> <span class='ocrx_word' id='word_1_360' title='bbox 1442 2549 1625 2595; x_wconf 84' lang='lat' dir='ltr'><strong>imperator</strong></span> <span class='ocrx_word' id='word_1_361' title='bbox 1647 2550 1691 2583; x_wconf 86' lang='lat' dir='ltr'><strong>ad</strong></span> 
     </span>
     <span class='ocr_line' id='line_1_40' title="bbox 234 2595 1691 2644; baseline -0.003 -11"><span class='ocrx_word' id='word_1_362' title='bbox 234 2597 482 2644; x_wconf 83' lang='lat' dir='ltr'><strong>irrumpendum</strong></span> <span class='ocrx_word' id='word_1_363' title='bbox 504 2597 537 2631; x_wconf 87' lang='lat' dir='ltr'><strong>in</strong></span> <span class='ocrx_word' id='word_1_364' title='bbox 559 2598 773 2643; x_wconf 82' lang='lat' dir='ltr'><strong>Bulgariam,</strong></span> <span class='ocrx_word' id='word_1_365' title='bbox 801 2599 935 2644; x_wconf 86' lang='lat' dir='ltr'><strong>quoties</strong></span> <span class='ocrx_word' id='word_1_366' title='bbox 956 2599 1035 2633; x_wconf 88' lang='lat' dir='ltr'><strong>inde</strong></span> <span class='ocrx_word' id='word_1_367' title='bbox 1066 2611 1103 2632; x_wconf 87' lang='lat' dir='ltr'><strong>se</strong></span> <span class='ocrx_word' id='word_1_368' title='bbox 1127 2597 1359 2632; x_wconf 82' lang='lat' dir='ltr'><strong>commovisset</strong></span> <span class='ocrx_word' id='word_1_369' title='bbox 1382 2595 1624 2630; x_wconf 75' lang='lat' dir='ltr'><strong>Constantinus</strong></span> <span class='ocrx_word' id='word_1_370' title='bbox 1646 2596 1691 2629; x_wconf 89' lang='lat' dir='ltr'><strong>ad</strong></span> 
     </span>
     <span class='ocr_line' id='line_1_41' title="bbox 236 2641 1689 2690; baseline -0.002 -12"><span class='ocrx_word' id='word_1_371' title='bbox 236 2643 492 2689; x_wconf 85' lang='lat' dir='ltr'><strong>depraedandas</strong></span> <span class='ocrx_word' id='word_1_372' title='bbox 514 2649 573 2677; x_wconf 88' lang='lat' dir='ltr'><strong>aut</strong></span> <span class='ocrx_word' id='word_1_373' title='bbox 596 2645 827 2690; x_wconf 88' lang='lat' dir='ltr'><strong>quoquomodo</strong></span> <span class='ocrx_word' id='word_1_374' title='bbox 849 2645 1058 2683; x_wconf 84' lang='lat' dir='ltr'><strong>infestandas</strong></span> <span class='ocrx_word' id='word_1_375' title='bbox 1078 2645 1232 2688; x_wconf 83' lang='lat' dir='ltr'><strong>regiones</strong></span> <span class='ocrx_word' id='word_1_376' title='bbox 1254 2642 1395 2687; x_wconf 88' lang='lat' dir='ltr'><strong>imperio</strong></span> <span class='ocrx_word' id='word_1_377' title='bbox 1419 2641 1599 2677; x_wconf 77' lang='lat' dir='ltr'><strong>subiectas,</strong></span> <span class='ocrx_word' id='word_1_378' title='bbox 1624 2652 1689 2675; x_wconf 88' lang='lat' dir='ltr'><strong>nou</strong></span> 
     </span>
     <span class='ocr_line' id='line_1_42' title="bbox 237 2687 1691 2734; baseline -0.003 -10"><span class='ocrx_word' id='word_1_379' title='bbox 237 2690 483 2725; x_wconf 80' lang='lat' dir='ltr'><strong>Mesembream</strong></span> <span class='ocrx_word' id='word_1_380' title='bbox 520 2690 623 2723; x_wconf 87' lang='lat' dir='ltr'><strong>solum</strong></span> <span class='ocrx_word' id='word_1_381' title='bbox 653 2694 689 2723; x_wconf 91' lang='lat' dir='ltr'><strong>et</strong></span> <span class='ocrx_word' id='word_1_382' title='bbox 725 2690 920 2725; x_wconf 85' lang='lat' dir='ltr'><strong>Anchialum</strong></span> <span class='ocrx_word' id='word_1_383' title='bbox 957 2702 1097 2726; x_wconf 86' lang='lat' dir='ltr'><strong>securus</strong></span> <span class='ocrx_word' id='word_1_384' title='bbox 1136 2693 1310 2734; x_wconf 81' lang='lat' dir='ltr'><strong>pactorum</strong></span> <span class='ocrx_word' id='word_1_385' title='bbox 1342 2687 1507 2722; x_wconf 89' lang='lat' dir='ltr'><strong>mordicus</strong></span> <span class='ocrx_word' id='word_1_386' title='bbox 1539 2687 1691 2729; x_wconf 81' lang='lat' dir='ltr'><strong>tenebat,</strong></span> 
     </span>
     <span class='ocr_line' id='line_1_43' title="bbox 237 2732 1690 2782; baseline -0.003 -11"><span class='ocrx_word' id='word_1_387' title='bbox 237 2736 298 2771; x_wconf 85' lang='lat' dir='ltr'><strong>sed</strong></span> <span class='ocrx_word' id='word_1_388' title='bbox 324 2741 507 2781; x_wconf 76' lang='lat' dir='ltr'><strong>praeterea</strong></span> <span class='ocrx_word' id='word_1_389' title='bbox 537 2734 731 2781; x_wconf 86' lang='lat' dir='ltr'><strong>Sozopolim</strong></span> <span class='ocrx_word' id='word_1_390' title='bbox 764 2737 1015 2782; x_wconf 85' lang='lat' dir='ltr'><strong>Agathiopolim</strong></span> <span class='ocrx_word' id='word_1_391' title='bbox 1038 2735 1259 2771; x_wconf 81' lang='lat' dir='ltr'><strong>Canstritzim</strong></span> <span class='ocrx_word' id='word_1_392' title='bbox 1282 2739 1318 2767; x_wconf 88' lang='lat' dir='ltr'><strong>et</strong></span> <span class='ocrx_word' id='word_1_393' title='bbox 1341 2732 1424 2767; x_wconf 84' lang='lat' dir='ltr'><strong>alias</strong></span> <span class='ocrx_word' id='word_1_394' title='bbox 1446 2732 1609 2778; x_wconf 87' lang='lat' dir='ltr'><strong>quasdam</strong></span> <span class='ocrx_word' id='word_1_395' title='bbox 1633 2743 1690 2767; x_wconf 86' lang='lat' dir='ltr'><strong>ar-</strong></span> 
     </span>
     <span class='ocr_line' id='line_1_44' title="bbox 238 2778 1691 2826; baseline -0.003 -11"><span class='ocrx_word' id='word_1_396' title='bbox 238 2793 317 2823; x_wconf 85' lang='lat' dir='ltr'><strong>ces,</strong></span> <span class='ocrx_word' id='word_1_397' title='bbox 340 2793 361 2815; x_wconf 88' lang='lat' dir='ltr'><strong>a</strong></span> <span class='ocrx_word' id='word_1_398' title='bbox 384 2781 525 2815; x_wconf 85' lang='lat' dir='ltr'><strong>ducibus</strong></span> <span class='ocrx_word' id='word_1_399' title='bbox 547 2780 619 2815; x_wconf 88' lang='lat' dir='ltr'><strong>eius</strong></span> <span class='ocrx_word' id='word_1_400' title='bbox 641 2781 757 2815; x_wconf 88' lang='lat' dir='ltr'><strong>oblata</strong></span> <span class='ocrx_word' id='word_1_401' title='bbox 779 2781 850 2815; x_wconf 87' lang='lat' dir='ltr'><strong>usis</strong></span> <span class='ocrx_word' id='word_1_402' title='bbox 872 2783 1049 2816; x_wconf 83' lang='lat' dir='ltr'><strong>occasione</strong></span> <span class='ocrx_word' id='word_1_403' title='bbox 1072 2789 1212 2826; x_wconf 84' lang='lat' dir='ltr'><strong>captas;</strong></span> <span class='ocrx_word' id='word_1_404' title='bbox 1235 2791 1322 2826; x_wconf 85' lang='lat' dir='ltr'><strong>quae</strong></span> <span class='ocrx_word' id='word_1_405' title='bbox 1345 2778 1400 2812; x_wconf 91' lang='lat' dir='ltr'><strong>ille</strong></span> <span class='ocrx_word' id='word_1_406' title='bbox 1422 2778 1533 2812; x_wconf 81' lang='lat' dir='ltr'><strong>omnia</strong></span> <span class='ocrx_word' id='word_1_407' title='bbox 1556 2778 1606 2811; x_wconf 89' lang='lat' dir='ltr'><strong>sic</strong></span> <span class='ocrx_word' id='word_1_408' title='bbox 1632 2790 1691 2822; x_wconf 76' lang='lat' dir='ltr'><strong>ar·-v</strong></span> 
     </span>
     <span class='ocr_line' id='line_1_45' title="bbox 238 2825 1689 2872; baseline -0.001 -11"><span class='ocrx_word' id='word_1_409' title='bbox 238 2827 412 2872; x_wconf 88' lang='lat' dir='ltr'><strong>ripuerat,</strong></span> <span class='ocrx_word' id='word_1_410' title='bbox 445 2831 484 2860; x_wconf 88' lang='lat' dir='ltr'><strong>ut</strong></span> <span class='ocrx_word' id='word_1_411' title='bbox 513 2831 628 2861; x_wconf 82' lang='lat' dir='ltr'><strong>certus</strong></span> <span class='ocrx_word' id='word_1_412' title='bbox 658 2826 831 2860; x_wconf 80' lang='lat' dir='ltr'><strong>videretur</strong></span> <span class='ocrx_word' id='word_1_413' title='bbox 860 2839 926 2861; x_wconf 89' lang='lat' dir='ltr'><strong>non</strong></span> <span class='ocrx_word' id='word_1_414' title='bbox 956 2829 1114 2864; x_wconf 88' lang='lat' dir='ltr'><strong>amittere</strong></span> <span class='ocrx_word' id='word_1_415' title='bbox 1137 2828 1179 2860; x_wconf 86' lang='lat' dir='ltr'><strong>de</strong></span> <span class='ocrx_word' id='word_1_416' title='bbox 1201 2826 1374 2867; x_wconf 85' lang='lat' dir='ltr'><strong>manibus⁷</strong></span> <span class='ocrx_word' id='word_1_417' title='bbox 1409 2836 1451 2858; x_wconf 86' lang='lat' dir='ltr'><strong>ac</strong></span> <span class='ocrx_word' id='word_1_418' title='bbox 1474 2836 1516 2858; x_wconf 90' lang='lat' dir='ltr'><strong>ne</strong></span> <span class='ocrx_word' id='word_1_419' title='bbox 1541 2825 1689 2859; x_wconf 76' lang='lat' dir='ltr'><strong>umbram</strong></span> 
     </span>
     <span class='ocr_line' id='line_1_46' title="bbox 238 2870 1689 2919; baseline -0.003 -12"><span class='ocrx_word' id='word_1_420' title='bbox 238 2873 375 2919; x_wconf 87' lang='lat' dir='ltr'><strong>quidem</strong></span> <span class='ocrx_word' id='word_1_421' title='bbox 397 2872 495 2907; x_wconf 82' lang='lat' dir='ltr'><strong>ullius</strong></span> <span class='ocrx_word' id='word_1_422' title='bbox 517 2884 559 2908; x_wconf 85' lang='lat' dir='ltr'><strong>ex</strong></span> <span class='ocrx_word' id='word_1_423' title='bbox 581 2871 634 2907; x_wconf 80' lang='lat' dir='ltr'><strong>his</strong></span> <span class='ocrx_word' id='word_1_424' title='bbox 656 2883 763 2918; x_wconf 87' lang='lat' dir='ltr'><strong>nuper</strong></span> <span class='ocrx_word' id='word_1_425' title='bbox 785 2873 961 2918; x_wconf 86' lang='lat' dir='ltr'><strong>acquisitis</strong></span> <span class='ocrx_word' id='word_1_426' title='bbox 991 2874 1045 2908; x_wconf 87' lang='lat' dir='ltr'><strong>vel</strong></span> <span class='ocrx_word' id='word_1_427' title='bbox 1071 2873 1218 2908; x_wconf 87' lang='lat' dir='ltr'><strong>minutae</strong></span> <span class='ocrx_word' id='word_1_428' title='bbox 1249 2870 1510 2906; x_wconf 85' lang='lat' dir='ltr'><strong>munitiunculae</strong></span> <span class='ocrx_word' id='word_1_429' title='bbox 1543 2880 1689 2915; x_wconf 84' lang='lat' dir='ltr'><strong>unquam</strong></span> 
     </span>
    </p>
   </div>
  </div>
 </body>
</html>
