1884 3262
273 193 374 244 ’466
510 224 513 225 ⁷
695 194 930 239 GEORGII
957 195 1306 241 PACHYMERIS

279 306 551 364 ὑπολογισμὸν
573 304 671 349 εἶναι
693 302 856 358 πάντως
875 314 962 357 τοῖς
978 306 1163 362 εὐλαβῶς
1181 313 1364 363 μετιοῦσι
1384 310 1435 353 τὰ
1453 310 1578 364 τίμια.
1629 308 1734 352 ἀλλὰ

279 382 412 422 ταῦτα
432 377 506 430 μὲν
533 375 573 425 ἐς
595 379 807 420 τοσοῦτον.

139 464 167 498 p
192 463 259 498 319
425 445 498 489 19.
571 447 659 486 Τοῦ
681 443 721 486 δ’
744 444 872 487 αὐτοῦ
891 443 1029 495 ε’τους,
1069 443 1151 486 ἐπεὶ
1169 443 1242 486 οὐκ
1264 439 1310 499 ἦν
1330 443 1401 488 τὸν
1414 447 1620 500 Λαχανᾶν
1636 445 1731 501 ἠρε-

277 519 366 568 μεῖν
393 511 671 569 ἀφαιρεθέντα
710 513 777 555 καὶ
811 510 1021 567 Τερνόβου
1057 514 1122 554 καὶ
1157 509 1442 567 συνοικούσης,
1478 514 1576 556 λαὸν
1605 531 1732 556 συνα-

279 582 456 638 θροίσας
480 580 551 623 τὸν
574 579 712 622 ἱκανὸν
742 587 828 630 τοῖς
850 581 1116 633 Τερνοβίταις
1140 579 1422 637 περιεκάθητο.
1493 584 1559 624 καὶ
1580 581 1636 624 ἔτι
1657 582 1764 635 με’νὸ

278 654 353 693 τοῦ
374 648 498 692 Ἀσοὶν
525 648 636 698 ἐντὸς
662 647 802 701 ὄντος,
839 648 940 702 ἔχων
960 647 1063 702 μεθ’
1087 647 1236 691 ἑαυτοῦ
1264 650 1544 703 Τζασίμπαξιν
1570 667 1733 705 πρωτο-

278 715 511 773 στράτορα,
549 716 595 759 ὃν
626 718 691 758 καὶ
723 716 914 770 βασιλεὺς
946 717 1061 770 ἐτίμα
1094 721 1151 774 τῷ
1179 716 1291 774 αὐτῷ
1322 716 1498 774 ὂφφικίῳ
1522 717 1643 760 Ἀσὰν
1665 717 1732 760 εὖ-

277 790 450 829 νοοῦντα
480 784 526 827 τὸ
558 782 777 841 πρότερον,
814 785 889 834 τὰς
913 789 993 827 τῶν
1013 782 1222 837 Ῥωμαίων
1250 783 1439 839 δυνάμεις
1458 785 1556 841 ἕδρα
1576 785 1627 828 τὰ
1646 787 1731 840 χεί-

226 868 256 901 Β
281 871 412 912 ριστα.
482 854 547 896 καὶ
577 853 655 909 γὰρ
685 857 849 909 πρῶτον
867 853 941 907 μὲν
963 854 1051 908 περὶ
1074 853 1168 894 δέκα
1185 851 1372 907 χιλιάδας
1395 853 1521 902 οὕσας
1539 855 1604 895 καὶ
1625 870 1731 907 συμ-

275 920 488 978 μαχούσας
517 921 671 972 ἔξωθεν
702 929 785 971 τοῖς
812 920 947 973 ἐντός,
982 919 1030 970 ἃς
1055 919 1075 963 ὁ
1101 923 1495 978 πρωτοβεστιαρίτης
1518 916 1731 976 Μουρΐνος
1743 925 1786 963 1'0

274 987 367 1047 ἦγεν
394 992 457 1032 ἐπὶ
489 994 546 1047 τῷ
577 991 786 1048 Διαβαινᾷ
820 987 1292 1044 στρατοπεδευσάμενος,
1330 994 1536 1044 Λαχανᾶς
1565 993 1731 1038 πολλοῖς

273 1060 346 1114 μὲν
377 1057 471 1113 μετ’
512 1057 655 1113 ὀλίγων
685 1056 955 1114 προσβάλλει,
991 1059 1057 1099 καὶ
1085 1055 1404 1114 ἑπτακαιδεκάτῃ
1433 1057 1562 1113 μηνὸς
1583 1057 1729 1100 Ἀνθε-

274 1131 498 1182 στηριῶνος
517 1123 723 1181 συρράξας
740 1123 916 1178 πόλεμον
939 1126 1053 1180 σφίσι
1076 1125 1178 1167 κατὰ
1203 1124 1351 1179 κράτος
1370 1130 1459 1184 νικᾷ
1472 1158 1485 1177 ,
1518 1127 1582 1167 καὶ
1601 1125 1729 1168 πολὺν

273 1193 400 1252 φόνον
433 1191 663 1249 ἐργάζεται,
702 1192 773 1243 οὓς
800 1194 872 1247 μὲν
894 1192 998 1234 κατὰ
1019 1190 1196 1246 πόλεμον
1216 1192 1286 1242 οὓς
1306 1194 1350 1235 δὲ
1370 1196 1436 1235 καὶ
1459 1193 1581 1243 αὐτὸς
1600 1211 1727 1236 κατα-

273 1261 382 1318 σχών
397 1295 409 1314 ,
448 1261 615 1316 ἀπηνῶς
636 1260 806 1316 τῖ’στερον
827 1258 1106 1316 κατασφάξας.
1163 1256 1287 1310 αὖθις
1307 1262 1351 1303 δὲ
1369 1261 1462 1314 μετ’
1483 1261 1615 1317 ὀλίγον
1634 1264 1780 1304 110-‘15

223 1337 252 1370 C
277 1333 486 1379 σειδεῶνος
505 1327 836 1386 πεντεκαιδεκάτῃ
857 1335 940 1378 τοῖς
969 1328 1073 1384 ἀμφὶ
1101 1328 1172 1371 τὸν
1198 1328 1397 1384 Ἀπρηνόν
1423 1334 1726 1384 πρωτοβεστια-

272 1401 387 1455 ρι’την
418 1397 660 1440 ἐπεισπεσὼν
688 1397 792 1439 κατὰ
814 1397 884 1439 τὸν
905 1396 983 1447 ἔξω
1007 1394 1143 1452 ζυγόν,
1183 1394 1275 1439 ὡσεὶ
1303 1397 1416 1440 πέντε
1436 1396 1620 1451 χιλιάδας
1641 1415 1724 1451 μα-

268 1468 399 1522 χίμων
429 1465 602 1522 ἄγοντα,
639 1465 736 1515 τοὺς
763 1465 835 1520 μὲν
865 1466 920 1514 εἷς
949 1465 1063 1513 τέλος
1089 1467 1412 1520 κατηγωνίσατο,
1445 1466 1515 1508 τὸν
1543 1465 1583 1507 δ’
1608 1465 1724 1521 ἔργον

271 1527 439 1578 δεικνύει
471 1534 691 1590 μαχαίρας.
760 1534 825 1575 καὶ
857 1532 987 1576 πολλὰ
1014 1530 1105 1575 τότε
1138 1537 1408 1588 λυσσομαχῶν
1433 1532 1722 1590 κατειργάζετο.
1749 1555 1751 1557 ·

266 1602 438 1658 ὕστερον
471 1602 515 1644 δὲ
547 1598 892 1657 ἀποχωρήσαντος
913 1605 986 1643 τοῦ
1006 1599 1148 1653 Ἀσάν,
1186 1606 1259 1644 τοῦ
1283 1606 1459 1657 Τερτερῆ
1483 1603 1527 1644 δὲ
1548 1602 1620 1656 τὴν
1638 1606 1720 1656 βα-
1732 1612 1778 1647 20

268 1672 419 1714 σιλείαν
439 1667 660 1722 λαβόντος,
699 1669 799 1724 ἔγνω
822 1672 939 1728 Νογᾷ
958 1676 1206 1725 προσχωρεῖν
1220 1702 1234 1722 ,
1272 1672 1343 1712 καί
1357 1671 1395 1712 οἱ
1416 1668 1580 1723 ἀμύνειν
1599 1675 1723 1712 καθι-

269 1735 426 1782 κετεύει.
500 1737 547 1780 οὗ
567 1738 648 1793 μὴν
670 1738 714 1780 δὲ
736 1739 801 1780 καὶ
822 1737 1015 1791 βασιλεὺς
1028 1736 1226 1795 ἑτέρωθεν
1244 1739 1477 1794 κατημέλει,
1517 1738 1621 1780 ἀλλὰ
1653 1739 1720 1780 καὶ

269 1869 328 1915 qui
358 1870 453 1902 recte
487 1867 631 1902 sentiret
662 1873 698 1902 et
731 1871 850 1902 sancta
870 1867 1028 1911 religiose
1051 1870 1234 1910 tractaret,
1266 1869 1382 1914 quales
1405 1880 1479 1902 cum
1502 1880 1539 1902 se
1562 1871 1722 1913 putarent

267 1927 364 1956 esse,
403 1913 485 1948 nihil
515 1914 569 1947 hic
598 1913 732 1947 decerni
758 1913 848 1958 quod
878 1913 962 1958 ipsis
984 1913 1138 1957 privatim
1162 1915 1296 1948 obesset
1317 1926 1379 1959 pro
1402 1920 1495 1948 certo
1517 1917 1718 1956 statuentes,

267 1971 387 1995 secure
410 1959 683 2004 acquiescebant.
728 1960 788 1992 sed
812 1959 854 1991 de
877 1959 928 1991 his
950 1959 1124 1992 hactenus.

361 2006 414 2040 19.
463 2005 591 2039 Eodem
614 2016 715 2050 porro
739 2015 826 2039 anno
845 2004 1039 2044 Laelianas,
1071 2015 1170 2049 quem
1193 2005 1394 2049 sperandum
1418 2016 1482 2038 non
1506 2007 1581 2038 erat
1599 2009 1720 2048 erepta

268 2051 337 2096 ipsi
359 2052 444 2084 urbe
467 2050 563 2094 regia
585 2051 744 2084 Ternobo
767 2054 802 2083 et
825 2060 928 2083 uxore
949 2049 1064 2093 regina
1086 2051 1293 2093 quieturum,
1339 2054 1511 2084 contracto
1542 2049 1625 2084 satis
1646 2061 1718 2083 ma-

268 2108 335 2140 gno
359 2096 506 2130 exercitu
523 2096 728 2130 Teruobitas
750 2095 972 2136 circumsedit,
995 2106 1068 2128 cum
1091 2096 1133 2129 iis
1158 2096 1266 2130 adhuc
1289 2096 1379 2130 intra
1402 2108 1474 2130 eam
1496 2096 1613 2129 urbem
1637 2095 1719 2129 hae-

267 2147 364 2176 rente
395 2143 526 2184 Asane,
562 2141 636 2186 ipse
662 2142 789 2175 habens
823 2152 934 2175 secum
957 2140 1205 2186 Tzasimpaxim
1239 2141 1494 2186 protostratoris
1517 2140 1632 2175 officio
1656 2139 1719 2174 sibi

268 2188 494 2228 servientem,
534 2199 631 2232 quem
655 2187 750 2232 prius
771 2187 976 2231 imperator,
1013 2190 1094 2219 tunc
1117 2186 1218 2221 Asani
1241 2187 1455 2230 benevolum,
1490 2187 1589 2221 titulo
1621 2185 1718 2220 simili

267 2233 503 2267 honoraverat.
549 2244 611 2277 per
633 2244 706 2267 eam
731 2232 934 2266 obsidionem
964 2231 1091 2275 magnis
1120 2244 1141 2266 a
1163 2233 1323 2267 Lachana
1347 2233 1496 2267 cladibus
1519 2232 1627 2266 attriti
1646 2232 1717 2265 Ro-

267 2278 356 2312 mani
387 2281 475 2314 sunt.
520 2279 661 2323 primum
694 2278 779 2312 enim
806 2277 942 2312 circiter
964 2277 1078 2310 decem
1105 2278 1204 2312 millia
1227 2284 1415 2312 nostrorum
1438 2278 1574 2312 militum
1597 2278 1633 2311 in
1655 2278 1717 2311 ob-

268 2334 436 2357 sessorum
459 2324 616 2357 auxilium
639 2324 808 2358 venientia
831 2323 916 2357 duce
939 2324 1213 2368 protovestiarite
1237 2324 1392 2365 Murino,
1432 2335 1506 2357 cum
1538 2323 1610 2357 loco
1633 2322 1717 2356 Dia-

267 2370 378 2403 baena
401 2368 489 2402 dicto
513 2381 550 2403 se
572 2369 814 2411 admovissent,
837 2368 895 2402 ubi
919 2373 1031 2403 castra
1054 2369 1232 2404 Lachanas
1257 2370 1426 2411 habebat,
1447 2370 1511 2403 hoc
1534 2380 1608 2402 cum
1631 2379 1716 2414 pau-

268 2414 318 2448 cis
341 2418 536 2458 erumpente
560 2415 615 2449 die
637 2415 780 2460 septima
811 2413 938 2448 decima
970 2414 1094 2449 mensis
1125 2415 1201 2449 Iulii
1228 2415 1294 2449 fusi
1326 2415 1478 2460 victique
1504 2419 1600 2456 sunt,
1641 2424 1715 2447 cum

268 2463 385 2503 strage
415 2459 545 2503 ingenti
574 2461 695 2504 partim
726 2460 852 2505 praelio
883 2470 1075 2501 caesorum,
1112 2461 1234 2505 partim
1257 2466 1430 2505 captorum
1457 2472 1477 2495 a
1499 2460 1658 2494 Lachana
1679 2462 1716 2492 et

267 2506 310 2539 ab
334 2503 450 2539 eodem
474 2505 655 2539 crudeliter
677 2511 796 2550 postea
817 2505 1079 2539 interfectorum.
1126 2517 1244 2540 rursus
1267 2506 1365 2551 paulo
1390 2510 1478 2550 post,
1503 2505 1558 2539 die
1580 2504 1715 2549 quinta-

267 2550 398 2584 decima
421 2549 544 2583 mensis
568 2551 734 2595 Augusti,
757 2551 844 2585 idem
867 2551 1042 2585 Lachanas
1072 2550 1159 2586 circa
1181 2552 1293 2596 iugum
1317 2551 1465 2585 exterius
1486 2550 1521 2584 in
1545 2552 1713 2593 Aprenum

267 2595 563 2641 protovestiariten
591 2596 742 2638 irruens,
784 2596 931 2642 quinque
965 2596 1099 2630 circiter
1134 2597 1329 2631 bellatorum
1361 2596 1499 2631 fortium
1527 2594 1628 2629 millia
1650 2594 1714 2628 du-

271 2644 435 2683 ctantem,
456 2642 515 2674 hos
537 2640 670 2685 quidem
693 2642 793 2686 plane
815 2642 1012 2683 debellavit,
1035 2642 1125 2676 illum
1148 2643 1260 2686 gladio
1285 2641 1442 2676 confecit.
1485 2640 1603 2674 similia
1624 2639 1712 2673 idem

272 2686 423 2732 exempla
454 2686 556 2720 multa
586 2691 666 2719 tunc
698 2687 802 2720 edidit
828 2687 955 2722 rabiosi
986 2687 1117 2722 ardoris
1138 2688 1173 2722 in
1196 2689 1383 2732 pugnando.
1429 2685 1600 2730 aliquanto
1634 2687 1713 2730 post

271 2732 373 2773 haec,
413 2742 549 2776 egresso
578 2731 644 2765 iam
678 2733 791 2765 Asane
820 2733 979 2766 Ternobo
1013 2737 1049 2767 et
1077 2734 1224 2767 Tertere
1246 2733 1316 2767 illic
1338 2735 1521 2776 regnante,
1560 2730 1712 2764 decrevit

270 2777 446 2812 Lachanas
477 2778 657 2821 confugere
686 2777 729 2811 ad
753 2777 884 2821 Nogam
907 2781 942 2811 et
964 2778 1034 2812 eius
1057 2789 1152 2823 opem
1174 2779 1216 2813 im
1242 2779 1360 2812 lorare.
1406 2776 1539 2811 aliunde
1567 2776 1714 2821 impera*

270 2825 325 2857 tor
350 2823 439 2858 haud
462 2822 632 2868 negligens
653 2833 709 2857 res
732 2822 946 2868 Bulgaricas,
968 2824 1111 2859 Asanem
1134 2824 1177 2859 ad
1235 2835 1331 2869 ogam
1353 2822 1493 2858 eundem
1515 2821 1618 2857 mittit
1636 2828 1709 2856 cum
