1884 3262
554 208 660 253 Lm.
677 208 753 254 111.
806 176 1294 254 CHRONOLOGICUS.
1550 209 1647 260 713

306 319 358 358 X.
414 319 475 357 Ex
500 319 722 371 epilogismo
743 318 862 358 huius
887 319 1037 371 eclipsis
1054 324 1134 357 tam
1153 323 1337 358 accurate
1353 324 1395 358 et
1411 332 1484 373 per
1501 319 1650 373 singula

196 375 308 426 quasi
326 382 524 414 momenta
545 376 787 414 examinatae
799 408 811 427 ,
844 377 1093 414 manifestum
1110 381 1169 414 est
1188 389 1274 414 eam
1290 375 1415 428 ipsam
1434 389 1515 415 esse
1531 391 1650 428 quam

195 431 454 483 Pachymeres
482 432 723 484 designavit,
752 438 793 470 et
810 432 888 472 iam
907 439 1044 484 patere
1065 445 1198 471 omnes
1219 433 1304 471 illas
1325 433 1649 485 circumstantias,

196 502 297 539 quae
327 489 369 526 in
394 489 476 527 eius
503 489 762 542 descriptione
779 489 966 528 obscurae
985 488 1083 528 adeo
1100 497 1141 527 et
1155 489 1566 542 incomprehensibiles
1583 491 1651 531 vi-

196 546 403 585 debantur.

308 614 354 651 In
382 612 518 664 primis
547 612 651 651 enim
680 618 832 651 certum
859 618 919 651 est
942 625 1029 652 eam
1054 613 1202 652 factam
1229 626 1334 652 anno
1360 613 1506 653 Christi
1530 614 1649 662 1255,

197 670 339 708 mensis
363 669 584 708 Decembris
607 668 669 707 die
691 673 765 719 30,
792 669 1036 721 proindeque
1055 684 1137 708 non
1156 670 1355 723 pertinere
1379 671 1430 709 ad
1452 671 1651 710 Theodori

197 726 370 765 Lascaris
389 726 563 775 obitum,
593 725 662 777 qui
678 738 811 765 mense
826 725 1004 778 Augusto
1029 727 1134 765 circa
1155 733 1392 766 autumnum
1410 741 1514 766 anno
1535 727 1652 766 chri-

198 783 249 821 sti
270 784 376 826 1259
397 782 577 834 contigit,
607 782 676 820 sed
701 783 754 822 ad
779 783 861 821 eius
885 784 1097 822 solemnem
1118 784 1459 835 inaugurationem
1487 791 1557 824 aut
1582 798 1652 823 co-

197 840 463 890 ronationem,
492 851 591 890 quae
607 839 710 877 sacta
730 846 789 878 est
807 839 879 878 sub
897 839 1016 880 finem
1033 840 1127 880 anni
1148 841 1268 884 1255.

309 907 431 945 Facta
461 912 517 946 est
540 906 704 945 Nicaeae
722 909 765 946 in
782 906 968 959 Bithynia
984 908 1086 946 circa
1102 907 1244 946 horam
1262 921 1285 945 a
1301 908 1464 948 meridie
1482 909 1655 960 tertiam,

199 971 241 1002 et
265 977 457 1016 apparens
482 964 564 1002 eius
589 963 748 1002 initium
769 978 851 1002 non
875 964 1030 1003 duobus
1052 965 1212 1016 integris
1234 965 1396 1004 minutis
1413 965 1554 1004 horam
1570 971 1655 1003 ter-

198 1021 292 1059 tiam
311 1026 643 1072 praetergressum
662 1026 733 1061 est.
789 1021 896 1058 sacta
916 1026 974 1058 est
994 1020 1066 1059 sub
1087 1021 1207 1059 finem
1226 1021 1305 1059 diei
1322 1028 1453 1061 sextae
1474 1028 1564 1074 post
1585 1035 1655 1059 co-

198 1078 449 1117 ronationem
481 1075 695 1119 Theodori.
752 1089 802 1115 ex
828 1077 1054 1115 coniectura
1073 1077 1176 1114 enim
1190 1077 1386 1128 probabili
1403 1091 1523 1129 supra
1539 1092 1560 1115 a
1577 1092 1656 1116 no·-

198 1133 259 1173 bis
287 1134 465 1185 exposita
489 1131 722 1171 Theodorus
750 1139 810 1171 est
839 1139 1051 1172 coronatus
1078 1133 1295 1185 imperator
1319 1135 1404 1186 ipso
1439 1135 1502 1173 die
1532 1134 1657 1173 natali

199 1189 346 1235 Christi
375 1189 544 1239 domini,
572 1195 621 1228 ut
639 1202 690 1227 ex
708 1190 859 1240 gemina
880 1190 1104 1228 celebritate
1123 1190 1204 1227 dies
1222 1191 1343 1241 magis
1363 1190 1544 1230 solemnis
1565 1203 1656 1242 age-

199 1253 339 1296 retur3·
362 1252 402 1285 et
430 1251 522 1298 post
548 1245 630 1283 dies
651 1258 722 1284 sex
738 1249 878 1285 mensis
899 1246 1122 1284 Decembris
1138 1249 1192 1288 30
1211 1247 1315 1285 sacta
1335 1247 1485 1299 eclipsis
1506 1248 1655 1286 idcirco

202 1303 349 1342 dicitur
369 1303 418 1341 ab
435 1301 626 1341 historico
643 1301 706 1340 die
722 1309 833 1341 sexta
854 1302 1072 1354 contigisse:
1101 1315 1228 1353 neque
1249 1303 1353 1341 enim
1381 1304 1479 1342 alius
1495 1309 1658 1357 apparet

203 1360 308 1409 dies,
337 1359 406 1410 qui
431 1364 566 1397 sextus
581 1357 716 1397 haberi
740 1359 865 1412 possit
881 1359 945 1399 vel
962 1359 1102 1397 mensis
1129 1359 1191 1398 vel
1211 1359 1499 1410 hebdomadae,
1530 1374 1661 1412 quan-
1716 1357 1717 1361 ’

203 1415 417 1467 doquidem
435 1416 539 1454 facta
557 1421 616 1453 est
631 1415 782 1467 eclipsis
801 1416 866 1454 die
885 1416 1023 1467 quinto
1039 1415 1331 1466 hebdomadae,
1359 1429 1405 1455 eo
1425 1431 1528 1456 anno
1549 1417 1661 1469 cyclo

204 1473 296 1511 solis
315 1471 363 1522 4,
388 1472 504 1510 litera
528 1472 758 1511 Dominieali
783 1474 824 1511 C.
882 1472 983 1510 adde
1004 1472 1112 1523 quod
1133 1469 1390 1524 Pachymeres
1408 1473 1511 1513 diem
1530 1474 1662 1514 Vene-

203 1529 259 1569 ris
278 1543 359 1568 non
382 1528 497 1581 ἕκτην
516 1526 671 1582 ἡμέραν
687 1529 757 1568 sed
776 1525 1036 1582 παρασκευήν
1056 1529 1253 1581 appellare
1269 1530 1408 1569 solitus
1423 1536 1495 1570 est.

316 1596 512 1634 Tenebras
530 1602 662 1643 autem
680 1597 737 1635 ita
755 1597 973 1649 profundas
991 1603 1040 1636 ut
1057 1609 1127 1634 sua
1147 1597 1388 1637 obscuritate
1406 1597 1538 1637 omnia
1554 1604 1664 1650 tege-

204 1658 295 1692 rent
321 1658 362 1690 et
392 1652 522 1690 stellas
548 1652 591 1691 in
618 1653 725 1692 coelo
754 1654 982 1706 conspicuas
998 1653 1236 1704 redderent,
1264 1655 1358 1693 fecit
1374 1669 1456 1694 non
1475 1661 1558 1693 tam
1576 1669 1665 1694 ma·-

204 1708 371 1761 gnitudo
390 1708 560 1760 eclipsis,
591 1722 691 1760 quae
712 1710 854 1762 digitos
871 1710 1005 1749 decem
1024 1724 1106 1749 non
1121 1711 1269 1762 attigit,
1298 1725 1416 1762 quam
1431 1717 1583 1763 tempus
1601 1724 1666 1749 se-

205 1763 297 1805 rum
319 1778 399 1815 quo
419 1766 521 1804 facta
541 1772 618 1818 est,
641 1779 784 1819 nempe
803 1767 907 1806 circa
922 1766 1014 1805 solis
1033 1780 1234 1806 occasum:
1265 1768 1474 1807 accedente
1491 1768 1595 1806 enim
1613 1767 1666 1806 ad

208 1822 374 1860 diurnae
400 1821 499 1860 lucis
527 1822 840 1863 imminutionem
865 1824 946 1862 sole
972 1823 1024 1862 ad
1047 1823 1295 1862 horizontem
1312 1826 1665 1877 appropinquante,

207 1878 367 1917 defectu
385 1878 543 1917 luminis
562 1879 698 1918 solaris
713 1886 754 1919 et
769 1879 886 1919 lunae
901 1879 1209 1932 interpositione,
1238 1881 1341 1919 circa
1360 1882 1451 1920 solis
1471 1895 1665 1930 occasum,

207 1941 248 1973 et
270 1940 354 1973 toto
372 1940 549 1987 tempore
567 1937 746 1975 consueti
767 1935 1007 1989 crepusculi,
1034 1937 1119 1976 visa
1142 1943 1200 1976 est
1225 1937 1342 1976 etiam
1362 1938 1563 1990 profunda
1583 1950 1668 1977 nox

207 1990 413 2033 advenisse
432 1997 472 2029 et
494 1992 710 2031 obscuritas
728 1994 860 2032 omnia
879 1999 1010 2044 tegere
1034 2006 1124 2032 cum
1152 1994 1255 2031 clara
1275 1995 1478 2033 stellarum
1496 1995 1666 2033 manife-
1686 1999 1716 2034 P
1738 1996 1806 2034 504

208 2048 377 2086 statione
387 2078 405 2094 ,,
427 2048 536 2099 quod
555 2049 683 2102 ipsum
702 2049 978 2101 Pachymerius
1002 2049 1135 2087 innuit
1152 2063 1242 2088 cum
1259 2051 1316 2089 ait
1330 2050 1451 2089 solem
1467 2052 1570 2090 circa
1587 2050 1665 2090 ho-

210 2117 297 2143 ram
315 2104 475 2142 tertiam
495 2105 573 2143 diei
589 2112 722 2144 sextae
743 2119 814 2158 per
832 2105 973 2144 horam
992 2106 1259 2148 obscuratum.

321 2169 437 2207 Unde
461 2172 580 2223 vulgo
608 2173 877 2212 existimatum
904 2179 963 2212 est
987 2173 1159 2225 eclipsim
1186 2186 1258 2224 per
1283 2172 1424 2212 horam
1454 2173 1665 2214 dumtaxat

213 2226 396 2276 durasse,
426 2227 517 2277 quia
534 2229 691 2267 nonnisi
708 2243 780 2282 per
799 2230 940 2268 horam
962 2230 1125 2268 Nicaeae
1139 2229 1225 2269 visa
1243 2235 1322 2280 est,
1350 2230 1536 2269 inchoata
1562 2231 1667 2270 circa

211 2283 383 2332 tertiam,
403 2289 444 2321 et
459 2284 540 2322 sole
555 2286 756 2325 occidente
772 2287 890 2339 paulo
907 2291 998 2324 ante
1015 2293 1196 2336 quartam
1210 2286 1253 2324 in
1271 2285 1666 2339 horizonteNicaeno‚

213 2339 283 2378 ubi
303 2339 488 2378 minimus
515 2354 629 2380 arcus
650 2342 817 2382 diurnus
840 2357 922 2381 non
945 2343 1114 2381 multum
1137 2342 1290 2381 excedit
1311 2342 1430 2383 horas
1454 2350 1541 2382 octo
1564 2345 1667 2385 circa

214 2396 426 2434 solstitium
462 2395 659 2451 brumale,
697 2400 779 2451 poli
815 2399 1023 2438 altitudine
1058 2407 1178 2451 supr-a
1198 2398 1446 2439 horizontem
1470 2401 1667 2452 graduum

214 2452 474 2503 quadraginta
492 2455 610 2512 unius
628 2469 718 2494 cum
736 2455 921 2505 dimidio,
950 2455 1086 2494 eadem
1104 2469 1228 2509 prope
1245 2470 1335 2496 cum
1352 2458 1544 2501 Romana.

329 2521 380 2559 Et
405 2522 586 2571 quamvis
606 2523 683 2561 alio
698 2524 915 2563 meridiano
937 2537 1054 2575 quam
1071 2524 1240 2564 Nicaeno
1259 2537 1354 2564 usus
1377 2525 1451 2563 sim
1475 2525 1526 2563 ad
1550 2525 1668 2575 magis

215 2577 406 2628 integram
429 2583 470 2616 et
490 2585 669 2618 exactam
688 2580 837 2632 eclipsis
860 2581 1222 2633 investigationem,
1252 2582 1423 2620 calculus
1445 2587 1576 2619 tamen
1597 2594 1668 2619 eo-

217 2633 308 2672 dem
335 2646 458 2686 prope
482 2635 610 2686 redit;
635 2649 710 2675 nec
740 2637 950 2676 discrimen
975 2638 1101 2677 ullum
1116 2634 1290 2678 vnotabile
1308 2638 1458 2677 invehit
1478 2637 1574 2676 levis
1594 2637 1669 2675 ali-

219 2703 298 2740 qua
311 2692 479 2729 mutatio
497 2692 714 2732 latitudinis
730 2693 864 2745 lunae,
892 2700 940 2733 ut
954 2708 1083 2746 neque
1097 2695 1311 2748 parallaxis
1332 2701 1403 2733 aut
1424 2693 1671 2732 refractionis

219 2745 263 2783 in
291 2746 476 2785 distantia
504 2749 553 2787 ab
580 2748 797 2790 horizonte.
853 2764 974 2801 quare
998 2752 1090 2790 satis
1111 2752 1298 2792 convenit
1317 2750 1519 2800 reductio,
1552 2764 1670 2802 quam

222 2801 386 2842 adhibui
413 2804 498 2843 dati
524 2807 731 2846 meridiani
761 2806 814 2846 ad
836 2807 1050 2848 Nicaenum
1062 2837 1075 2858 ,
1102 2814 1150 2848 ut
1173 2808 1413 2860 intelligatur
1435 2807 1561 2859 qualis
1583 2812 1670 2846 tota

221 2857 382 2900 Nicaeae
400 2861 546 2914 partim
569 2863 654 2905 visa
671 2864 818 2917 partim
838 2864 962 2905 latens
984 2865 1170 2906 extiterit.
