1884 3262
457 198 533 241 DE
566 196 843 240 MICHAELE
875 193 1244 239 PALAEOLOGO
1278 193 1324 235 L.
1359 194 1415 235 V.
1561 188 1655 236 365

214 315 390 369 ρασκευῇ
423 309 600 364 πολέμου
630 309 755 368 ᾤετο,
799 310 853 360 ’ἐξ
889 308 1018 362 αὐτῆς
1053 306 1279 358 διέταττεν,
1331 300 1388 353 ὦς
1422 304 1484 353 εἶς’
1517 302 1656 357 καιρὸν

214 377 587 434 εἷσαχθησομὲνους
607 376 683 432 ἅμ’
708 377 846 427 ὅπλοις
872 379 938 419 καὶ
965 372 1244 428 δαπανήμασι.
1311 371 1478 426 πέμπων
1499 387 1540 412 τε
1562 370 1659 420 τούς

212 449 286 503 μὲν
315 451 397 490 τῶν
424 445 520 489 κατ’
557 446 763 501 αῗγιαλούς
789 441 1028 499 κατωχῦρου
1053 444 1119 486 καὶ
1148 440 1321 496 νήσους,
1372 440 1469 488 τούς
1496 437 1540 480 «5²
1562 438 1654 481 ἀνέ-
1678 443 1708 477 C

213 518 364 559 στελλε.
435 516 501 557 καὶ
537 514 584 557 τὸ
611 515 654 556 ἔν
683 514 933 568 Βλαχέρναις
966 510 1131 568 νεώριον
1165 509 1238 552 οὐκ
1276 505 1572 562 ἀποδεχόμενος
1604 504 1660 555 ὥς

179 582 316 629 §nasci
345 580 565 639 πρόσωπον
595 581 771 637 παρέχον
801 588 891 630 ταῖς
921 581 1042 623 ναυσὶ
1071 578 1174 634 πρὸς
1200 576 1275 626 τὰς
1296 580 1377 617 τῶν
1404 577 1565 629 ἐχθρῶν
1585 574 1658 628 τὴν

210 649 372 705 μάχην,
409 650 455 693 τὸ
480 651 524 692 δὲ
543 650 646 692 κατὰ
665 648 883 704 πρόσωπον
911 647 1100 702 δυσχερὲς
1130 644 1228 688 ε’ἷναι
1254 642 1310 693 ῶς
1337 640 1661 691 ἀντιστατούσας

212 721 388 775 ἰσχυρῶς
410 715 642 774 μάχεσθαι,
671 717 742 760 τὸν
778 716 919 771 ὅμοιον
944 714 1096 771 τρόπον
1122 716 1190 756 καὶ
1221 716 1280 770 τῷ
1314 714 1474 768 παλαιῷ
1506 711 1659 768 νεωρίῳ

211 784 472 843 προσήχθετο
508 785 628 843 (λε’γω
655 786 699 828 δὲ
722 785 896 828 παλαιὸν
926 784 1000 838 οὐχ
1029 777 1062 841 ᾧ
1095 783 1197 836 χθὲς
1221 781 1286 822 καὶ
1315 776 1456 834 πρώην
1477 782 1658 821 Λατῖνοι

212 856 415 909 ἐχρῶντο,
452 858 510 911 τῷ
538 853 639 908 πρὸς
669 858 719 909 τῇ
748 857 853 909 μονῇ
882 856 955 895 τοῦ
982 850 1189 906 εὐεργέτου
1219 851 1432 903 Χριστοῦ,
1480 846 1582 889 ἀλλὰ
1612 846 1657 888 τὸ

158 933 202 967 10
213 923 313 979 πρὸς
334 926 384 979 τῇ
405 920 511 979 πύλῃ
529 926 604 964 τοῦ
627 923 793 977 νεωρίου
815 923 968 963 ἐκεῖθεν
995 915 1280 972 ὠνομασμένη)
1307 913 1364 964 ὦς
1389 913 1552 963 πάντως
1582 919 1655 957 τοῦ
1681 928 1712 960 1)

213 991 318 1034 κατὰ
337 987 558 1033 θάλασσαν
578 990 746 1044 κέρατος
767 989 926 1042 λιμένος
945 987 1063 1036 ὄντος
1083 988 1148 1029 καὶ
1178 983 1329 1038 ταύτὸν
1346 991 1436 1033 ταῖς
1451 981 1660 1035 Ῥωμαίων

210 1060 351 1102 ναυσὶν
371 1056 469 1101 ὅσον
487 1059 552 1100 καὶ
575 1064 664 1105 ταῖς
682 1061 763 1097 τῶν
783 1058 945 1109 ἐχθρῶν
964 1052 1160 1101 διδόντος.
1231 1050 1326 1093 ἄλλ’
1350 1051 1466 1100 &daig
1485 1051 1531 1093 τὸ
1555 1050 1660 1093 κατὰ

208 1124 340 1168 νώτου
371 1123 581 1179 γινομένας
618 1120 827 1177 μάχεσθαι
858 1121 955 1164 ὅσον
981 1116 1322 1176 θαρραλεώτερον
1359 1119 1434 1172 μὲν
1464 1116 1661 1172 ἀνδράσιν

208 1192 511 1249 ἀσφαλέστερον
533 1192 577 1234 δὲ
596 1189 806 1247 πράγμασι
815 1223 829 1243 ,
866 1190 912 1233 τὸ
941 1189 1044 1245 πρὸς
1074 1188 1143 1231 τὸν
1171 1184 1339 1241 Βλάγκα
1367 1187 1662 1229 Κοντοσκέλιον

155 1269 197 1305 15
209 1260 487 1313 ἀνοικοδομεῖν
517 1259 687 1314 ἤθελεν,
725 1257 830 1302 ὥστε
857 1262 1039 1314 γυρῶσαι
1062 1257 1135 1311 μὲν
1157 1257 1364 1310 μεγίσταις
1391 1255 1557 1311 πέτραις
1585 1253 1656 1296 τὸν
1680 1267 1711 1300 Ε

206 1326 342 1387 κύκλῳ
373 1325 525 1378 τόπον,
565 1327 801 1381 ἓμβαθῦναι
834 1327 878 1368 δὲ
910 1326 984 1377 τὴν
1028 1324 1143 1371 ἐντὸς
1173 1322 1426 1374 θάλασσαν,
1481 1322 1658 1377 ἄργυρον

205 1395 329 1450 ὑγρὸν
347 1395 472 1447 χυτὸν
493 1393 725 1446 ἐμβαλόντα
738 1423 751 1443 ,
781 1392 1102 1445 ἓποικοδομῆσαί
1118 1406 1160 1432 τε
1182 1391 1248 1432 καὶ
1269 1389 1387 1444 στέγη
1406 1396 1496 1439 ταῖς
1519 1391 1660 1432 ναυσὶν

208 1461 479 1517 ἀποχρῶντα,
511 1457 644 1509 πύλας
667 1460 708 1502 δ’
736 1461 934 1501 ἐπιθεῖναι
956 1459 1154 1514 ἀραρυίας
1181 1460 1224 1500 ἐκ
1241 1455 1412 1511 σιδήρου
1436 1461 1485 1514 τῇ
1507 1459 1549 1499 ἐν
1571 1464 1660 1507 ταῖς
1682 1462 1712 1496 Ρ
1737 1463 1804 1498 249

207 1529 373 1586 πέτραις
392 1529 560 1586 εἰσίθμῃ
580 1527 756 1580 ἔξωθεν,
787 1526 897 1570 ὥσθ’
919 1525 1007 1582 ἅμα
1029 1527 1104 1582 μὲν
1128 1525 1325 1583 ἀσφαλῶς
1347 1525 1447 1580 ἔχειν
1468 1525 1539 1569 τὸν
1563 1524 1663 1569 στό-

206 1667 449 1704 multitudinem
472 1677 607 1714 quoque
637 1680 737 1714 quam
769 1668 943 1702 maximam
966 1667 1103 1703 fortium
1134 1672 1170 1703 et
1197 1668 1458 1703 exercitatorum
1478 1668 1576 1703 bellis
1599 1669 1660 1703 ho-

206 1716 348 1757 minum,
382 1719 542 1759 quantam
572 1715 704 1750 abunde
738 1714 955 1748 suffecturam
990 1715 1130 1748 rebatur
1153 1715 1284 1749 cunctis
1306 1714 1402 1748 simul
1433 1714 1517 1748 locis
1539 1721 1658 1749 vastae

205 1763 298 1797 urbis
320 1759 555 1801 defensandis,
587 1761 651 1794 iam
681 1771 770 1794 nunc
791 1764 1031 1804 congregatam
1062 1760 1164 1794 certis
1195 1767 1292 1794 extra
1315 1761 1432 1794 urbem
1456 1760 1657 1795 stationibus

173 1831 175 1834 -
205 1806 392 1853 disposuit,
415 1805 691 1840 introducendam
712 1805 748 1839 in
770 1810 923 1850 tempore
943 1817 1017 1839 cum
1039 1806 1140 1840 armis
1165 1810 1200 1840 et
1222 1811 1427 1847 commeatu,
1461 1817 1549 1850 quae
1573 1807 1658 1840 foris

204 1853 390 1888 habuisset.
435 1851 525 1886 misit
545 1851 644 1885 etiam
677 1862 737 1896 per
758 1851 875 1885 littora
906 1854 943 1885 et
971 1851 1098 1886 insulas
1153 1852 1187 1886 ni
1210 1851 1390 1886 maritimos
1413 1851 1526 1885 aditus
1549 1853 1657 1886 muni-

202 1899 352 1934 tionibus
374 1900 678 1943 praeoccuparent3
700 1896 736 1930 in
758 1908 824 1942 quo
848 1897 1014 1931 delectum
1037 1901 1072 1932 et
1094 1863 1250 1932 iudicium
1283 1896 1454 1939 adhibuit,
1485 1909 1550 1931 non
1575 1909 1656 1942 por-

203 1948 297 1979 tuum
321 1955 363 1978 ex
385 1953 493 1987 aequo
524 1946 719 1977 cunctorum
748 1942 991 1987 suscipiendam
1024 1943 1249 1978 defensionem
1272 1954 1433 1986 censens,
1466 1943 1587 1976 navale
1608 1944 1657 1978 si,-

204 1990 341 2036 quidem
369 1989 630 2024 Blachernarum
661 1999 728 2023 non
757 1989 945 2034 probabat,
979 1990 1070 2034 quod
1093 2000 1220 2032 naves,
1252 1990 1280 2023 si
1303 2000 1390 2034 quae
1411 1988 1460 2022 ibi
1482 1989 1655 2034 relinque-

203 2040 342 2078 rentur,
371 2034 485 2068 hostili
519 2040 638 2069 contra
672 2035 876 2079 appulsurae
905 2034 1008 2068 classi
1042 2034 1201 2069 adversas
1232 2035 1416 2076 obiiceret;
1441 2034 1476 2067 id
1499 2036 1588 2079 quod
1612 2035 1655 2068 ad

203 2092 336 2126 pugnae
367 2091 559 2115 successum
589 2080 733 2126 plurium
756 2079 790 2113 vi
814 2091 941 2114 summa
973 2092 1015 2114 ex
1037 2081 1106 2114 alto
1129 2080 1355 2116 invehentium
1378 2084 1497 2114 contra
1518 2080 1658 2123 paucio-

202 2138 260 2161 res
292 2130 407 2160 terrae
436 2126 610 2168 admotas,
645 2125 868 2171 periculosum
900 2125 1127 2160 existimabat.
1172 2133 1270 2161 vetus
1300 2125 1429 2170 pariter
1450 2125 1571 2158 navale
1590 2125 1656 2169 ipsi

204 2183 272 2206 non
294 2171 462 2216 placebat.
508 2176 608 2205 vetus
634 2171 754 2205 navale
777 2183 860 2206 voco
894 2182 960 2205 non
980 2172 1078 2212 illud,
1103 2168 1171 2216 quo
1194 2183 1302 2216 nuper
1324 2170 1437 2204 Latini
1460 2171 1578 2204 urbem
1600 2175 1655 2204 te-

203 2220 322 2251 nentes
351 2217 551 2257 utebantur,
583 2217 672 2261 quod
702 2222 754 2251 est
786 2228 891 2261 prope
913 2217 1148 2251 monasterium
1173 2216 1300 2251 Christi
1330 2216 1573 2257 benefactoris,
1595 2215 1657 2250 scd

203 2261 296 2297 aliud
317 2266 437 2306 portae
462 2261 627 2304 vicinum,
650 2273 737 2307 quae
759 2263 803 2296 ab
826 2262 884 2296 illo
907 2268 1026 2307 portae
1058 2263 1192 2297 navalis
1214 2273 1332 2297 nomen
1361 2261 1507 2306 accepit.
1553 2273 1657 2295 causa

205 2318 266 2342 cur
297 2307 360 2341 boc
387 2307 581 2351 displiceret
612 2312 710 2348 erat,
746 2308 826 2352 quia
857 2312 965 2342 totum
997 2308 1079 2342 illud
1110 2320 1214 2342 cornu
1244 2307 1327 2341 mari
1348 2311 1562 2351 praetentum
1585 2307 1656 2341 late

203 2356 399 2398 portuosum
422 2356 497 2393 est,
520 2357 556 2386 et
575 2363 693 2397 parem
715 2353 983 2387 commoditatem
1005 2353 1051 2388 ibi
1076 2354 1188 2388 standi
1210 2353 1387 2387 hostilibus
1411 2352 1507 2388 iuxta
1527 2353 1655 2387 Roma-

204 2398 325 2443 nisque
356 2398 543 2443 praebebat
579 2399 731 2432 navibus.
776 2399 837 2432 sed
869 2399 1060 2442 intelligens
1093 2401 1168 2434 sore
1198 2399 1281 2433 utile
1313 2398 1472 2433 Romanis
1513 2398 1654 2432 navibus

202 2455 304 2489 posse
336 2442 479 2477 Latinas
510 2454 532 2476 a
564 2446 660 2487 tergo
694 2444 820 2478 adoriri
855 2444 920 2488 (sic
949 2444 1036 2478 enim
1067 2450 1104 2478 et
1140 2445 1297 2479 audacius
1319 2450 1527 2489 pugnaturos
1548 2443 1652 2486 viros,

204 2493 242 2524 et
262 2489 366 2523 rebus
393 2488 545 2522 securius
579 2488 764 2523 consultum
794 2488 855 2534 iri)
887 2489 1137 2524 Contoskelium
1161 2491 1251 2535 quod
1274 2490 1422 2525 Blancae
1443 2489 1576 2524 adiacet
1598 2501 1656 2522 re-

204 2533 390 2569 aedificare
410 2534 526 2568 voluit.
571 2533 687 2579 itaque
708 2535 814 2568 locum
838 2534 983 2569 ambivit
1005 2546 1099 2569 muro
1122 2536 1289 2581 lapidibus
1310 2535 1460 2569 maximis
1483 2539 1653 2575 extructo,

202 2584 240 2613 et
261 2579 533 2624 comprehensum
556 2591 597 2613 eo
619 2590 705 2624 gyro
724 2591 817 2614 mare
838 2580 1036 2624 profundius
1057 2581 1192 2624 effecit,
1211 2582 1350 2636 deprimi
1371 2581 1491 2614 iubens
1514 2580 1652 2613 fundum

202 2623 348 2659 immisso
370 2629 511 2669 argento
541 2624 631 2659 vivo.
665 2625 742 2659 moli
763 2636 898 2671 quoque
928 2625 976 2659 illi
1003 2626 1088 2660 muri
1109 2627 1284 2662 circulans
1318 2625 1548 2662 inaedificavit
1570 2625 1651 2658 lori-

204 2681 278 2704 cam
299 2670 442 2705 idoneae
463 2666 648 2705 altitudinis
670 2670 714 2704 ad
733 2681 838 2705 naves
852 2671 942 2705 intus
960 2672 1088 2716 positas
1108 2673 1294 2717 tegendam
1316 2677 1387 2707 tum
1405 2671 1492 2705 ostio
1513 2669 1652 2704 claustri

204 2714 279 2750 eius
301 2721 452 2750 catenam
472 2716 616 2750 ferream
638 2715 800 2761 imposuit
819 2716 969 2751 exterius
989 2722 1066 2751 arte
1094 2719 1298 2753 commissam
1327 2716 1483 2752 foramini
1505 2715 1549 2749 ad
1572 2725 1648 2749 eam

203 2759 416 2796 inserendam
437 2762 471 2796 iu
503 2761 595 2797 saxis
615 2761 652 2796 vi
683 2766 818 2797 cavato.
861 2762 927 2797 hnc
951 2768 1207 2798 consecuturum
1229 2775 1268 2798 se
1289 2763 1434 2808 putabat
1454 2761 1521 2794 isto
1542 2760 1651 2795 muni·

203 2809 335 2850 mento,
367 2810 422 2850 nt,
439 2809 532 2842 tutas
561 2818 584 2842 a
612 2806 647 2842 vi
667 2806 756 2842 omni
786 2818 831 2843 ea
858 2807 1006 2844 stah’one
1035 2809 1178 2845 haberet
1194 2820 1319 2853 naves,
1352 2812 1390 2842 et
1410 2811 1450 2841 ut
1469 2806 1549 2841 illae
1570 2806 1649 2841 inde
