1884 3262
701 206 807 252 Lm.
821 205 877 251 11.
927 201 1130 251 NOTAE.
1237 221 1242 229 ⁴
1542 211 1641 259 673

191 316 618 370 Constantinopolitani
661 322 821 356 centnm
862 316 1147 368 quinquaginta
1187 318 1323 370 patres
1359 317 1643 373 adiunxerant,

186 380 282 428 post
312 374 382 412 illa
412 375 533 413 verba
561 372 677 412 credo
705 375 751 411 in
778 374 979 425 Spiritum
1005 374 1346 425 Sanctum,l1aec
1372 375 1583 416 dominum
1605 387 1644 417 et

187 431 459 482 vivificantem
470 461 483 482 ,
513 429 586 483 qzii
602 445 647 468 ex
657 437 777 482 patre
782 429 988 481 procedet,
1019 432 1091 482 qui
1112 445 1204 468 cum
1212 439 1336 483 patre
1355 441 1392 470 et
1399 434 1499 484 filio
1516 436 1645 474 simul

189 487 393 526 adoratur
420 494 455 524 et
482 488 831 539 conglorificatur,
860 488 934 538 qui
962 487 1124 525 locutus
1145 495 1204 524 est
1220 502 1296 539 per
1308 490 1544 541 prophetas,
1603 498 1644 532 et

187 551 319 583 tamen
338 543 564 595 symbolum
583 543 642 582 sic
660 550 822 582 auctum
840 543 1055 581 Nicaenum
1078 543 1337 583 nihilominus
1358 546 1545 599 deinceps
1563 549 1644 587 Ca·-

187 600 329 639 tholici
351 601 553 639 dixerunt.
610 600 820 639 Durandus
847 599 891 637 in
917 599 1113 638 Rationali
1137 600 1265 641 Divin.
1290 602 1405 643 offic.
1423 604 1451 642 1.
1471 604 1499 646 4
1522 618 1556 643 c.
1572 605 1644 655 25,

188 663 400 710 postquam
433 656 699 709 apostolicum
735 662 776 695 et
808 655 1119 695 Athanasianum
1155 657 1333 708 symbola
1375 668 1645 711 memorasset,

189 713 412 764 subiungit:
451 715 617 751 tertium
641 720 699 750 est
720 714 967 762 Nic-aenum,
999 712 1114 765 quod
1127 715 1343 752 Damasus
1355 730 1471 767 papa
1489 731 1534 754 ex
1551 732 1647 756 con-

188 772 400 808 stitutione
428 770 674 808 universalis
700 768 845 820 synodi
867 768 985 821 apud
1008 770 1399 822 Constantinopolim
1430 773 1649 813 celebratae

188 828 382 864 instituit.
440 826 621 865 similiter
637 826 820 876 Magister
836 826 1130 866 Sententiarum
1148 827 1175 867 l.
1196 830 1214 868 1
1239 827 1330 867 dist.
1353 831 1400 870 11
1422 836 1460 868 et
1475 830 1646 869 Alexan..

184 883 262 922 *der
292 882 449 922 Alensis
491 897 577 935 par.
602 885 631 925 3
665 889 815 934 quaest.
845 885 899 924 69
930 883 1106 921 membro
1137 883 1164 926 5
1204 884 1427 934 symbolum
1457 887 1567 938 quod
1600 888 1645 926 in

188 940 308 979 missa
329 945 513 978 cantatur
530 939 746 977 Nicaenum
773 953 819 978 ac
842 938 1108 978 Nicaenorum
1132 946 1289 991 patrum
1308 948 1466 981 vocant.
1522 943 1646 982 huius

187 997 290 1035 ratio
318 1002 376 1035 est
405 995 512 1046 quod
538 995 688 1034 additio
713 995 1243 1047 Constantinopolitanorum
1264 1003 1424 1048 patrum
1443 998 1545 1037 nihil
1566 1014 1646 1038 no-

186 1066 284 1092 vum
309 1052 448 1090 intulit
471 1051 645 1090 Nicaeno
676 1051 885 1103 symbolo,
916 1052 986 1090 sed
1008 1053 1199 1102 quaedam
1226 1066 1327 1104 quae
1346 1053 1387 1091 in
1406 1067 1451 1092 eo
1470 1055 1647 1095 latebant

187 1108 424 1161 explicatius
442 1108 624 1159 protulit.
652 1106 731 1146 hoc
752 1108 923 1146 affirmat
940 1110 978 1147 S.
1003 1109 1218 1160 Gregorius
1234 1109 1516 1161 Nazianzenus,
1540 1126 1646 1151 uuus

187 1178 208 1203 e
250 1165 331 1207 150
367 1164 817 1216 constantinopolitanis
854 1164 1058 1215 patribus,
1094 1166 1269 1204 scribens
1309 1167 1359 1205 ad
1391 1168 1646 1208 Cledonium:

185 1217 320 1274 ἡμεῖς,
348 1220 498 1272 inquit,
526 1223 598 1272 τῆς
617 1218 718 1290 κατα
736 1222 912 1261 Νίκαιαν
932 1222 1102 1269 πίστεως
1118 1237 1201 1262 των
1219 1221 1346 1275 ἁγίων
1365 1223 1545 1276 πατέρων
1562 1241 1647 1265 των

185 1277 311 1320 ἐκεῖσε
332 1274 649 1318 συνελθόντων’
631 1275 696 1317 επὶ
712 1275 945 1329 καθαιρέσει
958 1280 1031 1330 τῆς
1048 1273 1303 1330 Ἀρειανικῆς
1319 1279 1504 1349 αἱρέσεως
1524 1278 1647 1322 ουδὲν

187 1332 280 1375 οὔτε
305 1328 626 1385 προετιμήσαμέν
651 1348 747 1373 ποτε
770 1331 864 1373 ου’τε
890 1336 1090 1386 προτιμᾶν
1114 1333 1344 1386 δυνάμεθα,
1376 1332 1470 1376 ἄλλ’
1489 1336 1646 1402 ἐκείνης

187 1387 305 1442 ἐσμὲν
321 1390 491 1437 πίστεως
509 1386 584 1429 συν
598 1391 684 1443 θεῷ
702 1388 770 1429 καὶ
785 1386 973 1441 ἐσόμεθα.
1029 1396 1185 1429 tantum
1202 1391 1312 1429 addit
1329 1404 1370 1430 se
1389 1406 1480 1432 cum
1500 1394 1584 1432 suis
1600 1395 1645 1434 in

186 1447 257 1486 illa
278 1460 390 1485 sacra
406 1445 560 1497 synodo
579 1445 738 1496 collegis
756 1446 1002 1485 articulatius
1022 1447 1261 1499 exposuisse,
1291 1461 1390 1499 quae
1406 1450 1537 1488 minus
1557 1451 1646 1489 suf..

186 1503 388 1555 ficienter,
416 1501 552 1540 habita
569 1502 726 1541 ratione
745 1501 886 1541 deinde
902 1502 1152 1542 subortarum
1172 1504 1399 1555 haeresum,
1429 1506 1478 1545 de
1495 1508 1644 1546 Sancto

187 1559 340 1612 Spiritu
367 1559 567 1597 declarata
594 1572 616 1597 a
644 1558 826 1598 Nicaenis
845 1559 1016 1598 fuerant.
1072 1561 1466 1614 προσδιαρθροῦντες
1482 1560 1526 1604 τὸ
1546 1563 1646 1604 ἐλλι-

186 1631 276 1664 πως
305 1614 517 1668 εἰρημένον
545 1613 636 1679 περὶ
666 1618 740 1656 τοῦ
768 1614 885 1669 αγίου
913 1612 1153 1668 πνεύματος.
1208 1617 1251 1655 111
1282 1631 1382 1669 quae
1406 1619 1646 1659 Nazianzeni

186 1672 307 1712 verba
333 1671 561 1710 scholiastes
583 1672 668 1709 eius
692 1671 798 1710 Elias
817 1672 875 1710 sic
891 1678 1001 1711 recte
1023 1679 1326 1715 commentatur.
1382 1677 1442 1745 τῷ
1467 1674 1541 1727 μὲν
1569 1674 1649 1717 σοί-

189 1743 282 1795 ματι
302 1731 384 1769 τῶν
401 1727 544 1776 λέξεων
561 1726 856 1800 naqsstkemfo
849 1757 859 1775 ,
887 1731 940 1795 τῇ
961 1727 1005 1770 δε
1025 1732 1140 1799 ψυχῇ
1168 1729 1290 1783 (λέγω
1309 1727 1360 1783 δη
1378 1730 1428 1771 wi
1446 1747 1528 1773 των
1544 1748 1647 1802 νοη-

189 1781 353 1854 μάτων)
383 1780 584 1836 ου’δαμῶς.
641 1782 706 1826 διο
735 1784 804 1825 καὶ
831 1801 852 1826 ο
883 1801 998 1838 αγιος
1023 1781 1073 1826 ου’
1091 1784 1134 1827 τὸ
1157 1787 1515 1855 παραλελειμμένον
1544 1785 1647 1830 ἀλλὰ

187 1838 234 1882 τό
251 1841 417 1889 ἐλλιπῶς
433 1839 642 1894 εἰρημένον
655 1843 730 1882 τοῦ
746 1837 928 1893 σώματος
946 1842 1048 1896 λέγει
1064 1841 1324 1896 ὃιαρθροῦν’
1303 1840 1394 1895 η’τοι
1408 1844 1647 1898 ἐξακριβοῦν

186 1896 254 1939 καὶ
284 1898 549 1950 διαμορφοῦν.
605 1896 705 1936 haec
737 1897 830 1948 ille5
864 1898 1007 1949 quibus
1040 1898 1236 1949 significat
1266 1913 1348 1937 non
1373 1901 1551 1940 sensibus
1575 1908 1646 1941 aut

187 1953 303 2006 quasi
322 1953 474 1992 animae
493 1953 663 2005 symboli
690 1954 847 1992 Nicaeni
869 1954 1036 1994 defuisse
1054 1955 1230 2008 aliquid,
1260 1955 1393 1995 dicere
1411 1957 1645 2009 Gregorium

186 2009 437 2061 theologum,
466 2010 536 2049 sed
565 2024 664 2049 sono
692 2011 906 2049 verborum
931 2025 979 2049 ac
1001 2011 1128 2050 veluti
1147 2013 1308 2063 corpori
1327 2018 1402 2051 etc.
1459 2015 1564 2052 unde
1582 2027 1645 2052 se-

187 2066 323 2118 quitur
347 2066 589 2105 additionem
619 2067 822 2106 identitati
850 2080 933 2105 non
967 2067 1137 2108 obstare.
1192 2068 1298 2106 idem
1317 2081 1426 2106 nunc
1444 2070 1534 2121 pari
1554 2070 1644 2109 iure

188 2122 372 2161 dicimus.
428 2136 547 2173 quam
573 2124 758 2162 voculam
780 2123 953 2162 Nicaena
985 2124 1157 2162 secunda
1179 2124 1355 2174 synodus
1373 2126 1564 2175 generalis
1582 2136 1643 2166 'se-

186 2178 313 2230 ptima
343 2178 523 2229 symbolo
552 2192 574 2216 a
604 2180 1082 2232 constantinopolitana„
1063 2180 1230 2219 uenerali
1247 2181 1421 2220 secunda
1441 2182 1547 2220 edito
1572 2183 1644 2222 ad-

187 2234 311 2283 didit,
342 2247 384 2271 ea
407 2247 498 2272 cum
517 2240 702 2274 extranea
717 2250 801 2275 non
819 2236 961 2286 fuerit,
975 2211 1082 2275 &sed
1077 2251 1127 2276 ex
1154 2236 1406 2276 visceribus
1393 2238 1519 2290 ipsius
1536 2253 1643 2292 sym-

187 2290 271 2328 boli
289 2264 493 2328 doctrinae
507 2304 554 2328 ac
565 2291 1090 2346 constantinopolitanorum
1104 2299 1264 2345 patrum
1278 2294 1495 2333 sententiae
1512 2302 1639 2347 eruta,

186 2360 272 2386 non
299 2347 397 2384 facit
422 2353 469 2385 ut
490 2353 583 2399 post
600 2346 720 2388 huius
738 2349 981 2402 epenthesim
1007 2349 1230 2402 symbolum
1250 2350 1359 2388 aliud
1376 2350 1577 2391 diversum
1594 2353 1639 2392 id

188 2403 328 2441 debeat
348 2403 514 2443 censeri.
569 2404 727 2444 nullum
748 2419 840 2458 ergo
854 2406 978 2445 fuerit
997 2405 1270 2457 mendacium,
1297 2407 1340 2445 id
1360 2407 1639 2448 Constantino-

187 2459 410 2512 politanum
439 2465 486 2498 ut
514 2466 627 2498 antea
654 2475 809 2501 vocare.
867 2463 976 2514 quod
999 2476 1096 2502 vero
1116 2463 1305 2502 ecclesiae
1320 2463 1470 2503 Galliae
1494 2471 1534 2504 et
1560 2465 1638 2504 Hi-

187 2515 348 2567 spaniae
366 2522 526 2555 cantare
549 2517 804 2568 symbolum’
791 2532 834 2556 m
853 2533 966 2557 sacro
988 2533 1080 2558 cum
1103 2520 1304 2559 additione
1314 2520 1491 2573 filioque
1505 2534 1579 2573 per
1594 2535 1636 2559 se

186 2571 471 2621 instituerunt,
499 2572 542 2611 id
560 2573 747 2612 nimirum
768 2575 843 2613 sibi
861 2576 980 2614 licere
999 2575 1220 2624 credidere,
1249 2583 1456 2630 postquam
1478 2578 1552 2615 ista
1569 2577 1638 2615 ad-

188 2627 288 2666 ditio
316 2641 388 2680 per
416 2629 635 2679 generalem
663 2630 868 2682 septimam
896 2632 1090 2684 synodum
1109 2633 1361 2686 comprobata
1383 2639 1422 2671 et
1447 2639 1638 2685 usurpata

187 2684 328 2724 suerat.
384 2685 509 2734 unde,
536 2692 584 2724 ut
603 2687 784 2739 superius
808 2688 1006 2738 vidimus,
1037 2690 1116 2728 Leo
1135 2691 1291 2729 Tertius
1309 2689 1492 2741 pontifex
1511 2689 1554 2727 id
1572 2690 1638 2727 fa-

189 2745 296 2779 ctum
317 2755 400 2779 non
416 2747 462 2780 ut
480 2715 675 2781 n'efarium
689 2744 912 2794 damnavit,
943 2745 1012 2784 sed
1028 2751 1182 2785 tantum
1199 2753 1246 2786 ut
1266 2747 1314 2785 ab
1336 2759 1380 2784 eo
1401 2745 1642 2784 desisterent
1659 2751 1688 2786 P
1710 2753 1778 2790 472

187 2797 311 2836 suasit
339 2804 508 2850 propter
533 2813 836 2852 causamquam
863 2774 918 2839 ib’i
941 2809 1235 2842 commemorat.
1291 2803 1359 2840 sed
1381 2802 1450 2840 illa
1470 2803 1639 2841 Romani

186 2852 389 2905 pontificis
408 2854 646 2905 moderatio,
674 2862 722 2895 ut
739 2863 838 2897 tunc
856 2857 934 2898 fuit
942 2858 1183 2911 laudabilis‚-
1200 2860 1257 2899 sic
1274 2865 1410 2913 postea
1429 2871 1503 2912 per
1518 2859 1640 2899 Grae-

184 2906 189 2911 *
247 2913 420 2961 Georgius
447 2916 672 2962 Pachymeres
701 2918 731 2952 Ι.
1310 2915 1364 2956 43
