1846 3262
381 214 457 257 DE
490 213 774 256 MICHAELE
802 210 1181 256 PALAEOLOGO
1216 211 1262 254 L.
1298 210 1352 253 H.
1510 210 1602 256 163

131 330 224 388 ριάν
243 328 313 387 ἔφ’
336 326 467 372 ἅπασι
485 329 605 371 ναυσὶ
622 326 860 385 χρωμένους
882 326 949 367 καὶ
969 327 1324 382 μεταχειρίζοντας
1344 323 1440 367 κατ’
1466 326 1603 379 ἓμπει-ε-

132 400 225 454 ριάν
255 398 308 442 τὰ
339 396 572 455 πράγματα.
643 399 710 440 καὶ
748 399 879 438 ταῦτα
921 395 997 448 μὲν
1028 398 1288 444 Γεννουΐταις
1323 393 1372 436 τὰ
1409 395 1602 450 ἐπαγγέλ-

129 485 268 523 ματα,
306 469 532 516 Βενετικοῖς
564 468 608 509 δὲ
635 467 702 509 καὶ
731 465 951 513 Πισσαιόις
982 464 1033 506 τὰ
1060 463 1182 518 ὅμοια
1204 467 1599 519 προσεφιλοτιμιῖτο,

130 544 218 586 τοῖς
250 537 324 591 μὲν
352 534 431 578 ὑπὸ
467 534 677 593 παϊούλῳ,
717 532 763 576 ὃν
786 531 935 587 Ἕλλην
967 531 1018 574 ἂν
1045 532 1149 575 εἴποι
1176 533 1417 587 ἐπίτροπον,
1455 539 1542 582 τοῖς
1561 534 1606 575 δὲ

97 607 352 654 5Πισσαίοις
373 603 598 663 κονσούλῳ,
620 601 757 661 ε’φόρῳ
779 599 919 653 νόμοις
940 608 1026 651 τοῖς
1046 601 1184 644 αὐτῶν
1202 600 1444 655 χρωμένοις,
1468 599 1603 656 πράτ-
1625 608 1656 643 Β

130 692 212 718 τειν
235 691 278 716 τε
299 674 352 717 τὰ
375 674 512 725 αὐτῶν
531 669 762 725 ἀκωλύτως,
798 670 1025 726 ἐλευθέρως
1044 672 1322 722 διαβιοῦντας.
1393 669 1498 725 πλὴν
1518 678 1605 720 τοΐς

129 745 204 798 μὲν
235 746 493 792 Γεννουΐταις
521 741 595 785 οὐκ
622 738 699 795 εἶχε
729 737 930 782 πιστεύειν
970 739 1085 788 ἐντὸς
1114 739 1495 793 περικεκλεισμένοις
1528 744 1603 782 τοῦ

131 806 278 862 ἄστεος
291 846 304 865 ,
340 815 507 861 πολλοῖς
533 827 576 866 γε
606 805 697 852 οἷ’σι
721 811 789 852 καὶ
809 808 858 851 οὗ
877 807 972 850 κατ’
997 809 1170 857 ἐκείνους
1191 807 1454 864 ἀμφοτέρους
1476 806 1606 851 συνά-

130 899 216 935 μα,
254 882 428 930 ἐκείνους
448 879 490 922 δ’
515 879 828 935 ἠλαττωμένους
849 882 907 935 τῷ
929 875 1078 932 πλήθει
1100 873 1214 926 ἐντὸς
1234 876 1414 931 κατέχων
1438 876 1512 919 οὐκ
1531 876 1606 932 352.-

77 962 121 996 10
131 967 201 1006 γει.
272 949 318 992 τό
345 949 388 991 δ’
419 944 492 991 οὗν
522 951 692 1003 διαιρεῖν
718 947 771 989 τὰ
795 947 912 1003 γένη,
951 948 1018 988 καὶ
1040 953 1127 996 τοῖς
1143 947 1217 999 μὲν
1239 950 1417 1000 παροῦσι
1439 950 1608 1002 φιλικῶς

132 1018 256 1074 ἔχειν,
289 1025 375 1068 τοῖς
397 1018 442 1060 δὲ
463 1019 529 1060 καὶ
547 1017 698 1059 ἀποῦσι
719 1013 938 1073 πόρρωθεν
957 1012 1105 1072 δώροις
1126 1013 1343 1070 ὖποχαλᾶν
1364 1014 1440 1064 τὰς
1457 1012 1603 1068 ὁρμάς,

132 1085 363 1137 δεικνύντος
399 1082 449 1141 ἦν
484 1084 540 1136 ὥς
571 1087 691 1128 azotu
725 1085 800 1140 τὴν
834 1082 1083 1138 ὁμαιχμίαν,
1119 1085 1185 1126 καὶ
1211 1088 1370 1137 μᾶλλον
1398 1082 1461 1126 ὅτι
1486 1086 1604 1126 Βαλ-
1628 1094 1659 1128 C

132 1149 295 1206 δουῗνος
325 1161 475 1213 φυγαῖς
501 1153 763 1211 χρησάμενος
786 1155 854 1195 καὶ
883 1150 1093 1212 Καρούλῳ
1126 1153 1356 1207 συμμίξας,
1393 1151 1511 1207 ἀνδρὶ
1534 1171 1608 1196 σο·

130 1230 251 1284 βαρῷ
287 1226 354 1267 καὶ
390 1222 492 1280 ὑπὲρ
523 1224 571 1267 τὸ
605 1224 755 1280 μέτρον
795 1226 1038 1279 φρονοῦντι,
1091 1220 1343 1276 συνήλλαττε
1382 1219 1608 1275 λαμβάνων

77 1306 119 1341 15
132 1293 202 1349 ἐφ’
236 1294 314 1352 υἱῷ
345 1293 418 1348 τὴν
438 1294 603 1335 -ἔκείνου
632 1291 844 1347 θυγατέρα
877 1291 949 1333 καί
969 1290 1007 1333 οἳ
1033 1287 1088 1340 ὥς
1109 1290 1206 1332 ἕδνα
1225 1290 1300 1344 τὴν
1325 1288 1442 1332 πέλιν
1459 1289 1510 1345 ἣν
1533 1290 1609 1333 οὔκ

133 1360 210 1416 εἶχε
243 1359 396 1411 διδούς.
469 1359 490 1404 ὅ
522 1361 566 1404 δ’
601 1359 805 1414 ἐλάμβανε
835 1361 901 1401 καὶ
927 1358 986 1413 μὴ
1008 1358 1174 1413 ἔχοντος
1194 1359 1297 1415 παρ’
1325 1359 1503 1411 ἐκείνου,
1539 1360 1607 1402 {Ze

131 1431 257 1482 πίζων
280 1428 336 1479 ὥς
358 1427 647 1484 καταλήψαιτο
669 1426 817 1471 στόλον
841 1425 1082 1483 ἐξαρτύσας.

272 1499 352 1543 33.
421 1501 603 1554 Πρῶτον
624 1502 723 1552 γοῦν
744 1500 827 1539 τῶν
844 1498 995 1538 ἐκείνου
1023 1496 1150 1552 ἔργων
1170 1495 1283 1545 ἐντὸς
1303 1499 1379 1538 τοῦ
1399 1495 1605 1550 πολίσμαψ
1628 1502 1661 1537 D

132 1584 205 1617 τος
225 1567 322 1616 τοίς
341 1568 528 1617 ἐποίκους
550 1565 720 1622 εἰσάγειν
741 1582 784 1607 τε
806 1566 872 1607 καὶ
892 1566 1048 1617 οῗκίζειν
1059 1598 1072 1618 ,
1110 1564 1214 1620 πρὸς
1233 1569 1284 1622 τῇ
1306 1561 1506 1622 θαλάσσῃ
1531 1582 1607 1607 κα-

225 1700 266 1734 1.v
283 1696 490 1744 ἐμπορίανῩ
628 1698 663 1733 4.
688 1695 917 1744 nantoil-9³?
1054 1698 1087 1732 9.
1111 1692 1409 1741 ’ὖλακτουμένονς
1430 1697 1469 1732 Ρ.

132 1824 251 1849 munes
285 1824 328 1848 ac
361 1823 503 1859 prorsus
527 1811 636 1847 liberi
664 1811 699 1846 in
723 1811 814 1846 omni
836 1812 971 1847 ratione
993 1811 1221 1857 navigationis
1245 1823 1288 1847 ac
1310 1812 1520 1855 commercii,
1548 1824 1610 1847 ne·-

133 1860 229 1905 gotia
254 1859 354 1893 solita
378 1859 463 1904 ipsis
488 1859 659 1893 industria
681 1862 852 1903 gerentes.
899 1859 985 1893 haec
1009 1859 1252 1893 Genuensibus
1275 1859 1463 1904 promissa,
1498 1859 1611 1893 Vene-

131 1908 177 1942 tis
202 1911 314 1940 autem
339 1911 375 1940 et
399 1905 529 1940 Pisanis
553 1905 652 1951 paria
675 1905 831 1939 similiter
857 1909 1032 1940 ostentata
1054 1910 1154 1947 sunt,
1188 1916 1309 1950 nempe
1333 1909 1372 1939 ut
1396 1905 1448 1939 illi
1470 1906 1608 1951 quidem

134 1953 197 1988 sub
221 1952 343 1986 Baiulo
367 1952 574 1996 (vocabulo,
594 1951 623 1985 si
647 1951 681 1985 in
704 1953 877 1986 Graecum
899 1952 1151 1997 interpreteris,
1173 1951 1404 1997 praepositum
1428 1953 1608 1996 sonante),

133 1998 249 2033 Pisani
273 2004 386 2032 autem
409 1999 473 2032 sub
499 1998 668 2040 Consule,
703 1998 801 2043 quasi
823 1998 920 2032 dicas
953 1998 1080 2043 ephoro
1106 2002 1166 2032 aut
1197 1998 1327 2040 aedile,
1358 1998 1491 2043 legibus
1514 1998 1609 2043 ipso-

134 2057 211 2079 rum
234 2045 379 2090 quisque
402 2044 552 2090 propriis
576 2049 771 2087 uterentur,
805 2056 954 2090 suasque
983 2055 1041 2078 res
1071 2047 1217 2088 agerent
1241 2044 1441 2089 prohibente
1463 2044 1607 2086 nemine,

134 2091 243 2125 libere
278 2102 341 2135 per
374 2091 482 2125 omnia
506 2090 671 2125 viventes.
719 2095 892 2125 caeterum
916 2091 1157 2125 Genuensibus
1179 2091 1266 2125 satis
1289 2091 1396 2125 fidere
1419 2102 1485 2124 non
1509 2095 1607 2135 pote-

135 2142 194 2171 rat
215 2136 308 2170 intra
331 2138 450 2171 urbem
474 2136 696 2181 degentibus,
721 2137 812 2183 quod
836 2136 933 2171 multi
956 2140 1071 2171 essent
1092 2149 1156 2171 nec
1179 2148 1254 2171 cum
1276 2137 1413 2171 Pisanis
1435 2142 1472 2170 et
1493 2136 1609 2170 Vene-

136 2183 182 2217 tis
206 2183 427 2216 communiter
453 2182 627 2224 viverent,
652 2183 712 2217 sed
738 2194 817 2217 suas
840 2183 906 2217 sibi
929 2183 1113 2227 separatim
1136 2194 1192 2217 res
1214 2183 1399 2225 haberent3
1423 2194 1508 2228 quos
1523 2182 1608 2216 alla-

136 2228 245 2268 trari,
271 2240 345 2262 cum
370 2234 594 2274 apparerent,
618 2234 654 2263 et
677 2229 785 2275 plebis
808 2229 979 2274 proscindi
1003 2229 1161 2264 conviciis
1184 2230 1274 2264 haud
1297 2230 1437 2263 moleste
1459 2229 1606 2271 ferebat,

137 2275 188 2309 sic
211 2274 288 2308 illos
320 2274 435 2317 (quod
459 2274 525 2309 sibi
547 2275 632 2309 utile
653 2276 826 2320 putabat)
860 2275 1012 2310 cohiberi
1039 2287 1082 2310 ne
1103 2275 1204 2310 facile
1228 2275 1426 2321 prodirent,
1457 2279 1493 2308 et
1515 2274 1606 2309 intus

137 2320 288 2354 detineri
310 2321 473 2364 gaudens.
522 2332 563 2354 ea
587 2332 690 2366 porro
713 2321 880 2357 industria
903 2322 1075 2357 tractandi
1096 2321 1282 2368 separatim
1305 2333 1380 2356 cum
1402 2332 1607 2366 unaquaque

137 2371 262 2411 gente,
295 2371 331 2400 et
354 2366 590 2412 praesentibus
612 2367 748 2413 quidem
772 2368 1046 2403 benevolentiam
1068 2367 1268 2410 exhibendi,
1295 2367 1414 2413 procul
1435 2367 1518 2401 ver‘o
1543 2368 1606 2401 ab·

138 2413 285 2447 sentium
309 2413 380 2447 iras
404 2412 600 2446 exarmandi
623 2414 720 2448 donis
743 2415 853 2448 missis
877 2419 913 2448 et
936 2414 1124 2460 privilegiis
1146 2414 1302 2457 indultis,
1337 2414 1410 2448 eius
1441 2418 1518 2447 erat
1546 2413 1607 2458 qui

138 2458 335 2493 ostenderet
367 2459 551 2493 formidare
583 2470 622 2492 se
654 2460 823 2494 nationum
846 2460 963 2494 harum
987 2471 1184 2495 consensum
1208 2466 1244 2494 et
1264 2460 1548 2506 conspirationem
1569 2459 1607 2494 in

139 2516 345 2539 communem
371 2504 618 2550 expeditionem
642 2506 819 2549 bellicam;
844 2517 943 2551 quem
964 2507 1012 2540 illi
1035 2507 1144 2551 magis
1168 2507 1370 2541 admovebat
1391 2506 1607 2541 intendebat-

139 2562 206 2596 que
231 2557 354 2585 metum
378 2559 542 2596 acceptus
564 2552 608 2585 de
631 2551 800 2587 Balduino
834 2553 992 2592 nuntius,
1023 2552 1124 2587 istum
1156 2554 1309 2587 referens
1337 2554 1421 2598 fuga
1457 2551 1605 2586 delatum

139 2597 184 2630 ad
209 2596 389 2639 Carolum,
410 2598 643 2643 praeferocem
665 2603 703 2631 et
724 2609 918 2641 magnorum
941 2599 1121 2652 spirituum
1144 2599 1271 2643 virum,
1307 2599 1509 2633 affinitatem
1532 2608 1607 2631 cum

139 2654 181 2677 eo
216 2643 428 2678 contraxisse
459 2643 631 2688 iungenda
662 2655 723 2678 suo
756 2644 828 2678 filio
852 2645 971 2679 Caroli
992 2645 1088 2687 filia,
1121 2645 1289 2691 imputata
1311 2646 1344 2678 in
1368 2644 1607 2690 patrimonium

139 2692 177 2722 et
198 2689 386 2724 maritalem
409 2689 523 2723 dotem
547 2691 633 2724 urbe
657 2690 974 2736 Constantinopoli3
1007 2702 1108 2737 quam
1131 2692 1212 2726 licet
1234 2692 1296 2738 qui
1315 2691 1517 2734 assignabat
1539 2700 1607 2723 non

139 2734 304 2778 haberet,
337 2736 474 2770 admisit
496 2736 705 2770 nihilominus
729 2736 873 2771 Carolus
894 2737 1062 2781 libenter,
1094 2748 1238 2784 sperans
1261 2749 1300 2772 se
1329 2736 1422 2771 illam
1445 2741 1608 2781 receptu-

139 2791 214 2814 rum
237 2781 364 2821 classe,
388 2793 489 2827 quam
511 2782 556 2816 ad
578 2783 615 2815 id
639 2783 815 2826 armabat,
838 2782 999 2819 immissa.

231 2827 287 2862 33.
333 2827 482 2862 Primum
511 2828 729 2873 imperatoris
759 2830 876 2864 urbem
906 2829 1050 2874 ingressi
1086 2839 1173 2874 opus
1202 2828 1271 2863 suit
1293 2826 1531 2862 suburbiorum
1553 2826 1608 2861 in-

140 2870 287 2917 quilinos
308 2872 346 2907 in
368 2874 486 2908 urbem
509 2873 692 2917 inducere,
723 2875 767 2910 ad
789 2886 884 2910 mare
908 2876 1006 2922 prius
1026 2875 1243 2917 habitantes3
1275 2874 1459 2909 secundum
1490 2873 1609 2907 distri-
