1884 3262
269 173 367 223 690
673 172 986 217 OBSERVAT.
1018 173 1334 221 PACHYMER.

268 283 486 350 expeditius
503 281 681 321 Romana
699 282 860 322 nomina
879 282 1037 322 Graecis
1055 282 1179 322 literis
1196 282 1441 348 exprimunt,
1465 280 1732 338 Ἰανουάριον,

271 336 550 393 Φεβρουάριον
566 368 576 388 ,
609 336 823 391 Μάρτιον,
852 346 893 378 et
919 339 974 377 sic
1003 339 1052 378 de
1076 339 1236 378 caeteris
1260 339 1486 380 scribentes·
1514 355 1606 379 nam
1625 341 1730 380 alio-

269 398 337 448 qui
356 396 495 434 Graeci
527 408 677 434 menses
695 396 855 434 lunares
880 402 1016 435 exacte
1044 395 1282 448 respondere
1311 395 1469 435 Iulianis
1485 398 1645 436 minime
1661 397 1733 435 lu-

266 453 428 491 naribus
451 458 666 502 nequeunt,
723 458 860 491 nostro
882 458 1015 491 tamen
1042 452 1275 504 Pacbymeri
1295 453 1426 491 visum
1446 459 1504 491 est
1527 454 1627 493 nulli
1647 454 1728 492 tri-

265 515 347 547 tam
373 515 552 548 veterum
576 515 646 548 aut
674 508 877 547 iuniorum
901 511 1007 549 viam
1039 510 1227 548 insistere.
1285 522 1331 547 ac
1360 523 1450 549 cum
1480 510 1560 548 sere
1582 510 1727 548 caeteri

265 565 584 618 ἑκατομβαιῶνος
614 578 711 604 voce
733 565 890 604 Iunium
915 573 985 605 aut
1011 566 1152 604 [ulium
1181 565 1408 617 designent,
1447 565 1521 617 ipsi
1548 566 1663 605 libuit
1682 566 1726 604 id

262 635 408 660 nomen
438 622 619 661 Ianuario
649 622 839 662 tribuere.
895 623 937 661 in
968 634 1047 673 quo
1078 623 1173 660 satis
1205 628 1368 674 apparet
1394 635 1514 672 quam
1531 622 1726 663 rationem

263 679 315 717 sit
333 685 500 719 secutus,
561 679 652 730 quia
672 679 775 717 enim
791 679 964 730 primum
983 679 1075 717 anni
1100 678 1217 717 Attici
1235 691 1406 717 mensem
1426 677 1727 730 ἕκατομβαιῶνα

118 742 147 776 P
169 740 237 775 486
263 736 410 774 sciebat
437 735 611 784 dictum,
647 735 723 774 isto
761 748 918 786 quoque
961 736 1154 774 vocabulo
1178 735 1237 773 sas
1262 735 1339 773 sibi
1363 735 1522 787 putavit
1552 735 1726 786 primum

259 793 356 832 item
386 792 553 830 Romani
584 792 682 830 anni
708 804 880 830 mensem
910 792 1125 844 appellare,
1162 805 1303 843 parum
1330 797 1469 830 curato
1501 791 1725 830 discrimine

259 854 552 900 tempestatum.
609 862 654 885 ac
678 848 845 886 similem
871 849 915 887 in
943 849 1111 887 aliorum
1142 848 1260 887 etiam
1285 848 1724 890 nomenclaturamen-

261 906 366 944 sium
381 905 579 944 licentiam
596 918 791 956 usurpans
809 905 1055 957 implicuerat
1073 906 1237 943 lectores
1256 919 1347 943 suos
1360 905 1610 956 ambiguitate
1631 917 1726 956 per-

260 962 534 1010 incommoda,
575 961 649 999 nisi
677 962 759 1000 eius
789 962 942 1000 librarii
966 962 1252 1000 succurrissent
1279 960 1457 1000 notando
1476 962 1559 1000 fere
1577 960 1726 1012 ubique

259 1019 302 1058 in
322 1032 393 1057 ora
416 1018 601 1068 marginis
616 1030 712 1056 vero
731 1018 891 1056 nomine
909 1020 1053 1057 mensis
1073 1018 1252 1059 indicati.

371 1076 658 1114 ΛΗΝΑΙΩΝ.
714 1088 755 1126 p.
786 1078 868 1116 306
899 1088 940 1115 v·
964 1078 1015 1118 11,
1072 1074 1102 1126 ἦ
1137 1072 1265 1127 μηνός
1292 1076 1518 1127 ληναιῶνος
1548 1071 1722 1126 δευτέρα.

257 1132 302 1170 in
322 1131 493 1182 margine
523 1130 730 1168 amborum
761 1132 999 1182 optimorum
1031 1131 1148 1169 codd.
1176 1132 1209 1169 Β
1227 1136 1267 1168 et
1284 1130 1318 1168 A
1347 1136 1386 1168 et
1403 1131 1446 1168 in
1475 1135 1666 1168 contextu
1688 1129 1723 1168 V

261 1188 537 1239 Φεβρουαρίου
568 1187 767 1227 scribitur.
835 1200 881 1225 ac
917 1199 980 1225 res
1021 1187 1107 1239 ipsa
1146 1187 1324 1237 loquitur
1365 1186 1624 1225 Februarium
1656 1185 1724 1224 hic

257 1244 421 1294 signari,
451 1243 561 1280 cuius
592 1242 654 1280 die
683 1243 856 1281 secunda
877 1241 1021 1281 festum
1045 1240 1306 1293 ὖπαποὶντης,
1346 1243 1454 1293 quod
1474 1243 1722 1294 purificatio-

255 1313 348 1338 nem
365 1300 502 1337 beatae
517 1298 696 1351 deiparae
712 1298 843 1338 Latini
859 1299 1045 1349 dicimus,
1075 1299 1265 1338 celebrari
1281 1299 1526 1337 manifestum
1549 1304 1620 1341 est.
1671 1299 1724 1338 de

256 1356 335 1394 hoc
355 1362 485 1394 autem
504 1355 600 1393 festo
625 1355 691 1393 hic
707 1361 842 1395 noster
859 1356 940 1408 agit
965 1356 1207 1395 nominatim.
1266 1355 1372 1394 unde
1393 1362 1525 1394 autem
1547 1355 1591 1393 in
1607 1367 1722 1394 meu-

256 1418 335 1451 tem
353 1413 427 1464 ipsi
445 1412 601 1451 venerit
613 1412 874 1451 Februarium
892 1415 1117 1464 Ληναιῶνα
1133 1425 1298 1462 vocare,
1330 1411 1497 1451 difficilis
1517 1412 1721 1451 coniectu-

253 1483 302 1508 ra
327 1475 410 1508 est:
438 1481 566 1519 neque
592 1469 697 1507 enim
729 1469 836 1508 ullus
865 1469 1090 1509 Atticorum
1115 1469 1235 1520 vulgo
1261 1475 1569 1507 memoratorum
1593 1482 1640 1507 ac
1668 1482 1720 1507 ne

253 1525 602 1564 Macedonicorum
629 1524 807 1576 quidem,
846 1525 1168 1578 Bithynicorum,
1195 1522 1452 1577 Pythicorum
1471 1531 1540 1563 aut
1559 1525 1719 1564 omnino

253 1582 372 1621 ullius
406 1583 553 1620 Graece
582 1582 737 1621 locutae
764 1584 889 1633 gentis
915 1583 1107 1621 mensium
1133 1582 1212 1620 hoc
1241 1595 1407 1631 nomen,
1450 1582 1557 1633 quod
1586 1583 1718 1632 sciam,

252 1639 342 1680 fuit.
401 1639 538 1685 scribit
555 1639 713 1689 quidem
731 1639 915 1679 Petavius
931 1639 959 1679 l.
981 1643 1002 1681 1
1025 1639 1074 1678 de
1092 1640 1205 1681 Doct.
1220 1639 1353 1691 Temp.
1379 1652 1412 1678 e.
1424 1639 1479 1681 34
1496 1635 1719 1680 Βουκάτιον

250 1695 492 1734 Boeotorum
511 1695 684 1747 primum
693 1709 865 1735 mensem
881 1699 1104 1749 Ληναιῶνα
1114 1696 1251 1736 vocari
1269 1696 1318 1734 ab
1328 1694 1534 1747 Hesychio.
1562 1708 1722 1746 verum,

252 1752 364 1803 quod
396 1753 473 1791 viri
501 1753 642 1790 summi
669 1766 765 1805 pace
793 1753 984 1799 dixerim,
1021 1753 1064 1791 id
1098 1753 1206 1805 apud
1235 1752 1476 1804 Hesychium
1504 1765 1585 1791 non
1617 1751 1719 1803 lego,

250 1808 339 1846 loco
368 1821 485 1858 quem
514 1809 596 1859 ipse
627 1809 785 1859 citavit,
821 1810 945 1849 verbo
970 1810 1117 1848 scilicet
1145 1807 1363 1862 Ληναιῶν,
1401 1808 1471 1848 ubi
1494 1814 1635 1847 contra
1661 1809 1718 1847 sic
1756 1835 1760 1841 ›

252 1864 445 1915 scripturn
470 1871 602 1903 extat:
633 1863 830 1916 Ληναιῶν
852 1863 948 1932 μήν.
1007 1862 1152 1907 οὐδένα
1168 1879 1249 1906 των
1267 1868 1406 1918 μηνοῖν
1419 1864 1587 1907 Βοιωτοὶ
1609 1880 1715 1905 ουτω

251 1922 459 1962 καλουσιν.
519 1917 662 1968 εἰκάζει
681 1919 725 1961 δὲ
749 1919 774 1962 o‘
802 1917 1057 1974 Πλούταρχος
1090 1917 1336 1962 Βουκάτιον·
1365 1921 1434 1962 καὶ
1453 1919 1528 1976 γάρ
1558 1917 1720 1991 ’ψυχρόςΔ

252 1976 373 2017 ἐστιν.
432 1975 532 2017 ἔνιοι
556 1974 598 2017 δὲ
615 1993 686 2018 τον
712 1976 921 2031 Ἑομαῖον,
952 1993 1007 2026 ως
1029 1993 1124 2030 μετα
1155 1975 1375 2019 Βουκάτιόν
1390 1978 1522 2019 ἐστιν·
1547 1977 1616 2018 καὶ
1636 1993 1713 2032 γαρ

248 2029 461 2085 Ἀθηναῖοι
486 2047 562 2085 την
584 2048 666 2075 των
697 2035 874 2085 ληναίων
904 2031 1048 2087 ἑορτὴν
1075 2033 1119 2075 ἐν
1153 2030 1263 2090 αυτῷ
1295 2031 1475 2088 ἄγουσιν.
1531 2031 1610 2072 hoc
1636 2039 1714 2073 est:

249 2090 438 2127 Lenaeon
455 2091 614 2128 mensis.
670 2091 834 2128 nullum
865 2092 1063 2128 mensium
1085 2092 1231 2129 Boeoti
1246 2104 1308 2128 εἰσ
1325 2091 1545 2143 appellant.
1603 2088 1714 2128 indi-

252 2153 319 2183 cat
341 2153 476 2184 autem
494 2146 750 2186 Plutarchus
777 2148 1026 2185 Bucatium:
1054 2161 1152 2185 nam
1179 2147 1418 2199 etsrigidus·
1447 2154 1516 2188 est.
1575 2147 1713 2198 aliqui

251 2215 344 2240 vero
372 2204 617 2241 Hermaeum
633 2205 708 2254 qui
715 2211 814 2256 post
832 2206 1064 2243 Bueatium.
1076 2211 1155 2241 est:
1185 2206 1326 2242 etenim
1343 2204 1604 2242 Athenienses
1622 2202 1712 2242 Le·-'

250 2272 443 2297 naeorum
454 2260 616 2309 festum
632 2262 676 2298 in
704 2261 793 2312 ipso
814 2268 958 2313 agunt.
1014 2260 1122 2299 hunc
1148 2260 1280 2299 locum
1298 2260 1485 2312 Hesycbii
1511 2259 1710 2311 descripsi,

251 2315 345 2364 quia
369 2327 420 2353 ex
446 2315 513 2353 illo
554 2316 731 2367 suspicor
764 2317 938 2356 oblatam
973 2317 1214 2356 occasionem
1247 2317 1477 2368 Pachymeri
1505 2317 1712 2355 Lenaeona

249 2370 509 2409 Februarium
526 2373 708 2412 vocandi.
764 2374 952 2413 nimirum
972 2387 1062 2413 cum
1080 2373 1173 2412 inde
1190 2380 1325 2413 noster
1342 2374 1543 2412 didicisset
1564 2386 1710 2412 secun-

253 2427 348 2464 dum
370 2427 642 2467 Thebaeorum
661 2443 834 2469 mensem
856 2431 924 2482 qui
945 2431 1151 2470 Bucatium
1171 2431 1263 2469 anni
1280 2430 1459 2470 Thebani
1489 2436 1608 2482 caput
1625 2435 1710 2467 sta-

250 2483 324 2521 tim
343 2485 521 2533 sequitur
537 2492 576 2523 et
587 2485 771 2539 Ἑρμαῖος
789 2486 1018 2526 Ηειήιαειιε
1035 2500 1177 2526 nomen
1197 2487 1338 2538 habet,
1369 2488 1562 2538 aliquibus
1575 2485 1708 2525 videri

249 2540 460 2578 Lenaeonis
491 2554 646 2591 quoque
667 2544 791 2582 verbo
818 2544 1081 2596 designatum,
1120 2544 1268 2583 idcirco
1293 2544 1401 2595 quod
1427 2545 1531 2582 circa
1552 2549 1706 2594 tempus

250 2596 412 2634 secundi
441 2597 582 2634 mensis
610 2599 848 2639 Boeotorum
875 2600 1128 2640 Athenienses
1155 2601 1399 2639 Lenaeorum
1436 2601 1579 2639 festum
1614 2610 1706 2649 age-
1752 2624 1755 2627 f

245 2659 360 2699 rent,
393 2653 548 2703 putavit
574 2655 730 2694 erudite
752 2670 793 2695 se
820 2658 1022 2696 facturum
1052 2657 1086 2696 si
1120 2671 1255 2696 ansam
1286 2671 1336 2695 ex
1365 2670 1412 2695 eo
1434 2657 1623 2708 arriperet
1640 2667 1704 2692 se—

248 2709 369 2747 cundi
393 2711 660 2748 Romanorum
698 2713 840 2751 mensis
878 2714 1016 2753 eodem
1047 2714 1260 2752 Lenaeonis
1286 2713 1479 2753 vocabulo
1511 2711 1704 2763 signandi.

245 2763 342 2802 haec
361 2767 590 2817 scripseram
611 2780 699 2805 cum
719 2768 840 2807 incidi
858 2769 898 2808 in
924 2771 1054 2809 locum
1088 2771 1407 2822 Harpocrationis
1419 2798 1430 2818 ,
1458 2768 1526 2807 ubi
1547 2768 1587 2806 in
1608 2768 1703 2806 Dia-

245 2829 457 2873 grammate
471 2824 662 2863 mensium
678 2823 901 2865 Atticorum
920 2827 1266 2879 Romanorumque
1284 2822 1477 2881 Ληναιαὶν
1493 2824 1517 2867 ό
1530 2824 1596 2866 καὶ
1616 2827 1705 2866 Πο-
