1846 3262
399 198 475 240 DE
513 193 796 241 MIGHAELE
830 193 1208 240 PALAEOLOGO
1243 194 1295 237 L.
1333 191 1368 237 Ι.
1553 192 1620 238 73

141 309 526 368 ἀπολιμπάνεσθαι.
598 307 894 368 συγκεχωρήκει
925 309 974 353 δέ
1002 310 1043 353 οἷ
1070 308 1258 363 ἀσμένως
1289 304 1427 351 πάντα
1461 304 1520 357 ὦς
1548 305 1625 350 οὔκ

142 383 284 434 ἄλλως
303 379 607 438 ἔπιτροπεύσων
621 414 634 434 ,
671 383 706 424 εἲ
725 380 784 436 μὴ
811 376 939 430 αὐτός
959 396 1001 436 γε
1021 377 1174 423 κελεύοι
1195 379 1261 421 καὶ
1284 374 1458 420 {mirariue
1476 374 1501 432 ἧ
1524 374 1627 419 σύν-

147 454 258 502 οδος.
330 450 431 495 ὅθεν
459 452 527 493 καὶ
554 451 691 508 φέρων
720 450 796 504 μὲν
836 449 910 492 τὸν
935 449 1027 492 νέον
1058 450 1114 498 εἷς
1137 455 1280 503 χεῖρας
1306 451 1364 505 τῷ
1390 443 1626 503 πατριάρχῃ

149 528 323 564 ποιεῖται
344 518 453 564 οὕτω
475 522 646 569 καὶτοῖς
667 517 808 568 ἄλλοις
825 519 967 573 μέσον,
1002 521 1076 572 τῆς
1092 511 1250 575 βουλῆς
1270 515 1313 558 δ’
1334 517 1485 558 ἐκείνου
1505 516 1628 571 ἐξαρ-

115 595 204 651 5τᾷ
239 590 294 632 τὰ
322 587 538 646 παρόντα,
585 590 653 631 καὶ
683 585 880 637 πολλάκις
909 586 995 643 ἄγει
1026 588 1094 628 καὶ
1128 586 1306 628 δείκνυσι
1341 584 1394 627 τὰ
1422 582 1625 639 κειμήλια,

149 663 368 715 σιωπηλῶς
394 658 472 714 τὴν
499 658 687 709 ἐξουσίαν
719 657 931 714 ἐμφαίνων
960 655 1188 711 ἐξημμένην
1222 655 1375 697 ἐκείνου
1395 655 1460 696 καὶ
1479 651 1627 708 μόνον,

149 728 224 772 κᾶν
244 728 370 778 αὐτὸς
396 725 572 780 κελεύοι,
601 729 764 770 ’ἐκεῖθεν
780 726 878 777 τοὺς
910 725 1063 775 ἄλλους
1085 725 1263 776 ἕξοντας.
1336 718 1387 778 ἦν
1415 724 1460 766 δὲ
1482 722 1565 779 ἄρα
1585 722 1624 765 οἱ
1647 731 1679 766 Β

148 797 198 841 τὸ
217 797 359 855 ’σοφὸν
379 798 516 855 ἐκείνῳ
535 797 610 851 μὲν
630 794 833 840 ἐνδιδόναι
860 800 943 839 τῶν
972 794 1078 838 ὅλων
1104 794 1266 850 ἄρχειν,
1304 793 1432 836 αὐτὸν
1454 795 1478 835 δ
1486 792 1498 808 ’
1518 791 1627 835 ὕπο-

148 865 394 920 ποιούμενον
419 865 494 908 τὸν
527 863 754 920 ἔξάρχοντα
779 863 1003 920 λαμβάνειν
1033 861 1119 908 οἷόν
1139 863 1191 906 τ’
1211 861 1311 906 εἶναι
1332 861 1388 913 ὥς
1406 861 1472 904 ἐπ’
1498 861 1628 918 ἀναγ-

103 937 283 986 1οκαίοις
318 935 575 991 παρέξοντα·
612 937 681 977 καὶ
708 936 792 978 ἐπεὶ
822 932 976 991 ἀνάγκη
1009 929 1060 989 ἦν
1088 934 1133 976 ἔκ
1160 937 1244 977 τῶν
1263 936 1410 976 κοινῶν
1429 938 1517 981 τοῖς
1537 932 1630 984 περὶ

152 1005 226 1048 τὸν
245 1002 503 1061 πατριάρχην
523 1005 855 1059 οἰκονομεῖσθαι,
891 1005 958 1046 καὶ
985 1007 1145 1060 μᾶλλον
1174 1009 1261 1052 τοῖς
1282 1001 1536 1059 ἀρχιερεῦσι,
1573 999 1629 1043 τὰ

152 1071 358 1129 ἐπιτήδεια
369 1105 384 1127 ,
424 1072 549 1124 αὐτὸς
576 1072 800 1128 λαμβάνων
835 1074 997 1126 ἐδίδου,
1034 1074 1101 1116 καὶ
1124 1075 1555 1130 προσεπεφιλοτιμεῖτο
1576 1068 1630 1112 τὰ

151 1144 343 1196 πλείονα,
381 1142 429 1185 τὸ
457 1143 534 1197 μὲν
565 1142 774 1200 πρόδηλον
803 1142 872 1186 ἐπ’
907 1142 1146 1199 ἀναγκαίαις
1171 1149 1264 1191 ταῖς
1282 1139 1539 1198 προφάσεσι,
1577 1137 1626 1182 τὸ
1650 1146 1682 1181 C

154 1213 203 1254 δέ
220 1229 263 1268 γε
285 1210 617 1267 σπουδαζόμενον
646 1212 753 1269 παρ’
787 1214 939 1256 ἐκείνου
959 1217 1102 1270 σοφῶν
1121 1210 1372 1269 ὄφθαλμοὺς
1391 1206 1631 1267 ἒκτυφλώτ-

99 1293 142 1328 15
154 1298 236 1324 τειν
267 1279 418 1338 δώροις
449 1283 516 1324 καὶ
547 1282 623 1338 τὴν
642 1283 802 1327 ἐκείνων
827 1280 1123 1326 ὑποποιεῖσθαι
1144 1281 1318 1324 εὔνοιαν.
1389 1278 1411 1322 ὃ
1429 1281 1497 1322 καὶ
1519 1275 1632 1334 γινό-

151 1368 276 1406 μενον
294 1350 399 1394 καθ’
425 1348 600 1407 ἑκάστην
621 1351 752 1410 ῥοπὴν
776 1352 982 1407 εἰμενειάς
1002 1353 1167 1395 ἐνεποίει
1184 1352 1378 1407 μεγίστην
1399 1348 1504 1406 παρ’
1528 1349 1630 1390 ἐκεί-

154 1437 235 1463 νων
267 1418 402 1478 ἑαυτῷ
431 1418 611 1473 διδόντι,
650 1423 718 1463 καὶ
753 1421 807 1464 τὰ
835 1426 910 1477 τῆς
935 1421 1038 1477 πρὸς
1065 1421 1236 1464 ἕκαστον
1264 1420 1423 1462 ἐκείνων
1440 1421 1563 1473 τιμῆς
1583 1433 1629 1459 τε

154 1490 222 1531 καὶ
247 1487 526 1539 ὖποπτῶσεως
555 1485 662 1545 ἦσαν
694 1488 750 1540 ὥς
774 1490 910 1548 ὀλίγον
933 1490 980 1534 τὸ
1008 1490 1162 1546 μεταξὺ
1186 1491 1363 1532 διελθεῖν
1383 1490 1449 1531 καὶ
1470 1486 1631 1536 πάντας

155 1557 259 1612 ἔχειν
286 1559 462 1609 ἐκείνους
492 1560 536 1601 ἐκ
562 1563 645 1602 τῶν
677 1560 800 1617 ῥινῶν
830 1562 897 1603 καὶ
926 1559 1037 1616 ἄγειν
1075 1558 1285 1603 δύνασθαι
1315 1557 1396 1616 ὅπῃ
1420 1557 1631 1612 βούλοιτο.

99 1626 254 1676 Ξοοῦδὲ
269 1628 349 1684 γὰρ
370 1622 418 1682 ἦν
428 1660 443 1681 ,
480 1627 555 1671 οὐκ
577 1623 627 1684 ἦν
647 1630 806 1673 ἐκείνων
825 1627 938 1679 ὅστις
958 1629 1006 1673 οὗ
1029 1628 1090 1672 δι’
1120 1627 1306 1686 εὐφήμου
1337 1625 1505 1683 μνήμης
1525 1627 1625 1669 ἐκεῖ·
1647 1625 1682 1660 D

153 1747 415 1792 disiungeretur.
462 1747 529 1782 iam
551 1759 638 1794 prae
655 1760 693 1784 se
714 1749 850 1784 ferebat
870 1750 1072 1796 permittere
1094 1761 1133 1786 se
1154 1761 1294 1795 prorsus
1312 1748 1455 1784 arbitrio
1478 1746 1630 1793 patriar-

154 1794 240 1828 chae
273 1793 474 1828 electionem
514 1806 634 1837 suam,
674 1807 786 1842 neque
827 1797 928 1832 aliter
964 1809 1066 1844 quam
1101 1798 1175 1843 ipso
1207 1797 1350 1831 iubente
1384 1801 1421 1829 et
1458 1795 1629 1828 annuente

154 1839 283 1883 synodo
307 1840 434 1875 tutoris
456 1841 603 1875 officium
627 1843 829 1878 subiturum.
877 1844 966 1890 quod
991 1848 1030 1878 ut
1060 1844 1293 1889 significaret,
1314 1842 1516 1888 productum
1539 1850 1628 1885 pne-

152 1897 228 1920 rum
251 1886 439 1933 principem
461 1888 569 1922 tradit
590 1888 625 1923 in
656 1901 773 1924 manus
809 1891 1046 1936 patriarchae,
1082 1890 1228 1925 medium
1257 1889 1347 1924 inter
1377 1886 1629 1922 ecclesiasticos

155 1943 319 1978 proceres
348 1934 596 1969 circumdantes
629 1936 800 1982 undique,
824 1937 924 1984 quasi
954 1949 997 1972 ex
1028 1937 1100 1972 eius
1132 1942 1167 1971 et
1189 1937 1280 1971 sacri
1304 1935 1435 1980 collegii
1457 1932 1630 1968 sententia

152 1982 192 2033 et
215 1984 299 2013 nutu
322 1981 474 2025 pendere
500 1982 799 2026 unicenegotium
821 1983 1040 2030 promotionis
1064 1995 1148 2019 suae
1181 1983 1308 2018 volens.
1356 1991 1456 2028 quam
1480 1983 1629 2014 eamdem

154 2035 191 2079 ln
214 2025 362 2080 speciem
385 2038 489 2072 saepe
527 2028 740 2074 producebat
765 2032 1031 2077 ostentabat-que
1055 2028 1203 2075 insignia
1226 2029 1362 2064 delatae
1385 2027 1450 2063 sibi
1471 2030 1627 2072 potesta-

147 2075 220 2114 tis,
244 2084 297 2107 sic
319 2073 426 2107 tacite
448 2074 602 2109 indicans
626 2087 813 2120 agnoscere
839 2088 877 2112 se
901 2077 1153 2124 provectionem
1181 2076 1235 2111 sui
1268 2076 1304 2110 in
1327 2086 1402 2110 eam
1426 2073 1628 2118 dignitatem

153 2129 198 2152 ex
226 2118 297 2153 solo
332 2120 551 2164 patriarchae
586 2126 669 2156 nutu
705 2122 899 2169 iudicioque
929 2121 1147 2170 suspensam,
1179 2123 1228 2158 ita
1252 2127 1311 2164 ut,
1334 2122 1366 2157 si
1389 2121 1541 2161 iuberet,
1565 2117 1628 2152 alii

153 2175 234 2219 eam
260 2165 437 2200 haberent.
483 2167 520 2201 id
543 2180 626 2203 vero
649 2169 706 2204 ille
728 2170 905 2216 sapienter
929 2171 1059 2205 omnino
1092 2170 1144 2205 sic
1177 2169 1324 2214 agebat,
1359 2172 1468 2202 totum
1491 2165 1545 2200 rei
1568 2175 1627 2198 ar-

152 2210 294 2264 bitrium
329 2213 546 2257 patriarchae
581 2215 761 2259 deferens,
794 2229 858 2251 uec
895 2217 962 2252 sibi
984 2217 1068 2251 alias
1100 2228 1202 2263 quam
1225 2212 1482 2260 obtemperandi
1505 2215 1624 2257 partes

150 2256 371 2302 rehnquens,
395 2259 426 2292 si
450 2271 470 2294 e
491 2271 531 2295 re
560 2262 697 2307 publica
719 2267 876 2298 censeret
898 2264 1087 2309 praeficere
1108 2275 1146 2297 se
1169 2263 1299 2296 tutelae
1320 2261 1504 2307 principis,
1530 2265 1568 2293 et
1590 2258 1625 2292 in

152 2314 229 2336 eum
252 2304 362 2358 locum
384 2307 612 2342 conscendere
633 2308 734 2343 iussis
757 2310 828 2344 suis
852 2315 1002 2355 cogeret.
1050 2313 1086 2343 et
1099 2309 1255 2355 quoniam
1273 2306 1491 2354 suppeditari
1512 2304 1626 2339 victus

152 2361 174 2383 e
197 2349 335 2404 publi-co
359 2351 509 2387 debebat
531 2354 751 2399 patriarchae
773 2368 816 2391 ac
837 2357 1062 2391 familiaribus
1085 2356 1179 2400 eius,
1217 2354 1421 2401 praesertim
1456 2351 1627 2397 archiepi-

151 2406 279 2440 scopis,
293 2396 329 2430 id
352 2409 453 2433 mann
472 2398 547 2444 ipse
569 2411 632 2435 sua
654 2401 805 2437 faciebat
826 2403 922 2448 large
940 2416 983 2438 ac
1006 2403 1106 2448 plane
1129 2403 1296 2444 munifice,
1319 2401 1355 2436 in
1378 2399 1527 2447 speciem
1550 2398 1629 2444 qui-

153 2442 327 2496 dqemwrem
351 2455 394 2478 ex
416 2457 510 2479 more
536 2446 680 2482 debitam
704 2450 868 2491 reddens,
894 2461 1017 2484 arcana
1039 2461 1121 2484 vero
1144 2449 1375 2484 destinatione
1397 2446 1498 2482 animi
1521 2456 1627 2481 occa-

152 2499 282 2543 sionem
305 2501 379 2524 eam
403 2496 546 2537 captans
569 2495 775 2529 excaecandi
805 2495 996 2542 sapientum
1025 2496 1141 2531 oculos
1162 2495 1306 2543 ingestis
1329 2494 1425 2530 donis
1447 2499 1484 2528 et
1510 2502 1627 2527 eorum

154 2534 221 2569 sibi
254 2537 456 2591 conciliandi
486 2539 620 2574 amoris.
666 2540 828 2577 iteratum
859 2542 947 2577 enim
970 2542 1127 2589 quotidie
1162 2542 1198 2577 id
1218 2542 1369 2577 officium
1393 2539 1628 2585 suggerendae

155 2592 312 2635 annonae
343 2584 485 2629 singulis
521 2585 776 2630 erogationibus
809 2593 1013 2624 momentum
1042 2589 1194 2624 addebat
1222 2600 1346 2624 novum
1368 2585 1628 2622 benevolentiae

155 2638 307 2683 {psoram
331 2641 417 2675 erga
439 2636 509 2666 tam
532 2632 704 2668 liberalem
732 2635 972 2680 praebitorem.
1018 2635 1135 2681 itaque
1157 2640 1291 2671 tantum
1321 2634 1470 2681 profecit
1492 2633 1548 2667 illa
1572 2631 1627 2664 di-

152 2673 295 2718 ligentia
317 2675 454 2712 honoris
478 2682 515 2712 et
536 2679 682 2714 demissa
703 2681 918 2726 professione
950 2682 1168 2717 reverentiae
1202 2694 1286 2727 erga
1307 2692 1426 2716 sacras
1447 2679 1525 2713 illas
1547 2689 1629 2723 per-

154 2731 279 2775 .⁸⁰¹¹²²⁸’.
304 2726 352 2776 ἰιι
384 2725 504 2769 paucis
534 2725 657 2760 diebus
684 2732 868 2773 postquam
902 2729 952 2763 ita
981 2740 1057 2763 cum
1079 2729 1146 2763 illis
1177 2740 1283 2774 agere
1306 2731 1486 2772 coeperat,
1512 2734 1628 2759 omne³

151 2766 228 2800 illos
247 2768 316 2821 sibi
338 2770 503 2806 obnoxios
528 2772 693 2815 haberet,
723 2779 909 2821 possetque
939 2775 1037 2821 quasi
1058 2786 1143 2810 naso
1166 2780 1300 2810 tractos
1321 2783 1532 2819 quocumque
1555 2770 1627 2805 vel·

154 2812 203 2846 let
226 2816 492 2868 clrcumdncere.
538 2830 602 2853 nec
626 2830 708 2853 sane
730 2820 798 2854 iam
822 2825 901 2856 erat
919 2821 1053 2856 illorum
1076 2821 1254 2868 quisquam
1277 2821 1335 2867 qui
1358 2831 1426 2853 nou
1450 2830 1513 2864 per
1534 2829 1629 2860 sese,

154 2858 277 2895 nulllus
301 2861 472 2898 admonitu
490 2890 500 2907 ‚
524 2864 635 2911 ipsum
659 2867 835 2902 absentem
857 2867 892 2901 in
915 2871 1051 2914 patrum
1075 2879 1236 2903 consessu
1249 2867 1392 2914 loquens
1414 2865 1571 2900 laudibus
1593 2863 1628 2898 in
