1846 3262
196 202 262 247 70
619 197 855 244 GEORGII
887 200 1241 246 PACHYMERIS

199 314 220 358 ὁ
242 311 399 358 διδόναι
418 317 542 375 πᾶσιν
563 311 791 358 ἐπιτάττων
815 314 1041 371 αἲτοῦσινῆ
1063 313 1168 359 ὥστε
1189 311 1346 366 πάντας
1363 313 1465 372 ἔχειν
1484 317 1551 359 καὶ
1573 316 1668 368 ἐξα-

199 387 420 440 πορεΐσθαι
442 381 630 438 μηδένα,
676 387 812 427 κοινοῦ
845 384 1110 440 προκειμένου
1142 388 1217 427 τοῦ
1246 382 1401 440 νόμου,
1448 382 1503 435 ὥς
1538 384 1666 429 ἄλλου

199 452 446 507 παρέξοντος
473 449 664 507 ἑτοίμου,
709 451 785 509 εἶ’γε
823 451 946 503 ἄλλος
979 450 1178 510 ἀπορήσει
1204 450 1360 503 διδούς.
1441 460 1527 503 τοῖς
1546 454 1592 496 δέ
1622 471 1666 510 γε

200 517 475 576 μικροψύχοις
492 521 560 562 καὶ
577 520 624 564 τό
643 520 739 564 κατ’
763 518 907 578 ἐγγύην
926 521 1044 578 χρέος
1060 523 1117 572 εἰς
1132 519 1440 565 πολλαπλάσιον
1457 520 1666 580 πρόσεστι,

202 590 268 631 καὶ
288 588 483 645 ἐγγυητὴς
500 586 627 643 θεός,
665 589 712 633 τὸ
734 588 989 645 θαυμάσιον.
1557 597 1560 600 “
1678 604 1702 640 5

84 662 111 694 P
135 661 178 696 41
342 656 423 703 24.
491 655 707 714 Βούλομαι
731 659 868 702 τοίνυν
889 661 954 702 καὶ
976 658 1077 702 ἄλλο
1100 675 1139 701 τι
1157 655 1439 715 διηγήσασθαι
1459 659 1550 715 περὶ
1572 655 1672 701 τού-

203 743 311 778 των,
347 730 628 783 παραιτοῦμαι
660 727 730 780 δέ,
777 726 840 771 ὅτι
867 729 934 771 καὶ
966 725 987 771 ὃ
1010 725 1130 783 λόγος
1154 727 1222 770 διὰ
1243 727 1290 770 τὸ
1305 725 1510 784 χρήσιμον
1531 744 1672 783 παρα-

204 794 419 849 βέβασται.
477 793 600 846 νόσος
618 795 814 851 ἐνέσκηψε
842 801 901 855 τῷ
925 793 1265 854 βασιλεΐἸωάννῃ
1285 797 1386 839 ποτέ
1404 796 1672 853 ἀφαιρεθέντι

206 863 280 919 τὴν
312 862 382 906 ἐπ’
413 863 590 920 ἀγαθοῖς
623 864 787 920 βοηθὸν
823 863 1017 921 σύζυγον,
1066 864 1142 921 τὴν
1171 864 1247 908 οὒκ
1278 862 1360 907 οἷδ’
1399 863 1422 910 ὅ
1453 881 1493 907 τι
1514 866 1580 907 καὶ
1604 867 1672 921 φῶ

185 928 291 975 χτῶν
319 934 570 988 θαυμασίων
599 931 812 989 ὀνομάτων
842 931 1046 991 Εἰρήνην,
1096 934 1163 976 καὶ
1202 931 1230 990 ἢ
1255 931 1377 983 νόσος
1406 931 1461 983 ὥς
1489 930 1669 988 χαλεπή·
1685 947 1730 982 10

207 1001 420 1056 ἐπείληπτο
438 1001 516 1059 γὰρ
537 1001 605 1045 διὰ
627 1002 672 1045 τό
695 1007 850 1059 γῆρας,
886 1000 1013 1056 οἶμαι.
1069 1006 1153 1045 τῶν
1172 1006 1272 1058 γοῦν
1294 1004 1446 1059 ῗατρῶν
1466 1000 1675 1058 ἀπορούν-

206 1087 289 1113 των
313 1069 382 1127 ἓφ’
410 1068 432 1113 ὅ
451 1088 491 1113 τι
512 1065 578 1113 καὶ
597 1069 840 1128 τράποιντο,
879 1071 1005 1121 αὐτὸς
1025 1068 1097 1113 ἐπῖ
1107 1070 1209 1114 θεὸν
1235 1068 1502 1127 καταφεύγει,
1538 1072 1606 1112 καὶ
1625 1069 1673 1113 τὸ

157 1147 186 1182 Β
212 1138 362 1181 ἐκείνου
385 1138 485 1196 πρὸς
505 1137 663 1190 πάντας
686 1139 796 1190 ἵλεος
820 1140 925 1183 κατὰ
948 1140 994 1183 τὸ
1018 1139 1192 1182 δυνατὸν
1212 1140 1452 1194 ε’κμιμεΐται.
1523 1137 1674 1193 ὥριστο

210 1209 370 1261 τοίνυν,
410 1210 478 1250 καὶ
496 1206 660 1259 σάκκοις
680 1207 701 1251 ὃ
729 1209 885 1266 χρυσὸς
906 1211 1152 1260 ἐξαντλεῖται
1165 1241 1179 1260 ,
1215 1209 1283 1250 καὶ
1306 1207 1384 1250 ἀνὰ
1402 1206 1448 1258 ίἐξ
1471 1209 1537 1249 καὶ
1558 1204 1677 1263 τριά-

211 1293 336 1318 κοντα
355 1280 437 1319 τῶν
458 1275 690 1334 ἀκιβδήλων
705 1275 969 1333 νομισμάτων
990 1274 1149 1335 ἑκάστῳ
1170 1280 1254 1320 τῶν
1284 1274 1544 1332 ὁπουδήποτε
1568 1273 1673 1318 ἀπό-
1688 1289 1732 1325 15

213 1362 296 1399 ρων
317 1345 504 1399 δίδοται,
538 1348 665 1402 χωρὶς
694 1350 777 1389 τῶν
812 1349 868 1397 εἷς
886 1348 1027 1396 θείους
1047 1345 1173 1394 ναοὺς
1192 1346 1258 1388 καὶ
1281 1345 1412 1400 μονὰς
1437 1346 1504 1387 καὶ
1525 1349 1678 1401 θεοφι-

212 1417 292 1463 λεΐς
320 1412 473 1470 ἄνδρας
502 1414 858 1470 ἐξαντληθέντων,
912 1414 1252 1470 ἐπιμετρουμένου
1291 1418 1365 1456 τοῦ
1402 1413 1538 1463 ἐλέους
1565 1414 1679 1455 πλεί-

213 1498 326 1531 στοις
353 1480 531 1536 ἡμιόνων
566 1481 783 1539 σάγμασιν.
854 1478 954 1527 ἀλλ’
987 1485 1256 1539 ἐπιμετρεῖται
1284 1486 1343 1542 τῷ
1381 1482 1479 1524 ἐλέει
1514 1481 1562 1525 τό
1602 1485 1678 1524 τοῦ

166 1559 196 1593 C
221 1554 323 1594 θεοῦ
341 1550 473 1605 ἵλεος,
514 1553 580 1594 καὶ
613 1552 738 1610 ῥαΐζει
767 1556 841 1609 τῆς
862 1550 985 1596 νόσου
1017 1550 1038 1596 ὃ
1060 1551 1272 1604 ἀσθενῶν,
1311 1552 1379 1593 καὶ
1404 1547 1678 1606 ἐπιγάννυται,

216 1617 274 1668 ὥς
309 1617 414 1670 εἰκός
435 1653 449 1674 ,
506 1625 565 1680 τῷ
596 1621 703 1665 ἐλέει.
788 1623 855 1664 καὶ
876 1620 1093 1677 Ῥωμαίοις
1128 1619 1425 1676 ἀπολογεῖσθαι
1456 1619 1592 1662 θέλων
1625 1617 1737 1668 ὥςΞΟ

216 1686 398 1743 ἀμείωτα
424 1688 478 1732 τὰ
502 1689 617 1733 κοινὰ
641 1694 714 1733 τοῦ
742 1687 944 1734 τοσούτου
966 1687 1200 1748 προβάντος
1223 1688 1362 1743 ἐλέου,
1389 1687 1514 1731 αὐτὸν
1533 1688 1682 1732 ἐκεῖνον

1234 1790 1239 1813 t

219 1830 306 1866 enim
329 1832 419 1867 aliud
444 1833 572 1868 Christi
593 1834 649 1869 lex
672 1833 894 1880 praescribit,
927 1834 1012 1869 dare
1035 1833 1143 1869 cuivis
1167 1832 1298 1879 petenti
1320 1830 1564 1879 praecipiens?
1588 1830 1683 1869 cuius

219 1878 343 1912 beatus
365 1880 498 1915 fructus
530 1885 581 1915 est
614 1881 789 1916 abundare
811 1881 1007 1922 universo&
1034 1891 1136 1924 egere
1158 1880 1341 1922 neminem,
1373 1880 1610 1924 compensante
1631 1877 1684 1912 vi-

220 1923 419 1959 cissitudine
442 1926 662 1962 communiter
684 1927 761 1962 utili
782 1932 918 1962 mutuos
941 1927 1116 1970 defectus,
1139 1927 1219 1960 dum
1246 1928 1386 1972 praesto
1409 1931 1464 1959 est
1485 1924 1543 1970 qui
1566 1920 1684 1958 resun-

225 1970 287 2003 dat
310 1982 353 2004 ex
386 1972 519 2016 publico
550 1979 713 2019 quantum
749 1985 792 2008 ex
825 1974 959 2019 privato
993 1972 1135 2018 quilibet
1159 1971 1312 2007 contulit.
1360 1983 1382 2006 a
1405 1982 1471 2016 quo
1495 1981 1539 2003 ne
1562 1970 1686 2004 abhor-

222 2021 324 2051 reant
357 2018 554 2053 commercio
588 2019 691 2054 animi
720 2019 858 2065 pusilli,
889 2018 1139 2058 fideiussorem,
1171 2018 1263 2064 quod
1290 2018 1410 2052 mirum
1435 2021 1508 2058 est,
1539 2026 1578 2050 se
1601 2016 1685 2050 deus

223 2062 350 2105 offert,
374 2064 536 2109 pollicens
560 2076 598 2100 se
619 2073 840 2111 repensurum
862 2065 1082 2110 multiplicato
1105 2066 1245 2099 foenore
1269 2064 1360 2110 quod
1382 2063 1496 2098 datum
1521 2060 1638 2096 fuerit.

315 2109 370 2143 24.
421 2110 504 2144 Volo
523 2115 558 2145 et
581 2111 671 2146 aliud
695 2111 791 2146 huius
813 2111 947 2156 generis
971 2122 1132 2154 narrare3
1162 2115 1311 2156 petoque
1333 2109 1490 2150 veniam,
1523 2107 1554 2141 si
1584 2118 1687 2152 argu-

223 2154 327 2189 menti
348 2154 498 2191 utilitate
518 2161 651 2192 tractus
672 2157 933 2202 digressionibus
954 2157 1124 2201 indulgeo.
1171 2157 1287 2191 morbo
1307 2158 1485 2201 correptus
1503 2153 1687 2198 aliquando

223 2205 278 2235 est
300 2201 485 2246 imperator
509 2203 654 2238 Ioannes
677 2215 795 2238 recens
826 2205 983 2239 viduatus
1006 2203 1183 2248 praeclara
1215 2202 1250 2236 in
1272 2203 1374 2236 rebus
1397 2200 1495 2234 bonis
1518 2199 1689 2234 adiutrice

225 2247 389 2291 coniuge,
411 2248 487 2290 illa,
510 2249 663 2295 inquam,
687 2249 874 2285 admirabili
895 2250 1017 2290 Irene,
1041 2249 1096 2283 cui
1120 2261 1183 2295 pro
1207 2249 1329 2282 merito
1360 2246 1549 2281 laudandae
1579 2246 1688 2281 verba

224 2293 358 2327 desunt.
408 2298 483 2328 erat
505 2301 619 2330 autem
640 2296 778 2330 morbus
798 2307 880 2330 sane
903 2296 1055 2331 sonticus
1079 2299 1115 2329 et
1141 2294 1279 2339 gravis,
1311 2294 1439 2339 quippe
1463 2303 1563 2326 casus
1585 2291 1687 2326 indu-

227 2340 329 2373 cebat
352 2339 542 2385 epilepticis
567 2342 816 2377 accessionibus
838 2342 963 2376 similes
979 2367 989 2384 ‚
1021 2341 1085 2375 etsi
1111 2342 1200 2375 forte
1223 2340 1259 2374 hi
1283 2340 1452 2374 debilitati
1475 2337 1599 2373 aetatis
1621 2339 1687 2373 iam

225 2390 412 2431 provectae
434 2386 560 2422 iustius
589 2387 750 2433 imputari
772 2388 971 2434 potuissent.
1018 2387 1156 2421 incertis
1180 2386 1317 2421 medicis
1341 2397 1408 2432 quo
1440 2397 1477 2419 se
1502 2388 1688 2425 verterent,

227 2443 332 2476 aeger
356 2431 398 2465 ad
422 2432 521 2467 deum
555 2434 730 2479 confugit,
762 2437 798 2468 et
831 2434 905 2469 eius
929 2435 1057 2479 largam
1091 2432 1126 2467 in
1157 2443 1271 2467 omnes
1302 2430 1562 2466 misericordiam
1586 2435 1689 2476 prout

228 2481 364 2524 poterat
394 2478 556 2513 imitatur.
604 2492 687 2525 ergo
717 2480 790 2514 eius
819 2481 976 2515 mandato
1012 2479 1166 2513 hauritur
1198 2491 1218 2512 e
1246 2477 1414 2512 thesauris
1438 2487 1555 2511 aurum
1579 2475 1689 2521 plenis

228 2524 337 2558 saccis
353 2550 364 2568 ,
400 2528 436 2558 et
466 2525 508 2559 ad
542 2537 603 2559 sex
633 2532 668 2560 et
697 2526 838 2571 triginta
870 2528 999 2572 probae
1022 2530 1178 2560 monetae
1199 2525 1322 2559 nummi
1346 2533 1527 2568 egenorum
1551 2522 1691 2556 cuilibet

228 2570 429 2616 ubicumque
452 2570 643 2616 degentium
676 2572 777 2606 divisi
807 2577 906 2616 sunt,
938 2576 1075 2618 praeter
1096 2583 1138 2606 ea
1160 2583 1249 2617 quae
1280 2571 1314 2605 in
1345 2581 1444 2604 sacra
1471 2568 1528 2602 dei
1550 2568 1690 2614 templa,

230 2616 267 2650 in
302 2618 507 2652 monasteria
540 2621 575 2651 et
607 2617 703 2653 viros
736 2618 799 2652 deo
833 2618 974 2652 devotos
1006 2622 1086 2652 sunt
1117 2628 1268 2663 expensa
1283 2642 1294 2660 ‚
1325 2614 1532 2650 liberalitate
1563 2625 1604 2648 ea
1627 2625 1691 2660 per

231 2662 354 2697 multos
377 2666 514 2697 onustos
538 2663 644 2697 mulos
666 2675 734 2710 quo
757 2665 911 2709 oportuit
931 2665 1045 2698 missa.
1094 2665 1177 2698 haec
1201 2662 1343 2709 Augusti
1372 2660 1605 2696 misericordia
1639 2659 1692 2694 di-

232 2709 344 2742 vinam
370 2708 405 2742 in
430 2720 503 2743 eum
528 2709 680 2744 attraxit.
727 2721 809 2754 ergo
833 2710 864 2744 is
888 2710 1099 2755 aegritudine
1122 2709 1266 2755 primum
1288 2709 1383 2743 facta
1405 2706 1544 2750 leviori,
1569 2705 1692 2741 deinde

231 2754 332 2799 plane
356 2755 549 2796 convaluit,
582 2755 706 2800 gaudio
738 2755 811 2790 eius
833 2759 869 2790 et
898 2757 1011 2791 fructu
1037 2756 1157 2798 animi,
1187 2759 1350 2801 quantum
1372 2754 1426 2787 fas
1457 2756 1532 2786 erat
1555 2763 1597 2786 ex
1619 2757 1691 2786 tam

232 2801 381 2835 evidenti
405 2801 637 2846 experimento
661 2801 797 2836 divinae
819 2802 1070 2836 misericordiae
1094 2813 1231 2847 capere.
1277 2805 1348 2835 tum
1372 2809 1518 2844 purgare
1540 2809 1579 2832 se
1601 2797 1692 2843 apud

231 2846 402 2882 Romanos
420 2847 550 2892 volem,
575 2847 605 2882 si
627 2848 719 2883 forte
742 2852 967 2893 quererentur
990 2847 1100 2883 effusa
1114 2848 1148 2882 in
1171 2857 1342 2894 pauperes
1358 2844 1564 2880 liberalitate
1580 2843 1692 2891 publi-
