1846 3262
179 195 275 240 150
601 188 838 233 GEORGII
876 188 1233 234 PACHYMERIS

178 304 276 362 δῆν,
321 305 427 360 μηδὲ
465 302 580 358 παρὰ
623 306 699 346 τοῦ
738 303 955 360 Καίσαρος
982 300 1208 359 γράμματα
1237 301 1511 359 κομιζόμενος.
1581 306 1648 347 καὶ

179 377 262 418 ἐπεὶ
291 373 448 429 μηδένα
479 371 558 414 ἔδει
589 370 749 415 ἀκούειν
783 376 859 426 τῆς
891 371 1076 429 ἀγγελίας
1108 369 1188 428 πρό
1215 389 1258 428 γε
1276 373 1478 426 βασιλέως
1503 371 1648 428 αὐτοῦ,

182 447 327 492 ἐκεῖνος
347 437 511 497 μὴιοῖός
530 457 571 483 τε
594 439 651 483 ὢν
674 444 749 495 τῆς
776 441 878 498 πρὸς
899 441 970 484 τὸν
995 440 1168 493 βασιλέα
1193 439 1401 495 προσόδου
1421 439 1647 498 τυγχάνειν,

129 523 157 557 Β
182 510 379 555 ἀπελθών
406 509 645 566 ἀπαγγέλλει
672 513 723 566 τῇ
752 509 909 567 ἀδελφῇ
938 514 1013 553 τοῦ
1037 509 1238 564 βασιλέως
1265 510 1443 571 Εὖλογιά
1464 510 1518 562 ὡς
1535 509 1650 570 ἁλῴη

184 583 384 636 καθαρῶς
415 578 464 621 τὸ
493 576 731 630 Βυζάντιον.
801 579 926 633 ἐκείνη
958 578 1001 621 δ’
1040 578 1168 628 εὐθὺς
1198 578 1271 621 τὸν
1298 576 1417 635 λόγον
1439 580 1686 636 δεξαμένη,5

185 650 315 692 ἷ-’ἰοθεν
334 649 401 691 καὶ
419 647 533 702 παρὰ
551 647 598 690 τὸ
617 644 797 703 σύνηθες
818 650 1002 691 ἐλθοῦσα
1021 647 1125 703 πρὸς
1142 647 1194 690 τὰ
1212 644 1419 703 ἀνάκτορα
1438 649 1655 705 ἐφίσταται

184 716 380 760 ὖπνοῦντι
407 721 466 775 τῷ
497 720 669 771 βασιλεῖ.
738 715 786 759 τὸ
815 721 913 773 γοῦν
941 718 1155 768 ὁιυπνίζειν
1176 715 1262 770 ἅμα
1284 718 1350 758 καὶ
1370 717 1492 773 λε’γειν
1513 716 1656 761 τοιαύ-

187 804 263 842 την
292 785 480 843 ἀγγελίαν
511 785 584 828 οὖκ
614 785 847 840 ἐδοκίμαζε,
883 783 942 840 μή
965 800 1050 835 πως
1070 787 1136 828 καὶ
1156 783 1288 828 πάθοι
1308 803 1347 828 τι
1373 787 1564 843 ἐξαίφνης
1589 788 1656 829 καὶ

187 854 300 912 παρὰ
334 855 587 912 προσδοκίαν
610 850 790 904 ἀκούσας
811 852 898 909 ἅμα
922 859 978 914 τῷ
1000 854 1070 897 τὸν
1091 852 1220 897 ὕπνον
1242 856 1488 908 διολισθεῖν,
1525 853 1658 913 σοφόν

142 933 171 967 C
195 941 233 968 τι
256 925 324 967 καὶ
348 923 395 967 οὗ
414 923 520 967 κατὰ
538 930 731 980 γυναῖκας
751 927 941 967 ποιοῦσα.
1012 927 1086 966 τοῦ
1113 923 1191 980 γὰρ
1220 922 1404 980 ἐμφύτου
1427 922 1657 979 πνεύματος
1670 932 1714 967 10

187 993 292 1049 μετὰ
320 993 394 1049 τὴν
422 992 582 1049 τροφὴν
609 994 698 1049 περὶ
726 992 800 1047 τὴν
829 992 954 1047 πέψιν
977 991 1282 1047 ἀσχολουμένου
1304 995 1371 1035 καὶ
1389 993 1503 1043 ἐντὸς
1523 991 1659 1036 εῗσδύ-

189 1079 332 1112 υοντος
352 1059 505 1118 ἀνάγκη
525 1061 602 1112 τὰς
624 1059 838 1117 αῖσθήσεις
859 1061 884 1116 ἢ
909 1061 1044 1117 ἀργεῖν
1068 1059 1307 1104 ὖπνούντων
1330 1060 1353 1116 ἢ
1381 1061 1538 1105 ἀτονεῒν
1557 1079 1660 1118 γρη-

190 1129 449 1188 γορούντων,
486 1131 544 1185 μὴ
576 1132 716 1187 σφίσιν
743 1128 1079 1182 ἐπιπολάζοντος,
1117 1129 1203 1173 εἶτα
1228 1130 1315 1190 ικᾶίν
1347 1147 1385 1172 τι
1418 1132 1575 1187 περὶτὰ
1594 1133 1662 1174 αἶ-

192 1199 335 1256 σθητά
357 1199 619 1261 συμβαίη-μὴ
643 1196 926 1248 καταστάντος
956 1198 1060 1241 κατὰ
1090 1197 1231 1256 χώραν
1271 1197 1557 1253 [bavai-wrm]
1594 1201 1664 1242 καί

190 1286 231 1311 τι
259 1270 326 1311 καὶ
355 1268 458 1326 πρὸς
489 1267 710 1323 ἀντίληψιν
737 1264 1066 1324 προσβιάζωνται
1079 1300 1093 1320 ,
1133 1270 1167 1310 εἲ
1190 1269 1264 1323 μὲν
1293 1266 1449 1321 ὁμαλὸν
1481 1269 1548 1311 καὶ
1580 1272 1661 1311 τῶν
1675 1275 1717 1311 15

194 1335 392 1392 συνήθων
417 1338 501 1380 ἐστὶ
521 1336 568 1379 τὸ
594 1334 1021 1390 ἀντιλαμβανόμενον,
1061 1336 1210 1392 αἴφνης
1235 1334 1493 1386 ἀκούσαντας
1517 1354 1663 1394 κατερ-

142 1421 175 1456 D
199 1405 506 1464 ραθυμημὲνως
539 1404 795 1461 προσέσθαι,
834 1406 868 1447 εἲ
891 1404 934 1447 δ’
959 1404 1111 1459 ἀτηρὸν
1143 1405 1276 1455 ἄλλως
1292 1404 1318 1461 ἢ
1337 1404 1565 1459 τοῦμπαλιν
1583 1423 1665 1460 χα-

200 1476 283 1530 ρίεν
307 1476 375 1517 καὶ
398 1478 481 1517 τῶν
503 1472 753 1528 ἀσυνήθων,
788 1473 844 1529 μὴ
871 1474 1020 1523 ἱκανῶς
1046 1473 1104 1515 ἔτι
1129 1474 1230 1530 πρὸς
1255 1473 1471 1529 ἀντίληψιν
1493 1471 1667 1528 ἐχούσας

199 1547 482 1602 θορυβεῖσθαι
511 1545 578 1586 καὶ
608 1547 659 1600 τῇ
688 1546 804 1601 ψυχῇ
823 1540 978 1592 εὐθέως
999 1542 1336 1600 τεθορυβημένας
1357 1540 1668 1600 προσπαιούσας

298 1699 351 1736 14.
377 1697 601 1738 ὑπνούντωυ
624 1700 787 1736 Possinus
809 1711 883 1736 cum
906 1698 1117 1746 πνεύματος
1137 1700 1269 1744 mutat,
1295 1709 1359 1744 ego
1381 1696 1586 1734 sustulerim.

209 1839 339 1874 volavit
361 1850 402 1873 eo
426 1841 506 1873 ante
530 1849 645 1873 omnes
668 1837 846 1873 celeritate
868 1849 949 1873 usus
973 1849 1100 1873 summa
1122 1837 1285 1883 quidam3¹
1303 1836 1362 1882 qui
1385 1847 1461 1870 cum
1483 1847 1504 1870 a
1521 1835 1674 1870 Caesare

208 1886 327 1920 literas
357 1896 425 1919 non
451 1886 579 1927 ferret,
611 1887 647 1919 et
662 1918 664 1922 ,
679 1885 764 1919 satis
792 1885 998 1929 intelligeret
1022 1884 1187 1919 neminem
1212 1884 1307 1929 prius
1329 1888 1398 1917 tam
1423 1883 1534 1916 fausto
1557 1880 1673 1916 nuntio

210 1930 379 1976 impertiri
413 1934 572 1977 oportere
600 1942 701 1976 quam
730 1930 969 1976 imperatorem
998 1930 1130 1976 ipsum,
1169 1930 1212 1964 ad
1236 1940 1335 1975 quem
1360 1933 1475 1962 tamen
1495 1932 1535 1962 ut
1557 1927 1674 1962 statim

212 1978 451 2012 admitteretur
474 1988 541 2011 non
571 1980 709 2022 poterat
730 1976 939 2022 impetrare,
974 1988 1123 2011 sororem
1147 1976 1220 2010 eius
1246 1975 1319 2010 adit
1341 1973 1539 2019 Eulogium,
1574 1973 1675 2019 eique

208 2023 311 2069 plane
345 2027 480 2069 captum
511 2023 713 2066 Byzantium
744 2022 1052 2058 asseverantissime
1083 2022 1242 2056 affirmat.
1289 2022 1374 2055 haec
1404 2020 1521 2055 statim
1544 2020 1587 2054 ab
1611 2020 1676 2054 hoc

210 2070 328 2104 audito
361 2080 488 2104 summo
519 2081 617 2104 mane
648 2073 787 2115 praeter
810 2069 946 2104 solitum
977 2069 1105 2114 regiam
1127 2068 1284 2113 ingressa
1306 2067 1435 2112 reperit
1456 2066 1676 2100 dormientem

211 2116 471 2162 imperatorem;
495 2120 531 2150 et.
554 2116 588 2150 in
611 2119 706 2150 tanta
731 2115 812 2150 licet
834 2119 902 2150 tam
927 2116 1100 2158 expetitae
1121 2115 1171 2148 rei
1195 2115 1261 2148 cito
1283 2112 1484 2147 indicandae
1501 2112 1676 2157 prurigine

212 2161 408 2196 muliebrem
432 2161 649 2207 cupiditatem
672 2161 842 2207 sapientia
864 2161 979 2196 maiori
1002 2161 1035 2195 in
1059 2165 1230 2206 potestate
1253 2159 1382 2200 habuit,
1405 2159 1580 2193 moderata
1601 2156 1678 2200 sibi,

214 2220 258 2242 ne
281 2207 381 2242 fratri
405 2220 425 2242 e
448 2219 564 2242 somno
588 2208 734 2243 excitato
757 2211 887 2242 tantam
910 2207 1023 2242 subito
1048 2207 1211 2241 laetitiam
1235 2205 1419 2248 obiiceret,
1450 2215 1518 2250 qua
1540 2203 1679 2249 pericli-

214 2254 285 2288 tari
313 2254 474 2288 valetudo
507 2255 578 2289 eius
606 2257 743 2300 posset,
777 2253 919 2289 extremi
950 2253 1065 2299 gaudii
1089 2251 1415 2287 vehementissimum
1438 2262 1481 2285 ex
1503 2250 1678 2295 inopinato

212 2300 391 2345 appulsum
424 2300 487 2334 tali
520 2301 664 2335 articulo
697 2301 785 2335 haud
819 2300 957 2335 innoxie
983 2299 1141 2334 fortassis
1174 2302 1358 2343 excepturo
1388 2297 1578 2331 semisomni
1601 2306 1679 2330 cor-

213 2357 322 2391 pore,
353 2346 519 2392 siquidem
547 2346 693 2381 naturali
719 2346 841 2392 spiritu
865 2351 944 2392 post
967 2346 1078 2381 cibum
1115 2351 1283 2391 sumptum
1306 2344 1342 2378 in
1366 2342 1438 2377 eius
1461 2341 1680 2377 concoctione

213 2396 399 2436 occupato,
425 2397 461 2427 et
483 2392 575 2429 intus
599 2404 642 2427 ea
665 2404 768 2428 causa
791 2396 963 2435 retracto,
992 2403 1132 2426 necesse
1155 2397 1209 2426 est
1230 2402 1350 2425 sensus
1374 2394 1434 2423 aut
1455 2389 1556 2434 plane
1579 2386 1682 2422 otiari

216 2438 473 2480 dormientium,
497 2443 556 2472 aut
579 2450 699 2474 recens
723 2439 947 2474 excitatorum
971 2439 1155 2483 languere,
1185 2437 1283 2484 copia
1305 2435 1466 2470 videlicet
1487 2434 1680 2479 spirituum,

216 2495 360 2529 quorum
385 2484 515 2519 affluxu
537 2485 675 2529 vigent,
696 2490 779 2520 tunc
801 2485 911 2520 adhuc
934 2485 1013 2519 alibi
1035 2485 1186 2519 detenta.
1233 2494 1341 2529 quare
1363 2481 1412 2525 si,
1435 2480 1526 2526 quod
1550 2479 1587 2514 in
1609 2491 1683 2514 mo-

216 2534 330 2565 mento
354 2541 422 2576 quo
447 2531 523 2576 quis
547 2531 793 2576 expergiscitur
816 2535 930 2566 movet
952 2542 1108 2575 sensum,
1132 2531 1208 2565 lene
1230 2528 1337 2564 fuerit
1359 2532 1396 2562 et
1418 2526 1569 2568 solitum,
1602 2535 1685 2572 per-

218 2576 363 2620 cipietur
397 2576 471 2611 sine
501 2587 609 2620 noxa,
643 2577 804 2612 mediocri
838 2577 1048 2620 attentione,
1081 2580 1117 2611 et
1147 2575 1259 2622 qualis
1283 2579 1336 2609 est
1353 2572 1616 2608 ‘ludibundorum
1647 2575 1687 2605 et

219 2622 310 2656 aliud
336 2623 527 2667 agentium,
567 2623 609 2656 ad
631 2622 666 2656 id
690 2624 893 2660 sufficiente.
939 2635 1040 2670 porro
1063 2623 1107 2657 ad
1130 2623 1217 2657 hanc
1239 2621 1325 2656 satis
1348 2620 1517 2654 instructa
1539 2617 1686 2652 facultas

221 2673 296 2712 est,
330 2673 513 2714 utcumque
536 2668 627 2704 intro
652 2669 761 2704 adhuc
785 2674 943 2704 teneatur
967 2681 1046 2715 pars
1070 2669 1175 2703 maior
1198 2668 1385 2714 spirituum.
1431 2665 1485 2699 sin
1508 2675 1589 2698 vero
1612 2664 1685 2698 ino-

221 2714 374 2759 pinatum
398 2714 557 2760 quiddam
581 2717 616 2748 et
637 2726 793 2760 magnum
817 2716 1018 2758 obiiciatur,
1041 2716 1074 2749 in
1096 2714 1262 2750 utrumvis
1284 2713 1362 2747 mali
1385 2715 1445 2746 aut
1466 2709 1566 2752 boni,
1590 2709 1687 2744 dolo-

222 2760 270 2793 ris
295 2765 354 2794 aut
381 2760 498 2806 gaudii
525 2766 710 2796 extremum
737 2762 902 2796 excedens
918 2786 926 2801 ‚
963 2763 1081 2796 turbat
1103 2761 1248 2796 animum
1269 2756 1521 2799 vehementius,
1554 2760 1591 2790 et
1612 2766 1689 2789 eum

220 2807 343 2853 raptim
367 2806 514 2841 incitans
538 2807 582 2841 ad
608 2807 792 2852 exigendas
820 2820 840 2842 e
861 2809 1035 2850 sensibus,
1070 2812 1174 2849 tunc,
1198 2811 1238 2840 ut
1260 2805 1388 2839 dictum
1411 2806 1486 2845 est,
1510 2801 1690 2848 spirituum

221 2852 376 2887 absentia
400 2853 606 2895 debilitatis,
641 2864 740 2888 acres
762 2854 997 2900 operationes,
1019 2853 1125 2889 laedit
1148 2863 1206 2888 eos
1230 2856 1268 2887 et
1289 2849 1515 2887 valetudinem
1540 2857 1693 2883 corrum-
