1846 3262
438 189 513 232 DE
546 188 825 235 MICHAELE
860 186 1235 237 PALAEOLOGO
1269 193 1318 237 L.
1354 193 1387 236 1.
1586 194 1645 240 15

169 307 271 364 μιδῇ
295 303 599 363 ἀμφοτέρωθεν
626 302 906 355 καταστάντες
943 303 1001 356 ὥς
1029 305 1134 362 μηδ’
1178 304 1405 364 ἐλευθέρως
1451 305 1643 351 ἀναπνεῖν

169 377 349 429 ἐᾶσθαι,
377 378 429 432 τῇ
455 374 530 430 μὲν
556 373 754 418 Ἰταλικὸν
783 373 942 430 ἔχοντες
970 375 1230 431 συμμαχικὸν
1248 370 1422 433 ἐπῄεσαν
1440 376 1640 434 Πέρσαις,

169 450 221 504 τῇ
240 445 286 488 δὲ
315 442 524 489 Σκυθικὸν
555 441 885 500 προσλαβόμενοι
911 442 1006 501 ἅρτι
1029 441 1124 487 τότε
1156 444 1284 500 φανέν
1303 463 1347 488 τε
1370 447 1438 488 καὶ
1458 449 1642 503 προσλη-

168 515 280 572 φθέν
312 511 511 557 οἷνῶθουν
537 513 636 564 τοὺς
662 510 861 563 Ἰταλούς.
920 511 1074 562 σκοπὸς
1104 514 1130 556 δ
1138 511 1150 527 ²
1182 508 1233 568 ἦν
1251 515 1416 565 ἐκείνοις
1436 515 1642 574 ἀσφαλέσι

133 583 215 628 ὄτὸ
242 582 369 639 μέσον
402 586 672 640 κατοχυροῦν.
743 584 812 625 καὶ
846 581 895 625 τὸ
921 582 998 637 μὲν
1029 580 1133 637 πρὸς
1170 579 1396 633 θάλασσαν
1425 584 1500 628 οὐκ
1532 583 1639 640 εἶχον
1662 591 1707 635 C„

165 650 405 711 ὀχυρώματι
451 651 564 711 ἄλλῳ
601 650 628 706 ἢ
667 649 867 708 θαλάσσῃ
895 651 1304 708 κατασφαλίζεσθαι·
1346 652 1445 696 οὐδὲ
1463 654 1543 712 γὰρ
1571 650 1640 711 ἦν,
1692 644 1696 650 ’

163 718 625 779 θαλασσοκρατούντων
644 724 728 764 τῶν
743 719 913 764 Ἰταλῶν
934 722 1002 764 καὶ
1022 717 1390 777 προσκατεχόντων
1410 722 1461 766 τὰ
1480 721 1638 781 πρόσω,

164 790 368 849 ἀσφαλῶς
397 790 444 834 τὸ
478 789 621 833 λοιπὸν
651 787 824 841 διάξειν·
866 789 915 834 τὸ
945 791 991 833 δὲ
1022 788 1127 846 πρὸς
1147 787 1199 832 ἕω
1219 788 1398 847 ὀχυροῦν
1416 789 1524 846 εἶχον
1543 794 1640 850 ἐρυ-

160 868 280 916 μνοῒς
302 877 346 904 τε
366 860 435 902 καὶ
456 855 682 914 δυσβάτοις
711 858 861 916 ὀρέων,
910 860 947 902 εἲ
973 856 1233 916 προλάβοιεν.
1305 861 1374 902 καὶ
1405 860 1473 903 διὰ
1502 866 1637 905 ταῦτα

107 940 152 975 10
163 931 246 973 ἐπεὶ
266 929 340 973 οὔκ
361 926 468 984 εἶχον
483 926 572 983 ἅμα
591 927 696 986 πρὸς
723 926 894 986 ἑκάτερα
912 926 1150 984 μάχεσθαι,
1186 928 1255 970 καὶ
1283 926 1346 971 ὅτι
1364 929 1417 972 τὰ
1437 930 1514 985 μὲν
1533 931 1637 987 πρὸς

161 999 215 1043 ἕω
240 998 317 1056 ὄρη
339 997 457 1055 μέχρι
476 1001 632 1041 πολλοῦ
648 997 846 1053 ἀνέχοντα
866 1000 934 1040 καὶ
955 997 1003 1041 τὸ
1022 996 1208 1054 ἀσφαλὲς
1226 1003 1508 1054 κατεγγυῶντα
1521 998 1687 1056 ‘Pto-D

158 1069 298 1124 μαίοις
308 1101 322 1122 ,
352 1070 540 1124 Περσαΐς
559 1067 605 1111 δὲ
626 1065 683 1118 ὥς
710 1069 832 1111 εἰπεῖν
852 1064 1111 1121 ἀμελούμενα
1122 1099 1136 1119 ,
1173 1068 1428 1123 προσδοκίαν
1446 1075 1634 1127 παρεῖχεν

159 1137 302 1188 αὐτοῖς
333 1143 552 1192 κατασχεῖν
581 1135 808 1180 κάντεῦθεν
838 1134 1068 1194 ἀσφάλειαν
1094 1133 1443 1192 κατακτήσασθαι
1461 1171 1475 1190 ,
1508 1143 1568 1198 τῷ
1588 1140 1634 1182 δὲ

157 1211 234 1264 τῆς
254 1203 471 1262 θαλάττης
487 1204 601 1263 μέρει
625 1205 702 1261 οὐχ
725 1204 859 1250 οἷοίτ’
882 1201 989 1262 ἦσαν
1006 1202 1253 1262 χρήσασθαι
1272 1204 1512 1263 ὀχυρώματι
1528 1206 1634 1265 πρό-

102 1283 145 1319 15
158 1294 275 1334 τερον
298 1275 324 1332 ἢ
344 1274 442 1326 τούς
461 1274 645 1326 Ἰταλοὺς
664 1277 849 1330 ἐκβαλεῖν
863 1308 877 1329 ,
914 1274 984 1319 διὰ
1002 1279 1126 1318 τοῦτο
1148 1274 1272 1318 πλέον
1288 1275 1365 1329 μὲν
1389 1277 1632 1321 ἐσπένδοντο

154 1345 341 1403 Πέρσαις
369 1346 438 1388 καὶ
468 1343 685 1401 ἀνακωχὴν
722 1345 886 1389 ἐδίδουν
915 1349 976 1405 τῷ
1003 1344 1169 1404 πολέμῳ
1201 1348 1261 1403 τῷ
1299 1344 1403 1401 πρὸς
1441 1347 1630 1399 ἐκείνους,

154 1412 317 1471 ἐτήσιον
341 1413 459 1464 τέλος
483 1410 701 1467 τάξαντες,
731 1413 755 1458 ὃ
785 1415 838 1471 δὴ
868 1415 937 1457 καὶ
965 1414 1127 1457 ἐδίδουν
1157 1411 1248 1467 οὐχὶ
1264 1412 1435 1470 μικρόν,
1474 1422 1561 1466 τοῖς
1582 1415 1629 1458 δ’

148 1482 320 1535 ’Ῑταλοΐς
341 1481 458 1533 ὅλαις
477 1483 636 1539 ἐπεῖχον
656 1481 818 1541 ὅρμαΐς.
856 1489 1022 1538 συχνοῖς
1041 1483 1086 1525 δέ
1103 1479 1245 1532 πόνοις
1275 1483 1343 1525 καὶ
1370 1483 1628 1540 ἄκαταγωνί-
1653 1492 1686 1526 Ε

152 1570 268 1604 στοις
297 1551 491 1607 πολέμοις
523 1552 778 1610 ἐνιδροῦντες
800 1553 974 1603 ἐκείνους
992 1552 1069 1606 μέν
1089 1550 1272 1603 ἐξῶσαν,
1311 1553 1380 1594 καὶ
1400 1556 1547 1598 ναυσὶν
1567 1555 1631 1597 οἰ-

94 1623 276 1674 muclone
298 1619 546 1678 παραπλέειν
566 1618 870 1679 παρεσχηκότες
891 1621 968 1676 τὴν
984 1617 1210 1664 θάλασσαν
1231 1619 1375 1676 ἱκανὴν
1395 1629 1485 1674 τοῖς
1505 1623 1630 1667 ἐκεῖσε

242 1742 299 1785 12.
323 1744 405 1789 post
425 1736 656 1788 ἀμελούμενα
679 1743 775 1778 omisi
798 1738 857 1790 ἦν.

147 1836 244 1872 riora
273 1834 544 1881 occupantibus,
578 1838 615 1870 et
647 1835 752 1871 valde
783 1835 819 1872 in
843 1840 1022 1883 angustum
1050 1837 1277 1884 undecunque
1300 1837 1478 1878 contrusi,
1503 1836 1562 1873 vix
1586 1842 1626 1873 ut

146 1883 255 1919 libere
275 1882 451 1927 respirare
472 1882 686 1925 sinerentur,
710 1883 896 1928 aliquando
920 1884 1058 1930 quidem
1083 1885 1137 1919 usi
1159 1885 1383 1920 auxiliaribus
1408 1884 1509 1919 Italis
1531 1885 1625 1919 Per-

146 1940 204 1965 sas
236 1929 480 1970 incursabant,
512 1927 696 1974 aliquando
722 1929 895 1975 Scythicis
926 1929 1039 1965 adiuti
1062 1931 1187 1973 armis,
1212 1942 1301 1977 quae
1324 1943 1392 1966 non
1415 1930 1466 1965 ita
1487 1930 1620 1976 pridem

144 1975 386 2058 iffiff‘ehoiss
399 1974 527 2056 2322?
530 1974 671 2057 31:²¹3?ss
693 1976 1195 2059 33323231‘152;¹⁰¹135321¹512¹512
1207 1977 1621 2065 2⁰²5ztztanz²⁹52¹¹⁶b533

144 2067 225 2103 hinc
253 2048 362 2113 atque
392 2067 474 2102 inde
506 2067 651 2104 medium
673 2068 767 2104 inter
798 2069 894 2116 ipsos
925 2075 962 2104 et
983 2035 1100 2105 hostes
1122 2036 1273 2117 ipsorulh
1298 2075 1395 2112 erat,
1419 2035 1559 2105 munitils
1581 2075 1618 2106 et

143 2114 260 2150 valido
293 2113 469 2158 praesidio
500 2113 642 2150 insessis
673 2115 813 2150 arcibus
842 2117 1051 2152 firmaretur.
1098 2129 1141 2152 ac
1164 2116 1343 2152 maritimis
1369 2117 1506 2162 quidem
1527 2116 1617 2151 locis

141 2172 212 2196 non
245 2159 339 2196 aliud
370 2159 523 2195 adiicere
557 2161 798 2197 munimentum
819 2167 1011 2208 potuerunt
1034 2174 1135 2209 quam
1165 2163 1275 2208 ipsum
1298 2174 1411 2198 mare:
1434 2174 1502 2197 non
1526 2163 1614 2198 enim

140 2206 290 2250 licebat,
315 2206 567 2242 dominantibus
590 2208 675 2242 mari
697 2208 796 2244 Italis
820 2214 856 2244 et
878 2215 1011 2255 partem
1034 2209 1239 2244 continentis
1261 2209 1437 2256 praesidio
1466 2209 1616 2244 tenenti-

140 2253 217 2295 bus,
241 2252 293 2288 ita
314 2252 408 2287 illum
429 2253 562 2288 munire
583 2253 738 2298 limitem,
762 2260 801 2290 ut
823 2256 909 2290 nihil
932 2255 1013 2291 inde
1037 2255 1227 2292 timeretur.
1275 2256 1456 2291 confinium
1481 2255 1614 2290 Orien-

140 2299 260 2334 talium
282 2298 352 2334 alia
374 2303 499 2334 natura
521 2304 610 2335 erat.
654 2301 847 2347 praetentis
880 2301 967 2337 enim
990 2303 1034 2338 ab
1059 2314 1101 2337 ea
1124 2307 1226 2349 parte
1249 2302 1330 2337 altis
1354 2306 1390 2337 et
1411 2302 1614 2348 praeruptis

138 2346 332 2388 montibus,
362 2356 487 2390 magna
518 2357 601 2401 spes
635 2353 713 2382 erat
741 2347 992 2384 intercludendi
1015 2349 1173 2384 hostibus
1197 2348 1382 2391 transitus,
1416 2349 1448 2383 si
1471 2347 1555 2394 iuga
1577 2353 1614 2384 et

138 2395 308 2438 angustae
330 2391 451 2427 fauces
472 2392 722 2429 submcentium
745 2395 886 2430 vallium
919 2400 1272 2441 praeoccuparentur.
1320 2407 1427 2442 quare
1451 2405 1525 2430 cum
1550 2406 1615 2440 pa·-

138 2449 197 2472 res
221 2449 289 2473 non
314 2441 431 2473 essent
461 2438 552 2473 binis
584 2452 604 2474 e
633 2439 774 2476 diversa
796 2446 899 2487 parte
921 2441 1132 2477 sustinendis
1155 2442 1334 2484 hostibus,
1358 2446 1398 2477 ut
1415 2441 1535 2476 saltem
1559 2442 1616 2476 in-

138 2483 239 2519 terim
263 2496 333 2531 pax
368 2496 390 2520 a
423 2484 540 2520 Persis
570 2490 686 2530 esset,
719 2487 857 2524 arcibus
892 2499 952 2523 eos
974 2488 1055 2523 inde
1079 2488 1330 2534 praesidiisque
1353 2487 1500 2523 obiectis
1523 2499 1615 2523 snm-

135 2541 277 2566 movere
298 2530 539 2568 decreverunt.
585 2544 650 2567 nec
672 2532 771 2569 nimis
795 2534 938 2569 difficile
959 2535 997 2569 id
1020 2534 1108 2577 fuit,
1141 2535 1235 2581 quod
1258 2540 1295 2570 et
1317 2535 1441 2580 longus
1464 2533 1514 2568 ibi
1538 2538 1613 2570 tra-

136 2579 210 2612 ctus
233 2580 309 2612 erat
331 2588 533 2622 asperorum
556 2579 735 2622 montium,
770 2585 806 2615 et
839 2581 996 2621 custodia
1019 2581 1173 2624 vallium,
1208 2593 1273 2628 per
1303 2593 1390 2628 quas
1413 2587 1509 2616 artus
1534 2585 1611 2614 erat

135 2623 324 2666 transitus,
357 2624 465 2659 ferme
498 2624 542 2659 ab
577 2625 814 2661 Orientalibus
836 2627 904 2663 alio
928 2627 1070 2663 intentis
1092 2628 1346 2674 negligebatur.
1393 2627 1501 2662 dilato
1525 2637 1608 2671 ergo

136 2669 279 2704 consilio
310 2669 482 2705 muniendi
513 2671 641 2717 oppida
675 2672 846 2708 maritima
875 2673 911 2708 in
944 2674 980 2708 id
1012 2677 1148 2720 tempus
1190 2687 1257 2721 quo
1289 2673 1397 2709 Italos
1421 2672 1608 2708 continenti

135 2714 264 2750 eiectos
295 2715 398 2763 longe
431 2717 708 2760 submovissent,
740 2719 775 2754 in
799 2732 865 2766 quo
897 2725 978 2756 tunc
1001 2720 1211 2767 potissimum
1242 2720 1484 2763 laborabatur,
1510 2719 1609 2765 quie-

134 2763 202 2795 tem
234 2761 368 2798 interea
390 2763 607 2799 redemerunt
637 2775 658 2799 a
686 2765 806 2801 Persis
837 2768 1001 2812 pactione
1024 2766 1148 2802 tributi
1170 2767 1292 2809 annui,
1315 2767 1407 2813 quod
1429 2765 1517 2812 ipsis
1540 2776 1608 2799 non

132 2807 301 2843 modicum
326 2809 541 2855 pendebant;
572 2811 694 2856 sicque
725 2815 800 2847 toto
832 2813 869 2848 in
899 2812 1010 2848 Italos
1042 2814 1173 2860 impetu
1206 2818 1375 2854 ruerunt,
1407 2811 1607 2857 crebrisque

131 2852 308 2891 laboribus
341 2866 382 2892 ac
413 2855 513 2893 bellis
545 2857 759 2897 difficillimis
789 2858 991 2897 insudantes
1019 2871 1080 2896 eos
1112 2858 1250 2896 tandem
1272 2859 1432 2906 expulsos
1454 2857 1606 2905 propriis
