1884 3262
454 230 528 273 DE
558 228 837 273 MICHAELE
865 228 1239 274 PALAEOLOGO
1269 230 1317 274 L.
1347 231 1403 274 V.
1561 227 1659 276 347

201 340 409 398 καζὸμενοι
435 344 492 400 μὴ
523 342 802 399 αι’σχῦνοιντο,
834 350 923 395 τοῖς
948 349 1138 395 παλαιοῖς
1165 345 1217 388 τὰ
1246 345 1316 388 νέα
1346 339 1659 401 προσεπεμβοῖλ-

199 411 363 469 λοντες)
375 445 388 465 ,
425 415 493 456 καὶ
514 411 645 463 οὕτως
663 413 815 464 αἰτοῦς
833 414 908 468 μὲν
925 414 967 455 ἐν
984 413 1114 456 ἀνέσει
1133 415 1306 474 παντοίᾳ
1327 415 1397 468 ζῆν
1410 446 1440 466 ,,
1462 410 1660 469 σάριτταν

202 482 268 523 καὶ
300 482 519 538 ἐφεστρίδα
548 484 615 524 καὶ
646 482 800 537 ἔνδυμα
831 481 1050 536 καὶ-αὐτὴν
1072 482 1176 537 ζωὴν
1197 482 1310 538 παρὰ
1330 486 1412 525 τῶν
1429 486 1503 537 τῆς
1518 499 1660 537 γυναι-

201 550 412 599 κωνίτιδος
439 550 629 605 ἔχοντας,
667 550 818 601 αὐτοῦς
845 550 891 592 δὲ
919 555 1200 604 πολεμοῦντας
1218 551 1270 593 τὰ
1286 555 1368 593 τῶν
1389 550 1524 593 ἄλλων
1543 550 1660 605 ἔχειν,

160 629 188 664 >5
199 619 327 673 μηδὲν
349 623 802 675 πολυπραγμονοῦντας.
872 623 1010 661 ταῦτα·
1035 623 1110 661 τοῦ
1137 619 1370 672 νομοθέτου
1401 620 1658 675 Τζιγκίσκανι
1681 623 1710 658 Ρ
1734 623 1803 658 237

200 688 299 741 (νῦν
331 687 409 743 γὰρ
439 686 704 743 ἀνεμνήσθην
727 686 934 741 τοῦνομα·
983 689 1144 743 Τζιγκὶς
1170 687 1248 743 γὰρ
1281 687 1330 729 τὸ
1359 686 1514 741 ὄνομα,
1562 686 1584 730 ὅ
1615 688 1661 730 δὲ

197 755 330 805 Κάνις
358 756 576 812 βασιλεῦς)
612 756 664 799 τὰ
687 756 1006 812 παραγγέλματα
1024 756 1065 798 ἓν
1088 755 1272 812 ἀσφαλεῖ
1287 755 1445 810 ἔχοντες
1461 754 1661 810 ἀλήθειάν

198 841 241 866 τε
262 824 304 866 ἐν
323 823 456 879 λόγοις
474 824 644 868 ἀσκοῦσι
670 826 735 866 καὶ
755 822 1016 880 δικαιοσύνην
1038 825 1080 867 ἓν
1102 822 1293 880 πράξεσι,
1327 824 1374 867 τὸ
1402 825 1477 878 μὲν
1495 825 1661 867 ἐλευθε-

200 893 269 951 ρίᾳ
298 898 506 949 προσῆκον
534 898 674 948 ψυχῆς
701 892 749 936 τὸ
777 892 820 935 δ’
843 890 1037 948 εὖθύτητι
1056 891 1244 948 γνώμης,
1282 890 1337 943 ὥς
1357 891 1662 948 ἀνεξαπάτητον

147 972 190 1004 10
201 961 275 1014 μὲν
306 959 405 1003 εἶναι
435 959 496 1011 οἷς
522 961 573 1004 ἃν
599 959 740 1004 ἀκούοι
759 978 820 1011 τις
840 960 979 1017 ἑτέρου
1009 961 1220 1018 λέγοντος,
1257 959 1595 1015 ἀνεπιβούλευτον
1617 961 1662 1004 δὲ

200 1027 261 1078 οἷς
279 1026 450 1086 πράττοι
471 1029 519 1072 ἂν
539 1030 642 1085 πρὸς
665 1030 812 1072 ἐκεῖνον
834 1030 981 1085 ἕτερος.
1273 1086 1276 1089 Δ

326 1098 452 1140 Ἀλλὰ
474 1101 619 1153 Νογᾶν
643 1098 718 1151 μὲν
748 1095 949 1152 κηδεύσας
967 1095 988 1140 ὅ
1007 1098 1200 1152 βασιλεὺς
1217 1094 1427 1154 τηνικάδε,
1466 1097 1537 1140 τὸν
1558 1097 1660 1139 ἐκεί-

198 1182 279 1208 νων
306 1165 511 1221 ἄρχοντα,
549 1166 717 1219 πέμπων
740 1166 814 1208 οὐκ
836 1166 935 1208 ἀνίει
957 1170 1147 1219 πλεῖστα,
1187 1165 1265 1209 ὅσα
1286 1183 1329 1209 τε
1355 1166 1458 1222 πρὸς
1480 1163 1659 1219 ἕνδυμά-
1682 1164 1711 1198 Β

197 1251 281 1276 των
295 1239 443 1290 χρῆσιν
466 1236 532 1277 καὶ
555 1233 632 1277 ὅσα
655 1234 758 1289 πρὸς
776 1239 943 1291 τροφῶν
959 1238 1185 1287 ποικιλίαν,
1222 1235 1324 1291 πρὸς
1355 1236 1400 1277 δὲ
1430 1236 1498 1277 καὶ
1528 1233 1661 1276 ἀνθο-

145 1311 186 1346 15
199 1307 330 1356 σμιιῦν
362 1303 482 1346 οἷ’νων
513 1302 611 1353 ὅλας
647 1301 854 1353 πιθάκνας
883 1302 1234 1359 φιλοτιμοῦμενος.
1304 1301 1325 1345 ὅ
1358 1304 1403 1346 δὲ
1429 1302 1480 1346 τὰ
1506 1303 1581 1356 μὲν
1605 1304 1662 1352 εἷς

197 1375 355 1427 βρῶσιν
384 1373 450 1426 καὶ
482 1369 601 1414 πόσιν
629 1371 784 1425 μαθών
813 1370 951 1426 ἠγάπα
983 1370 1228 1425 λαμβάνων,
1265 1373 1332 1412 καὶ
1348 1370 1505 1425 χρυσὸν
1529 1371 1661 1412 δὲκαὶ

198 1438 380 1495 ἄργυρον
401 1439 442 1480 ἓν
467 1437 674 1493 ἐκπώμασι
699 1439 964 1495 προσεδέχετο
979 1452 988 1463 ·
1025 1439 1078 1481 τὰ
1112 1440 1156 1482 δὲ
1183 1441 1344 1481 ποικίλα
1365 1439 1390 1494 ἢ
1410 1438 1511 1494 πρὸς
1531 1437 1661 1481 καλύ-

197 1524 330 1562 πτρας
355 1505 382 1561 ἢ
416 1507 520 1563 πρὸς
552 1506 760 1562 ἐνδύματα
795 1509 1090 1564 (ἐφιλοτιμεῖτο
1110 1507 1188 1564 γὰρ
1207 1509 1273 1550 καὶ
1293 1512 1426 1550 ταῦτα
1445 1524 1660 1564 προσαπο-

198 1575 377 1618 στὲλλων
397 1573 419 1617 ὃ
437 1572 661 1635 βασιλεὺς)
697 1573 915 1631 ἇφώμενος
935 1583 1026 1625 ταῖς
1051 1578 1189 1632 χερσὶν
1211 1574 1403 1632 ἀνηρώτα
1423 1575 1495 1618 τὸν
1517 1578 1660 1618 διακο-

141 1642 443 1699 Ξομισάμενον,
486 1646 521 1686 εἴ
538 1642 777 1702 χρησιμεύοι
800 1644 902 1702 πρὸς
922 1644 1102 1703 κεφαλὴν
1124 1645 1186 1687 ἐπὶ
1209 1649 1269 1706 τῷ
1290 1644 1443 1689 ἄπονον
1467 1642 1566 1687 εἶναι
1588 1645 1654 1687 καὶ
1679 1657 1709 1691 c

290 1787 344 1823 13.
367 1785 462 1834 πρὸς
484 1786 621 1834 deerat.>
752 1789 805 1824 17.
830 1785 1090 1834 προσεκδὲχετο
1113 1787 1153 1823 Ρ.

195 1913 338 1947 haberet
369 1923 503 1959 semper
532 1923 664 1954 omnes,
697 1913 788 1947 nulla
808 1913 939 1959 uspiam
962 1913 1178 1949 solicitudine
1202 1914 1344 1955 affixos,
1378 1914 1505 1961 quippe
1533 1915 1656 1960 quibus

197 1959 326 1993 sarissa
349 1959 544 2005 ephippium
577 1959 684 1993 vestis
708 1962 743 1993 et
767 1959 947 2002 alimenta,
977 1960 1099 2005 quibus
1122 1960 1199 1994 unis
1222 1961 1388 2004 egebant,
1419 1961 1571 1996 muliebri
1592 1961 1658 1995 mi·-

197 2004 336 2038 nisterio
360 2013 481 2039 cuncta
505 2017 524 2038 e
547 2016 719 2050 gynaeceo
743 2006 1055 2052 suppeditarentur,
1082 2006 1150 2051 ipsi
1174 2006 1223 2041 rei
1250 2006 1392 2041 bellicae
1414 2007 1473 2041 uni
1494 2010 1658 2041 vacarent

193 2050 446 2105 spoliandisqne
469 2051 611 2094 alienis,
637 2051 720 2086 nibil
743 2057 924 2100 praeterea
946 2052 1073 2096 negotii
1093 2053 1274 2094 habentes,
1309 2056 1368 2086 aut
1391 2054 1523 2087 curiose
1545 2052 1656 2098 inqui-

193 2102 309 2131 rentes
340 2098 420 2143 quid
453 2098 602 2131 futurum
636 2101 738 2132 esset.
783 2098 901 2132 talium
925 2104 1044 2133 auctor
1067 2099 1176 2144 legum
1200 2098 1433 2133 Tzinciscanis
1454 2099 1530 2132 fuit.
1577 2110 1653 2132 nam

193 2153 267 2175 cum
292 2143 430 2187 proprio
462 2142 595 2178 nomine
617 2143 758 2178 Tzincis
782 2144 835 2178 hic
858 2144 912 2178 vir
934 2149 1134 2185 vocaretur,
1169 2145 1275 2179 Canis
1307 2145 1526 2185 vocabulum,
1562 2144 1653 2189 quod

193 2198 308 2230 regem
331 2193 452 2231 sonat,
475 2189 547 2223 eius
571 2189 726 2235 privatae
749 2190 941 2224 adiunctum
965 2191 1182 2236 appellationi
1205 2190 1437 2225 'l‘zinciscanis
1458 2201 1576 2224 nomen
1601 2190 1654 2223 ef-

193 2233 278 2276 ficit,
301 2244 389 2267 nunc
411 2235 592 2269 memoriae
612 2237 818 2271 commodum
840 2247 1041 2270 occurrens:
1066 2248 1143 2270 nam
1167 2248 1241 2270 cum
1265 2247 1368 2280 agere
1392 2236 1435 2269 de
1457 2236 1521 2270 hoc
1544 2235 1653 2280 coepi,

193 2279 339 2312 nondum
361 2285 502 2314 venerat
523 2281 556 2314 in
579 2287 732 2316 mentem.
782 2286 951 2316 caeterum
975 2282 1028 2316 his
1051 2283 1126 2316 eius
1158 2282 1376 2327 praescriptis
1400 2282 1655 2327 acquiescentes

196 2325 414 2369 contingebat
435 2325 520 2360 istos
542 2327 686 2372 populos
716 2327 936 2362 veracitatem
959 2329 994 2362 in
1017 2328 1202 2374 loquendo,
1236 2328 1442 2373 aequitatem
1466 2328 1500 2362 in
1522 2327 1653 2370 agendo

194 2376 333 2412 tenere,
367 2383 507 2417 quorum
537 2372 619 2405 illud
653 2372 804 2408 libertati
836 2373 937 2407 animi
969 2374 1150 2415 convenit,
1193 2374 1257 2407 hoc
1290 2373 1483 2408 rectitudini
1514 2384 1651 2408 morum.

194 2416 277 2450 illud
302 2428 418 2450 rursus
441 2420 549 2451 tutum
573 2423 727 2463 praestat
749 2419 939 2453 audientem
964 2431 984 2453 a
1009 2420 1295 2454 circumventione
1324 2420 1538 2454 fraudulenta
1559 2430 1651 2454 men-

193 2462 310 2497 tientis
333 2463 434 2496 socii:
467 2464 530 2497 hoc
554 2475 574 2497 a
598 2465 727 2499 cunctis
749 2477 916 2510 quemque
937 2465 1098 2500 insidiose
1120 2466 1345 2510 grassantium
1369 2465 1452 2499 dolis
1472 2466 1606 2501 liberat.

285 2509 394 2542 Huius
429 2509 540 2553 gentis
572 2509 755 2556 principem
785 2516 867 2545 tunc
892 2511 1026 2554 Nogam
1051 2511 1117 2545 sibi
1139 2512 1277 2546 foedere
1310 2511 1525 2546 conciliatum
1546 2511 1651 2556 impe—

189 2554 291 2588 rator
315 2566 390 2589 cum
411 2555 522 2589 missis
544 2555 674 2589 affatim
701 2556 853 2591 luxuriae
882 2556 1044 2591 nostratis
1074 2557 1305 2593 instrumentis
1336 2558 1378 2592 ad
1411 2558 1548 2591 delicias
1580 2557 1652 2590 Ro-

193 2601 284 2634 mani
313 2611 394 2635 usus
425 2601 607 2641 invitaret,
641 2601 809 2636 minimum
839 2602 1002 2647 profecit,
1032 2603 1121 2648 quod
1155 2604 1199 2638 ad
1231 2604 1401 2638 mollitiem
1431 2603 1568 2648 quidem
1592 2614 1651 2635 ve-

193 2646 293 2680 stium
318 2646 351 2681 ei
372 2647 577 2692 suadendam
600 2651 744 2692 spectat.
790 2659 868 2682 nam
892 2659 966 2682 cum
990 2648 1140 2684 ciborum
1163 2649 1196 2683 ei
1216 2650 1374 2694 exquisiti
1397 2655 1517 2693 gustus
1534 2646 1651 2682 offerri

194 2695 349 2727 curasset
370 2693 498 2726 variam
525 2692 653 2738 copiam
679 2693 817 2738 vinique
850 2694 982 2728 odorati
1014 2698 1087 2729 tota
1113 2695 1222 2738 dolia,
1260 2696 1310 2731 his
1336 2695 1470 2741 quidem
1492 2706 1558 2728 non
1582 2692 1651 2727 illi-

192 2738 313 2772 benter
335 2742 390 2772 est
409 2749 502 2773 usus.
549 2750 666 2773 aurum
689 2738 770 2772 item
793 2744 830 2773 et
851 2744 1028 2784 argentum
1050 2741 1085 2775 in
1108 2742 1198 2776 vasis
1232 2742 1426 2788 poculisque
1449 2740 1535 2774 dono
1559 2738 1650 2772 datis

193 2784 341 2828 probans
374 2785 518 2819 admisit.
566 2789 602 2818 at
632 2784 848 2820 versicoloria
877 2786 962 2820 varii
991 2786 1123 2831 generis
1153 2791 1232 2822 tum.
1257 2787 1379 2833 capitis
1409 2789 1557 2831 tegmina
1578 2788 1649 2819 tum

192 2830 413 2864 membrorum
434 2830 631 2864 indumenta
652 2837 884 2875 caeterorum,
921 2843 1060 2877 quarum
1083 2833 1166 2867 item
1187 2845 1299 2869 rerum
1322 2833 1390 2867 vim
1413 2842 1565 2876 magnam
1590 2841 1649 2864 re-

192 2874 250 2919 gia
271 2876 379 2910 eidem
402 2876 631 2911 munificentia
653 2877 838 2922 imperator
860 2878 1021 2922 miserat,
1053 2879 1157 2924 haec,
1190 2880 1344 2926 inquam,
1371 2877 1649 2924 aspernabundus
