1884 3262
444 201 527 268 DE
554 219 837 267 MICHAELE
874 221 1255 267 PALAEoLooo
1282 223 1332 266 L.
1359 221 1435 266 Ν.
1577 219 1678 267 269

190 341 300 391 ὅπως
326 339 434 384 κατὰ
453 339 502 383 τὸ
532 338 711 382 δυνατὸν
731 336 828 394 ἡμῖν
846 335 1125 393 ἓποιμάναμεν
1145 339 1212 380 καὶ
1233 337 1286 381 τὰ
1304 335 1413 380 καθ’
1434 333 1547 392 ἡμᾶς
1565 331 1684 386 διεξέ

188 409 339 467 ἤγομεν
350 443 364 464 ,
403 408 451 453 οὗ
470 413 608 459 καλῶς
636 409 711 462 μὲν
737 408 874 461 ἴσως,-
899 407 1051 457 ἱκανῶς
1082 402 1128 451 δὲ
1147 408 1254 450 κατὰ
1277 407 1353 463 τὴν
1374 404 1577 463 ἡμετέραν
1599 402 1675 448 δῦ-

187 498 339 534 νιιμιν,
377 478 538 522 οἷ’δατε·
576 479 620 521 τί
647 477 700 520 τὰ
730 479 838 533 δῆλα
873 478 941 519 καὶ
967 477 1098 532 λέγω,·
1135 475 1249 531 ὅμως
1279 475 1459 526 πολλοὺς
1478 476 1553 530 μὲν
1576 474 1678 525 ἴσως

186 551 256 593 καὶ
283 546 569 604 ε’λυπήσαμεν,
604 546 720 605 παρὰ
745 549 911 589 πολλῶν
943 546 990 588 δὲ
1021 547 1089 588 καὶ
1121 543 1414 601 ἓλυπήθημεν,
1450 543 1678 602 συνδιαφέ-

153 624 176 660 5
189 635 330 676 ροντες
350 616 544 674 ἀλλήλοις
562 616 639 666 τὰς
659 615 765 673 παρ’
787 613 978 669 ἀλλήλων
996 614 1236 670 ἀπεχθείας.
1306 618 1482 657 τοιαῦτα
1510 613 1589 670 γὰρ
1619 612 1675 656 τὰ
1698 617 1730 652 D

186 692 263 744 τῆς
292 689 510 742 ἐκκλησίας
540 683 781 742 σπλάγχνα,
817 682 875 734 ὥς
902 685 969 727 καὶ
999 684 1296 740 βαρυνομένων
1325 681 1444 739 ἡμῶν
1472 680 1529 733 ὥς
1547 684 1677 725 πατὲ-
1706 699 1711 703 ”

187 775 272 814 ρων
299 755 412 812 ὑμᾶς
441 754 498 806 ὥς
528 755 650 799 τέκνα
680 754 926 809 ἀνέχεσθαι,
964 755 1032 796 καὶ
1050 752 1399 810 ἀπεχθανομένων
1420 756 1543 796 τινῶν
1563 750 1677 806 ὖμίἱς

188 822 315 876 αὖθις
337 826 593 882 ἀλογοῦντας
620 828 696 879 τῆς
719 823 946 878 ἀπεχθείας
974 820 1031 873 ὦς
1050 822 1154 878 με’λη
1176 821 1325 879 γνήσια
1349 821 1552 879 περιέπειν
1577 821 1676 872 τούς

189 895 566 951 ἀπεχθανομένους.
637 897 712 936 νῦν
746 888 820 936 οὖν
851 891 996 947 καιρὸς
1026 891 1222 948 ἀλλήλοις
1244 892 1408 950 ἀφεῖναι
1430 891 1484 935 τὰ
1506 889 1675 949 ὀφειλή-

133 972 177 1005 10
186 982 317 1021 ματα.
362 966 430 1007 καὶ
450 963 503 1018 δὴ
522 963 570 1006 τὸ
587 963 663 1018 μὲν
685 962 765 1005 ἀπ’
794 962 975 1016 ἓμαυτοῦ
991 963 1183 1019 ε’κπληρῶ
1195 995 1208 1014 ,
1246 963 1314 1005 καὶ
1333 965 1533 1018 συγχωρῶ
1550 966 1667 1015 πᾶσι,
1692 969 1726 1004 Ε

187 1035 256 1077 καὶ
275 1032 357 1091 ὅπῃ
379 1037 438 1092 τῷ
460 1036 549 1091 θεῷ
567 1031 776 1087 βουλητὸν
795 1029 1032 1087 προθύμως
1052 1031 1298 1087 ἀπέρχομαι.
1356 1029 1474 1086 ὑμεῖς
1498 1032 1543 1074 δὲ
1566 1031 1674 1074 ἀλλὰ

186 1102 240 1146 τὰ
260 1107 344 1146 τῶν
364 1106 521 1145 σκευῶν
548 1101 602 1144 τὰ
624 1105 700 1156 τῆς
719 1101 956 1156 ἐκκλησίας,
991 1102 1062 1144 καὶ
1083 1099 1162 1144 ὅσα
1183 1101 1226 1144 ἕν
1248 1100 1418 1151 πέπλοις
1435 1101 1583 1155 τιμίοις
1605 1102 1674 1144 καὶ

186 1168 398 1227 λειψάνοις
417 1169 543 1228 ἇγίων
562 1172 630 1213 καὶ
650 1172 813 1224 βίβλοις
826 1203 840 1223 ,
867 1168 1120 1220 ἀπελθόντες
1138 1172 1206 1212 καὶ
1230 1170 1338 1213 καθ’
1360 1168 1405 1212 (ἐν
1425 1168 1583 1221 ἰδόντες
1604 1171 1674 1213 καὶ
1696 1173 1725 1208 Ρ
1751 1174 1817 1209 182

187 1239 600 1298 οἷναψηλαφήσαντες
640 1239 938 1295 παραδέξασθε
950 1272 964 1293 ,
1008 1239 1068 1295 μὴ
1107 1241 1179 1282 καί
1211 1257 1274 1290 τις
1304 1240 1537 1296 ἱεροσυλίας
1561 1238 1674 1296 ἡμᾶς

131 1315 175 1350 15
188 1308 418 1368 γράψηται.
489 1311 557 1352 καὶ
589 1308 637 1352 τὸ
667 1309 810 1352 λοιπὸν
836 1309 998 1365 χαίρετε
1021 1310 1062 1351 ἓν
1084 1310 1236 1368 κυρίῳ,
1273 1309 1418 1362 τέκνα,
1456 1311 1526 1352 καὶ
1546 1309 1673 1362 σώζε-

185 1384 281 1424 σθε.
350 1377 449 1435 ἡμῖν
471 1379 517 1422 δὲ
540 1376 562 1422 ὅ
586 1376 807 1433 ε’πενδῦτης
830 1380 898 1422 καὶ
920 1378 969 1422 τὸ
990 1379 1134 1429 πυξίον
1155 1381 1223 1421 καὶ
1246 1379 1341 1435 τρία
1359 1382 1444 1421 τῶν
1464 1377 1672 1434 νομισμά-

184 1466 293 1502 των,
330 1447 358 1491 ἃ
377 1448 430 1502 δὴ
455 1450 602 1505 καὶτῷ
623 1449 901 1507 πατριαρχείῳ
933 1448 1256 1504 προσβαίνοντες
1277 1448 1437 1502 εἴχομεν
1462 1447 1570 1491 κατὰ
1597 1466 1675 1491 κα-

180 1515 288 1561 νόνα
307 1521 391 1560 τῶν
412 1520 628 1572 μοναχῶν,
661 1519 730 1559 καὶ
750 1522 885 1560 ταῦτα
905 1519 1025 1566 ἰδίοις
1043 1515 1186 1567 κόποις
1208 1524 1295 1568 τοῖς
1320 1518 1364 1560 ἐκ
1384 1522 1674 1575 μετεγγραφῆς

185 1591 407 1642 ψαλτῆρος
430 1586 662 1639 κτηθέντα,
701 1584 825 1629 πάλιν
844 1583 1042 1641 λαβόντες
1067 1584 1253 1640 ἴξιμεν.”
1322 1590 1457 1629 ταῦτα
1485 1588 1552 1629 καὶ
1583 1605 1670 1630 τοι-
1693 1591 1725 1626 Β
1751 1633 1754 1643 ¹

128 1655 298 1700 maii-‘i’
328 1656 447 1714 ἕτερα
486 1654 590 1713 πρὸς
618 1655 692 1699 τὸν
722 1659 876 1713 κλῆρον
905 1652 1056 1710 εῗπών,
1104 1654 1211 1699 ὥστε
1241 1657 1309 1698 καὶ
1345 1657 1390 1699 ἐκ
1419 1660 1496 1699 τοῦ
1525 1656 1672 1712 σχεδὸν

183 1838 298 1871 tamen
320 1837 425 1882 prout
445 1834 619 1881 potuimus
642 1846 781 1880 gregem
805 1836 962 1883 pavimus
986 1839 1023 1872 et
1046 1847 1109 1872 vos
1126 1835 1373 1882 ecclesiamque
1389 1836 1668 1881 gubernavimus,

184 1883 331 1918 forsitan
354 1894 421 1917 non
444 1883 553 1923 bene,
581 1888 827 1926 veruntamen,
850 1889 1014 1929 quantum
1036 1883 1160 1918 virium
1183 1883 1430 1929 facultatisque
1452 1889 1592 1918 nostrae
1614 1890 1669 1918 te-

184 1929 297 1963 nuitas
330 1929 428 1970 tulit,
473 1928 632 1966 fideliter.
678 1934 788 1964 testes
818 1941 881 1964 vos
913 1931 1077 1965 habemus
1106 1930 1274 1964 omnium:
1314 1931 1397 1975 quid
1428 1931 1554 1965 attinet
1585 1937 1669 1965 nota

183 1975 371 2021 proloqui?
415 1976 505 2009 inter
537 1975 622 2010 haec
645 1975 722 2009 fieri
745 1981 863 2022 potest
885 1981 925 2011 ut
947 1989 1009 2012 nos
1032 1976 1219 2011 molestiam
1242 1976 1356 2011 multis
1378 1978 1667 2019 facessiverimus,

129 2039 133 2042 ·
184 2021 238 2056 uti
258 2028 296 2056 et
319 2021 468 2056 vicissim
493 2022 648 2068 perpessi
671 2033 787 2057 sumus
806 2023 984 2058 molestias
1006 2023 1239 2070 plurimorum.
1284 2022 1502 2068 ignoscamus
1537 2024 1668 2059 condo-

184 2079 371 2113 nemusque
403 2067 502 2103 nobis
532 2068 680 2103 invicem
712 2076 848 2104 mutuas
879 2070 1088 2105 offensiones
1120 2070 1155 2103 in
1188 2070 1380 2104 visceribus
1411 2070 1667 2105 ecclesiasticae

183 2114 353 2150 caritatis.
399 2126 476 2150 nam
512 2114 602 2149 inter
634 2126 697 2150 nos
720 2123 939 2162 comparatae
957 2115 1217 2152 necessitudinis
1239 2116 1350 2161 poscit
1371 2117 1540 2161 officium,
1564 2123 1605 2151 ut
1627 2121 1667 2151 et

184 2171 248 2195 nos
271 2167 390 2207 patres
410 2162 556 2196 libenter
578 2163 728 2197 seramus
750 2174 841 2208 quae
873 2164 995 2209 gravia
1016 2163 1151 2210 perpeti
1175 2174 1198 2197 a
1220 2162 1301 2196 filiis
1325 2163 1508 2207 contingit,
1539 2167 1578 2197 et
1600 2174 1667 2198 vos

184 2206 249 2241 filii
270 2207 362 2251 quod
386 2219 408 2242 a
430 2212 577 2254 paterna
599 2209 849 2253 gubernatione
886 2211 995 2245 minus
1026 2214 1162 2255 gratum
1193 2209 1362 2243 interdum
1387 2209 1514 2244 accidit
1536 2209 1666 2244 tolere-

186 2253 252 2295 tis3
275 2253 428 2299 itemque
450 2266 540 2299 quae
562 2256 654 2290 forte
678 2266 700 2290 a
721 2256 887 2291 fratribus
910 2257 1117 2292 offensiones
1141 2255 1314 2296 existunt,
1338 2267 1405 2290 non
1427 2255 1556 2291 mutuis
1578 2256 1667 2291 ulci-

183 2299 235 2334 sci
267 2299 373 2341 odiis,
403 2300 464 2334 sed
491 2304 530 2334 ut
552 2302 704 2336 membra
727 2302 880 2338 eiusdem
912 2303 1069 2349 corporis
1091 2313 1175 2337 vera
1197 2301 1272 2335 illos
1295 2301 1390 2347 ipsos
1412 2314 1540 2347 graves
1563 2302 1666 2338 vobis

184 2350 222 2380 et
252 2345 396 2380 infestos
431 2347 695 2392 amplectamini.
742 2354 877 2395 tempus
912 2362 1003 2384 nunc
1033 2353 1089 2384 est
1128 2348 1319 2382 dimittendi
1349 2349 1496 2384 invicem
1535 2349 1665 2385 debita.

185 2391 367 2438 equidem,
401 2403 493 2437 quae
523 2393 559 2428 in
590 2394 657 2428 hoc
678 2405 777 2430 mene
800 2402 918 2442 partes
939 2401 1042 2440 sunt,
1073 2406 1176 2441 quam
1200 2394 1395 2440 plenissime
1416 2407 1556 2442 possum
1583 2407 1667 2431 exe-

182 2450 294 2485 quor,
322 2438 502 2484 indulgens
532 2440 795 2487 condonansque
828 2443 960 2477 cunctis
991 2446 1135 2484 cuncta3
1168 2444 1207 2475 et
1231 2452 1299 2487 quo
1323 2442 1388 2476 deo
1411 2442 1574 2488 placitum
1597 2447 1665 2485 est,

183 2485 308 2520 alacris
331 2497 451 2531 pergo.
499 2497 564 2525 vos
584 2487 652 2530 ite,
677 2499 814 2522 censum
838 2490 944 2523 facite
968 2488 1135 2523 ecclesiae
1155 2499 1336 2531 vasorum;
1357 2492 1394 2523 et
1415 2489 1581 2535 quidquid
1603 2501 1666 2524 ve-

182 2531 291 2565 lorum
327 2535 556 2577 caeteraeque
588 2533 765 2578 pretiosae
795 2535 923 2578 vestis,
958 2535 1122 2582 quidquid
1156 2538 1350 2570 sanctarum
1379 2535 1602 2582 reliquiarum
1628 2540 1666 2570 et

181 2577 345 2612 librorum
368 2578 626 2613 ecclesiasticae
652 2580 780 2615 habent
802 2592 948 2627 capsae,
981 2582 1239 2626 recognoscite,
1270 2582 1440 2628 probate,
1470 2586 1664 2626 numerate,

182 2624 352 2669 accipite,
380 2636 425 2659 ne
448 2625 524 2671 quis
547 2625 671 2660 deinde
693 2638 755 2661 nos
777 2628 969 2674 sacrilegae
990 2628 1136 2674 rapinae
1159 2627 1269 2673 possit
1290 2639 1467 2663 accusare.
1514 2629 1558 2663 de
1582 2640 1665 2663 cae-

182 2674 260 2704 tero
292 2671 442 2715 gaudete
470 2671 506 2706 in
537 2672 690 2714 domino,
724 2673 806 2716 filii,
837 2677 874 2708 et
905 2674 1049 2710 salvete.
1094 2685 1157 2709 nos
1185 2674 1345 2720 palliolo,
1378 2674 1604 2720 pugillaribus
1627 2679 1664 2710 et

181 2716 294 2751 tribus
323 2718 491 2760 nummis,
522 2719 680 2754 mercede
709 2731 837 2765 operae
865 2720 1027 2756 librariae
1056 2720 1283 2756 describendo
1314 2721 1480 2767 psalterio
1512 2723 1662 2764 locatae,

181 2773 273 2808 quae
294 2765 408 2799 omnia
429 2764 526 2800 iuxta
548 2765 773 2801 monasticam
794 2767 948 2812 regulam
970 2768 1067 2814 prins
1089 2768 1303 2814 possedimus
1326 2779 1427 2814 qnam
1448 2767 1663 2812 patriarcha-

181 2807 234 2843 les
264 2810 370 2845 aedes
399 2811 675 2856 ingrederemur,
709 2816 749 2847 ut
779 2813 929 2860 propriis
957 2814 1164 2860 resumptis,
1197 2814 1370 2849 eximus.”
1418 2814 1505 2862 haec
1533 2818 1571 2849 et
1593 2814 1661 2849 alia

182 2854 349 2890 eiusmodi
369 2858 538 2903 quaedam
561 2859 690 2893 effatus
714 2859 758 2893 ad
780 2860 932 2904 clerum,
965 2866 1003 2896 et
1031 2866 1194 2906 tanquam
1228 2872 1307 2895 mox
1338 2859 1553 2895 discessurus
1574 2869 1661 2908 pro-

181 2912 307 2947 perare
328 2902 429 2939 iussis
452 2904 654 2951 quibusdam
677 2918 698 2941 e
718 2907 981 2953 praesentibus,
1004 2919 1147 2955 quorum
1170 2918 1235 2953 ego
1258 2917 1348 2942 unus
1369 2905 1439 2952 fui,
1462 2906 1508 2943 ad
1524 2918 1659 2944 sacram
