1846 3262
398 189 475 233 DE
510 188 792 233 nncflAELE
826 150 1203 232 PALAEOLOGO
1239 186 1286 230 L.
1321 185 1397 230 ΠΙ.
1543 185 1636 232 175

157 302 464 363 μεγαλειότερον
493 305 540 348 τὸ
577 302 847 359 συνάλλαγμα
876 299 1117 357 ἐξηρτύετο,
1167 300 1243 344 κᾶν
1271 305 1346 344 τοῦ
1384 300 1563 345 Χαλαοῦ
1595 303 1638 352 ἐξ

158 374 397 431 ἀνθρώπων
415 372 625 431 γεγονότος
643 376 737 430 πρὶν
757 373 932 421 ἐκείνους
953 371 1119 428 φθάσαι
1140 369 1165 426 ἦ
1187 369 1288 427 κόρη
1309 375 1367 429 τῷ
1387 372 1465 430 υἱῷ
1483 372 1636 414 ἐκείνου

150 442 334 501 Ἀπαγά,
371 443 552 503 διαδόχῳ
573 461 616 500 γε
639 449 713 499 τῆς
737 442 864 497 ἀρχῆς
887 441 1232 496 καταληφθέντι,
1266 441 1308 482 ἓν
1330 438 1489 498 ὖστέρῳ
1516 439 1638 497 φθά-

156 530 267 556 σασα
292 513 549 570 ἒνηρμόζετο.
622 513 694 556 τὸν
727 512 775 555 δέ
799 528 842 568 γε
876 515 958 553 τῶν
987 507 1214 553 Αἰθιόπων
1244 510 1424 566 σουλτὰν
1446 509 1550 566 ἄλλη
1575 528 1638 561 τις

121 589 142 624 5
151 584 270 638 χρεία
301 588 359 642 τῷ
390 587 557 638 βασιλεῖ
583 582 837 625 σπένδεσθαι
869 578 1182 635 κατηνάγκαζεν.
1255 579 1296 620 ἐκ
1325 577 1533 632 Κομάνων
1552 579 1633 637 γὰρ

155 651 212 697 ὧν
231 653 404 706 ἐκεῖνος,
441 651 495 702 εἷς
516 656 599 695 τῶν
624 654 680 702 εἷς
708 650 896 694 δουλείαν
927 648 1265 702 ἀποδεδομένων,
1302 647 1349 690 τὸ
1372 648 1484 704 γε’νος
1507 647 1634 704 ἐζήτει

153 722 252 766 κατ’
287 724 422 765 αι’τιάν
448 721 619 776 συνετὴν
656 720 717 764 ὅτι
747 721 813 763 καὶ
844 719 1020 761 ἐπαίνων
1054 715 1185 773 ἐγγύς.
1264 716 1316 759 τὰ
1346 717 1424 773 γὰρ
1463 717 1630 772 ἀντικρὺ

152 790 340 848 ἀλλήλων
372 793 549 845 κλίματα
578 794 652 844 τῆς
677 795 774 846 γῆς,
814 785 862 831 τό
882 805 925 831 τε
951 785 1116 844 βόρειον
1139 788 1205 829 καὶ
1229 785 1276 828 τὸ
1296 784 1452 839 νότιον,
1490 785 1623 844 ἕμφύ-
1649 793 1680 827 Ε

152 879 239 911 τοις
260 863 340 903 τισὶ
372 858 592 914 δυνάμεσιν
623 859 691 902 ἐπί
721 876 762 902 τε
784 862 997 914 σωματικῇ
1025 858 1092 898 καὶ
1123 860 1279 913 ψυχικῇ
1309 856 1494 899 διαθέσει
1515 856 1628 898 ἀντι-

96 936 140 970 10
152 928 434 982 πεπόνθασιν,
483 927 620 983 ὥσπερ
654 931 760 983 δῆτα
784 929 850 969 καὶ
881 925 1098 981 κράσεσιν,
1142 927 1183 968 ἓν
1204 923 1269 976 αἷς
1289 924 1336 968 οὗ
1361 924 1490 980 μόνον
1514 923 1627 977 ζώων

152 998 310 1055 ἀλόγων
332 998 435 1054 πρὸς
459 996 580 1052 ὅμοια
603 999 686 1049 ζῶα
708 996 913 1053 διαφορὰς
945 995 1054 1052 εὕροι
1085 1012 1145 1045 τις
1177 994 1394 1052 ἐμφανεῖς,
1432 994 1538 1037 ἀλλὰ
1559 997 1627 1037 καὶ

150 1068 252 1125 πρὸς
271 1066 524 1123 ἀνθρώπους
545 1064 798 1123 ἀνθρώπων.
869 1067 1048 1120 βορείοις
1081 1065 1158 1120 γὰρ
1182 1065 1234 1107 τὰ
1259 1066 1341 1117 ζῶα
1366 1062 1623 1118 λελεύκωται,

147 1138 298 1186 νοτίοις
321 1137 364 1178 δὲ
386 1137 699 1191 μεμελαίνωται.
770 1133 987 1191 ἅνθρωποι
1014 1134 1058 1176 δὲ
1079 1134 1119 1174 ἐν
1139 1134 1214 1187 μὲν
1235 1135 1411 1188 βορείοις
1433 1131 1618 1176 ἀσίνετοι
1644 1141 1672 1174 Ρ
1699 1140 1763 1176 117

148 1205 282 1256 ἄλλως
312 1207 378 1248 καὶ
407 1203 525 1260 μόλις
551 1206 703 1260 λογικοὶ
727 1200 1166 1257 καταλαμβανόμενοι,
1226 1204 1269 1245 ἐν
1296 1199 1356 1251 οἷς
1389 1201 1437 1244 οὗ
1467 1206 1624 1258 λογικαὶ

91 1278 134 1313 15
149 1275 389 1329 ἐπιστῆμαι,
429 1274 476 1317 οὗ
496 1272 734 1329 μαθήματα
751 1270 932 1330 φυσικά,
972 1272 1020 1315 οὗ
1041 1276 1214 1328 γνῶσις,
1252 1270 1299 1314 οὗ
1324 1269 1536 1328 φρόνησις,
1574 1271 1623 1314 οὗ

147 1346 238 1400 περὶ
258 1344 330 1387 τὸν
360 1344 453 1397 βίον
485 1345 711 1398 οἰκονομίαι
743 1345 810 1385 καὶ
841 1345 992 1396 τεχνῶν
1014 1342 1198 1395 ἐργασίαι
1219 1342 1285 1382 καὶ
1306 1335 1437 1381 τᾶλλα
1456 1338 1519 1389 οἷς
1537 1345 1622 1383 τῶν

144 1410 304 1465 ἀλόγων
326 1411 542 1465 ἅνθρωποι
572 1411 902 1461 διαστέλλονται,
940 1406 1072 1463 ὁρμὰς
1101 1408 1240 1462 μέντοι
1266 1406 1533 1463 παραβόλους
1552 1411 1621 1451 καὶ

143 1477 248 1534 πρὸς
281 1475 420 1533 μάχην
450 1476 638 1532 ἑτοίμους
669 1478 850 1533 ἔχοντες,
898 1479 964 1520 καὶ
998 1475 1169 1530 ἑτοίμως
1201 1475 1452 1533 ὁρμήσοντες
1485 1477 1535 1534 ἥν
1557 1495 1619 1529 τις

142 1544 345 1605 ἐποτρύνῃ
357 1579 370 1599 ,
408 1545 648 1602 παράβολόν
669 1565 708 1590 τι
723 1550 788 1590 καὶ
807 1546 1004 1603 ,Βακχικὸν
1023 1546 1181 1602 ἔχοντες
1203 1546 1275 1590 ἐπ’
1301 1544 1512 1603 ἀλλήλοις,
1550 1549 1619 1590 καὶ

231 1668 266 1703 6.
292 1664 539 1714 ἀποδομένων
562 1667 604 1704 P.

137 1781 198 1816 tali
232 1781 484 1827 magnificentia
520 1781 683 1827 nuptialis
714 1781 781 1816 ista
822 1781 997 1817 conventio
1026 1783 1278 1818 celebrabatur.
1329 1794 1448 1817 verum
1482 1783 1612 1818 Chalai}

137 1833 269 1863 mortuo
292 1834 473 1874 antequam
498 1829 541 1862 ad
566 1840 642 1862 eum
668 1828 831 1872 Princeps
856 1841 930 1863 cum
957 1841 1080 1874 sponsa
1105 1830 1363 1875 pervenissent,
1396 1830 1511 1875 puella
1532 1842 1610 1865 sero

136 1874 219 1909 licet
241 1874 424 1909 adveniens
447 1886 485 1909 re
507 1874 637 1909 infecta
654 1887 719 1909 non
743 1875 861 1909 rediit:
886 1876 1000 1921 nupsit
1015 1876 1103 1910 enim
1126 1877 1196 1910 filio
1218 1882 1254 1911 et
1273 1877 1464 1911 successori
1479 1877 1608 1912 Chalaii

135 1920 171 1954 in
195 1921 409 1967 principatu,
444 1926 566 1956 vocato
597 1922 728 1967 Apaga.
776 1922 952 1956 Sultanem
976 1934 1077 1967 porro
1102 1924 1303 1967 Aethiopum
1327 1923 1415 1958 aliae
1439 1924 1609 1959 utilitates

135 1966 339 2012 impulerunt
362 1968 405 2002 ad
438 1969 558 2002 foedus
583 1979 659 2002 cum
678 1970 886 2014 imperatore
919 1969 1120 2005 faciendum.
1169 1975 1245 2004 erat
1268 1969 1298 2003 is
1330 1982 1458 2014 genere
1482 1971 1608 2004 Coma-

135 2024 198 2047 nus
214 2039 224 2054 ‚
249 2013 408 2048 venditus
431 2014 510 2048 olim
534 2014 570 2048 in
593 2015 817 2057 servitutem,
842 2027 910 2061 qua
932 2016 967 2050 in
991 2028 1132 2061 regnum
1163 2020 1293 2050 mutata
1317 2017 1498 2061 satagebat
1522 2028 1606 2062 pru-

135 2059 230 2094 denti
253 2059 482 2106 laudabilique
505 2060 646 2096 consilio
670 2068 710 2095 ut
734 2067 939 2097 commeatus
965 2068 1056 2096 esset
1080 2062 1189 2101 facilis
1225 2065 1443 2109 popularibus
1467 2063 1536 2097 suis
1560 2064 1605 2098 ad

135 2117 195 2139 eos
214 2107 336 2152 quibus
360 2107 567 2152 imperabat,
586 2107 738 2153 indigere
762 2108 856 2153 ipsos
879 2109 1030 2143 sentiens
1062 2110 1121 2144 tali
1146 2109 1283 2144 auxilio.
1330 2113 1408 2144 sunt
1431 2110 1604 2146 enimvero

134 2163 200 2186 non
224 2153 332 2198 magis
355 2153 422 2188 situ
448 2165 547 2199 quam
572 2154 682 2189 indole
705 2155 920 2200 naturalique
944 2156 1109 2202 qualitate
1131 2157 1220 2190 inter
1245 2168 1283 2190 se
1307 2157 1471 2190 adversae
1496 2160 1603 2201 atque

133 2210 153 2231 e
189 2197 352 2234 diametro
385 2200 567 2245 oppositae
604 2206 745 2235 arctoae
776 2203 1021 2248 austrinaequ'e
1047 2203 1217 2244 nationes,
1253 2202 1437 2236 commissis
1460 2202 1603 2237 invicem

132 2244 334 2289 penitusque
359 2245 600 2282 dissidentibus
624 2259 692 2293 qua
717 2259 898 2293 corporum
925 2262 992 2294 qua
1016 2250 1119 2284 etiam
1143 2251 1326 2284 animorum
1351 2249 1601 2293 affectionibus,

131 2301 193 2335 pro
218 2290 414 2326 differentia
438 2292 596 2328 videlicet
616 2296 871 2339 temperamenti
895 2308 936 2330 ac
958 2296 1062 2337 coeli,
1100 2308 1187 2342 quae
1211 2296 1301 2330 inter
1325 2300 1504 2342 utrumque
1528 2301 1600 2331 tra-

130 2339 221 2370 ctum
252 2336 455 2378 intercedit;
485 2339 580 2374 cuius
613 2341 714 2374 etiam
752 2342 899 2387 vestigia
934 2348 1119 2377 cernuntur
1147 2343 1181 2376 in
1217 2341 1328 2379 brutis
1362 2342 1598 2386 animantibus,

129 2393 281 2428 quarum—
295 2385 358 2418 sub
383 2384 682 2429 Septentrionibus
704 2392 807 2422 natae
829 2391 988 2435 altaeque
1011 2401 1032 2423 a
1050 2389 1183 2434 generis
1207 2389 1356 2424 eiusdem
1375 2389 1498 2435 genitis
1513 2390 1599 2423 edu-

129 2428 284 2474 catisque
313 2430 349 2464 in
382 2431 576 2476 regionibus
607 2434 803 2468 meridianis
834 2435 922 2470 haud
955 2435 1094 2470 modicis
1126 2435 1386 2471 diversitatibus
1418 2435 1596 2480 differunt,

128 2474 221 2508 color
243 2475 412 2529 siquidem
434 2478 535 2512 etiam
566 2479 641 2524 ipse
671 2492 850 2525 corporum
882 2482 1078 2527 discrepat,
1111 2482 1144 2516 in
1169 2482 1360 2517 borealibus
1381 2483 1454 2517 fere
1479 2483 1597 2516 candi-

127 2520 212 2563 dus,
250 2533 286 2555 ln
309 2523 522 2559 Australibus
556 2530 643 2560 ater.
689 2527 749 2561 sed
773 2528 960 2562 animorum
993 2528 1028 2562 in
1063 2529 1252 2564 hominibus
1276 2529 1410 2564 maioris
1434 2530 1594 2564 momenti

126 2566 309 2602 discrimen
341 2574 419 2612 est,
451 2571 650 2606 stolidorum
682 2578 718 2607 et
751 2573 809 2608 vix
832 2575 964 2609 ratione
997 2575 1165 2610 utentium
1189 2576 1223 2610 in
1248 2575 1593 2621 septentrionalibus,

126 2613 216 2657 apud
240 2625 325 2667 quos
348 2616 478 2651 frustra
501 2618 658 2664 requiras
690 2619 822 2664 logicas
852 2620 1058 2666 physicasve
1093 2622 1307 2668 disciplinas,
1331 2622 1508 2656 scientiam
1532 2627 1592 2658 aut

123 2659 360 2714 prudentiam,
393 2674 467 2698 cum
501 2676 543 2699 ne
572 2665 661 2699 ratio
695 2666 829 2711 quidem
881 2667 1004 2705 arandi
1034 2669 1219 2705 necessarii
1250 2668 1361 2703 victus
1384 2674 1444 2703 aut
1467 2681 1591 2704 conve-

123 2709 250 2759 mentm
279 2708 411 2752 cultus,
442 2722 508 2745 nou
540 2716 662 2754 artes,
698 2723 766 2747 uon
797 2713 854 2759 opi
881 2714 954 2758 cia,
987 2726 1054 2749 non
1077 2720 1215 2750 caetera
1248 2715 1370 2760 quibus
1394 2715 1545 2750 homines
1568 2727 1590 2751 a

122 2749 243 2803 bell-uis
270 2751 455 2798 differunt,
488 2756 524 2791 in
555 2758 596 2792 iis
626 2759 852 2804 reperiantur.
899 2760 1004 2795 vividi
1037 2774 1056 2796 e
1089 2761 1260 2796 contrario
1286 2773 1453 2807 acresque
1471 2787 1482 2804 ,
1506 2774 1589 2808 pro-

119 2801 201 2849 ξεσῑι
225 2797 267 2851 ad
291 2802 517 2848 contemptum
542 2804 770 2850 periculorum
793 2806 973 2852 cupidique
994 2807 1202 2853 praeliorum
1220 2808 1384 2843 Boreales
1401 2813 1492 2851 sunt,
1516 2813 1588 2845 tum

119 2842 328 2888 irritabiles,
359 2850 395 2882 et
417 2849 447 2883 si
468 2850 544 2896 quis
566 2851 774 2896 lacessierit,
806 2853 957 2889 fanatico
991 2859 1132 2890 ruentes
1153 2854 1283 2900 impetu
1305 2854 1342 2889 in
1365 2855 1488 2891 caedes
1512 2867 1587 2891 mu-
