1846 3262
212 206 313 253 220
631 199 870 247 GEORGII
901 199 1256 245 PACHYMERIS

212 316 375 364 σάντων
395 320 480 360 τῶν
508 319 672 358 πολλῶν
702 315 858 358 ἐκεῖθεν
875 320 963 365 τοῖς
979 317 1216 368 βασιλεῦσι,
1245 313 1430 359 κάκείνου
1458 313 1684 368 λείποντος,

159 399 190 433 c
213 388 265 431 τὰ
287 387 377 442 περὶ
396 384 473 439 τὴν
493 381 722 439 Στρόβιλον
741 383 843 440 λέγω
863 385 931 427 καὶ
951 384 1027 439 τὴν
1048 385 1391 440 Σταδιοτραχίαν,
1421 381 1477 434 ὥς
1497 381 1684 427 ἀδύνατα

209 455 309 498 ὄντα
340 455 722 508 ἐπανακεκλῆσθαι,
769 453 864 496 οὐδ’
898 453 1086 508 ἐπεχείρει
1119 451 1228 495 κατὰ
1261 459 1404 509 πεῖραν
1439 459 1682 508 κατασχεῖν·

209 522 308 568 ὅσον
327 522 371 565 δ’
395 517 444 577 ἦν
464 522 512 565 τὸ
539 522 645 566 κατὰ
664 522 916 579 Μαίανδρον
943 524 1011 564 καὶ
1036 519 1237 578 Τράλλεις
1258 522 1327 564 καὶ
1345 518 1591 578 Κάϋστρον,
1628 520 1683 564 τὰ

207 596 283 648 τῆς
309 590 449 641 Ἀσίας
481 588 709 645 βαθύτατα
720 595 734 644 ,“
771 588 968 648 ἓκράτυνέ
993 607 1036 634 τε
1068 594 1342 646 προπολεμῶν
1372 591 1440 632 καὶ
1470 594 1545 645 τῆς
1577 589 1717 638 nattis

209 664 322 718 σφᾶς
340 659 568 718 ἀσφαλείας
587 659 766 715 μετέχειν
785 660 939 704 ε’δίδου.
983 659 1081 710 τούς
1101 659 1148 702 δέ
1162 676 1205 716 γε
1227 659 1531 714 Μαγεδωνίτας
1562 655 1686 716 (ἐκά-

210 747 285 773 κου
317 728 397 787 γὰρ
426 728 580 779 αὐτοὺς
610 728 659 772 τὸ
691 732 854 772 πολλῶν
885 729 1007 772 ἔνθεν
1036 731 1092 778 εἷς
1115 728 1191 779 τὰς
1219 727 1326 771 κατὰ
1355 725 1473 771 δυ’σιν
1498 728 1687 778 δουλείας

210 797 497 855 μεταγομένων
532 802 815 855 καταθαρρεῖν
842 802 926 842 τῶν
963 796 1230 853 λελειμμένων
1256 796 1355 847 τοὺς
1384 794 1582 853 Πέρσας)
1617 796 1687 839 καὶ

163 871 196 907 D
219 868 310 910 λίαν
331 867 504 910 συνίστα
523 868 591 910 καὶ
610 866 857 925 ἠσφαλίζετο
871 881 882 892 ·
917 862 970 922 ’ἦν
985 867 1063 924 γὰρ
1085 866 1314 910 τὸ·ἒκείνων
1330 869 1497 922 πλῆθος
1514 865 1688 909 πίσυνον

210 934 347 987 τόξοις
366 937 434 979 καὶ
453 937 543 993 περὶ
562 935 611 979 τὸ
633 936 870 991 ἀντιμαχεΐν
890 934 1159 988 δεξιώτατον,
1197 936 1269 979 καί
1285 952 1328 992 γε
1347 934 1422 985 τὰς
1446 935 1743 991 προθυμίαςω

211 1003 390 1061 ἔρρώννυ
416 1005 598 1064 χρυσίῳ,
635 1007 702 1047 καὶ
729 1009 841 1062 σφᾶς
863 1007 1051 1062 ἐδωρεῖτο
1076 1005 1339 1062 φιλοτιμίαις.
1409 1003 1451 1046 οἳ
1477 1003 1617 1058 μέντοι
1641 1019 1687 1058 γε

211 1074 376 1131 Πέρσαι
396 1073 445 1116 τὸ
468 1071 594 1129 τάχος
611 1078 686 1128 τῆς
705 1075 944 1124 ἐπιστασίας
962 1072 1173 1129 μαθόντες
1189 1069 1493 1131 κατωρρώδουν
1512 1089 1580 1124 τε,
1616 1072 1688 1113 καὶ

211 1138 340 1193 αὖθις
358 1146 699 1193 παλινοστοῦντες
717 1149 808 1192 ταῖς
828 1143 1076 1199 δυσχωρίαις
1093 1140 1302 1185 ἐνεδύοντο
1309 1175 1324 1195 ,
1361 1138 1608 1197 ἀπογνόντες
1640 1139 1686 1182 δὲ

210 1215 287 1255 τοῦ
308 1216 482 1268 θαρρεῖν
501 1211 648 1254 αὐτίκα
667 1210 1001 1268 διεπρεσβεύοντο
1019 1209 1196 1254 ἀπέλυόν
1215 1228 1259 1254 τε
1279 1210 1378 1261 τοὺς
1398 1206 1687 1264 αἲχμαλιότους

212 1282 280 1323 καὶ
307 1277 475 1336 ἠγάπων
504 1277 738 1333 σωζόμενοι.
807 1278 828 1323 ὃ
861 1281 907 1323 δὲ
942 1280 990 1323 τὸ
1020 1281 1096 1335 μὲν
1126 1278 1300 1335 ἡσυχίαν
1328 1276 1740 1337 σχήσεινὲκείνουςῑῠ

159 1362 193 1399 Ε
218 1351 408 1399 εἶσαῦθις
433 1349 501 1392 καὶ
528 1347 645 1404 μάλα
668 1352 844 1406 θαρρῶν
864 1349 1095 1404 ἐπίστευεν,
1130 1348 1206 1392 οὐκ
1229 1349 1272 1400 ἐξ
1292 1341 1350 1393 ὧν
1371 1349 1513 1391 ἐκεῖνοι
1530 1348 1685 1403 διωμο-

207 1528 246 1562 in
278 1527 464 1561 Persarum
487 1525 648 1561 ditionem
680 1525 779 1562 simui
805 1528 867 1561 aut
888 1524 925 1560 vi
946 1525 1089 1569 tractis,
1123 1528 1184 1562 aut
1205 1538 1249 1561 ne
1271 1525 1491 1561 traherentur
1511 1523 1603 1559 ultro
1627 1536 1687 1559 ce-

210 1573 383 1608 dentibus.
429 1573 519 1607 unde
543 1577 579 1607 et
610 1573 677 1607 alia
707 1573 780 1606 illa-
799 1577 933 1607 tractus
956 1572 1030 1607 eius
1052 1573 1119 1607 iam
1142 1573 1404 1618 imperatoribus
1427 1582 1552 1617 parere
1574 1570 1688 1605 desie-

207 1624 306 1654 rant:
338 1630 381 1653 ea
412 1619 490 1653 dico
522 1630 612 1664 quae
644 1618 796 1653 Strobilo
821 1623 857 1653 et
878 1619 1153 1653 Stadiotracbiae
1175 1620 1333 1654 adiacent
1355 1619 1451 1662 loca,
1486 1617 1540 1652 ita
1560 1616 1686 1651 validis

207 1665 340 1700 insessa
372 1664 554 1710 praesidiis
583 1664 752 1707 hostium,
782 1668 822 1699 ut
844 1676 960 1709 eorum
982 1665 1275 1710 recuperationem
1304 1665 1520 1711 desperatam
1542 1674 1587 1697 ne
1609 1666 1687 1697 ten-

168 1724 172 1727 ·
209 1711 350 1746 tandam
386 1711 522 1756 quidem
557 1717 617 1744 aut
646 1716 731 1744 tunc
753 1710 967 1755 cogitandam
988 1711 1134 1746 Ioannes
1156 1711 1340 1757 putaverit.
1386 1713 1548 1756 quantum
1571 1713 1687 1743 autem

207 1759 288 1792 erat
321 1756 413 1790 circa
436 1756 658 1791 Maeandrum
681 1757 817 1791 Tralles
840 1769 882 1791 ac
906 1757 1088 1799 Caystrum
1112 1761 1149 1792 et
1171 1757 1273 1792 Asiae
1296 1757 1435 1799 intima,
1469 1753 1687 1791 confirmavit

209 1813 450 1849 propugnans,
484 1807 590 1847 atque
623 1807 664 1836 ut
695 1814 816 1836 secure
843 1803 993 1848 propriis
1025 1804 1205 1848 indigenae
1227 1805 1444 1845 fruerentur,
1479 1800 1685 1846 proferendo

210 1848 302 1883 'ultra
326 1848 415 1882 bello
439 1848 568 1882 effecit.
615 1849 842 1892 Magedonum
870 1861 1007 1894 quoque
1029 1857 1165 1894 gentem
1187 1850 1340 1883 Romano
1364 1848 1510 1882 asseruit
1531 1846 1686 1892 imperio,

210 1894 248 1928 in
281 1898 433 1928 extremo
466 1898 549 1928 tunc
578 1894 723 1939 positam
755 1894 949 1929 discrimine
979 1895 1160 1930 deficiendi
1191 1895 1236 1929 ad
1259 1895 1384 1928 Persas
1414 1897 1474 1928 aut
1496 1892 1583 1937 ipsis
1605 1903 1688 1927 suc-

210 1940 404 1975 cumbendi.
451 1940 656 1974 laborabant
689 1940 776 1974 enim
806 1940 941 1975 illorum
971 1952 1048 1982 res,
1083 1941 1256 1986 plerisque
1288 1940 1421 1974 illorum
1454 1938 1608 1973 evocatis
1640 1938 1685 1972 ab

207 1986 418 2030 imperatore
441 1990 478 2020 et
499 1986 680 2020 militatum
702 1986 814 2020 missis
836 1991 954 2021 contra
976 1987 1093 2021 hostes
1116 1986 1260 2021 Occidui
1283 1986 1419 2028 limitis,
1442 1985 1559 2030 ibique
1582 1995 1687 2030 prae-

210 2032 297 2067 sidio
321 2031 471 2074 relictis,
502 2032 629 2066 idcirco
653 2034 744 2077 quod
766 2032 839 2067 eius
862 2033 1019 2077 generis,
1044 2038 1164 2078 utpote
1187 2033 1335 2066 arcubus
1357 2031 1560 2077 peritissime
1584 2035 1687 2064 uteu-

213 2078 283 2120 tis,
315 2089 423 2122 opera.
444 2078 479 2112 in
500 2078 756 2112 velitationibus
779 2083 815 2112 et
838 2079 978 2123 praeliis
1008 2079 1220 2114 laudaretur.
1262 2078 1342 2112 inde
1365 2089 1467 2123 porro
1494 2078 1622 2111 factum
1645 2077 1686 2110 ut

210 2123 313 2159 vicini
343 2124 495 2165 Persae,
532 2123 592 2169 qui
623 2124 750 2170 alioqui
781 2136 993 2160 numerosam
1025 2126 1195 2160 nationem
1229 2123 1416 2169 sagittandi
1438 2121 1687 2157 exercitatione

211 2169 457 2204 formidabilem
481 2181 548 2204 non
571 2175 700 2205 temere
723 2171 946 2214 lacesserent,
978 2182 1066 2206 nunc
1089 2169 1163 2206 eam
1187 2170 1375 2205 delectibus
1397 2169 1597 2204 exhaustam
1619 2167 1686 2204 im-

210 2227 331 2295 parem
365 2216 408 2250 ob
440 2216 650 2262 paucitatem
683 2217 868 2252 iuventutis
890 2219 960 2252 suis
982 2217 1162 2252 insultibus
1184 2217 1250 2251 rati
1274 2217 1438 2251 audacter
1468 2214 1685 2258 invaderent,

237 2261 304 2295 aud
334 2261 436 2296 dubie
468 2263 662 2305 subacturi,
696 2263 983 2308 despondentibus
1010 2265 1076 2298 iam
1109 2263 1237 2298 animos
1265 2262 1398 2307 exiguis
1427 2261 1496 2296 illis
1519 2259 1685 2306 reliquiis,

211 2306 247 2341 ni
271 2318 293 2341 a
315 2307 444 2342 Ioanne
466 2309 612 2353 despota
635 2309 937 2351 confirmarentur,
971 2322 1055 2344 auro
1078 2310 1172 2355 ipsos
1195 2314 1232 2344 et
1255 2308 1423 2344 munificis
1444 2306 1686 2351 largitionibus

212 2352 416 2394 definiente,
449 2354 566 2399 sicque
590 2355 633 2388 ad
657 2355 739 2389 fidei
762 2367 846 2399 erga
866 2356 1041 2402 imperium
1065 2352 1289 2390 constantiam
1313 2359 1350 2389 et
1370 2352 1553 2388 resistendi
1573 2351 1686 2387 bosti-

211 2399 278 2433 bus
313 2393 526 2434 alacritatem
558 2401 744 2436 excitante.
787 2403 916 2436 Persae
946 2414 1050 2448 porro
1072 2402 1276 2436 incurrentis
1298 2401 1336 2435 in
1357 2400 1450 2446 ipsos
1471 2402 1569 2433 tanta
1591 2397 1686 2431 cele-

212 2444 317 2479 ritate
350 2445 516 2490 despotae
548 2446 740 2491 improvisis
772 2450 980 2484 consternati
1010 2449 1160 2491 nuntiis,
1200 2453 1334 2482 terrore
1368 2458 1410 2481 ac
1445 2444 1684 2490 desperatione

213 2501 393 2525 successus
429 2491 544 2525 aversi
573 2498 683 2527 retro
700 2498 800 2537 sunt,
832 2506 938 2540 seque
960 2496 1074 2530 statim
1096 2495 1132 2529 in
1154 2505 1315 2539 suorum,
1347 2493 1439 2526 unde
1471 2490 1683 2536 prodierant,

210 2536 390 2571 inaccessa
420 2536 560 2571 latibula
592 2539 755 2573 montium
791 2541 1063 2576 recondiderunt.
1109 2553 1151 2575 ac
1183 2540 1281 2575 velut
1314 2550 1358 2573 ne
1389 2537 1456 2572 illic
1484 2535 1620 2582 quidem
1643 2545 1684 2570 se

211 2585 307 2618 tutos
341 2582 428 2622 rati.
465 2583 587 2628 legatis
612 2585 721 2619 missis
755 2587 967 2633 captivisque
996 2587 1139 2622 redditis
1167 2598 1286 2633 pacem
1319 2585 1498 2626 fecerunt,
1527 2581 1564 2616 in
1585 2581 1682 2615 lucro

212 2632 380 2674 ponentes
402 2629 493 2675 qnod
516 2629 602 2663 salvi
625 2636 856 2677 superessent.
901 2634 1045 2668 loannes
1067 2639 1180 2668 autem
1197 2633 1370 2679 quieturos
1392 2629 1484 2673 ipsos
1505 2627 1541 2661 in
1565 2632 1684 2672 poste-

213 2686 291 2709 rum
322 2679 417 2710 certo
449 2675 662 2719 confidebat,
696 2689 763 2711 non
793 2679 950 2724 quoniam
973 2680 1149 2726 promissis
1181 2680 1329 2725 ipsorum
1353 2675 1491 2710 multum
1514 2672 1596 2708 fidei
1618 2671 1685 2706 tri-

213 2721 349 2766 bueret,
373 2721 434 2756 sed
457 2721 538 2767 quia
562 2722 627 2756 sibi
650 2723 804 2758 conscius
829 2729 865 2759 et
886 2725 1009 2760 virium
1033 2731 1069 2761 et
1091 2726 1194 2760 animi
1216 2726 1260 2759 ad
1283 2733 1355 2764 eos,
1377 2722 1406 2756 si
1428 2718 1512 2766 quid
1534 2717 1682 2764 ampliu·

213 2772 407 2810 moverent,
434 2767 486 2802 ita
507 2768 595 2802 male
615 2769 806 2804 multandos
828 2773 867 2804 ut
887 2772 1149 2815 praeteritarum
1170 2770 1366 2805 iniuriarum
1392 2765 1578 2801 cumulatas
1600 2774 1683 2818 per-

213 2813 361 2847 soluturi
390 2825 517 2860 poenas
550 2814 686 2857 forent,
720 2814 787 2849 isto
822 2820 916 2851 metu
945 2819 1164 2853 continendos
1193 2817 1268 2851 illos
1301 2815 1338 2849 in
1366 2812 1482 2849 officio
1514 2812 1681 2857 speravit.

217 2869 337 2904 pacem
359 2865 473 2896 autem
495 2859 590 2896 dedit
608 2861 653 2896 iis
677 2861 891 2908 petentibus,
923 2875 1008 2910 quos
1030 2875 1070 2900 se
1091 2864 1180 2899 bello
1203 2863 1463 2909 superaturum,
1481 2857 1513 2894 si
1535 2867 1681 2901 conare-
