1884 3262
259 216 356 263 578
663 211 973 255 OBSERVAT.
1008 210 1318 255 PACHYMER.

259 324 366 379 apud
386 321 654 375 Acropolitam
671 322 713 360 in
730 320 895 374 imperio
914 320 1069 369 Ioannis
1090 320 1423 359 Ducae'Batatzae
1443 320 1516 359 sub
1538 333 1616 371 quo
1637 320 1716 359 flo-

258 382 358 423 ruit:
389 380 496 430 ἔτυχε
524 376 596 431 μὲν
626 376 702 448 πρὸ
722 380 866 430 καιροῦ
881 374 948 417 τὸν
965 373 1211 430 πατριάρχην
1233 374 1437 429 Γερμανόν
1456 375 1505 417 ‘coi
1524 379 1618 431 τῇδε
1639 393 1715 418 κα-

258 434 472 478 ταλιπόντα
498 433 600 488 πρός
628 450 699 483 τας
724 435 841 482 θείας
861 429 1014 487 οἷπᾶραι
1030 432 1181 485 σκηνάς
1194 462 1206 483 ,
1234 435 1364 481 καλῶς
1385 431 1453 473 καὶ
1473 432 1593 481 ὁσίως
1612 429 1715 486 βιῶ-

260 505 383 534 σαντα
400 491 467 532 καὶ
486 494 616 539 καλῶς
631 489 705 544 την
723 488 847 531 αὐτοῦ
863 487 1113 542 ποιμάναντα
1126 490 1312 541 ποίμνην.
1370 490 1424 527 sic
1441 488 1582 540 Acrop.
1602 503 1641 541 p.
1659 492 1714 532 39

259 549 357 588 Hist.
415 554 462 587 ut
490 548 598 586 hunc
625 548 757 600 potius
784 547 949 585 indicari
972 547 1036 584 hic
1054 553 1211 597 putem,
1241 545 1381 584 suadet
1397 559 1481 584 vox
1498 546 1715 598 μακαρίτης

260 606 416 644 civilem
436 605 555 656 magis
574 605 685 655 quasi
707 604 934 655 quemdam,
965 616 1015 640 ex
1035 616 1111 641 usu
1132 603 1393 651 Graecorum,
1422 615 1539 652 quam
1558 602 1715 653 religio-

261 676 366 711 sum,
396 662 521 712 qualis
542 661 684 699 sanctis
706 661 754 698 ab
776 660 933 698 ecclesia
955 659 1161 698 declaratis
1181 659 1365 708 debetur,
1394 658 1586 696 honorem
1609 658 1715 697 desi—

121 733 149 767 p
173 731 240 766 398
263 732 403 770 gnans,
439 724 643 769 praeterea
666 717 925 756 recentiorem
951 716 1151 767 quandam
1181 715 1459 754 defunctorum
1486 715 1715 755 memoriam

259 775 449 814 indicans.
507 787 589 812 non
616 774 720 812 enim
749 773 815 824 qui
845 779 936 810 ante
967 773 1091 811 multa
1121 773 1276 811 saecula
1304 777 1397 810 sunt
1422 771 1594 820 mortui,
1624 784 1715 809 cum

260 831 538 879 nominantur,
579 834 790 884 μακαρῖται
823 829 896 867 dici
928 830 1072 878 solent,
1102 829 1172 867 sed
1200 829 1242 870 οἱ
1267 825 1509 882 προσφάτως
1531 822 1716 880 τελευτή-

263 901 422 936 σαντες,
462 900 560 937 quos
589 886 658 937 qui
688 885 864 926 viderint
890 885 1022 924 adhuc
1048 885 1200 924 vivant.
1256 885 1312 923 sic
1337 884 1454 923 huius
1481 884 1573 922 libri
1599 885 1714 927 <223

257 945 409 983 Irenem
431 942 643 993 Augustam
662 943 818 982 Ioannis
836 943 966 980 Ducae
982 954 1161 991 uxorem,
1190 954 1288 992 quae
1308 940 1559 980 commodum
1578 940 1716 979 eodem

259 1014 349 1039 cum
368 1000 446 1037 hoc
465 1000 659 1038 Germano
679 999 837 1038 vixerat
854 1005 1029 1050 tempore
1049 1004 1089 1036 et
1110 1004 1202 1037 ante
1221 998 1353 1036 virum
1372 997 1607 1046 decesserat,
1636 1012 1715 1049 μα-

257 1057 441 1109 καρίτιδα
464 1062 594 1094 vocat.
651 1056 761 1094 nullo
787 1055 907 1105 igitur
937 1054 1056 1092 modo
1085 1055 1164 1105 agit
1182 1053 1260 1092 hoc
1279 1054 1366 1092 loco
1384 1053 1641 1105 Pachymeres
1664 1052 1714 1091 de

260 1118 397 1151 sancto
426 1113 621 1150 Germano
645 1111 869 1163 patriarcha
894 1111 961 1149 illo
983 1111 1266 1159 vetustissimo,
1295 1123 1412 1160 quem
1429 1110 1459 1148 si
1479 1112 1713 1158 nominaret,

258 1183 342 1208 non
363 1170 582 1221 μακαρίτην
601 1167 669 1213 sed
687 1163 884 1220 μακάριον
903 1167 1069 1215 diceret,
1096 1180 1236 1206 verum
1256 1166 1304 1204 de
1321 1166 1397 1204 isto
1417 1166 1541 1204 altero
1559 1166 1627 1216 qui
1645 1165 1714 1204 vi-

256 1226 352 1277 ginti
377 1225 529 1262 circiter
556 1223 666 1262 annis
686 1225 798 1276 prius
819 1223 1033 1262 decesserat
1058 1223 1286 1262 memoriam
1304 1223 1365 1261 sui
1382 1221 1618 1260 laudabilem
1641 1234 1711 1260 re-

253 1281 447 1332 linquens.

370 1332 716 1388 μαμοὲκουθος
734 1334 781 1388 *)
811 1349 850 1387 p.
868 1336 950 1376 369
971 1347 1010 1372 v.
1035 1337 1071 1376 1.
1127 1334 1332 1386 vituperat
1358 1334 1426 1373 hie
1453 1333 1713 1386 Pachymeres

255 1392 524 1445 patriarcham
552 1398 592 1429 et
623 1391 840 1439 antistites,
872 1390 940 1441 qui
962 1390 996 1428 ei
1019 1390 1206 1439 aderant,
1236 1391 1345 1442 quod
1367 1406 1448 1430 non
1465 1391 1608 1430 acriter
1635 1390 1711 1429 ob-

253 1449 430 1487 stiterint
447 1449 595 1500 prImae
616 1447 876 1499 propositioni
889 1447 1216 1486 reconciliationis
1234 1448 1415 1486 ecclesiae
1435 1449 1605 1486 Graecae
1619 1460 1711 1486 cum

252 1505 411 1554 Latina,
439 1504 495 1543 sic
522 1518 637 1542 suum
663 1504 836 1542 animum
861 1503 1071 1542 ostendens
1091 1503 1292 1542 schismati
1309 1505 1513 1543 addictum
1535 1510 1576 1543 et
1590 1517 1710 1543 aver-

252 1575 340 1600 sum
359 1575 381 1599 a
401 1573 514 1612 pace,
544 1566 760 1611 utcumque
778 1560 886 1598 aliud
903 1560 1112 1610 aliquando
1131 1561 1384 1599 simulaverit.
1419 1558 1711 1614 μαμακούθους

252 1624 384 1656 autem
415 1618 584 1655 Graecos
609 1617 696 1655 illos
725 1616 922 1668 praesules
948 1623 1091 1664 vocat,
1131 1617 1320 1655 stultitiae
1346 1617 1433 1655 illos
1467 1617 1709 1666 insimulans,

253 1679 301 1712 ut
335 1673 525 1722 ostendit,
565 1673 672 1723 quod
698 1686 794 1711 mox
819 1673 1000 1723 adiungit
1024 1673 1135 1724 quasi
1161 1673 1386 1711 declarandi
1413 1674 1560 1725 gratia,
1591 1669 1709 1714 ἄναι-

252 1727 415 1780 σθήτως
439 1733 519 1770 τῶν
546 1728 826 1781 πραττομένων
859 1729 1021 1780 ἔχοντες.
1076 1729 1120 1767 id
1149 1743 1270 1781 porro
1301 1729 1484 1768 vocabuli
1503 1735 1708 1768 mutuatus

250 1786 413 1823 videtur
444 1800 466 1823 a
493 1798 563 1823 suo
593 1785 807 1836 Hesychio,
840 1798 956 1835 quem
981 1785 1126 1823 librum
1154 1786 1227 1836 ipsi
1255 1786 1371 1824 fuisse
1399 1786 1629 1824 familiarem
1656 1798 1708 1823 ex

250 1841 336 1878 aliis
367 1841 461 1879 locis
489 1841 749 1892 intelligimus.
806 1842 846 1878 in
867 1841 1052 1891 Hesychii
1071 1855 1165 1880 vero
1186 1842 1311 1880 lexico
1332 1841 1450 1880 hodie
1469 1842 1610 1893 legitur
1628 1858 1706 1893 μα-

250 1893 438 1949 μάκυθος
463 1893 607 1948 μωρός.
664 1910 805 1935 verum
833 1909 901 1947 ego
927 1910 1006 1934 non
1033 1897 1173 1935 dubito
1195 1898 1290 1947 quin
1309 1899 1348 1935 in
1371 1911 1443 1936 suo
1463 1897 1616 1936 meliori
1632 1911 1707 1935 ex-

251 1953 415 2004 emplari
445 1952 700 2004 Pachymeres
728 1953 864 2003 legerit
888 1950 1171 2005 μαμάκουθοςι
1201 1954 1308 1991 unde
1334 1953 1400 1991 hic
1416 1954 1548 2005 posuit
1568 1950 1704 2006 μαμοῖ-

249 2014 410 2049 novem.
467 2008 510 2046 id
539 2009 674 2060 colligo
703 2021 753 2047 ex
779 2008 1006 2059 Eustathio,
1037 2009 1104 2058 qui
1133 2008 1210 2061 (ad
1239 2023 1278 2049 v.
1304 2011 1387 2052 562
1411 2015 1449 2048 et
1475 2011 1556 2052 563
1583 2010 1659 2048 Od.
1679 2025 1705 2050 κ

248 2060 455 2117 Ἐλπήνωρ
486 2062 528 2104 δέ
555 2081 613 2113 τις
642 2065 728 2105 ἔσκε
755 2061 970 2113 νεώτατος,
1004 2063 1095 2107 οὔτε
1125 2081 1161 2105 τι
1187 2066 1278 2117 λίην
1303 2063 1468 2118 ἄλκιμος
1483 2066 1526 2107 ἐν
1545 2065 1704 2119 πολέμῳ

254 2119 345 2160 οὔτε
375 2119 519 2173 φρεσὶν
541 2115 636 2175 ᾗσιν
668 2118 854 2174 ἀρηρώς)
897 2122 1041 2159 multos
1068 2135 1299 2160 enumerans
1327 2123 1515 2160 stultitiae
1542 2122 1704 2161 infamia

251 2177 439 2225 celebres,
468 2183 559 2228 post
577 2178 746 2216 sannam
764 2178 983 2215 Coroebum
1000 2178 1210 2229 Maigiten,
1230 2191 1398 2228 quorum
1413 2178 1612 2217 notissima
1629 2178 1703 2217 de—

251 2233 397 2270 mentia
418 2232 459 2270 in
476 2235 733 2284 proverbium
750 2240 790 2271 et
807 2247 977 2272 scomma
997 2234 1112 2272 simili
1128 2234 1224 2272 vitio
1248 2235 1513 2273 laborantium
1531 2235 1703 2274 transie-

250 2290 326 2336 rit,
356 2287 453 2326 haec
479 2289 673 2340 adiungit:
702 2289 845 2342 ὁμοίως
867 2289 911 2331 δὲ
930 2290 998 2331 καὶ
1014 2288 1079 2330 τὸν
1100 2287 1420 2343 Μαμμάκουθον
1437 2291 1504 2332 καὶ
1521 2287 1589 2332 τὸν
1608 2294 1702 2332 Με-

250 2345 404 2395 λιτίδην
423 2344 489 2385 καὶ
507 2343 578 2385 τόν
591 2343 854 2398 Ἀμφιετίδην
866 2376 875 2394 ,
906 2348 946 2387 οἳ
964 2344 1176 2399 διαβόηθοι
1200 2346 1262 2387 ἐπὶ
1282 2347 1412 2402 μωρίᾳ
1428 2342 1553 2399 φῖσανε
1581 2346 1702 2385 simi-

251 2400 345 2437 liter
371 2407 506 2437 autem
537 2409 573 2438 et
594 2403 940 2440 „Mammas-atham
969 2411 1005 2440 et
1031 2402 1269 2453 abundem,
1299 2417 1446 2441 necnon
1468 2403 1702 2455 Ampbieti-

252 2454 354 2503 dem,
385 2457 457 2506 qai
474 2457 636 2495 celebres
657 2461 821 2496 insania
827 2459 958 2510 suere.
1017 2460 1084 2497 ubi
1103 2459 1292 2509 significat
1309 2459 1384 2497 ista
1405 2459 1563 2510 propria
1582 2459 1700 2498 fuisse

250 2511 407 2549 nomina
426 2511 653 2551 insanorum
673 2516 955 2565 quorumdam,
985 2528 1083 2565 quae
1099 2515 1241 2553 deinde
1257 2515 1299 2552 in
1318 2515 1501 2554 similium
1517 2516 1609 2568 ipsis
1627 2528 1699 2566 ap-

250 2567 499 2619 pellationem
531 2570 720 2607 translata
751 2571 922 2621 fuerint,
946 2578 1066 2623 prout
1087 2571 1136 2610 de
1156 2573 1286 2610 sanna
1306 2571 1538 2610 nominatim
1561 2571 1699 2609 obser-

250 2628 434 2672 vaverat,
464 2622 519 2660 sic
555 2631 669 2662 antea
699 2627 891 2666 scribens:
919 2625 986 2668 τὸν
1013 2625 1148 2680 μωρόν
1179 2628 1343 2679 οἴδαμεν
1370 2623 1534 2668 Σάνναν
1563 2630 1698 2668 καλεῖ-

250 2684 350 2719 σθαι
370 2678 426 2727 οἷς
444 2674 524 2720 ἅπό
546 2695 652 2728 τινος
670 2683 811 2732 κυρίου
828 2680 1044 2735 ὀνόματος,
1071 2684 1240 2721 stultam
1259 2685 1408 2722 scimus
1425 2685 1605 2722 Sannum
1625 2697 1698 2721 νο-

251 2737 341 2772 cari
363 2743 559 2787 tanquam
578 2751 604 2775 a
623 2736 799 2789 quodam
810 2742 979 2792 proprio
1000 2742 1169 2784 nomine.
1226 2740 1337 2780 cuius
1355 2739 1413 2779 rei
1431 2744 1572 2779 testem
1600 2741 1697 2780 citat

337 2859 382 2905 *)
427 2860 474 2899 cf.
495 2860 649 2897 Glossar.
669 2858 822 2895 alterum.
