1884 3262
409 193 484 234 DE
519 191 796 235 MICHAELE
828 191 1202 236 PALAEOLOGO
1236 192 1283 234 L.
1324 193 1372 235 V.
1531 191 1628 236 379

168 323 270 349 σεων
292 305 560 348 ἇκαταιτίατα
590 304 642 347 τὰ
666 305 771 347 κατὰ
804 305 901 355 τοὺς
923 304 1104 354 Ἰταλοὺς
1125 308 1332 364 παριστᾷ,
1364 305 1431 346 καὶ
1459 304 1626 359 πέμψας

167 374 271 428 πρὸς
292 374 362 416 τὸν
395 371 650 428 πατριάρχην
682 373 753 416 τὸν
774 372 992 416 Ἀκαπνίου
1018 373 1247 428 Ἀρσένιον,
1293 372 1427 430 ἄνδρα
1453 374 1626 429 γεραρὸν

167 443 241 497 μὲν
259 444 326 484 καὶ
346 443 503 496 τίμιον,
539 443 590 484 τὰ
613 441 660 484 ὁέ
672 459 713 497 γε
740 442 834 484 κατ’
865 442 994 484 ἐκεῖνα
1023 442 1075 483 τὰ
1101 439 1322 497 πράγματα
1351 441 1416 483 ἐπ’
1444 441 1627 498 ἀμφοτέ-

170 527 260 566 ραις
286 509 518 564 χωλεῦοντα
551 517 642 559 ταῖς
669 508 845 566 ι’γνῦαις,
878 508 1079 559 δέξασθαι
1109 508 1251 564 μηνύει
1270 507 1386 552 τόνδε
1410 509 1481 552 τὸν
1499 507 1627 564 τόμον

135 580 234 623 5καὶ
257 579 390 622 κοινὸν
411 578 512 634 πρὸς
534 583 667 621 ταῦτα
699 578 771 620 τὸν
810 575 1013 633 ἀπόλογον
1039 575 1248 631 σχεδιάσαι
1263 610 1276 629 ,
1314 578 1417 631 πλὴν
1449 579 1491 628 ἐξ
1510 578 1620 621 ἱστο-
1645 588 1678 623 D

170 651 268 703 ριῶν
287 649 352 689 καὶ
374 651 584 703 γραφικῶν
597 645 797 702 χρήσεων.
857 645 934 688 “td
955 646 1033 702 γὰρ
1056 645 1136 687 ἀπὸ
1158 647 1311 694 κοιλίας
1330 652 1476 701 φωνεῖν
1496 645 1629 688 ἀσθε-

168 716 325 768 νέςμέν
347 715 480 764 ἄλλως
503 717 568 757 καὶ
599 713 799 768 μάταιον·
835 714 940 767 πλὴν
961 713 1003 756 δ’
1026 713 1118 756 ἀλλ’
1151 713 1246 756 οὐδ’
1270 713 1394 763 αὐτὸς
1419 714 1627 767 δέξομαι.”

168 784 315 833 ἐκεῖνος
337 785 411 838 μὲν
429 781 537 826 οὕτω
554 788 710 835 ταῦτα,
741 787 916 837 θαρρῶν
939 780 994 832 ὥς
1013 782 1086 825 οῧκ
1105 779 1356 824 ἀποδύσεταί
1375 799 1436 831 τις
1454 783 1557 836 πρὸς
1575 782 1626 824 τὰ

167 852 395 907 γραφέντα·
432 851 504 894 τὸν
523 851 600 907 γὰρ
616 849 913 907 χαρτοφύλακα
937 852 979 893 ἓν
1006 848 1256 907 ἀφυλάκτοις
1274 849 1372 904 εἶχεν
1382 883 1395 902 ,
1434 852 1475 892 ἐν
1497 845 1530 908 ᾧ
1548 868 1627 893 σα-

116 933 160 966 10
171 919 296 963 λεύειν
318 918 392 975 εἶχε
414 919 465 961 τὰ
486 918 644 973 πάντα,
671 918 842 974 νικήσειν
863 920 906 961 ἔκ
926 917 1055 974 λόγων
1081 918 1196 976 ᾤετο.
1266 918 1362 960 ἀλλ’
1383 917 1404 961 ὃ
1424 916 1626 975 πατριάρ-

165 1006 242 1043 χης
271 988 345 1030 σὺν
369 992 419 1045 τῇ
444 987 604 1046 συνόδῳ
627 990 716 1043 περὶ
744 992 818 1029 τοῦ
849 986 977 1041 τόμου
1011 985 1352 1041 διασκεψάμενοι,
1390 986 1624 1041 πέμψαντες
1646 1003 1678 1038 Ε

168 1061 342 1111 συνῆγον
369 1056 464 1105 τοὺς
494 1056 588 1110 μετ’
621 1055 748 1098 αὐτὸν
773 1053 874 1098 εἶναι
904 1057 1141 1104 δοκοῦντας.
1213 1051 1318 1109 ἦσαν
1348 1050 1419 1096 οἶν
1441 1057 1507 1096 καὶ
1531 1054 1627 1098 ὅσον

166 1123 214 1166 τὸ
234 1129 307 1178 τῆς
327 1125 540 1177 ἐκκλησίας
563 1124 756 1178 ἔκκριτον.
827 1119 935 1178 ἦσαν
964 1125 1009 1166 δὲ
1030 1125 1096 1165 καὶ
1128 1123 1167 1165 οἱ
1188 1125 1276 1178 περὶ
1298 1122 1369 1165 τὸν
1395 1122 1626 1178 Τερνικικό-

167 1196 320 1235 πουλον
342 1193 607 1245 Ἰωαννίκιον,
651 1190 873 1246 σχιζόμενοι
901 1192 975 1245 μέν
1007 1196 1080 1234 τοῦ
1101 1190 1355 1248 πατριάρχου
1377 1196 1622 1248 περιφανῶς,

113 1272 156 1306 15
170 1260 278 1314 ὅμως
298 1261 341 1303 δὲ
361 1265 434 1315 τῆς
452 1263 590 1315 χρείας
615 1258 819 1315 καλούσης
851 1260 903 1302 τὰ
925 1265 998 1314 τῆς
1017 1261 1293 1315 μικροψυχίας
1319 1260 1468 1314 ἐκείνης
1485 1258 1626 1316 χώραν
1648 1275 1676 1310 P
1699 1276 1765 1312 253

168 1328 242 1371 οὐκ
263 1327 381 1383 εἶχον.
452 1330 526 1372 σὺν
546 1327 705 1378 τούτοις
728 1329 772 1370 δὲ
790 1332 925 1385 παρῆν
945 1330 1011 1370 καὶ
1030 1326 1055 1383 ἧ
1078 1332 1151 1370 τοῦ
1170 1328 1370 1380 βασιλέως
1390 1327 1624 1385 αὗταιῖέλῳη

166 1397 345 1452 Εὖλογία
359 1430 372 1450 ,
411 1398 477 1438 καὶ
506 1402 587 1439 πᾶν
618 1396 715 1439 ὅσον
748 1392 799 1451 ἧν
825 1396 919 1450 μετ’
957 1396 1098 1446 αὐτοῖς
1117 1398 1157 1438 ἓν
1178 1403 1375 1450 μοναχοῖς
1392 1398 1458 1438 καὶ
1477 1398 1625 1452 λογίοις

168 1463 463 1519 ἐξεταζόμενον.
534 1463 595 1515 οἷς
615 1464 767 1514 σκοπὸς
799 1463 855 1514 εἷς
883 1460 935 1520 ἦν
960 1464 1063 1521 πρὸς
1085 1464 1156 1508 τὸν
1183 1462 1310 1519 τόμον
1332 1464 1624 1522 ἀπολογεῖσθαι

257 1596 289 1632 9.
316 1593 356 1631 ἐν
380 1592 629 1641 εὖφυλάκτοις
650 1593 769 1641 ἕχωνί)

166 1721 314 1755 nabatur
335 1722 457 1756 nullam
483 1721 594 1756 inesse
616 1721 747 1756 Latinis
770 1722 951 1756 haereseos
972 1722 1094 1756 labem.
1141 1721 1205 1756 hoc
1227 1721 1355 1756 deferri
1388 1734 1410 1757 a
1432 1734 1470 1758 se
1493 1724 1625 1759 curavit

167 1767 210 1800 ad
232 1767 463 1812 patriarcham
485 1779 584 1801 mauu
615 1768 750 1802 Arsenii
772 1768 836 1802 filii
856 1769 1021 1814 Acapnii,
1050 1767 1117 1802 viri
1146 1767 1264 1812 gravis
1296 1773 1332 1802 et
1360 1769 1534 1813 honorati,
1564 1770 1627 1805 sed

167 1812 258 1847 circa
288 1814 374 1848 istas
405 1813 654 1848 controversias
685 1814 720 1847 in
754 1818 953 1859 utramque,
983 1814 1073 1860 quod
1105 1813 1220 1855 aiunt,
1254 1813 1370 1848 tibiam
1394 1815 1624 1851 claudicantis.

164 1858 220 1892 hic
243 1859 456 1903 patriarchae
490 1859 643 1894 volumen
675 1860 821 1894 reddens
849 1860 980 1894 addidit
1012 1859 1173 1894 mandare
1203 1860 1440 1905 imperatorem
1469 1866 1511 1895 ut
1540 1861 1626 1896 illud

164 1903 280 1948 legat,
305 1910 342 1939 et
360 1905 389 1939 si
420 1905 500 1950 quid
530 1905 651 1939 deinde
682 1906 826 1940 haberet
847 1906 939 1951 quod
969 1906 1022 1950 his
1045 1910 1231 1951 opponeret
1266 1906 1309 1939 ad
1331 1918 1413 1941 suae
1436 1907 1626 1942 sententiae

165 1949 413 1993 defensionem,
445 1951 616 1985 contrario
645 1951 681 1984 id
712 1952 924 1996 apologetico
955 1953 1084 1997 scripto
1117 1951 1407 1997 complecteretur.
1453 1958 1624 1987 caeterum

163 1995 297 2029 videret
319 2003 357 2030 ut
378 1997 413 2030 in
436 2008 477 2030 eo
500 1997 584 2031 nihil
606 1997 771 2041 allegaret
793 1998 859 2032 nisi
881 2009 924 2032 ex
946 1997 1099 2043 probatis
1121 2003 1156 2032 et
1179 1998 1259 2031 fidei
1282 2009 1348 2032 non
1370 1998 1492 2032 dubiae
1514 1999 1623 2032 histo-

165 2041 225 2074 riis
246 2042 491 2087 sententiisque
519 2043 715 2077 idoneorum
746 2050 937 2078 auctorumz
971 2056 1046 2077 nam
1079 2044 1284 2078 auctoritate
1305 2044 1445 2088 propria
1467 2049 1503 2077 et
1525 2044 1624 2090 quasi

166 2085 388 2129 Pythonissae
410 2089 518 2122 instar
540 2101 582 2122 ex
609 2094 728 2122 ventre
756 2090 849 2134 loqui
877 2090 1046 2123 infirmum
1072 2090 1114 2123 ad
1146 2090 1245 2123 fidem
1265 2094 1301 2123 et
1324 2101 1443 2123 vanum
1467 2090 1564 2131 fore3
1587 2093 1624 2124 et

166 2131 294 2166 diserte
315 2133 382 2167 iam
406 2145 495 2168 nunc
518 2135 672 2179 profiteri
695 2136 880 2179 Augustum
903 2147 962 2178 se,
984 2136 1014 2169 si
1040 2134 1123 2181 quid
1146 2136 1215 2169 tale
1237 2135 1401 2168 offeratur
1417 2160 1427 2175 ‚
1450 2135 1540 2168 haud
1564 2147 1624 2169 ae-

167 2182 352 2221 cepturum.
406 2180 489 2213 haec
520 2182 570 2214 ita
607 2182 789 2215 mandabat
818 2182 1001 2226 imperator
1034 2192 1238 2226 magnopere
1270 2182 1378 2214 fretus
1409 2180 1559 2222 invicta,
1582 2184 1623 2215 ut

166 2223 328 2266 putabat,
350 2225 520 2259 soliditate
541 2226 682 2270 scripti;
705 2238 769 2260 nec
791 2230 913 2271 putans
935 2229 1007 2260 fore
1030 2239 1175 2271 unquam
1198 2230 1236 2260 ut
1255 2225 1380 2270 aliquid
1397 2226 1622 2271 plausibiliter

166 2267 277 2313 excipi
299 2274 420 2304 contra
448 2270 529 2304 illud
560 2275 694 2316 posset,
732 2272 874 2308 maxime
896 2284 972 2306 cum
993 2284 1132 2306 securus
1164 2272 1232 2305 iam
1255 2276 1346 2305 esset
1368 2283 1390 2306 a
1416 2272 1620 2317 chartophy-

165 2313 257 2357 lace,
292 2315 328 2349 in
351 2326 418 2360 quo
440 2316 557 2361 utique
582 2317 688 2362 partis
721 2318 910 2352 contrariae
941 2330 1019 2363 spes
1050 2318 1206 2351 universa
1238 2317 1419 2361 penderet,
1450 2324 1485 2351 et
1507 2329 1529 2352 a
1550 2329 1619 2362 quo

166 2359 329 2393 videlicet
352 2372 417 2394 uno
441 2360 516 2395 iure
547 2362 659 2396 timeri
681 2363 809 2408 aliquid
841 2363 875 2397 in
907 2364 971 2397 hoc
993 2375 1118 2407 genere
1142 2361 1292 2408 potuisse
1313 2363 1503 2397 videbatur.
1550 2363 1621 2398 ita-

166 2416 233 2445 que
256 2405 322 2440 sibi
346 2411 440 2440 certo
463 2414 679 2452 persuaserat
703 2420 741 2442 se
763 2409 949 2443 rationibus
973 2416 1008 2443 et
1031 2408 1284 2443 auctoritatibus
1305 2408 1363 2442 illo
1385 2409 1512 2453 scripto
1533 2409 1619 2444 alle-

165 2451 255 2494 gatis
278 2452 377 2496 plane
396 2463 530 2486 causam
549 2453 743 2488 evicturum.
790 2455 988 2500 patriarcha
1011 2466 1096 2488 vero
1119 2454 1258 2488 consilio
1281 2454 1397 2488 habito
1421 2466 1496 2488 cum
1518 2466 1622 2498 syno-

166 2496 210 2530 do
242 2497 286 2530 de
316 2509 356 2531 eo
387 2497 479 2542 quod
511 2498 602 2532 circa
631 2499 667 2532 id
697 2499 861 2544 scriptum
895 2500 951 2544 agi
981 2505 1174 2546 oporteret,
1206 2500 1457 2544 congregandos
1486 2500 1621 2546 putavit

166 2553 225 2576 eos
257 2554 342 2587 quos
374 2554 510 2577 suarum
542 2555 616 2577 esse
646 2545 787 2590 partium
819 2546 991 2579 credebat.
1037 2551 1134 2580 erant
1164 2545 1200 2580 hi
1237 2545 1410 2580 lectissimi
1433 2548 1557 2592 quique
1580 2558 1622 2580 ac

165 2586 231 2621 flos
253 2588 421 2622 delibatus
438 2590 611 2624 ecclesiae.
658 2601 722 2624 nec
752 2591 862 2624 abfuit
893 2592 936 2625 ab
960 2603 1000 2626 eo
1022 2603 1159 2625 numero
1181 2591 1461 2636 Ternicicopulus
1483 2591 1621 2626 Ioanni-

168 2632 240 2666 cius
264 2645 337 2668 cum
361 2634 452 2677 suis,
476 2640 656 2680 utcumque
677 2636 723 2669 illi
746 2637 857 2681 palam
879 2648 918 2670 se
946 2648 967 2670 a
989 2637 1185 2681 patriarcha
1206 2643 1460 2682 separaverant.
1507 2642 1619 2671 tamen

167 2689 256 2712 nunc
280 2680 443 2714 communi
469 2681 617 2715 utilitate
639 2688 782 2715 vocante
804 2682 948 2717 minutas
977 2682 1052 2716 illas
1080 2683 1281 2717 offensiones
1309 2683 1514 2722 animorum,
1537 2694 1619 2716 cau-

168 2735 226 2758 sas
247 2725 320 2759 eins
341 2725 521 2760 simultatis
536 2752 547 2767 ,
585 2727 795 2771 seponendas
824 2727 990 2773 tantisper
1022 2731 1236 2773 putaverunt.
1282 2741 1355 2763 cum
1379 2729 1430 2762 his
1453 2727 1562 2762 adfuit
1584 2730 1621 2762 et

170 2780 266 2803 soror
287 2770 500 2816 imperatoris
522 2772 685 2816 Eubgia,
709 2773 874 2818 simulque
905 2773 1076 2820 quidquid*
1094 2774 1129 2808 in
1151 2775 1321 2808 monachis
1343 2782 1380 2809 et
1400 2774 1540 2808 aliorum
1563 2785 1620 2807 or-

170 2814 283 2850 dinum
313 2816 423 2852 doctis
450 2818 664 2864 laudatisque
694 2819 883 2854 hominibus
912 2820 1067 2855 eximium
1099 2825 1137 2855 et
1158 2825 1335 2866 spectatae
1357 2819 1523 2855 claritatis
1544 2818 1621 2854 fuit.
