1884 3262
456 227 531 269 DE
564 223 839 268 MICHAELE
874 221 1248 266 PALAEOLOGO
1285 224 1330 266 L.
1366 224 1422 266 V.
1570 221 1668 268 369

207 339 304 383 οὔδ’
330 336 654 394 ἓγιίοσιμᾶχουν,
690 333 968 392 μαμᾶκουθοί
982 353 1087 394 τινες
1109 334 1222 386 ὄντες
1253 334 1297 395 (ἢ
1326 336 1371 379 τί
1394 333 1445 378 ι’ὶν
1475 335 1670 392 εἷ’ποιμι;)

205 405 470 462 ἀναισθήτως
488 412 570 450 τῶν
591 406 880 461 πραττομένων
911 405 1082 460 ἔχοντες.
1155 404 1232 448 ἔδει
1261 404 1339 461 γὰρ
1367 403 1549 460 ἀρχῆθεν
1581 405 1672 448 ἐπέ-

199 494 286 532 χειν
307 478 373 518 καὶ
405 476 602 519 ἀντισπᾶν
625 474 684 530 μὴ
716 474 1090 528 καταδεχομένους,
1124 472 1201 516 κᾶν
1230 472 1252 516 ὅ
1276 470 1319 516 ’τι
1347 473 1522 529 γένοιτο,
1561 473 1670 529 εἴπερ

204 549 287 587 τῶν
314 544 652 600 ἀπηγορευμένων
683 541 866 596 ἐνόμιζον
897 542 944 585 τὸ
977 540 1232 595 τελούμενον.
1306 541 1405 584 ἀλλ’
1439 542 1579 584 ἐκεῖνοι
1597 541 1672 596 τὴν

172 614 420 668 5ἒκκλησιάν
444 613 544 667 ἔχειν
572 613 614 654 ἒν
645 611 826 668 ἀσφαλεῖ
840 608 1015 665 οἰόμενοι
1029 643 1042 662 ,
1081 607 1137 660 ὥς
1158 611 1418 666 προείρηται,
1457 611 1565 653 καθ’
1591 609 1613 653 ὅ
1634 628 1674 653 τι

206 683 273 724 καὶ
290 680 436 737 πράξοι
455 681 653 735 νομισθὲν
673 679 908 736 συμφέρον,
945 677 1164 734 ἡσύχαζον,
1202 680 1269 721 καὶ
1291 678 1537 732 κινουμένων
1557 679 1669 735 παρὰ
1696 687 1726 722 C

205 750 406 805 βασιλέως
437 754 521 792 τῶν
551 746 746 791 τοιούτων
780 749 862 806 (ἐπὶ
889 748 995 791 πολὺ
1019 746 1097 804 γὰρ
1131 748 1312 804 ἐτρίβετο
1341 746 1389 790 τὸ
1418 745 1672 804 κινούμενον)

206 819 459 874 κατημέλουν
476 819 543 860 καὶ
565 815 620 867 ὥς
640 817 758 860 οὐδὲν
781 814 976 870 ἐνόμιζον.

351 887 424 932 11.
499 885 627 935 Τέλος
655 890 728 928 τοῦ
755 885 860 927 κατὰ
889 886 1046 940 Συρίαν
1069 884 1323 940 Γρηγορεόυ,
1360 883 1511 939 ἀνδρὸς
1530 886 1671 939 διαβε-
1696 882 1724 916 Ρ
1747 883 1810 918 251

153 965 197 999 10
206 955 412 1011 βοημένου
431 957 488 1004 εἷς
511 953 657 1012 ἀρετὴν
675 955 742 996 καὶ
763 956 944 1009 ζηλωτοῦ
966 959 1038 1007 τῆς
1061 953 1235 1007 ἀρχαίας
1257 957 1340 995 τῶν
1363 953 1584 1008 ἐκκλησιῶν
1619 956 1676 997 εἴ·

209 1022 335 1080 ρήνης
365 1025 432 1065 καὶ
467 1021 681 1077 ὅμονοιάς,
720 1024 775 1070 εἷς
799 1021 847 1065 τὸ
868 1022 1043 1065 παηικόν
1074 1021 1408 1077 προσκληθέντος
1429 1021 1589 1075 ἀξίωμα
1610 1025 1676 1065 καὶ

207 1091 289 1147 ἤδη
323 1091 396 1146 τὴν
424 1091 486 1134 ἐπὶ
509 1088 668 1146 Ῥώμης
697 1091 740 1133 ἔκ
771 1092 926 1147 Συρίας
950 1089 1172 1142 ἀνύοντος,
1221 1091 1376 1146 γίνεταί
1408 1090 1447 1132 οἶ
1477 1088 1675 1145 ἐνθύμιον

210 1159 407 1219 (ἤκουστο
435 1159 512 1217 γὰρ
543 1160 676 1218 ἐκείνῳ
711 1158 789 1202 κᾶκ
829 1163 912 1202 τῶν
944 1164 1017 1202 τοῦ
1060 1158 1263 1213 βασιλέως
1292 1156 1546 1214 μηνυμάτων
1574 1160 1678 1217 πρὸς

209 1227 351 1271 πάπαν
370 1227 425 1279 ὥς
442 1229 516 1283 τὴν
539 1225 701 1284 εἰρήνην
721 1231 804 1271 τῶν
825 1229 1046 1283 ἐκκλησιῶν
1065 1227 1240 1284 αἱροῒτο)
1270 1228 1431 1282 πέμψαι
1459 1228 1562 1286 πρὸς
1594 1234 1678 1281 βα-

156 1303 198 1340 15
213 1298 348 1351 σιλὲα,
386 1298 452 1339 καὶ
472 1301 641 1354 φιλικῶς
666 1297 740 1351 μέν
772 1296 825 1339 τὰ
853 1301 998 1352 πρῶτα
1016 1299 1162 1339 ἐκεῖνον
1181 1294 1479 1347 ἀσπάσασθαι,
1519 1296 1606 1351 ἅμα
1632 1299 1676 1342 δὲ
1700 1306 1726 1340 Β

210 1368 277 1410 καὶ
298 1369 480 1422 δηλῶσαι
498 1366 574 1421 τὴν
592 1370 753 1420 κλῆσιν,
792 1367 858 1407 καὶ
876 1364 930 1414 ὥς
950 1370 1024 1420 τῆς
1045 1362 1205 1421 εἰρήνης
1225 1363 1406 1415 ἐκτόπως
1428 1370 1510 1408 τῶν
1531 1367 1675 1422 ἔκκλη-

210 1439 310 1479 σιῶν
330 1435 536 1492 ὀρέγοιτο,
576 1433 651 1477 κᾶν
683 1431 876 1489 βούλοιτο
904 1438 1027 1477 τοῦτο
1058 1436 1126 1477 καὶ
1157 1431 1178 1476 ὁ
1206 1431 1426 1488 βασιλεῦς,
1466 1434 1539 1477 οὐκ
1565 1433 1615 1478 ἂν
1635 1437 1677 1478 ἓν

306 1590 360 1625 13.
383 1586 478 1633 κάκ]
502 1587 565 1624 καὶ
587 1589 628 1623 Ρ.

213 1715 296 1771 quid
319 1716 396 1760 plus
419 1714 635 1759 exigeretur,
664 1713 753 1748 baud
782 1724 821 1748 se
843 1714 1036 1759 praefracte
1071 1716 1318 1759 repugnaturos
1341 1725 1424 1760 prae
1446 1725 1485 1749 se
1506 1715 1677 1759 ferebant,

214 1762 352 1796 nimium
375 1761 543 1814 simplices
566 1760 703 1805 quidam
726 1771 768 1795 ac
783 1761 877 1795 stulti
901 1760 1000 1805 (quid
1024 1760 1112 1795 enim
1129 1760 1238 1794 dicam
1258 1760 1365 1794 lenius
1360 1761 1407 1814 2)
1431 1760 1490 1806 qui
1509 1773 1575 1796 non
1598 1774 1677 1797 seu-

215 1809 321 1841 tirent
344 1806 426 1852 quid
449 1810 628 1851 ageretur,
658 1810 694 1840 et
717 1817 815 1851 quem
850 1806 885 1840 in
909 1806 1033 1841 exitum
1057 1807 1100 1840 ab
1129 1806 1182 1840 his
1214 1805 1389 1852 principiis
1411 1818 1537 1851 pronus
1559 1808 1676 1863 lapsus

214 1857 327 1894 esset,
351 1864 434 1897 prae
457 1852 577 1886 mentis
600 1852 803 1886 hebetudine
833 1864 898 1886 non
931 1852 1181 1898 prospexerint.
1228 1857 1427 1897 oportuerat
1450 1853 1538 1887 enim
1561 1866 1583 1888 a
1605 1854 1676 1900 pri-

0 1921 6 1936 ,
214 1899 277 1934 mis
310 1899 375 1932 iam
401 1903 472 1932 tum
502 1897 611 1932 initiis
643 1898 819 1932 obstitisse
849 1898 976 1932 acriter
1009 1910 1050 1933 ac
1082 1898 1173 1933 clare
1196 1899 1418 1941 reclamasse,
1442 1899 1676 1934 denunciando

0 1938 9 1988 ζ
215 1945 411 1989 neutiquam
435 1956 473 1978 se
496 1950 697 1989 accepturos
718 1949 778 1978 aut
797 1947 904 1978 ratam
929 1956 1073 1989 unquam
1097 1944 1271 1978 babituros
1295 1944 1545 1980 conventionem
1561 1946 1674 1989 ullam,

0 1989 5 2026 ἱ
214 2003 283 2037 qua
317 1991 440 2024 dudum
471 1990 569 2044 apud
595 1990 687 2034 ipsos
718 1989 850 2024 sancita
882 1990 926 2024 de
958 1990 1196 2035 praerogativa
1230 2001 1312 2024 suae
1343 1991 1432 2024 sedis
1466 1991 1576 2037 deque
1599 1992 1675 2026 aliis

0 2029 10 2081 ’ἢ
215 2037 428 2090 dogmatibus
453 2047 493 2070 ac
515 2035 647 2076 ritibus,
671 2036 713 2070 ab
738 2047 799 2070 usu
822 2047 989 2081 sensuque
1011 2037 1210 2070 Latinorum
1234 2036 1504 2080 abhorrentibus,
1529 2038 1676 2071 rescindi

214 2084 270 2117 vel
292 2082 454 2116 infirmari
469 2082 710 2136 quoquomodo
735 2082 946 2116 viderentur.
991 2082 1040 2115 illi
1063 2088 1176 2116 autem
1198 2081 1232 2115 in
1259 2086 1333 2116 tuto
1356 2094 1543 2116 mansuram
1569 2083 1676 2117 salvis

217 2130 287 2163 suis
311 2127 496 2173 privilegiis
520 2139 561 2162 ac
583 2127 712 2161 iuribus
735 2129 929 2170 ecclesiam,
963 2128 1126 2182 quidquid
1149 2129 1332 2172 imperator
1355 2127 1430 2161 istis
1451 2128 1676 2162 molitionibus

218 2173 375 2208 utilitatis
397 2174 522 2208 intuitu
547 2173 733 2218 praesentis
759 2174 930 2214 efficeret,
953 2174 1131 2216 arbitrati,
1154 2177 1193 2207 ut
1214 2173 1340 2207 dictum
1364 2178 1439 2226 est,
1460 2173 1676 2228 quieverunt,

217 2219 304 2253 vel
294 2230 368 2264 1pso
401 2219 457 2252 illo
490 2219 635 2264 quodam
667 2219 772 2253 tacito
803 2220 928 2253 silentii
962 2220 1124 2265 suffragio
1157 2219 1377 2272 comprobare
1407 2218 1471 2252 visi
1502 2230 1590 2264 quae
1612 2220 1675 2254 im-

219 2271 356 2310 perator
380 2275 514 2298 movere
537 2265 579 2298 de
601 2265 724 2299 talibus
746 2265 951 2311 inceptabat.
998 2277 1061 2300 nec
1084 2276 1243 2310 processu
1266 2263 1341 2308 ipso
1363 2264 1494 2309 negotii
1516 2276 1579 2310 per
1601 2265 1675 2300 len-

218 2317 273 2344 tas
299 2309 404 2343 tracti
426 2321 536 2344 moras
560 2311 696 2344 excitati
720 2316 819 2353 sunt,
850 2311 972 2346 stolide
994 2311 1106 2345 securi
1127 2321 1188 2355 per
1212 2309 1397 2355 opinionem
1433 2310 1577 2355 falsam,
1606 2323 1674 2358 qua

219 2360 342 2401 coepta
365 2355 526 2389 eiusmodi
548 2367 718 2400 nunquam
742 2357 785 2390 ad
807 2357 906 2391 finem
931 2356 1148 2410 provehenda
1170 2366 1366 2410 persuasum
1389 2356 1570 2391 habebant.

313 2402 365 2435 11.
412 2401 499 2435 Dum
524 2401 609 2434 haec
631 2401 822 2445 agitantur,
846 2403 1015 2447 Gregorio
1038 2402 1098 2447 qui
1121 2407 1196 2435 erat
1219 2401 1252 2435 in
1275 2401 1395 2446 Syria,
1427 2401 1500 2436 viro
1523 2402 1593 2437 late
1615 2413 1673 2436 ce-

217 2447 350 2482 lebrato
373 2447 462 2480 fama
485 2446 625 2480 virtutis
643 2452 679 2481 et
700 2447 874 2491 insigniter
903 2448 1053 2482 studioso
1084 2447 1240 2492 antiquae
1262 2447 1478 2482 ecclesiarum
1500 2449 1595 2493 pacis
1618 2454 1673 2483 at-

218 2505 286 2538 que
309 2492 526 2534 concordiae,
549 2492 682 2527 taudem
709 2492 745 2527 in
767 2494 920 2538 papalem
944 2493 1140 2538 dignitatem
1164 2498 1286 2527 vocato
1310 2498 1347 2527 et
1367 2505 1388 2527 e
1410 2494 1513 2538 Syria
1533 2494 1672 2528 Romam

217 2539 286 2573 iam
308 2539 351 2572 ad
375 2539 438 2572 hoc
461 2537 712 2591 proficiscenti,
741 2539 835 2573 venit
855 2539 890 2573 in
912 2543 1054 2573 mentem
1078 2539 1212 2573 mittere
1235 2539 1279 2573 ad
1299 2538 1536 2584 imperatorem
1560 2545 1672 2574 certos

218 2584 369 2618 homines
398 2596 471 2618 cum
503 2583 635 2626 literis,
666 2583 724 2628 qui
756 2595 830 2618 eum
862 2585 1003 2630 primum
1038 2597 1058 2619 a
1081 2597 1118 2619 se
1140 2585 1452 2620 benevolentissime
1473 2586 1672 2627 salutarent,

218 2630 471 2675 indicarentque
493 2630 545 2665 sui
568 2630 777 2664 vocationem
801 2630 842 2664 ad
866 2635 1049 2675 papatum,
1078 2630 1222 2676 denique
1251 2631 1464 2666 declararent
1484 2631 1611 2675 ingenti
1634 2643 1671 2665 se

219 2676 340 2710 ardere
373 2675 539 2710 desiderio
571 2675 804 2730 procurandae
834 2676 928 2722 pacis
960 2676 1180 2711 ecclesiarum
1203 2681 1239 2711 et
1262 2677 1380 2711 firmae
1400 2677 1488 2711 inter
1511 2688 1570 2711 eas
1592 2688 1673 2710 con-

221 2721 390 2756 ciliandae
413 2721 621 2756 concordiae.
667 2721 825 2766 quocirca
848 2722 1095 2766 significarent,
1127 2722 1157 2757 si
1181 2723 1256 2768 pari
1278 2722 1389 2758 studio
1412 2728 1587 2757 teneretur
1607 2723 1673 2756 im-

219 2771 358 2812 perator
393 2767 563 2811 (audierat
594 2767 679 2801 enim
712 2767 902 2812 Gregorius
937 2767 1019 2814 quid
1052 2769 1096 2803 ab
1118 2768 1194 2814 ipso
1217 2769 1344 2804 moveri
1366 2773 1518 2814 coeptum
1543 2768 1586 2802 de
1607 2768 1672 2802 hoc

219 2824 345 2856 genere
377 2813 521 2855 fuisset,
551 2813 700 2858 quidque
733 2813 799 2847 iam
835 2825 939 2859 super
972 2825 1014 2848 ea
1035 2825 1074 2848 re
1096 2814 1267 2849 decessori
1289 2826 1349 2849 suo
1373 2825 1482 2858 papae
1505 2813 1670 2847 Clementi

220 2859 435 2892 nuntiandum
457 2871 478 2893 a
497 2870 536 2893 se
558 2859 747 2903 curasset),
782 2870 949 2905 nunquam
984 2859 1016 2894 ei
1037 2860 1115 2896 fore
1137 2860 1338 2895 commodius
1360 2863 1491 2905 tempus
1517 2859 1590 2894 eius
1611 2871 1671 2894 ne-

278 2911 467 2956 Gregorius
497 2911 718 2956 Pachymeres
749 2911 777 2944 Ι.
1341 2908 1395 2949 24
