1846 3262
234 221 320 251 v111
807 204 854 249 P.
889 202 1106 248 POSSINI

232 314 472 367 homimum,
502 312 789 356 conciliationis
819 314 1076 355 ecclesiarum
1104 311 1282 355 Graecae
1310 326 1402 355 cum
1427 312 1592 367 Latina,
1631 314 1691 357 sic

231 396 257 423 a
284 382 421 438 primis
453 382 670 434 originibus
706 381 880 433 evolvit,
916 382 974 422 sic
1011 396 1035 422 a
1070 380 1402 423 deliberationum
1437 382 1589 424 arcanis
1616 396 1691 425 ve-

229 450 362 505 risque
399 449 638 501 rationibus,
677 463 751 505 per
786 450 985 490 anfractus
1025 447 1122 489 inde
1157 451 1386 490 fucosarum
1425 450 1569 491 artium
1595 450 1690 491 hinc

226 516 322 557 fidei
348 517 552 568 sincerae,
590 516 643 558 ad
685 531 781 558 suos
822 517 951 559 exitus
979 516 1186 574 perducit,
1227 524 1273 556 ut
1299 529 1477 557 asserere
1503 531 1588 557 non
1615 515 1692 557 du-

225 585 351 626 bitem
378 583 422 625 id
449 592 727 638 argumentum
753 585 894 638 ingens
922 599 947 626 a
973 586 1085 627 nullo
1113 586 1205 640 plus
1228 581 1383 626 Graeco
1411 583 1601 640 scriptore
1627 585 1691 625 lu-

229 653 285 694 cis
314 653 504 709 accipere.

337 753 411 796 III.
467 754 562 798 Non
598 768 667 796 me
704 753 807 807 fugit
844 751 1038 796 intercedi
1074 751 1265 796 adversus
1304 753 1405 794 haec
1443 751 1623 808 speciosa
1651 759 1692 793 et

228 822 429 880 plausibili
458 822 693 878 exceptione
720 836 843 878 posse
879 836 904 862 a
941 821 1084 862 merito
1124 821 1376 877 querentibus
1411 817 1691 873 Pachymeriass

227 905 324 932 nam
362 892 467 931 hanc
506 890 715 931 historiam
753 904 838 931 non
875 903 963 929 raro
1013 886 1259 929 Graecorum
1300 888 1505 930 schismati
1541 889 1692 937 favere,

228 958 465 999 Latinorum
498 971 562 998 res
607 965 647 998 et
680 958 766 999 iura
795 956 972 998 deterere
999 955 1221 1008 narrando,
1259 955 1428 997 auctoris
1451 969 1622 1011 pronum
1648 955 1692 995 in

228 1033 386 1083 partem
411 1024 638 1081 sequiorem
660 1025 795 1066 multis
815 1023 949 1065 modis
977 1022 1154 1065 studium
1182 1022 1408 1065 ostendere.
1465 1036 1550 1063 non
1570 1035 1692 1074 nego,

228 1109 314 1136 non
342 1107 513 1146 excus03
544 1100 584 1133 et
614 1091 670 1133 ita
696 1094 860 1142 factum,
889 1099 929 1132 et
956 1092 1066 1144 large
1094 1092 1135 1131 in
1155 1092 1235 1132 hoc
1264 1097 1474 1148 peccatum
1502 1103 1526 1129 a
1553 1096 1691 1130 nostro

230 1163 436 1204 confiteor.
476 1169 611 1202 tamen
650 1159 850 1201 contendo
879 1159 1018 1200 utilem
1044 1159 1204 1215 publico
1235 1166 1274 1200 et
1300 1158 1377 1214 ipsi
1404 1155 1621 1213 quinetiam
1648 1156 1692 1197 in

227 1231 294 1272 his
321 1232 454 1271 laesae
486 1227 644 1272 veritati
680 1237 799 1284 atque
827 1226 1078 1269 orthodoxae
1115 1226 1210 1268 fidei
1238 1226 1458 1283 optabilem
1485 1225 1573 1265 talis
1601 1224 1692 1265 libri

229 1297 527 1350 evulgationem
555 1311 658 1338 esse.
713 1310 845 1352 neque
882 1294 935 1335 ad
968 1296 1047 1335 hoc
1077 1294 1346 1336 evincendum
1375 1300 1463 1334 utar
1489 1291 1692 1349 praeiudi-

228 1367 299 1407 ciis
340 1365 552 1416 ecclesiae,
590 1364 775 1405 historias
815 1361 981 1404 Eusebii
1013 1361 1305 1418 Caesariensis,
1341 1361 1475 1402 Ariani
1502 1374 1526 1400 a
1553 1361 1690 1413 multis

225 1433 374 1486 habiti3
404 1432 578 1473 Socratis
607 1439 647 1472 et
675 1430 910 1480 sozomeni,
938 1431 1075 1486 palam
1102 1429 1442 1482 Novatianorum3
1472 1427 1691 1484 Nicephori

225 1500 378 1544 Callisti
420 1514 445 1540 e
483 1502 597 1540 faece
627 1499 720 1539 licet
754 1497 956 1538 interdum
992 1496 1210 1538 haurientis
1247 1497 1484 1547 haeresum,
1524 1502 1566 1536 et
1592 1496 1690 1536 alias

223 1576 501 1626 suspectorum
527 1566 672 1623 pariter
694 1566 954 1621 scriptorum,
982 1565 1063 1617 legi
1090 1564 1254 1604 sinentis
1286 1570 1326 1604 et
1352 1563 1572 1619 probantis.
1606 1563 1690 1616 aio,

223 1639 293 1682 vel
325 1637 361 1678 si
399 1648 542 1676 omnes
579 1647 682 1690 quos
719 1631 930 1675 nominavi
967 1631 1340 1682 exterminarentur,
1388 1630 1578 1686 peculiari
1611 1644 1692 1672 no-

223 1706 335 1748 mine
382 1703 572 1744 interesse
617 1700 871 1757 Apostolicae
907 1697 1015 1740 sedis
1055 1706 1095 1739 et
1136 1697 1348 1739 Romanae
1393 1697 1690 1740 communionis

222 1775 463 1822 universae,
500 1768 641 1811 subiici
683 1768 808 1809 oculis
843 1774 885 1808 et
918 1767 994 1808 teri
1031 1765 1216 1807 manibus
1247 1771 1477 1805 cunctorum
1504 1766 1584 1806 hoc
1610 1764 1690 1806 Pa-

226 1841 425 1897 chymeris
453 1851 568 1893 opus,
596 1834 787 1891 quoniam
813 1835 858 1875 in
886 1848 936 1875 eo
957 1834 1104 1875 sanitas
1129 1831 1333 1874 doctrinae
1363 1832 1414 1873 de
1432 1833 1688 1889 processione

226 1910 396 1967 Spiritus
436 1904 572 1948 Sancti
609 1917 660 1943 ex
696 1910 807 1959 patre
842 1902 1025 1957 filioque,
1069 1899 1121 1941 de
1157 1899 1331 1955 primatu
1364 1899 1497 1956 Papae
1525 1908 1565 1941 et
1601 1901 1688 1942 iure

226 1974 522 2035 provocationis
551 1969 605 2027 ad
631 1970 861 2012 Romanam
886 1969 1028 2012 sedem
1056 1983 1108 2010 ex
1135 1981 1386 2023 quocumque
1405 1967 1688 2025 patriarchatu5

228 2046 384 2087 sincera
428 2042 567 2082 caritas
619 2047 660 2079 et
695 2052 791 2082 vera
835 2037 1096 2079 sanctimonia
1133 2034 1315 2089 Gregorii
1351 2036 1399 2078 X
1439 2037 1687 2093 aliorumque

226 2112 507 2155 Romanorum
533 2122 606 2164 per
642 2120 692 2147 ea
727 2114 908 2162 tempora
935 2105 1188 2162 pontificum3
1229 2103 1392 2146 Ioannis
1420 2104 1546 2146 Vecci
1574 2104 1687 2146 Con-

225 2176 570 2234 stantinopolitani
613 2174 858 2230 patriarchae
878 2205 890 2226 ,
941 2180 1074 2230 partes
1119 2173 1354 2214 Latinorum
1394 2172 1699 2214 studiosissime

228 2247 428 2304 amplexi,
475 2243 792 2284 constantissime
825 2243 940 2294 tuiti,
985 2240 1154 2282 eruditio
1189 2241 1366 2282 maxima
1383 2271 1395 2291 ,
1438 2242 1687 2282 liberrimum

228 2316 417 2370 idemque
459 2311 842 2369 perspicacissimum
869 2309 1101 2363 ingenium,
1139 2309 1331 2351 veracitas
1359 2308 1576 2365 intrepida,
1602 2309 1686 2351 vita

227 2383 455 2439 inculpata,
486 2394 620 2421 mores
649 2379 799 2431 sancti,
829 2378 973 2420 divinis
1003 2378 1124 2418 etiam
1149 2376 1474 2419 illustrationibus
1515 2377 1685 2433 probati,

227 2454 361 2508 palam
402 2449 691 2504 magnificeque
727 2446 1021 2504 praedicantur,
1059 2445 1183 2502 idque
1210 2446 1260 2486 ab
1295 2447 1452 2487 oculato
1492 2452 1613 2495 teste,
1643 2451 1685 2484 et·

229 2518 339 2575 quod
368 2525 484 2573 caput
515 2525 600 2567 est,
647 2513 771 2557 domo
800 2514 1097 2557 adversantium
1127 2512 1348 2569 producto,
1378 2513 1545 2570 ipsoque
1572 2510 1685 2552 haud

230 2585 523 2627 dissimulanter
551 2585 785 2627 adversariis
813 2583 1021 2634 studente,
1050 2590 1094 2623 ut
1125 2580 1234 2638 quod
1263 2579 1357 2620 dicit
1382 2579 1499 2620 nobis
1527 2580 1685 2627 favens,

228 2669 462 2711 expressum
490 2653 690 2696 evidentia
717 2648 1055 2706 veritatis,.quod
1084 2648 1322 2704 contrarium
1347 2646 1557 2703 immiscet,
1583 2643 1685 2685 edu-

229 2723 395 2765 cationis
424 2722 523 2765 vitio
552 2722 757 2772 inolitum,
785 2720 1045 2760 subornatum
1069 2716 1309 2768 adulatione,
1337 2713 1558 2756 ambitiosis
1589 2725 1685 2768 spe-

228 2792 331 2843 bus,
362 2790 546 2831 obnoxiis
575 2804 599 2830 a
626 2789 668 2831 vi
697 2788 899 2842 tyrannica
925 2786 1134 2827 timoribus
1165 2792 1299 2827 contra
1328 2782 1450 2824 officii
1477 2779 1687 2822 conscien-

228 2857 327 2899 tiam
368 2866 595 2908 extortum.‚
629 2857 773 2898 merito
806 2854 952 2897 debeat
985 2853 1162 2907 intelligi.
1219 2852 1348 2894 ausim
1376 2849 1530 2892 dicere:
1557 2847 1594 2889 si
1620 2853 1689 2888 to-
