1846 3262
245 213 311 260 30
655 215 897 260 GEOROII
938 209 1289 261 PACHYMERIS

122 332 153 367 P
179 333 223 368 16
244 333 365 385 τιμῆς
393 326 449 378 ὥς
476 326 563 373 οἷόν
584 347 628 373 τε
659 329 859 388 ἀσφαλῶς
867 364 881 385 ,
926 331 984 387 μὴ
1017 333 1084 374 καὶ
1116 331 1179 374 ἐπὶ
1202 336 1364 374 πολλῶν
1391 331 1504 383 ἐντὸς
1522 330 1703 391 ἇτιμῷτο

245 403 319 453 τῆς
351 396 508 447 πόλεως
532 405 618 449 τοῖς
648 398 830 456 σιδήροις
858 398 1128 456 πεδούμενος,
1164 400 1308 450 νυκτὸς
1329 401 1487 452 ἔξεισιν.
1555 402 1637 443 ἐπεὶ
1657 400 1701 443 δ’

246 467 392 516 ἱκανῶς
418 471 492 520 τῆς
509 464 665 517 πόλεως
689 468 997 524 ἀπηλλαττὲτην
1009 502 1021 522 ,
1058 467 1079 512 ὅ
1098 470 1172 524 μὲν
1191 471 1368 526 γνωρίζει
1386 470 1438 521 τὰ
1468 467 1705 526 ὁρισθέντα,

246 536 313 578 καὶ
333 533 388 584 ὥς
412 535 538 587 αὐτὸς
557 538 599 580 ἓν
619 538 790 598 προνοίᾳ
811 539 887 581 τινὶ
906 543 979 593 τῆς
999 539 1149 581 ἐκείνου
1166 536 1287 593 χάριν
1305 542 1425 593 τιμῆς
1445 555 1708 595 καταπεφρο-

246 601 355 659 νήκει
375 608 457 646 τῶν
475 603 726 662 ὄρισθέντων
739 639 752 660 ,
793 606 867 650 οὐκ
899 608 939 656 ἒς
964 607 1084 650 πλέον
1120 608 1163 650 δὲ
1189 607 1241 649 τὰ
1273 611 1347 661 τῆς
1369 605 1523 662 τόλμης
1542 606 1608 664 (οὗ
1628 606 1739 663 γὰρὸ

247 671 447 729 ἀσφαλῶς
465 673 729 734 ἀμφοτέροις)
749 677 982 732 προβαίνειν
1003 673 1212 729 ἐβούλετο·
1249 674 1270 719 ὃ
1293 675 1340 718 δ’
1364 671 1488 725 αὖθις
1508 677 1574 717 καὶ
1588 673 1710 731 χάριν

247 739 349 798 ὖπέρ
392 740 542 785 τούτου
583 744 738 799 πολλὴν
781 745 920 795 ἐοικώς
955 744 1077 788 εἶὸότι
1099 777 1112 798 ,
1157 745 1319 798 ἕτοιμον
1350 751 1537 799 παρεῖχεν
1564 742 1711 787 ἑαυτὸν

249 811 383 870 ἐκείνῳ
407 815 481 855 τοῦ
500 811 547 854 τὸ
565 811 922 868 προσταττόμενον
944 815 1126 858 ἐκτελεῖν.
1182 815 1248 856 καὶ
1272 813 1322 868 δὴ
1342 811 1524 868 σιδήροις
1541 816 1713 867 περιβα-

236 874 378 932 ’λώνῇ
396 878 498 924 ὥστ’
527 882 675 924 ἐκεῖνον
698 883 764 937 καὶ
791 884 856 925 ἐπὶ
877 881 1038 939 θάτερα
1057 887 1139 925 τῶν
1160 886 1343 938 πλευρῶν
1360 887 1417 941 τῷ
1436 882 1548 940 ἵππῳ
1571 883 1713 923 ἐπικα-

202 954 232 989 Β
257 949 468 1002 θέζεσθαι,
506 948 615 992 οὕτω
639 951 715 993 σὺν
738 951 872 1009 ἐκείνῳ
893 951 966 1006 τὴν
990 950 1085 995 ὁδὸν
1107 951 1231 1007 ἤνυον
1249 953 1315 993 καὶ
1338 947 1577 1007 ἀμφότεροι.
1615 966 1712 992 συν-
1724 955 1769 990 10

257 1017 391 1072 ε’βαινε
410 1019 454 1060 δὲ
482 1018 553 1061 καί
568 1036 631 1069 τις
656 1016 748 1062 τότε
770 1020 843 1075 τὴν
865 1018 962 1064 ὃδὸν
986 1018 1217 1072 ἀνυόντων,
1253 1017 1307 1069 ὥς
1336 1019 1516 1074 λέγεται,
1556 1017 1716 1074 ἀγαθὸς

256 1085 367 1143 ὅρνις
398 1088 465 1130 καὶ
496 1086 582 1130 οἷον
612 1088 910 1145 προφοῖβασμα
940 1096 1025 1140 τοῖς
1050 1089 1194 1146 μικρὸν
1221 1082 1713 1143 γενησομένοιςίῧστερον.

256 1155 305 1199 τὸ
336 1155 381 1198 δ’
413 1151 487 1211 ἦν,
526 1153 742 1212 διήρχοντο
770 1158 870 1214 μέν,
910 1157 964 1208 ὡς
998 1157 1126 1210 εῗκός,
1166 1155 1186 1199 ὃ
1213 1157 1287 1210 μὲν
1312 1156 1415 1212 πρὸς
1434 1156 1480 1198 τὸ
1496 1155 1645 1210 με’λλον
1665 1153 1717 1197 ἆ-

257 1220 393 1276 λύων,
422 1222 443 1267 ὃ
465 1223 507 1266 δ’
534 1225 751 1283 ἀναφέρων
770 1226 824 1276 ῶς
849 1225 926 1283 εἶχε
947 1231 1020 1281 τῆς
1041 1224 1172 1280 λύπης
1188 1226 1334 1267 ἐκεῖνον
1364 1226 1429 1266 καὶ
1446 1221 1717 1279 μεταβάλλειν

257 1291 506 1348 πειρώμενος
526 1294 628 1350 πρὸς
648 1295 694 1338 τὸ
720 1293 1020 1353 εὐθυμότερον·
1058 1297 1142 1337 ἐπεὶ
1162 1294 1210 1336 δέ
1227 1311 1324 1336 ποτε
1351 1297 1424 1348 τῆς
1443 1296 1596 1347 πολλῆς
1614 1290 1716 1334 ἄνα·
1729 1297 1772 1334 15
1820 1324 1826 1328 s

258 1359 436 1412 πνεύσας
454 1363 599 1413 ἐκεῖνος
621 1363 750 1419 λύπης
771 1366 1018 1420 προσέταττε
1037 1362 1209 1418 ψάλλειν
1229 1364 1296 1405 καὶ
1318 1360 1339 1405 ὃ
1359 1362 1594 1419 παρασταίη
1613 1358 1719 1403 κατὰ

208 1443 240 1478 c
264 1435 360 1473 νοῦν
381 1432 515 1491 ἐκείνῳ
538 1435 804 1490 καλλιφωνεΐν
836 1429 903 1491 (ἦν
933 1431 1036 1491 γάρ,
1074 1431 1128 1482 ὥς
1159 1431 1306 1484 ἔοικεν,
1335 1431 1488 1486 εἴδησιν
1508 1431 1575 1472 καὶ
1604 1427 1721 1486 ‹img-

259 1518 342 1556 ρων
372 1499 474 1556 ἔχων
506 1501 610 1556 πρὸς
635 1501 811 1559 ταῦτα),
856 1501 912 1553 ὥς
940 1501 1014 1554 ἅν,
1061 1502 1210 1559 φησίν,
1253 1501 1441 1542 ἐντεῦθεν
1475 1500 1543 1541 καὶ
1574 1497 1720 1554 μικρὸν

259 1569 522 1624 ἀνεθείημεν,
557 1568 744 1625 ‘cummisi’
778 1568 888 1628 ἐπῄει
919 1571 1054 1629 ἐκείνῳ
1085 1569 1318 1625 παραυτίκα
1347 1570 1528 1623 ἐμμελῶς
1548 1564 1722 1622 ψάλλειν

262 1643 367 1684 ’(νῦν
391 1638 622 1698 προφητικὴ
643 1637 867 1702 πρόρρησις
888 1645 1159 1698 πληρωθῆναι
1179 1639 1371 1694 ἐπείγεται
1380 1637 1422 1690 ,”
1460 1636 1532 1679 οὐκ
1562 1634 1719 1691 ἀνειμέ-
1730 1642 1777 1677 ΞΟ

265 1886 422 1923 similiter
444 1885 612 1932 suspicari
634 1886 739 1923 liceat
761 1886 946 1922 ministrum
969 1886 1044 1920 irae
1067 1888 1136 1920 tam
1161 1885 1289 1920 atrocis
1321 1887 1389 1919 tam
1420 1884 1580 1918 humanos
1603 1892 1723 1917 sensus

266 1941 373 1979 atque
397 1933 566 1976 affectus,
591 1935 668 1968 dum
691 1945 827 1969 saevum
848 1933 1025 1979 imperium
1050 1932 1239 1975 exequitur,
1264 1931 1372 1966 animo
1395 1941 1535 1964 versare
1559 1930 1723 1975 potuisse.

267 1985 381 2015 tamen
402 1980 459 2013 ille
483 1980 717 2025 qualicumque
739 1992 780 2014 ex
804 1991 907 2014 causa
929 1979 979 2014 sic
1003 1978 1078 2012 eius
1103 1978 1282 2022 dignitatis
1306 1978 1470 2012 rationem
1493 1975 1633 2018 habuit,
1657 1985 1724 2008 non

268 2024 494 2073 permittendo
517 2027 618 2060 talem
641 2027 750 2060 virum
774 2027 865 2060 intra
887 2025 1059 2059 civitatem
1093 2024 1128 2058 in
1152 2024 1258 2058 oculis
1282 2024 1404 2058 civium
1427 2022 1551 2056 ferreis
1573 2021 1725 2055 vinctum

272 2072 495 2117 compedibus
518 2072 741 2116 ignominiose
766 2071 911 2113 traduci,
935 2076 975 2105 ut
998 2071 1097 2104 simul
1121 2071 1206 2105 satis
1231 2070 1428 2115 provideret
1451 2080 1494 2102 ne
1517 2079 1584 2112 qua
1609 2070 1727 2113 posset

270 2119 372 2154 elabi.
420 2129 524 2163 quare
546 2119 639 2152 illum
661 2130 782 2163 magno
806 2129 945 2154 suorum
965 2116 1113 2151 ambiens
1138 2117 1298 2151 comitatu
1321 2122 1421 2149 nocte
1445 2113 1577 2155 educit3
1601 2124 1643 2147 ac
1666 2112 1727 2147 ubi

271 2165 338 2199 iam
362 2165 460 2198 ambo
484 2164 694 2209 aliquantum
718 2168 816 2199 extra
837 2165 954 2198 urbem
979 2162 1244 2208 processissent,
1268 2162 1445 2203 mandata,
1471 2171 1559 2206 quae
1582 2170 1727 2204 accepe-

271 2211 320 2246 rit
351 2221 507 2256 quaeque
539 2211 676 2245 honoris
709 2211 781 2244 eius
813 2211 928 2255 gratia
959 2209 1131 2249 omiserit,
1161 2208 1309 2250 indicat,
1333 2207 1429 2242 simul
1454 2208 1637 2241 admonens
1659 2216 1728 2239 non

272 2258 400 2291 audere
422 2267 459 2290 se
486 2258 630 2303 amplius
658 2256 838 2302 indulgere
870 2267 929 2297 suo
952 2255 987 2289 in
1011 2266 1085 2290 eum
1110 2254 1267 2289 affectui:
1301 2254 1337 2288 id
1362 2253 1449 2288 enim
1471 2252 1609 2297 utrique
1635 2250 1728 2298 peri-

274 2303 422 2338 culosum
445 2303 533 2339 fore.
579 2303 622 2337 ad
656 2315 742 2348 quae
775 2302 835 2337 ille
856 2301 900 2336 iis
923 2300 1037 2336 verbis
1061 2301 1239 2346 respondit
1263 2312 1351 2345 quae
1375 2300 1512 2334 multum
1534 2309 1573 2332 se
1594 2297 1663 2342 ipsi
1687 2308 1728 2331 eo

274 2349 406 2384 nomine
429 2348 556 2383 debere
579 2349 834 2394 significarent,
866 2348 1068 2393 gratiasque
1095 2358 1200 2392 agens
1236 2347 1419 2391 plurimas,
1444 2349 1668 2390 paratumque
1690 2353 1729 2377 se

274 2395 434 2429 continuo
457 2396 612 2429 exhibuit
635 2395 679 2429 ad
702 2395 909 2429 subeundam
933 2405 1061 2428 omnem
1085 2393 1307 2427 acerbitatem
1331 2390 1541 2438 imperatorii
1564 2388 1728 2424 mandati.

274 2452 381 2485 quare
403 2452 479 2474 mox
502 2441 618 2475 volens
642 2442 774 2476 ferreas
796 2441 912 2475 induit
944 2439 1140 2485 compedes,
1173 2439 1366 2484 inseditque
1388 2449 1474 2483 equo
1504 2435 1730 2482 pendentibus

273 2486 309 2521 in
329 2487 417 2521 latus
441 2487 581 2521 alterum
607 2488 770 2522 ambobus
793 2487 947 2521 cruribus
977 2486 1072 2520 ferro
1105 2485 1283 2520 devinctis.
1330 2485 1366 2519 in
1389 2485 1476 2518 hunc
1497 2482 1629 2517 modum
1653 2492 1730 2516 cum

276 2538 401 2578 coepto
427 2536 572 2578 uterque
595 2533 719 2567 itinere
742 2537 944 2580 pergerent,
967 2531 1059 2566 aliud
1084 2543 1220 2576 quoque
1236 2531 1329 2576 'ipsis
1353 2529 1521 2571 euntibus,
1546 2532 1585 2562 ut
1607 2528 1731 2569 fertur,

277 2579 425 2613 oblatum
458 2583 512 2612 est
545 2579 721 2624 augurium
754 2590 954 2625 prosperum
979 2582 1014 2612 et
1037 2578 1132 2611 velut
1155 2589 1252 2612 omen
1276 2588 1391 2611 eorum
1415 2585 1502 2621 quae
1525 2574 1628 2619 paulo
1653 2579 1733 2619 post

278 2629 375 2659 erant
398 2630 575 2660 eventura.
619 2626 689 2661 tale
712 2630 823 2660 autem
844 2625 882 2659 id
910 2623 990 2658 fuit.
1035 2623 1109 2658 ibat
1132 2623 1358 2669 palaeologus
1382 2619 1589 2668 praesentis,
1612 2623 1651 2654 ut
1669 2629 1732 2665 par

277 2674 375 2713 erat,
406 2670 484 2705 mali
513 2681 646 2705 sensum
679 2671 805 2705 frontis
836 2669 1005 2705 moestitia
1040 2670 1257 2715 praestarem,
1301 2667 1470 2704 consolari
1505 2677 1600 2708 eum,
1630 2670 1735 2710 prout

279 2722 437 2761 poterat,
461 2720 500 2751 et
518 2728 666 2751 avocare
689 2729 710 2751 a
732 2716 876 2751 tristitia
900 2716 1068 2751 dolentem
1090 2716 1231 2750 animum
1258 2715 1301 2750 ad
1325 2713 1502 2761 quamdam
1526 2711 1735 2746 hilaritatem

280 2767 424 2797 conante
458 2763 635 2797 Chadeno.
683 2763 780 2797 cuius
813 2761 978 2797 officiosis
1011 2761 1082 2796 eius
1114 2762 1251 2806 generis
1280 2760 1470 2795 hortatibus
1493 2757 1592 2802 quasi
1615 2760 1653 2792 ut
1676 2767 1736 2791 ce-

280 2808 362 2843 dere
392 2820 429 2843 se
464 2809 688 2854 Palaeologus
721 2812 947 2849 monstraret,
981 2808 1168 2853 composito
1199 2807 1294 2842 vultu
1318 2807 1362 2840 ad
1386 2803 1561 2852 quamdam
1583 2802 1734 2850 speciem

279 2854 486 2900 respirantis
519 2856 562 2890 ab
593 2854 810 2900 aegritudine
840 2853 964 2896 animi,
1003 2853 1123 2899 “quin
1154 2853 1225 2889 tu’'
1257 2852 1368 2900 inquit
1395 2852 1490 2897 (nam
1523 2849 1612 2886 belle
1642 2849 1735 2884 illum
