1884 3262
231 188 329 234 422
652 182 887 228 GEORGII
918 182 1269 226 PACHYMERIS

233 305 389 356 τῆσθαι
411 295 573 346 τούτοις
590 296 704 352 παρὰ
721 293 935 349 βασιλέως.
1006 291 1061 343 ὥς
1079 297 1178 349 γοῦν
1197 293 1350 336 ἐκεῖθεν
1369 291 1534 336 πλέουσι
1553 292 1605 335 τὰ
1622 295 1696 347 τῆς

236 369 437 420 ἀνατολῆς
463 365 756 420 κατεφαίνοντο
787 362 863 419 ὅρη
895 363 961 404 καὶ
992 357 1043 416 ἦν
1068 362 1143 414 μὲν
1181 360 1323 409 αὐτοῖς
1346 362 1444 403 ποτὲ
1470 362 1512 411 ἐξ
1545 362 1696 415 οὑρίων

237 435 389 485 πλέειν,
425 432 523 475 ποτὲ
545 432 590 474 δὲ
612 433 678 474 καὶ
701 432 883 488 λεχρίους
907 429 1008 485 πρὸς
1030 429 1101 472 τὸν
1120 429 1372 483 ἐμπίπτοντα
1389 428 1559 482 ἄνεμον,
1586 428 1697 477 ὅπως

238 502 287 546 ἂν
308 503 422 558 σφίσι
444 500 558 557 ῥέποι
584 500 629 542 τό
658 504 816 553 πνεῦμα
827 531 840 551 ,
878 500 920 541 ἐν
942 498 1082 547 ἄλλοις
1101 498 1174 551 μὲν
1204 495 1403 551 αὔταρκες
1419 491 1468 550 ἦν
1495 496 1543 538 τὸ
1562 501 1699 538 τοιοῦ-

239 588 311 613 τον
345 571 412 612 καὶ
448 569 563 624 σφίσι
598 566 874 624 ἀποχρώντως
908 564 984 620 εἶχε
1024 566 1126 619 πρὸς
1153 563 1369 616 εὔπλοιαν,
1414 567 1466 620 τῇ
1497 562 1624 621 Φάρῳ
1653 564 1730 607 δέὄ

239 639 529 694 προσίσχουσιν
547 634 593 678 (ἓν
629 639 694 679 καὶ
723 634 850 690 μόνον
878 633 1135 687 ἐδοκιμάζετο
1163 637 1322 686 πνεῦμα
1350 635 1623 687 χρησιμεῦσον
1651 631 1699 674 τὸ

98 714 123 747 P
148 712 214 746 286
239 711 312 750 τοῦ
332 709 488 761 βορρᾶ,
527 705 630 759 πλὴν
658 704 730 746 οὐκ
761 704 966 757 ἀνειμένον
991 704 1057 744 καὶ
1089 701 1518 756 κατερραθυμημένως
1551 698 1625 742 ἔον
1645 697 1702 748 ὥς

239 776 305 818 καὶ
328 776 382 824 εἷς
396 774 596 828 -νηνεμίαν
619 770 956 829 ἀμφιβάλλεσθαι
977 770 1024 812 τὸ
1054 774 1126 812 τοῦ
1147 769 1267 825 ἀέρος
1297 767 1540 822 κατάστημα
1565 768 1608 809 ἐκ
1626 771 1701 809 τοῦ

239 843 292 885 τὰ
312 844 439 898 λαίφη
463 843 528 883 καὶ
548 838 676 894 μόνον
698 842 884 895 ψαίρειν,
923 838 1019 881 ἀλλ’
1045 837 1092 880 ὃν
1112 837 1194 893 ἄρα
1218 839 1283 878 καὶ
1314 839 1523 886 Τανα“ί·την
1549 832 1703 888 ὄνομά-

243 911 324 954 σειὲ
341 926 402 959 τις
427 914 507 952 τῶν
527 914 748 951 ναυτικῶν·
785 906 920 965 τούτῳ
948 907 1026 962 γὰρ
1051 908 1116 948 καὶ
1141 904 1254 964 μόνῳ
1278 902 1382 958 εἶχον
1403 904 1697 959 ἰσχυρίζεσθαι,
1712 909 1756 942 10

243 976 511 1034 ἀπηλπικότες
526 981 606 1019 τῶν
630 977 786 1028 ἄλλων,
818 976 926 1032 πρὸς
944 975 1014 1017 τὸν
1033 974 1114 1017 ἀπὸ
1146 978 1220 1016 τοῦ
1252 972 1452 1024 βασιλέως
1474 971 1595 1025 λόχον
1616 978 1707 1020 ταῖς

244 1048 424 1102 πορείαις
453 1046 588 1087 αὐτῶν
618 1043 870 1101 ε’φιζάνοντα.
942 1044 1014 1085 καί
1036 1041 1077 1098 γ’
1119 1041 1188 1097 ἐφ’
1224 1038 1390 1096 ἡμέραις
1424 1042 1706 1096 προσδοκῶσιν

246 1114 436 1169 ἀσμένοις
467 1115 605 1170 σφίσιν
633 1112 778 1167 ἐπέστη
808 1113 873 1153 καὶ
911 1111 1098 1166 λαμπρὸς
1130 1110 1257 1160 ἔπνει,
1307 1110 1372 1150 καὶ
1410 1109 1451 1158 ἐξ
1481 1107 1630 1162 οὐρίων
1656 1106 1705 1149 τὸ

245 1187 404 1236 πνεῦμα
425 1183 571 1223 ἵστατο
596 1186 646 1237 τῇ
669 1183 746 1235 νηΐ.
819 1174 852 1237 ᾧ
881 1179 931 1232 δὴ
954 1177 1238 1233 θαρρήσαντες
1260 1176 1333 1225 τιὶς
1350 1174 1503 1228 τόλμας
1522 1172 1707 1230 ἐθάρρυ-

198 1260 227 1294 Β
251 1268 321 1294 νον
341 1250 416 1299 τὰς
438 1251 568 1300 ἰδίας,
606 1251 672 1290 καὶ
695 1247 791 1296 τούς
821 1245 1049 1303 φώσοωνας
1079 1246 1224 1287 αὐτίκα
1251 1243 1567 1291 ὄιαπετάσαντες
1586 1241 1708 1291 ὅλους
1719 1245 1762 1280 15

245 1319 350 1362 κατὰ
370 1319 469 1375 ῥοῦν
497 1316 688 1372 ἐφέροντο
703 1349 716 1368 ,
745 1318 906 1357 πίσυνοι
926 1315 1000 1367 μὲν
1021 1316 1087 1355 καὶ
1111 1318 1161 1369 τῇ
1183 1317 1255 1354 τοῦ
1276 1309 1505 1364 πνεύματος
1524 1308 1708 1366 σφοδρό-

246 1404 359 1442 τητι,
397 1384 445 1428 οὗ
461 1384 543 1438 μὴν
563 1385 607 1427 δὲ
627 1384 732 1426 ἀλλὰ
756 1386 821 1426 καὶ
843 1383 894 1424 τὰ
918 1383 1071 1439 πλευρὰ
1098 1386 1172 1436 τῆς
1193 1382 1289 1435 νηὸς
1307 1378 1425 1432 βόαις
1449 1378 1567 1427 αὕαις
1591 1376 1710 1433 ἐξήρ-

247 1472 346 1497 τυον
374 1455 440 1496 καὶ
469 1451 610 1502 ὅπλοις
639 1456 993 1504 κατεκοσμοῦντο,
1059 1448 1114 1498 ὥς
1144 1446 1415 1504 ἀποχρώντως
1456 1444 1711 1501 ἀνθεξούσης

248 1524 322 1577 μὲν
341 1522 443 1578 πρὸς
463 1525 544 1576 πῦρ
567 1523 632 1563 καὶ
652 1525 732 1562 πᾶν
750 1521 795 1563 τὸ
815 1517 1067 1572 βαλλόμενον
1084 1523 1156 1572 τῆς
1177 1516 1295 1568 νεώς,
1331 1512 1645 1570 πολεμησόντων
1665 1514 1711 1557 δὲ

250 1593 316 1634 καὶ
341 1590 477 1632 αὐτῶν
500 1589 541 1631 εἴ
551 1606 654 1638 τινες
678 1590 720 1630 ἐκ
736 1588 936 1642 βασιλέως
954 1589 1178 1629 ἐπίθοιντο.
1249 1585 1300 1627 τὰ
1316 1586 1390 1638 μὲν
1413 1579 1486 1626 οὖν
1505 1585 1594 1638 περὶ
1612 1580 1767 1624 τού-20

250 1676 332 1702 των
362 1656 382 1701 ὅ
412 1657 605 1712 βασιλεὺς
641 1655 878 1711 πυθόμενος
907 1655 1168 1698 ἀποστέλλων
1200 1653 1448 1711 προσέταττε
1485 1658 1571 1701 τοῖς
1606 1650 1711 1693 κατὰ

252 1800 385 1835 insidiis
418 1800 644 1835 Romanarum
677 1799 834 1841 navium,
863 1809 1005 1844 quarum
1035 1796 1228 1832 rectoribus
1259 1795 1412 1830 sciebant
1443 1796 1486 1830 ab
1508 1794 1715 1840 imperatore

253 1847 444 1881 mandatum
467 1851 506 1880 ut
527 1846 711 1879 observare
734 1846 826 1890 ipsos
842 1843 892 1879 'in
916 1844 1062 1878 transitu
1090 1855 1130 1877 ac
1153 1842 1241 1876 omui
1277 1842 1410 1876 ratione
1431 1840 1715 1886 comprehendere

256 1896 472 1926 conarentur.
519 1894 557 1924 ut
588 1890 691 1934 igitur
721 1891 804 1935 ipsis
835 1902 855 1924 e
888 1890 998 1924 Ponto
1027 1888 1171 1934 patriam
1202 1899 1324 1921 versus
1354 1897 1488 1921 cursum
1520 1885 1714 1919 tenentibus

254 1942 387 1972 montes
411 1935 560 1970 Orientis
583 1940 814 1980 apparuerunt
831 1960 842 1977 ,
873 1935 976 1969 facile
998 1934 1053 1968 usi
1076 1940 1175 1974 sunt,
1206 1945 1270 1978 ope
1293 1933 1377 1966 artis
1400 1931 1578 1972 nauticae,
1601 1936 1715 1972 vento,

255 1983 507 2028 qualiscumque
538 1987 619 2015 tunc
650 1981 821 2026 spirabat,
856 1992 924 2015 non
953 1980 1052 2025 plene
1083 1980 1271 2020 adversus,
1295 1978 1386 2012 illum
1410 1989 1498 2011 nunc
1530 1980 1628 2011 recta
1653 1987 1718 2021 op-

257 2028 373 2073 pansis
396 2028 480 2061 velis
503 2038 588 2061 nunc
613 2027 794 2071 obliquatis
816 2027 990 2072 capientes
1004 2051 1014 2068 ‚
1039 2029 1142 2070 prout
1165 2035 1250 2069 opus
1273 2029 1348 2057 erat
1371 2023 1414 2057 ad
1443 2022 1611 2057 flectenda
1635 2033 1717 2067 pro-

257 2073 444 2114 montoria3
467 2072 508 2106 ad
533 2073 621 2118 quod
644 2073 838 2107 sufficiebat
860 2084 943 2106 aura
968 2071 1109 2105 modica.
1157 2081 1238 2114 ergo
1272 2069 1323 2102 sic
1345 2069 1519 2114 progressi
1541 2066 1718 2102 contineu-

257 2125 312 2153 ter
336 2123 415 2153 sunt
437 2118 480 2152 ad
504 2118 647 2152 Pharum
678 2129 808 2163 usque,
836 2118 895 2151 ubi
927 2116 1105 2152 subductis
1136 2115 1322 2149 rationibus
1355 2114 1504 2148 instituti
1539 2123 1657 2147 cursus
1681 2116 1719 2147 et

257 2165 482 2210 periculorum
513 2163 793 2209 impendentium,
826 2167 1020 2198 statuerunt
1054 2162 1214 2206 deinceps
1245 2172 1310 2194 non
1343 2171 1585 2205 quemcumque
1608 2158 1674 2193 sibi
1695 2170 1720 2192 a

257 2210 501 2255 septentrione
523 2214 658 2244 ventum
682 2209 768 2243 satis
790 2211 873 2243 fore.
920 2209 977 2254 qui
1001 2207 1088 2242 enim
1111 2212 1191 2253 tunc
1217 2206 1325 2240 flabat
1347 2206 1431 2240 lenis
1455 2211 1551 2247 erat,
1574 2203 1720 2239 molliter

260 2256 366 2289 solum
399 2255 589 2300 stringens,
624 2266 690 2288 non
724 2255 823 2300 pleno
856 2255 986 2299 impetu
1008 2253 1180 2298 impellens
1204 2255 1300 2293 vela,
1336 2256 1375 2285 ut
1397 2251 1558 2286 malaciae
1581 2249 1720 2295 propior

264 2300 349 2335 coeli
373 2305 483 2335 status
506 2301 691 2334 videretur.
739 2312 840 2345 egere
878 2311 915 2334 se
952 2305 1064 2334 autem
1090 2299 1131 2332 ad
1166 2297 1365 2332 eluctandos
1388 2307 1473 2343 quos
1495 2296 1720 2341 providebant

266 2356 465 2380 occursuros
490 2345 603 2380 obices
626 2345 814 2380 vehementi
832 2346 965 2388 Borea3
988 2344 1096 2390 qualis
1121 2348 1174 2377 est
1195 2344 1250 2377 ille
1273 2354 1370 2389 quem
1393 2342 1574 2377 'l'anaitem
1597 2344 1723 2375 nautae

263 2397 398 2426 vocant.
426 2391 544 2432 huic,
576 2391 731 2436 inquam,
767 2391 936 2426 confidere
969 2391 1027 2424 uni
1050 2401 1087 2423 se
1109 2394 1301 2423 statuerunt
1326 2399 1447 2434 posse;
1470 2388 1528 2433 qui
1551 2386 1615 2421 nisi
1639 2397 1721 2420 con-

264 2437 435 2480 tingeret,
467 2437 567 2481 plane
603 2437 830 2482 desperabant
860 2436 998 2470 insidias
1031 2446 1068 2469 se
1100 2436 1323 2469 Romanarum
1354 2445 1454 2480 posse
1477 2433 1611 2467 navium
1633 2431 1722 2465 effu-

265 2493 358 2527 gere.
405 2493 484 2515 ecce
514 2487 625 2515 autem
657 2487 834 2528 postquam
866 2482 995 2527 aliquot
1025 2481 1072 2515 ibi
1106 2481 1177 2515 dies
1201 2482 1404 2524 substitere,
1436 2479 1641 2513 commodum
1663 2476 1723 2510 ille

267 2529 342 2573 ipse
365 2532 501 2572 optatus
525 2533 645 2562 ventus
669 2529 799 2571 spirare
823 2529 865 2561 ab
889 2533 983 2561 arcto
1008 2528 1187 2560 vehemens
1211 2527 1344 2572 coepit3
1369 2537 1433 2560 nec
1454 2523 1602 2559 cunctati
1625 2522 1723 2556 vide-

267 2573 350 2607 licet
371 2572 421 2607 illi
444 2577 523 2607 sunt
545 2577 635 2606 totos
656 2573 704 2606 illi
727 2573 944 2607 libentissime
968 2573 1116 2618 pandere
1139 2573 1315 2606 linteorum
1350 2571 1462 2612 sinus,
1492 2570 1723 2612 audacterque

264 2619 391 2654 invecti
417 2629 478 2664 spe
501 2619 626 2662 optima
648 2619 864 2659 serebantur,
889 2618 1080 2652 evolaturos
1103 2629 1178 2651 sese
1201 2618 1268 2651 rati
1293 2617 1330 2650 vi
1353 2628 1457 2651 aurae
1487 2620 1558 2648 tam
1580 2624 1724 2658 prospe-

267 2676 328 2698 rae
351 2667 446 2697 trans
469 2663 651 2709 quamlibet
672 2663 812 2697 infestos
834 2664 1061 2698 insidiantium
1085 2667 1237 2698 conatus.
1284 2663 1378 2697 navis
1399 2662 1507 2696 latera
1539 2660 1723 2704 quinetiam

269 2708 370 2744 siccis
393 2710 492 2744 boum
514 2708 615 2743 coriis
637 2709 846 2750 munierunt,
871 2714 912 2742 ut
935 2710 979 2743 ab
1002 2709 1081 2754 igne
1103 2709 1194 2743 sorte
1214 2708 1338 2742 iniecto
1360 2711 1420 2741 aut
1442 2705 1511 2739 alia
1532 2704 1656 2758 quavis
1678 2706 1723 2739 ab

269 2754 424 2789 hostibus
461 2755 629 2789 eiaculata
660 2758 756 2799 peste
786 2759 863 2788 tuta
885 2754 1009 2790 forent.
1055 2766 1150 2788 arma
1171 2754 1236 2800 ipsi
1259 2753 1498 2799 expedierunt,
1521 2761 1588 2784 vnn
1610 2750 1725 2795 repel-

272 2800 345 2835 lere
379 2800 491 2846 pareti
525 2810 751 2846 quaecumque
783 2800 826 2834 ab
860 2799 1089 2845 imperatoriis
1111 2800 1305 2835 inferretur.
1351 2797 1403 2832 his
1425 2797 1608 2842 imperator
1630 2806 1725 2830 com-
