1846 3262
400 208 478 251 DE
511 207 793 251 MICHAELE
827 205 1206 250 PALAEOLOGO
1241 207 1293 248 L.
1333 206 1368 251 Ι.
1544 204 1611 251 77

134 324 201 367 καὶ
229 320 286 373 ὥς
314 321 385 366 ἕνα
403 319 571 366 πάντων
594 321 722 366 αὐτὸν
749 325 1015 374 καθιστᾶσιν,
1044 320 1150 364 ἀλλὰ
1170 320 1275 379 πρὸς
1292 319 1339 364 τὸ
1363 315 1608 377 σεμνότερον

131 393 557 448 μετασχηματίζουσι,
602 393 669 434 καὶ
697 396 757 450 τῷ
792 395 867 446 τῆς
904 388 1196 440 καταστάσεως
1234 389 1529 449 μεγαλειοτέρῳ
1564 389 1612 433 τὸ

132 462 237 519 πρὸς
267 461 364 512 τούς
398 461 551 511 ἄλλους
579 460 657 504 ἀπ’
691 460 820 503 αὐτοῦ
839 460 1019 517 φοβερὸν
1046 458 1339 514 σχεδιάζουσιν.
1409 458 1606 503 οὕτωκαὶ
1631 460 1661 494 C

132 529 251 581 πόλις
280 532 348 574 καὶ
387 530 494 588 ἆρχὴ
527 527 839 585 συσταθήσεται
872 534 988 573 πᾶσα
1015 533 1091 571 τοῦ
1121 530 1353 585 ἐφεστῶτος
1377 526 1482 585 ὑπὲρ
1511 528 1612 579 τοὺς

100 608 122 643 5
136 600 314 650 πολλοὺς
335 599 467 650 ὄντος.
539 600 578 644 οἶ
596 599 645 643 δέ
660 616 703 656 γε
726 599 875 656 τυφλοὶ
903 600 970 641 καὶ
999 597 1388 655 ἠλευθεροστόμουν
1408 600 1475 641 καὶ
1499 615 1613 654 παρ-

133 668 517 727 ρησιαστικώτερον.
590 668 681 724 αμὴ
714 668 783 711 διὰ
812 668 970 726 βρέφος
993 665 1074 710 ‘gf'
1095 665 1231 723 ἔλεγον
1259 666 1399 723 “ἀρχὴ
1425 665 1611 723 τοσαύτη

132 741 199 781 καὶ
223 736 329 786 τόσα
355 737 578 796 πράγματα
608 735 929 792 κινδυνεύσειαν,
968 736 1074 780 ἀλλὰ
1102 737 1383 780 καταστατέον
1402 739 1458 787 εἷς
1479 737 1611 793 ἀρχὴν

131 808 186 851 τὰ
204 806 417 865 παρόντα,
450 810 486 851 εἲ
503 808 720 862 μέλλοιμεν
741 804 961 860 σώζεσθαι.
1031 805 1059 862 ἢ
1081 806 1157 849 οὐκ
1183 805 1353 861 οἴδαμεν
1385 807 1426 856 ἒς
1454 803 1607 849 ὁπόσον

133 878 357 932 δυστυχίας
379 875 402 932 ἧ
425 881 509 921 τῶν
523 875 735 932 Ῥωμαίων
756 881 969 934 προῆλθεν
988 873 1095 933 ἀρχή
1106 909 1120 929 ,
1160 873 1265 919 ὥστε
1294 877 1363 918 καὶ
1390 875 1608 930 ἀπελαθῆ-

77 954 121 988 10
133 965 199 989 ναι
225 951 300 1003 τῆς
330 948 531 1004 πατρίδος
557 948 626 989 καὶ
657 946 704 990 τὸ
738 950 821 989 πᾶν
846 946 1043 990 ἀπολέσαι
1064 951 1224 1002 μικροῖς
1246 945 1602 1002 περιγραφομένην
1623 957 1656 990 D

132 1013 258 1072 ὁρίοις
268 1048 282 1068 ,
318 1016 523 1070 βασιλέων
545 1015 675 1059 ὄντων
694 1017 761 1059 καὶ
780 1020 939 1071 ταῦτας
977 1014 1071 1058 ἀλλ’
1097 1013 1208 1069 ὅμως
1226 1019 1285 1073 τῷ
1302 1014 1362 1070 μὴ
1381 1014 1488 1057 κατὰ
1508 1012 1608 1071 τρό-

131 1102 209 1127 πον
230 1083 436 1141 ἶίρχεσθαι
468 1086 512 1137 ἐξ
537 1085 730 1136 εὐπλοίας
746 1084 809 1128 ὅτι
828 1089 1082 1140 θαυμαστῆς
1113 1082 1386 1140 ἐναυάγησαν.
1456 1085 1492 1126 εἶ
1508 1088 1610 1141 γοῦν

130 1157 191 1213 τῷ
215 1153 275 1210 μὴ
296 1158 432 1205 καλῶς
454 1156 495 1204 ἒς
523 1155 571 1198 τὸ
601 1154 767 1212 ἀκριβὲς
798 1154 1003 1212 ἄρχεσθαι
1036 1152 1141 1198 τόσα
1165 1154 1316 1209 συνέβη
1335 1153 1388 1196 τὰ
1409 1155 1603 1210 δυσχερῆ,

129 1224 177 1267 τὸ
208 1223 268 1279 μὴ
299 1222 406 1274 ὅλως
435 1223 640 1282 ἄρχεσθαι
675 1223 806 1268 πόσον
832 1224 887 1275 εἷς
915 1225 1130 1279 κίνδυνον;
1165 1221 1263 1279 ἡμῖν
1288 1224 1364 1278 μὲν
1385 1218 1459 1266 οὖν
1478 1223 1604 1265 καλὸν

75 1298 118 1333 15
128 1293 204 1348 μὲν
233 1295 301 1336 καὶ
328 1293 376 1337 τὸ
404 1294 510 1350 πρὸς
539 1293 615 1349 τὴν
633 1295 847 1349 βασιλείαν
875 1293 1021 1338 πιστὸν
1049 1293 1196 1350 ἥγηται
1205 1326 1219 1346 ,
1257 1292 1384 1336 καλὸν
1404 1293 1534 1336 δὲκαὶ
1555 1292 1605 1335 τὸ

127 1368 216 1412 τοῖς
245 1361 382 1420 ὅρκοις
411 1363 660 1418 ἐμμένοντας
690 1361 922 1416 σώζεσθαι·
958 1362 1034 1407 κᾶν
1062 1363 1148 1420 ἀπῇ
1179 1362 1227 1406 τὸ
1251 1360 1483 1415 σώζεσθαι,
1519 1359 1607 1416 μά-

128 1448 246 1474 ταιον
276 1431 323 1475 τό
353 1431 510 1476 πιστόν.
582 1432 689 1476 κατὰ
718 1434 762 1476 τί
788 1434 833 1475 δὲ
865 1434 932 1475 καὶ
964 1437 1204 1488 λυμανεῖται
1233 1436 1284 1488 τῇ
1315 1433 1528 1491 βασιλείᾳ,
1568 1432 1603 1474 εἷ

127 1500 354 1557 προσέσται
374 1506 433 1560 τῷ
454 1507 679 1560 φροντιστῇ
704 1501 751 1545 τὸ
781 1501 968 1558 ἀξίωμα;
1002 1505 1162 1557 μᾶλλον
1184 1501 1259 1556 μὲν
1284 1497 1356 1543 οὖν
1374 1502 1442 1543 καὶ
1460 1501 1598 1543 συνοί-
1620 1507 1655 1542 Ε

129 1586 188 1612 σει
210 1569 263 1612 τὰ
283 1574 467 1615 πλεῖστα.
540 1571 672 1626 ὄνομα
701 1570 779 1627 γὰρ
806 1573 942 1626 τίμιον
972 1572 1239 1629 περιθέμενος
1266 1570 1335 1612 ἐπ’
1368 1570 1504 1614 αὐτῶν
1521 1574 1605 1613 τῶν

71 1637 383 1695 Ξοπραγμάτων
413 1647 609 1696 κρατυνεΐ
629 1644 790 1695 μᾶλλον
820 1640 896 1696 τὴν
929 1639 1059 1698 ἀρχὴν
1087 1645 1147 1699 τῷ
1178 1643 1416 1697 κρατοῦντι·
1454 1641 1498 1682 ἐκ
1524 1639 1604 1695 γὰρ

125 1711 284 1751 πολλοῦ
305 1713 379 1751 τοῦ
402 1707 614 1766 περιόντος
634 1710 828 1766 πρέσβεσι
845 1710 920 1764 μὲν
935 1711 1187 1767 χρηματίσοι
1198 1743 1211 1763 ,
1249 1712 1365 1759 λαοῖς
1386 1708 1430 1752 δ’
1456 1705 1604 1770 ὁμιλή->

125 1792 215 1830 σοι,
251 1775 433 1829 ἕπιτάξοι
453 1779 499 1821 δὲ
520 1777 793 1836 στρατιώταις
817 1781 884 1822 καὶ
905 1778 1078 1837 ἄρχουσι
1088 1812 1103 1833 ‚
1137 1780 1205 1822 καὶ
1228 1778 1346 1822 οὐδὲν
1366 1777 1390 1822 ὅ
1409 1796 1447 1821 τι
1465 1778 1524 1834 μὴ
1544 1775 1601 1828 ὦς

126 1846 231 1897 εἰκὸς
252 1845 505 1904 καταστήσοι
515 1881 529 1902 ,
568 1848 898 1905 δυσωπουμένων
915 1849 962 1893 τὸ
983 1849 1145 1905 ἀξίωμα
1164 1846 1342 1893 πάντων.
1415 1850 1451 1891 εἰ
1469 1849 1517 1891 δέ
1537 1863 1601 1897 τις

125 1988 335 2025 nerationem
358 1990 504 2037 quodam
527 1991 618 2027 illum
642 1992 762 2028 habitu
776 1993 921 2028 induunt
938 1993 1130 2040 insignioris
1145 1992 1378 2034 auctoritatis3
1404 1996 1440 2027 et
1461 1995 1502 2026 ut
1519 2002 1596 2026 eum

124 2036 277 2071 universi
310 2043 516 2081 vereantur,
555 2040 701 2085 quodam
732 2040 798 2086 ipsi
821 2041 916 2076 velut
938 2041 1102 2087 impresso
1126 2040 1245 2074 minaci
1269 2040 1469 2074 charactere
1488 2038 1599 2073 maie-

124 2084 228 2117 statis
252 2091 490 2129 assequuntur.
538 2086 588 2120 sic
610 2091 645 2121 et
667 2086 770 2129 urbs,
793 2092 830 2122 et
851 2088 1029 2134 imperium
1057 2091 1164 2122 totum
1189 2092 1284 2121 recte
1307 2086 1539 2127 ordinabitur,
1563 2084 1595 2119 si

124 2129 183 2174 qui
213 2135 352 2175 praeest
384 2143 467 2166 vere
496 2143 602 2178 supra
630 2133 880 2168 multitudinem
911 2135 1067 2169 emineat.
1114 2133 1241 2168 sortior
1274 2133 1483 2177 liberiorque
1515 2135 1595 2165 erat

123 2185 300 2210 caecorum
324 2178 445 2217 oratio.
479 2182 549 2213 “ne
571 2186 714 2226 propter
737 2180 913 2225 puerulum
923 2181 944 2197 ’'
966 2180 1128 2216 aientium
1151 2182 1306 2214 “tantum
1322 2179 1499 2224 imperium
1522 2183 1596 2212 tot-

121 2232 191 2266 que
213 2233 269 2256 res
292 2224 539 2268 periclitentur.
587 2227 647 2260 sed
673 2227 932 2262 constituendus
956 2228 992 2262 in
1010 2227 1084 2262 v‘eri
1107 2229 1248 2261 formam
1271 2225 1403 2270 imperii
1425 2235 1592 2270 praesens

120 2278 234 2302 rerum
258 2272 389 2312 status,
414 2271 442 2305 si
466 2272 554 2306 salvi
576 2284 653 2308 esse
675 2273 839 2308 volumus.
885 2286 928 2308 au
951 2274 1145 2320 ignoramus
1167 2273 1201 2307 in
1224 2278 1386 2318 quautam
1407 2270 1595 2305 infelicita-

120 2316 190 2347 tem
214 2315 400 2350 Romanum
423 2317 597 2363 imperium
620 2319 815 2365 prolapsum
839 2320 886 2355 sit
901 2346 912 2362 ‚
943 2323 1029 2356 adeo
1052 2325 1092 2354 ut
1113 2320 1228 2374 patria
1251 2319 1328 2364 ipsa
1350 2317 1595 2353 exterminare-

120 2363 237 2414 tur-et
257 2373 370 2396 rerum
394 2374 555 2398 summam
577 2366 740 2410 perderet
761 2367 916 2411 angustis
947 2367 1075 2402 finibus
1095 2366 1414 2411 circumscriptum?
1447 2368 1484 2398 et
1507 2364 1594 2398 baec

121 2407 319 2443 acciderunt
341 2408 607 2455 imperatoribus
627 2412 676 2447 ibi
696 2412 955 2448 dominantibus.
1002 2413 1061 2447 sed
1085 2413 1176 2458 quod
1209 2412 1236 2446 ii
1259 2416 1355 2446 recte
1377 2423 1443 2446 non
1466 2411 1596 2455 guber-

120 2458 265 2497 narent,
302 2467 346 2490 ex
380 2467 507 2491 summa
541 2458 708 2493 felicitate
730 2459 956 2502 navigationis
987 2460 1020 2493 in
1043 2460 1201 2494 miserum
1224 2459 1438 2503 naufragium
1463 2456 1595 2491 decidi-

118 2509 193 2533 mus
254 2501 285 2535 si
315 2514 397 2547 ergo
431 2507 528 2538 tanta
560 2504 596 2538 in
618 2516 681 2539 nos
703 2506 881 2540 calamitas
901 2506 1055 2540 incubuit
1077 2517 1120 2539 ex
1154 2517 1195 2540 eo
1221 2505 1311 2552 quod
1335 2517 1403 2539 non
1426 2505 1514 2539 bene
1536 2515 1594 2537 re-

117 2546 307 2591 gebamur‚
330 2549 411 2594 quid
434 2556 502 2584 non
524 2550 709 2586 timendum
732 2552 832 2586 nobis
855 2553 1017 2587 malorum
1044 2552 1174 2594 fuerit,
1200 2552 1230 2586 si
1253 2552 1387 2587 omnino
1409 2562 1475 2585 non
1501 2549 1597 2594 regi-

118 2592 220 2627 mur?
251 2594 394 2630 honesta
427 2597 502 2630 sine
534 2597 636 2631 dubio
669 2603 706 2632 et
728 2598 898 2633 laudanda
929 2610 986 2633 res
1010 2600 1156 2633 habetur
1178 2599 1267 2633 fides
1288 2599 1322 2632 in
1344 2597 1591 2644 principatum:

118 2640 179 2693 sed
202 2643 274 2675 tum
298 2641 429 2676 demum
454 2644 596 2678 honesta
626 2655 701 2679 cum
723 2644 816 2679 salus
837 2645 873 2679 in
896 2645 1010 2680 iurata
1031 2646 1101 2680 fide
1123 2645 1346 2692 perstantium
1369 2645 1449 2679 inde
1473 2654 1594 2677 conse-

118 2691 247 2731 quitur.
295 2691 333 2721 at
365 2689 395 2722 si
422 2690 558 2724 fructus
587 2690 671 2724 fidei
701 2691 793 2725 salus
828 2692 997 2735 abfuerit,
1022 2692 1127 2726 stulta
1149 2692 1238 2726 fides
1260 2696 1324 2727 est.
1370 2690 1449 2737 quid
1477 2692 1592 2724 autem

116 2733 257 2786 nocebit
278 2733 505 2780 principatui,
536 2736 566 2771 si
592 2736 664 2771 eius
687 2738 839 2772 curatori
862 2738 1047 2772 accesserit
1069 2739 1247 2783 dignitas?
1269 2738 1351 2784 quin
1375 2737 1488 2783 potius
1511 2735 1592 2769 inde

114 2779 289 2814 lavabitur
310 2780 500 2826 plurimum.
548 2783 681 2817 nomine
703 2784 831 2829 quippe
854 2785 1040 2820 venerabili
1064 2791 1237 2831 assumpto
1268 2785 1343 2818 eius
1374 2782 1594 2817 administra·
1659 2798 1662 2801 ·

115 2827 172 2858 tor
201 2826 310 2872 magis
342 2827 493 2862 firmabit
525 2829 887 2877 imperium'principi.
934 2831 986 2866 sic
1009 2831 1099 2866 enim
1122 2829 1435 2877 incomparabiliter
1467 2839 1594 2863 conive-

114 2869 265 2907 nientius
288 2876 324 2908 et
346 2874 524 2910 efficacius
548 2875 680 2922 legatos
704 2876 820 2911 audiet
837 2903 855 2922 ‚.
883 2878 1052 2913 tractabit
1079 2889 1156 2913 cum
1176 2878 1330 2925 populiS‚
1362 2874 1528 2911 militibus
1550 2885 1592 2909 ac
