1846 3262
424 190 502 232 DE
534 188 811 232 MICHAELE
845 185 1223 231 PALAEOLOGO
1259 187 1306 230 L.
1337 185 1390 230 H.
1545 185 1641 231 127

96 324 99 327 ’
163 309 230 354 καὶ
269 302 478 363 χρήμασιν
524 300 708 347 ἐπλούτει
749 303 793 346 ἐκ
833 306 907 357 τῆς
946 292 1120 358 Ἐφέσου
1155 305 1336 351 πολλοῖς.
1408 296 1502 344 τότε
1540 304 1641 357 γοῦν

162 376 281 429 ‚affigat
301 375 373 420 τὸν
395 376 574 428 κείμενον
606 373 760 429 λέγεται
783 371 857 414 τὸν
880 371 1122 426 ἐπίτροπον,
1161 370 1203 412 εἷ’
1226 387 1314 419 πως
1336 370 1494 426 αἱροΐτο
1525 369 1643 412 ἐπεν-

162 451 343 503 δυθῆναι
365 445 418 488 τὰ
433 434 651 499 μοναχῶν·
688 440 709 485 ὃ
736 441 780 484 δέ
799 440 875 495 οὔχ
897 437 1005 489 ὅπως
1027 440 1223 494 ἐπείσθη,
1259 438 1364 481 ἀλλὰ
1390 441 1456 481 καὶ
1476 439 1638 495 βαρέως
1660 451 1692 487 1)

163 518 238 574 τὴν
256 513 486 570 ὖπόμνησιν
510 512 670 568 ἤνεγκεν
689 509 743 560 ὥς
765 510 1012 564 τεθνηξείων
1043 506 1266 563 ἀρχιερεύς.
1336 510 1404 550 καὶ
1427 508 1478 564 δὴ
1499 509 1542 559 ἐξ
1564 507 1639 550 ἇν-

130 583 349 643 5θρώπων
369 580 582 640 γεγονότος
601 579 657 631 ὥς
673 578 821 634 τάχος,
860 576 880 621 ὃ
903 577 1043 634 νεκρὸς
1074 572 1520 631 ἓκείνουδιακομίζεται
1538 577 1642 630 πρὸς

159 654 447 712 τῆν’Έφεσον,
487 651 563 694 κάν
593 654 645 707 τῇ
674 645 924 704 μητροπόλει
956 650 1015 704 τῷ
1051 644 1173 705 τάφῳ
1207 648 1391 698 δίδοται,
1433 646 1538 703 ἀνὴρ
1566 646 1639 689 τὸν

159 726 252 780 βίον
278 724 352 778 μὲν
384 717 586 778 φοβερός,
633 715 947 772 ἀκατάπληκτος
980 716 1026 758 δὲ
1057 723 1143 765 τοῖς
1171 715 1367 772 ἄρχουσι,
1419 720 1501 759 τῶν
1532 716 1580 757 δέ
1594 732 1638 771 γε

161 797 352 851 φοβερῶν
379 787 632 846 ὑπερόπτης,
678 786 784 830 κατὰ
814 785 963 843 ἀρετὴν
992 783 1210 828 παιδιόθεν
1251 782 1465 839 συνήθης,
1513 783 1639 835 δόξας

161 865 206 906 δὲ
228 860 319 905 τότε
343 862 612 910 τοῒς’πολλοΐς
629 853 841 911 ἐπαχθής,
880 855 928 898 οὗ
952 854 1019 897 διὰ
1041 853 1115 909 τὴν
1132 851 1357 909 μετάθεσιν
1387 850 1510 896 τόσον
1537 852 1635 896 ὅσον

105 945 149 980 10
161 932 206 975 τὸ
229 933 379 984 ζῶντος
396 924 650 984 πατριάρχου
671 926 840 983 γνησίου
865 923 990 967 αὐτὸν
1007 925 1326 977 μετατίθεσθαι.

298 1000 376 1044 23.
442 995 491 1040 ‘O
523 996 662 1050 μέντοι
683 1012 726 1052 γε
756 993 949 1048 βασιλεὺς
969 992 1066 1036 ὅσον
1084 991 1161 1048 εἶχε
1193 993 1261 1035 διὰ
1281 987 1446 1049 γνώμης
1466 1008 1629 1048 κατωρ-
1653 1002 1685 1036 Ε

157 1066 333 1121 θωκώς,
379 1065 555 1122 μηδενὸς
582 1062 930 1121 ἀντιπράττοντος
958 1062 1024 1120 (τὸ
1057 1062 1136 1119 γὰρ
1168 1064 1332 1105 παιδίον
1363 1059 1459 1103 κατ’
1496 1059 1632 1116 ὀλίγον

156 1138 409 1195 παρέρριπτο
430 1137 497 1179 καὶ
518 1134 682 1190 ἠσθένει
700 1133 804 1188 πρὸς
826 1132 901 1188 τὴν
927 1129 1078 1188 ἀρχήν,
1117 1129 1172 1181 ὥς
1191 1133 1257 1174 καὶ
1281 1129 1389 1173 αὐτὰ
1413 1129 1463 1185 δὴ
1486 1129 1539 1172 τὰ
1559 1134 1634 1185 τῆς

155 1207 368 1262 βασιλείας
399 1202 591 1259 σύμβολα
619 1202 755 1258 ἔχθος
790 1202 927 1259 φέρειν
960 1198 1100 1243 κενόν·
1138 1200 1290 1257 ὥριστο
1307 1199 1386 1256 γὰρ
1409 1200 1476 1241 καὶ
1497 1203 1632 1242 ταῦτα

102 1286 145 1322 15
158 1273 400 1331 ἀποβαλεῖν)
423 1273 490 1316 διὰ
513 1277 637 1316 τοῦτο
666 1274 708 1314 ἒν
737 1271 968 1326 ἀνακωχαΐς
999 1265 1049 1325 ἦν
1070 1271 1136 1312 καὶ
1158 1267 1317 1327 ἐτρύφα
1332 1302 1345 1322 ,
1384 1273 1436 1326 τῇ
1453 1273 1536 1311 τῶν
1558 1286 1632 1324 γυ-

156 1349 307 1390 ναικῶν
335 1342 606 1399 αὖταδὲλφων
635 1342 839 1400 θεραπεία
872 1337 1186 1397 θρυπτόμενος,
1236 1337 1302 1390 αἷς
1330 1339 1397 1380 καὶ
1427 1339 1483 1388 εἷς
1503 1335 1628 1380 πάντ’

155 1415 328 1470 ἐχρῆτο,
371 1417 423 1470 τῇ
452 1412 526 1466 μὲν
557 1408 731 1469 Μάρθα
773 1407 829 1459 ὥς
868 1409 981 1466 αὐτῷ
1015 1410 1188 1466 φανείσῃ
1227 1407 1333 1451 κατὰ
1369 1406 1528 1463 μητέρα
1562 1408 1630 1449 καὶ

155 1482 254 1526 κατ’
279 1480 390 1525 οἷκον
411 1478 645 1537 ἅναγούσῃ,
677 1483 736 1538 τῷ
756 1476 918 1537 μεγάλῳ
939 1479 1166 1536 δομεστίκῳ
1196 1479 1253 1527 εἷς
1284 1473 1481 1531 ὅμόζυγον
1506 1474 1625 1533 οὔσῃ,
1650 1486 1678 1521 Ρ
1703 1487 1748 1522 83

154 1555 311 1595 πολλοῦ
345 1550 455 1600 τινὸς
482 1549 697 1606 τιμωμένῳ
724 1552 783 1605 τῷ
816 1551 982 1601 βασιλεῖ
1009 1544 1052 1605 (ὃ
1074 1548 1320 1603 περίπυστος
1343 1546 1367 1586 δ
1377 1544 1387 1560 ‘
1410 1540 1460 1600 ἦν
1481 1545 1630 1596 ἐκεῖνος

99 1633 147 1667 20
160 1615 518 1678 Ταρχανειώτης),
549 1622 599 1675 τῇ
632 1617 676 1659 δ’
711 1616 891 1677 Εὖλογία
924 1614 980 1666 ὡς
1006 1617 1073 1658 καὶ
1105 1615 1211 1673 αὐτῇ
1233 1619 1368 1664 καλῶς
1384 1610 1534 1671 ἐχούσῃ
1551 1618 1627 1657 τοῦ

152 1740 205 1775 dis
227 1738 327 1774 bonis
349 1736 541 1773 moribundi
563 1735 782 1782 patriarchae
798 1735 1007 1782 praedivitiS,
1030 1738 1070 1770 ut
1092 1735 1218 1770 dictum
1234 1738 1299 1779 est,
1322 1735 1468 1782 pecunia
1483 1734 1622 1781 Epheso

151 1789 312 1833 portata,
347 1784 564 1829 praepositus
602 1784 646 1817 ab
670 1785 826 1828 Augusto
859 1787 924 1816 est.
971 1782 1027 1816 hic
1049 1782 1265 1827 languentem
1288 1794 1371 1817 suae
1394 1793 1498 1816 curae
1531 1793 1623 1816 com-

150 1832 290 1867 missum
311 1831 462 1866 tentavit
477 1856 488 1873 ,
513 1830 634 1875 ecquid
655 1830 758 1864 veliet
781 1828 936 1863 monachi
957 1833 1086 1863 vestem
1109 1829 1260 1864 induere.
1307 1835 1346 1864 at
1365 1828 1424 1862 ille
1446 1829 1532 1862 adeo
1554 1840 1623 1862 non

151 1883 206 1913 est
238 1889 416 1920 assensus,
448 1881 487 1911 ut
520 1877 620 1911 etiam
649 1876 753 1911 istam
784 1875 986 1910 mentionem
1015 1875 1155 1910 moleste
1186 1875 1328 1918 tulerit,
1367 1875 1548 1909 ostendens
1581 1886 1620 1909 se

150 1925 283 1960 omnino
313 1924 401 1959 velle
433 1923 661 1969 patriarcham
684 1921 780 1958 mori.
828 1920 930 1967 porro
955 1921 1073 1964 huius,
1106 1927 1282 1968 postquam
1306 1921 1466 1965 migravit
1489 1933 1531 1955 ex
1554 1921 1618 1955 hu-

150 1971 284 2013 manis,
322 1981 447 2015 corpus
477 1969 637 2003 celeriter
669 1969 884 2014 deportatum
917 1968 1091 2014 Ephesum
1118 1969 1187 2003 illic
1211 1969 1303 2014 apud
1324 1968 1616 2013 metropolitanum

149 2017 310 2063 templum
343 2016 539 2062 sepulturae
574 2015 730 2049 traditur.
777 2014 831 2049 vir
868 2014 932 2049 suit
961 2016 1035 2049 vita
1075 2026 1237 2058 severus,
1269 2014 1458 2059 intrepidus
1488 2014 1524 2048 in
1548 2014 1615 2047 ob-

148 2064 272 2098 stando
296 2062 506 2109 principibus
523 2087 534 2103 ‚
557 2062 783 2106 periculorum
806 2060 1039 2107 minarumque
1062 2065 1291 2107 contemptor,
1316 2061 1435 2095 virtuti
1463 2072 1486 2094 a
1508 2071 1614 2104 puero

148 2114 303 2143 assuetus
317 2135 327 2151 ‚
347 2109 441 2143 visus
465 2113 577 2142 autem
601 2111 672 2142 tum
695 2108 808 2142 multis
831 2108 983 2142 intrusus
1015 2108 1051 2141 in
1073 2107 1334 2153 patriarchalem
1356 2107 1525 2147 thronum,
1548 2117 1614 2140 non

148 2159 219 2189 tam
242 2156 332 2200 quod
356 2154 545 2189 translatus
579 2165 622 2188 ex
654 2154 830 2199 Ephesina
857 2154 963 2198 sede,
998 2166 1099 2200 quam
1136 2154 1227 2200 quod
1251 2154 1402 2199 legitimo
1427 2152 1538 2186 adhuc
1561 2152 1615 2186 vi-

147 2206 250 2236 vente
273 2201 469 2245 patriarcha
489 2201 675 2235 translatus
700 2201 833 2235 fuisset.

241 2247 296 2282 23.
342 2247 558 2281 Succedebat
578 2258 682 2292 porro
705 2246 904 2292 imperatori
919 2246 1092 2292 negotium
1109 2246 1266 2281 trahendi
1289 2246 1331 2281 ad
1356 2257 1394 2280 se
1415 2244 1449 2278 in
1473 2243 1614 2279 solidum

146 2293 303 2339 imperii,
323 2304 450 2338 resque
479 2292 611 2327 nemine
638 2292 707 2327 iam
731 2293 916 2339 quidquam
936 2297 1053 2328 contra
1083 2294 1239 2328 moliente
1264 2292 1483 2338 procedebat.
1529 2302 1616 2336 puer

147 2340 235 2374 enim
259 2339 422 2384 paulatim
456 2340 695 2373 removebatur
716 2351 737 2374 a
761 2339 974 2384 principatu,
1011 2351 1073 2374 nec
1096 2340 1163 2374 iam
1187 2339 1253 2373 nisi
1275 2345 1409 2373 tenuem
1433 2341 1470 2371 et
1492 2337 1614 2371 evani-

145 2386 224 2420 dam
247 2386 319 2420 eius
342 2385 492 2430 speciem
515 2385 684 2427 habebat,
707 2384 852 2430 insignia
875 2387 972 2431 regni
993 2390 1132 2431 gestans
1155 2386 1212 2420 ille
1235 2385 1371 2430 quidem
1395 2383 1528 2425 adhuc,
1552 2384 1613 2418 sed

144 2437 308 2477 tanquam
331 2431 431 2465 inane
461 2431 612 2475 pondus;
642 2442 731 2476 quae
764 2436 800 2466 et
833 2431 910 2477 ipsa
933 2433 964 2467 ei
997 2433 1183 2467 auferenda
1212 2431 1280 2465 iam
1314 2431 1486 2465 decretum
1524 2434 1611 2464 erat.

146 2489 254 2523 quare
276 2477 423 2512 Michael
446 2488 566 2511 securo
588 2477 656 2511 iam
677 2477 852 2522 liberoque
874 2478 984 2513 animo
1015 2491 1053 2513 se
1086 2480 1122 2513 in
1152 2478 1301 2524 quietem
1323 2476 1531 2522 deliciasque
1555 2488 1613 2510 re-

146 2523 307 2566 laxabat,
338 2524 470 2569 prolixo
503 2523 539 2557 in
565 2523 618 2559 his
639 2523 891 2569 indulgentique
923 2525 1131 2559 admittendo
1154 2523 1337 2559 ministerio
1359 2534 1512 2558 sororum
1535 2533 1610 2556 cer-

146 2570 245 2604 tatim
268 2571 457 2615 Augustum
480 2571 620 2604 fratrem
643 2570 815 2615 obsequiis
836 2571 955 2605 fovere
975 2571 1131 2605 mollibus
1154 2570 1309 2605 muliebri
1331 2569 1514 2605 sedulitate
1537 2572 1610 2602 sat-

145 2616 328 2660 agentium.
375 2627 479 2661 porro
500 2616 559 2650 ille
593 2627 827 2660 germanarum
849 2627 955 2671 opera
978 2629 1045 2652 non
1067 2618 1103 2652 in
1126 2629 1208 2652 cura
1231 2617 1336 2651 solum
1361 2615 1524 2661 corporis,
1547 2614 1610 2648 sed

143 2660 182 2696 in
204 2662 280 2696 aliis
302 2673 412 2708 aeque
435 2662 566 2696 cunctis
587 2663 770 2704 utebatur,
797 2662 974 2707 plurimum
996 2663 1134 2709 utrique
1156 2664 1287 2698 illarum
1312 2663 1350 2697 in
1372 2661 1462 2697 omni
1482 2671 1609 2704 genere

144 2707 254 2742 fidens
285 2709 528 2755 tribuensque,
557 2708 729 2743 Martham
758 2708 892 2754 quidem
924 2710 1036 2744 studio
1058 2710 1250 2756 fiduciaque
1271 2709 1370 2744 filiali
1391 2707 1512 2743 solitus
1535 2717 1608 2740 am-

143 2753 271 2807 plecti,
303 2766 347 2789 ex
379 2767 447 2800 quo
476 2756 521 2789 ab
560 2766 603 2789 ea
637 2759 676 2789 ut
713 2759 820 2789 matre
852 2755 1014 2791 educatus
1044 2757 1273 2792 amantissime
1304 2757 1435 2796 fuerat,
1458 2754 1607 2787 habente

142 2810 254 2844 ipsum
275 2811 388 2835 secum
410 2801 447 2835 in
478 2800 546 2835 viri
577 2800 630 2835 sui
660 2801 760 2836 domo
789 2802 904 2847 magni
925 2803 1102 2838 domestici
1117 2829 1129 2845 ‚
1166 2804 1209 2837 ab
1232 2804 1437 2848 imperatore
1455 2805 1526 2835 tum
1549 2811 1607 2833 re-

143 2848 269 2890 gnante
290 2846 396 2882 multo
418 2847 453 2882 in
475 2847 586 2893 pretio
608 2847 730 2883 habiti.
775 2848 891 2884 fuerat
911 2848 943 2884 is
957 2850 1110 2896 inclytus
1131 2849 1190 2884 ille
1204 2847 1448 2885 Tarchaniota.
1495 2845 1606 2881 altera
