1884 3262
530 169 537 179 -
585 211 714 256 [ΙΒ”.
727 211 782 256 ⁴1.
808 210 1223 264 1(ΞκῐλρδδΑΙὶΙῘῙΙΥΙ.1
1532 212 1632 262 609

169 325 396 376 δηλοῦντα,
419 320 464 364 ἐν
493 317 555 371 οἷς
581 322 768 375 σημαίνει
784 319 862 376 την
881 318 954 375 μὲν
970 322 1122 372 ἔξωθεν
1136 323 1212 363 τοῦ
1227 322 1332 367 λαοῦ
1348 319 1525 371 εἴσοδον,
1554 320 1633 374 τὴν

168 378 212 422 δὲ
237 379 391 420 ἔσωθεν
417 375 466 419 vo?
495 376 590 446 ἅγια
606 395 688 424 των
708 377 835 433 οἷγίων
859 377 1124 445 υποῖρχουσαν
1145 378 1213 420 καὶ
1237 373 1375 431 μόνοις
1392 383 1481 427 τοῖς
1500 378 1637 432 ἱερεῦ-

168 449 234 477 σιν
263 431 391 477 ουσαν
415 432 614 488 ἐπιβατόν.
673 436 911 474 columellae
931 438 1014 474 eive
1036 436 1220 474 thoraces·
1245 443 1480 486 separantes
1498 436 1631 479 altare

168 507 196 532 a
224 493 381 545 reliquo
409 494 577 544 templo,
607 499 644 530 et
665 493 834 531 cancelli
851 493 987 530 locum
1007 494 1207 531 orationis
1229 491 1499 542 manifestant
1515 499 1553 530 et
1570 495 1633 530 εἰ·-

163 557 297 602 gnant
329 563 535 601 quousque
558 550 729 587 exterius
759 548 920 601 ingredi
939 550 1120 600 populus
1134 551 1293 600 poa-sit,
1324 562 1375 585 ae
1400 547 1514 600 quod
1525 550 1634 586 inteu-

167 608 258 644 rius·
279 613 356 657 est,
386 613 532 644 «sancta
547 613 782 644 sanctorum
800 620 903 656 ease,
933 606 1069 643 locum
1086 606 1186 643 solis
1196 606 1387 656 pervium
1405 604 1633 643 sacerdoti-

167 662 254 701 bus.
310 663 354 700 in
383 661 447 700 his
476 663 607 702 verbis
637 662 768 701 notari
797 663 916 701 velim
945 675 1063 700 voces
1089 662 1178 700 illas
1206 659 1341 702 κιόνια
1367 661 1436 702 καὶ
1462 658 1630 729 στήθεα,

169 719 314 771 quibus
341 718 599 770 designantur
627 720 705 758 alte
732 719 906 757 extantia
934 718 1041 769 tigna
1065 718 1138 759 τοῦ
1163 713 1446 770 δρυφακτου”
1418 734 1445 770 η
1466 714 1632 759 δικτύου

167 776 385 814 cancellati
410 778 513 826 septi
539 777 753 814 reticulato
784 790 896 827 opere
925 775 1099 825 hiantis,
1128 774 1241 813 rimis
1263 780 1395 813 tamen
1418 780 1488 813 aut
1507 774 1633 814 inter-

166 832 283 871 vallis
299 831 480 870 velorum
499 846 680 884 oppansu
698 832 824 882 tectis,
846 838 890 871 ut
907 832 1090 870 diximus.
1128 837 1245 882 atque
1263 830 1362 870 haec
1380 831 1490 883 prius
1506 831 1632 872 fuere.

166 895 307 941 postea
335 888 490 927 invenit
513 889 801 940 imperatorum
828 888 1120 939 magnificentia
1146 887 1340 938 rationem
1361 886 1437 926 ista
1461 887 1633 926 ornandi

167 951 207 984 et
228 945 339 983 salvo
359 958 435 983 usu
456 945 661 996 religionis
681 959 727 983 ac
742 946 974 983 necessitate
991 945 1095 984 ritus
1114 945 1156 983 in
1180 943 1446 994 augustiorem
1471 945 1633 983 confor-

166 1002 302 1040 mandi
329 1001 515 1054 speciem.
573 1015 648 1054 pro
675 1002 894 1039 cancellato
924 1015 944 1039 e
974 1001 1138 1040 materia
1166 1006 1279 1052 septo
1308 1000 1584 1052 pretiosiorem
1611 1013 1633 1038 e

167 1071 365 1096 marmme
394 1064 462 1096 aut
488 1068 600 1107 aere,
640 1064 801 1108 aigento
831 1057 928 1109 quin
954 1058 1072 1096 etiam
1099 1063 1136 1095 et
1160 1070 1282 1105 auro,
1310 1057 1633 1095 illuminantibus

167 1128 318 1167 opus²³
298 1113 455 1152 ‹remmis
489 1127 646 1165 quoque
678 1114 856 1163 ineatis,
885 1127 1043 1152 scenam
1071 1113 1340 1152 obtenderunt
1365 1126 1479 1152 sacro
1501 1113 1631 1162 altari,

167 1170 276 1209 omni
294 1166 602 1209 alchitectonica
625 1170 817 1221 elegantia
837 1170 1062 1220 visendam,
1087 1170 1306 1219 columnis,
1334 1169 1476 1219 signis,
1507 1170 1630 1218 vasis,

164 1225 356 1278 fiolibus,
397 1227 534 1278 figuris
563 1227 654 1265 visu
685 1226 982 1279 pulcherrimis.
1041 1227 1326 1265 Constantinus
1355 1226 1634 1278 Pmphyroge-

165 1285 275 1323 nitus
297 1284 346 1322 de
367 1283 449 1322 vita
469 1289 508 1322 et
528 1284 647 1322 rebus
675 1283 794 1334 gestis
816 1283 953 1321 Basilii
973 1283 1166 1334 Augusti,
1192 1288 1405 1335 postquam
1428 1283 1634 1326 retulisset

167 1354 257 1379 eum
296 1340 571 1378 munificentia
598 1340 716 1404 plane
744 1339 850 1390 legia
878 1339 1038 1391 templi,
1081 1339 1189 1390 quod
1225 1338 1423 1385 extruxit,
1463 1339 1632 1390 parietes

166 1398 307 1436 dextia
336 1397 524 1448 laevaque
540 1396 708 1434 tectorio
730 1409 779 1434 ex
799 1402 960 1447 argento
978 1396 1108 1434 aureis
1130 1395 1386 1434 interstincto
1404 1392 1571 1433 floribus
1592 1401 1634 1433 et

165 1453 331 1505 gemmis
357 1453 571 1492 obduxisse
599 1453 668 1503 (οἱ
691 1447 734 1493 δὲ
755 1452 798 1493 ἐκ
820 1453 962 1501 δεξιῶν
980 1452 1048 1493 καὶ
1067 1448 1287 1504 εὐωνύμων
1307 1455 1432 1503 τοῖχοι
1454 1447 1633 1504 ἄργυρον

167 1508 359 1561 ἄφθονον
385 1508 454 1550 καὶ
485 1505 599 1550 αὐτοὶ
626 1508 877 1561 ἐπικείμενον
906 1509 1056 1561 ἔχουσι,
1086 1506 1378 1574 διηνθισμένον
1403 1509 1541 1562 χρυσῷ
1561 1506 1632 1547 καὶ

165 1567 311 1619 τιμίοις·
341 1564 649 1618 πεποικιλμένον
675 1567 810 1613 λίθοις
835 1564 902 1606 καὶ
926 1580 1143 1618 μαργαρων
1166 1559 1461 1633 λαμπρότησι),
1491 1564 1626 1602 statim

164 1623 278 1662 addit
299 1622 355 1661 de
385 1636 499 1661 sacro
503 1628 638 1689 septo
665 1622 750 1661 sive
778 1622 903 1661 solea.
933 1639 960 1675 η
994 1619 1036 1662 δὲ
1068 1621 1296 1674 διείργουσα
1323 1618 1372 1660 τὰ
1402 1617 1529 1660 ἄδυτα
1553 1622 1630 1661 τοῦ

165 1679 286 1720 θείου
306 1679 421 1720 οἷ’κου
441 1675 584 1719 τούτου
607 1679 780 1732 κιγκλίς,
807 1674 1023 1745 Ἡρακλεις,
1052 1675 1147 1719 όσον
1168 1675 1289 1729 όλβον
1309 1672 1394 1718 ἐν’
1373 1679 1499 1744 εαυτῇ
1512 1691 1627 1746 περι·

167 1737 354 1802 εἴληφεν,
383 1751 434 1807 ης
457 1735 499 1775 οί
519 1738 655 1776 στῦλοι
676 1733 749 1787 μὲν
766 1734 834 1776 καὶ
852 1732 900 1775 τα
919 1731 1106 1775 κατωθεν
1131 1734 1170 1782 ἐξ
1197 1730 1382 1804 ἀργύρου
1395 1717 1534 1773 διόλου
1551 1730 1630 1783 τήν

166 1788 357 1832 σύστασιν
385 1791 564 1844 ε’χουσιν,
593 1790 623 1843 ἦ
652 1790 695 1832 δὲ
721 1796 808 1839 ταῖς
830 1792 1016 1842 κεφαλίσι
1036 1786 1189 1831 τούτων
1207 1787 1434 1855 ἐπικειμένη
1454 1787 1565 1836 δοκὶς
1583 1788 1628 1830 ἐκ

164 1850 355 1900 καθαροῦ
371 1848 535 1901 χρυσίου
553 1849 664 1888 πᾶσα
675 1847 943 1899 συνέστηκεν,
971 1844 1043 1888 τόν
1068 1849 1243 1887 πλοῦτον
1261 1842 1392 1886 πάντα
1411 1842 1479 1887 τὰν
1499 1845 1539 1894 ἐξ
1555 1840 1628 1887 Ἰνψ-

166 1907 249 1946 δων
268 1903 577 1956 περικεχυμένον
596 1902 803 1945 παντοθεν
812 1904 965 1974 ἔχουσα
974 1933 989 1953 ,
1019 1898 1109 1945 ἐν
1080 1919 1107 1971 η
1126 1900 1226 1943 κατοῖ
1246 1898 1373 1943 πολλα
1390 1900 1490 1955 μέρη
1510 1899 1629 1942 xoel‘
1596 1917 1626 1954 η

164 1958 387 2013 θεανδρικη
412 1963 485 2002 τοῦ
512 1961 655 2014 κυρίου
684 1976 821 2013 μορφη
852 1957 948 2013 μετοὶ
974 1971 1199 2013 χυμευσεως
1222 1953 1495 2001 ἐκτετυπωται.
1551 1959 1626 2010 qui

164 2032 255 2058 vero
286 2016 414 2069 adyta
439 2017 608 2055 huiusce
639 2016 771 2054 divim·
799 2018 939 2069 templi
957 2024 1150 2068 separant
1167 2015 1360 2066 cancelli,
1388 2014 1487 2052 deuo
1502 2014 1626 2052 bone!

167 2081 344 2126 quantas
373 2076 417 2111 in
447 2088 488 2112 se
511 2073 684 2113 divitias
711 2074 941 2112 contenent?
972 2087 1144 2124 quorum
1172 2072 1383 2110 columnae
1404 2077 1626 2122 partesque

166 2133 271 2167 imae
293 2143 426 2168 omne-5·
450 2144 494 2168 ex
515 2138 680 2182 argento
705 2131 904 2183 conflatae
919 2136 1034 2178 sunt,
1063 2136 1100 2166 et
1115 2128 1314 2192 capitellis
1331 2140 1467 2164 earum
1488 2140 1627 2178 super.

167 2184 397 2224 incumbens
418 2186 530 2223 trabs
552 2194 640 2225 tota
663 2201 707 2224 ex
727 2201 834 2239 puro
861 2200 964 2224 auro
986 2192 1166 2234 constat,
1196 2185 1407 2222 universae
1427 2181 1625 2221 Indorum

168 2242 342 2280 divitias
370 2244 480 2280 omni
505 2256 549 2279 ex
569 2250 690 2294 parte
710 2244 982 2295 circumficcas
998 2241 1174 2289 habens5
1203 2242 1247 2279 in
1264 2253 1346 2292 qua
1361 2240 1505 2277 multis
1523 2239 1625 2277 locis

168 2306 206 2336 et
236 2297 474 2336 tlzeandrica
503 2297 659 2336 domini
675 2299 821 2349 firma
849 2314 961 2350 opere
989 2298 1165 2349 clgvmico
1191 2310 1374 2348 expres-sa
1398 2303 1467 2335 est.
1522 2295 1622 2334 haec

169 2355 476 2402 Constantinus;
508 2355 576 2405 qui
604 2361 644 2393 et
671 2355 764 2394 alibi
791 2355 934 2394 similia
961 2355 1010 2393 de
1037 2352 1423 2404 magnificentissima
1454 2351 1622 2390 decora-

166 2412 278 2449 tione
302 2411 440 2462 templi
470 2410 632 2449 alterius
653 2425 724 2463 per
741 2412 910 2450 eundem
928 2410 1115 2449 Basilium
1139 2411 1362 2460 Augustum
1386 2410 1490 2447 facta
1511 2409 1621 2447 rese-

165 2481 280 2516 rens,
308 2474 520 2519 postquam
549 2467 653 2505 dixit
672 2473 712 2506 et
735 2468 872 2520 templi
894 2467 1063 2519 parieles
1089 2472 1128 2504 et
1152 2466 1236 2519 ipsa
1259 2465 1487 2518 praesertim
1510 2465 1619 2503 inte.-

165 2524 276 2563 riola
295 2524 506 2574 adytorum
527 2529 685 2574 argento
707 2537 804 2562 auro
829 2524 990 2574 gemmis
1013 2530 1051 2562 et
1069 2522 1283 2561 unionibus
1300 2521 1618 2573 splendidissime

166 2581 408 2630 incrustata,
440 2581 601 2632 proprie
628 2579 738 2617 addit
766 2580 815 2618 de
845 2580 1031 2618 exteriori
1063 2579 1160 2617 facie
1183 2579 1288 2646 septi
1307 2579 1430 2616 altare
1452 2578 1618 2614 abscon-

169 2636 322 2674 dentis.
351 2652 420 2676 και
448 2636 491 2676 ἐκ
509 2652 590 2676 των
607 2633 715 2683 ἕκτὰς
734 2636 975 2689 διείργουσαι
995 2633 1042 2676 τοὶ
1060 2631 1324 2707 θυσιαστήρια
1339 2635 1532 2687 κιγκλίδες
1549 2632 1618 2673 καὶ

167 2707 217 2732 τα
246 2692 288 2734 ἐν
319 2688 458 2740 αυταῖς
485 2693 717 2761 περίστυλα,
746 2691 815 2732 καὶ
839 2709 886 2732 τα
914 2690 1076 2732 ἄνωθεν
1095 2688 1182 2732 οἷον
1200 2690 1413 2744 ’ὑπέρθυρα
1430 2689 1617 2759 χρηματί-

170 2749 305 2797 ζοντα,
336 2749 416 2790 οἵτε
443 2745 550 2795 ἐντος
575 2751 722 2794 θᾶκοι,
752 2764 820 2788 και
838 2748 884 2788 αἱ
898 2746 976 2816 πρό
995 2764 1148 2789 τουτων
1163 2749 1380 2800 βαθμῖδες,
1408 2761 1474 2785 και
1497 2740 1617 2784 αὗται

168 2804 216 2843 αἱ
238 2804 341 2855 ἱεραὶ
365 2801 574 2858 τραπεζαι,
613 2804 653 2853 ἐξ
687 2800 865 2858 ἀργύρου
891 2801 1022 2846 πάντα
1057 2803 1361 2868 περικεχυμένον
1393 2801 1524 2853 ἔχουσι
1546 2798 1618 2840 τὸν

166 2856 320 2914 χρυσόν.
378 2869 415 2899 ec
438 2862 511 2913 qui
539 2860 590 2898 ab
617 2862 800 2901 exteriori
820 2861 957 2913 templi
970 2867 1090 2914 parte
1105 2861 1389 2899 sanctuarium
1403 2855 1617 2897 secludunt

224 2920 397 2966 Georgius
426 2922 649 2967 Pachymeres
679 2922 709 2957 Ι.
1287 2916 1342 2957 39
