1884 3262
268 200 364 247 672
659 197 970 244 OBSERVAT.
1003 198 1318 246 PACHYMER.

267 308 372 350 hac
359 320 444 360 ipsa
463 305 513 346 de
532 319 576 346 re
592 306 634 345 in
654 306 831 346 concilio
845 306 1078 346 Florentino
1100 320 1196 347 sess.
1212 311 1241 351 6
1271 307 1506 360 disputantis
1522 306 1716 364 probatus

270 366 354 404 eius
370 376 501 401 sacrae
518 364 660 414 synodi
675 377 839 402 assensu
854 363 1103 431 syllogismus
1116 363 1199 402 huc
1216 363 1330 403 facit:
1361 361 1525 419 ουδεμία
1543 367 1715 418 tuotone,

271 416 488 468 ἄναπτυξις
514 416 541 472 ἢ
557 417 767 487 σαφήνειά
791 435 906 468 τινος
932 415 1149 472 ἐπιστήμης
1175 416 1206 473 η’
1234 416 1469 472 μαθήματος
1491 423 1637 476 ῥηθείη
1663 421 1715 464 οἶν

270 472 499 530 προσθήκη.
542 471 639 516 dato?
654 474 699 518 vo*
720 477 763 518 ἐκ
779 479 852 517 τοῦ
869 475 966 517 υἱοῦ
984 474 1206 544 λεγόμενον
1209 474 1252 516 ἐν
1269 492 1324 516 τω
1345 475 1526 546 συμβάλω
1544 479 1717 545 ἐμπεριέ-

270 548 376 602 xerat
387 535 442 601 τῇ
461 530 529 572 καὶ
551 536 623 573 τοῦ
643 530 789 601 πατρὸς
804 535 924 589 φωνῇ
937 562 947 582 ,
965 528 1206 586 -ἔξήγησις
1190 548 1239 573 ον
1263 530 1388 573 αὐτοῦ
1400 532 1469 573 καὶ
1489 518 1716 584 αναπτυξις.

273 585 350 630 οὐκ
381 604 459 640 apoc
484 587 563 629 ἐστὶ
591 586 820 655 προσθήκη.
877 573 997 627 nulla
1017 590 1229 641 expositio,
1259 590 1470 641 explicatio
1489 598 1564 628 aut
1581 590 1718 630 decla-

272 646 380 683 ratio
408 644 538 683 doctr’
522 659 613 682 mae
645 647 874 696 cuiuspiam
901 653 977 683 aut
1004 644 1210 697 dogmatis
1237 653 1338 683 recte
1363 653 1527 684 vocetur
1546 645 1718 687 additio.

274 703 391 753 atqui
417 715 492 740 vox
519 701 681 753 filioque
705 702 819 742 verbo
845 709 960 740 tenus
976 700 1176 739 adiuncta
1193 701 1404 753 symbolo
1387 704 1602 753 iamprius
1616 704 1661 741 in
1675 717 1718 742 eo

273 758 567 807 continebatur,
611 759 739 797 laten-s·
768 765 804 796 et
834 758 1112 797 subintellecta
1142 760 1187 796 in
1219 760 1313 809 ipset
1339 760 1535 796 mentione
1556 760 1719 810 patris,-

275 816 396 853 cuius
426 814 607 852 abstrusi
630 829 770 853 sensus
800 815 900 853 haec
932 822 1094 852 tantum
1120 816 1322 852 enarratio
1348 822 1385 851 et
1412 815 1623 866 explicatio
1651 822 1722 855 est.

275 886 354 910 non
385 878 441 909 est
466 873 595 922 igitur
622 870 794 913 additio.
855 870 936 910 scio
966 871 1137 909 Graecos
1161 870 1432 909 schismaticos
1455 877 1593 909 contra
1615 871 1723 910 exei-

274 941 390 980 pere,
420 927 587 965 vetitum
610 941 692 966 esse
706 927 940 966 nominatim
959 940 1156 979 apponere
1176 927 1392 978 quidquam
1410 927 1588 978 symbolo
1604 928 1723 966 etiam

274 983 530 1036 expositionis
557 997 684 1022 causa.
743 984 810 1022 sed
831 997 896 1023 eos
916 984 1123 1022 submovet
1141 982 1244 1021 idem
1263 983 1439 1022 Andreas
1458 983 1638 1022 Rhodius
1657 983 1723 1022 di-

272 1047 375 1079 serte
396 1053 539 1088 negans
556 1039 599 1077 id
620 1054 794 1091 unquam
813 1041 933 1078 fuisse
959 1039 1214 1103 prohibitum.
1269 1039 1389 1078 verba
1408 1039 1489 1078 eius
1509 1039 1607 1078 haee
1627 1045 1724 1078 sunt

275 1096 415 1135 concil.
432 1096 608 1133 Florent.
626 1110 714 1134 sess,
727 1100 754 1138 7
771 1111 812 1148 p.
825 1100 906 1139 107
922 1096 1084 1136 tom132
1100 1094 1368 1133 conciliorum
1391 1096 1451 1135 ed.
1456 1097 1554 1146 Beg.
1574 1090 1651 1147 ἀφ’
1671 1111 1722 1136 ου

274 1152 406 1193 ἕπεται
422 1149 481 1192 ότι
497 1150 619 1203 ηνίκα
639 1155 906 1221 συμπερανθῇ
919 1167 963 1192 το
988 1148 1206 1203 σύμβολον,
1233 1150 1301 1191 καὶ
1322 1147 1513 1191 κωλυεται
1535 1167 1578 1192 το
1601 1163 1723 1204 προσ-

273 1212 430 1255 θεῖναι,
473 1212 621 1247 νοεῖται
657 1205 754 1248 ὅσον
783 1205 880 1260 πρὸς
917 1205 985 1247 τὸν
1013 1210 1118 1247 νοῦν
1142 1206 1210 1246 καὶ
1233 1222 1333 1259 προς
1358 1205 1492 1258 ἑτέραν
1517 1204 1721 1248 διάνοιαν·

274 1262 370 1305 οσον
397 1261 440 1303 δὲ
470 1260 567 1315 πρὸς
596 1260 860 1314 διασάφησιν,
891 1259 1082 1304 ονδὲποτε
1107 1279 1134 1314 η
1163 1262 1346 1314 ἐκκλησία
1373 1266 1491 1303 τοῦτο
1513 1261 1725 1303 κεκώλυκε.

276 1319 382 1357 unde
412 1321 597 1370 sequitur
618 1319 933 1371 prohibitionem
958 1317 1158 1368 addendi,
1203 1332 1307 1370 quae
1339 1326 1609 1356 consummato
1639 1320 1726 1356 iam

274 1375 452 1427 symbolo
479 1383 536 1412 est
561 1378 767 1427 apposita,
797 1374 1103 1427 intelligendam
1128 1389 1210 1412 esse
1229 1373 1277 1412 de
1294 1374 1502 1413 additione
1517 1376 1612 1414 novt
1632 1388 1727 1412 sen-

275 1446 349 1470 sas
367 1430 620 1483 diversaeque
641 1435 880 1471 sententiae.-
909 1446 1006 1470 nam
1031 1429 1280 1469 additionem
1297 1445 1399 1483 quae
1416 1431 1476 1469 ad
1487 1445 1639 1469 meram
1654 1429 1727 1469 de-

275 1489 538 1527 clarationem
550 1490 746 1539 pertinet,
777 1502 987 1540 nunquam
1002 1487 1217 1539 prohibuit
1235 1489 1413 1526 eeclesia.

387 1545 587 1583 Secundus
596 1544 810 1583 additionis
819 1545 963 1596 gradus
973 1543 1208 1583 auctoritate
1224 1543 1368 1595 synodi
1377 1543 1568 1582 Nicaenee
1582 1555 1734 1581 secun--⁴

275 1601 368 1650 dae,
399 1601 589 1651 generalis
607 1601 795 1653 septimae
811 1603 939 1640 factus
957 1599 1137 1652 apologia
1154 1614 1236 1638 non
1252 1599 1413 1651 indiget.
1458 1605 1604 1651 quotus
1622 1599 1727 1637 enim

130 1665 159 1699 P
184 1662 251 1699 471
277 1658 443 1709 quisque
462 1670 544 1695 non
566 1658 685 1695 sentit
706 1657 807 1695 nihil
822 1658 955 1696 minus
972 1656 1070 1695 iuris
1090 1657 1338 1695 oecumenico
1360 1656 1528 1694 concilio
1553 1655 1726 1694 Nicaeno

275 1713 448 1753 secundo
476 1714 596 1751 fuisse
622 1714 849 1752 declarandi
876 1713 1028 1764 aliquid
1047 1712 1091 1751 in
1106 1712 1284 1763 symbolo
1303 1710 1730 1763 Constantinopolitani

277 1769 520 1809 oecumenici
537 1770 723 1815 secundi,
753 1783 869 1821 quam
888 1770 964 1821 ipsi
984 1769 1427 1821 Constantinopolitano·
1443 1768 1616 1806 secundo
1637 1768 1728 1805 fue·-

274 1832 339 1865 rat
361 1826 586 1877 apponendi
603 1825 722 1863 verba
743 1826 936 1876 quaedam
954 1825 1133 1876 symbolo
1153 1825 1263 1876 prius
1283 1825 1388 1863 edito
1407 1839 1428 1862 a
1452 1825 1622 1862 Nicaena
1637 1822 1729 1874 pri-

276 1895 339 1920 ma
358 1881 529 1930 generali
551 1894 690 1930 magna
708 1881 891 1932 synodo‘?
949 1881 1129 1931 apposita
1148 1894 1242 1918 vero
1260 1880 1338 1917 iam
1359 1880 1545 1931 symbolo·
1560 1891 1632 1930 per
1651 1891 1728 1928 ge-
1754 1904 1757 1905 γ

275 1937 450 1975 neralem
474 1936 666 1986 synodum
689 1949 786 1974 voce
791 1937 988 1987 filioque,
1018 1935 1116 1985 quin
1137 1934 1244 1972 illam
1266 1942 1426 1974 cantare
1449 1947 1607 1986 quoque
1624 1934 1731 1973 inter

278 2006 391 2031 sacra
416 1991 605 2030 continuo
633 1992 808 2043 potuerit
834 1992 932 2030 citra
952 1990 1294 2042 reprehensionem
1319 1992 1441 2029 ullam
1457 1990 1624 2029 ecclesia
1645 1990 1730 2027 Ro-

279 2061 417 2098 mana,
447 2047 627 2086 dubitare
653 2061 769 2086 nemo
793 2047 941 2099 poterit
971 2046 1041 2098 qui
1064 2053 1223 2099 reputet
1248 2047 1399 2085 nullam
1418 2046 1511 2096 fing'
1479 2060 1514 2084 σι
1541 2045 1732 2098 probabi-

277 2106 355 2143 lem
372 2104 563 2142 rationem
579 2117 708 2155 posse,
738 2117 811 2142 cur
826 2103 1050 2155 symbolum
1066 2117 1087 2140 a
1107 2103 1538 2154 constantinopolitana
1557 2101 1732 2141 secunda

281 2161 452 2211 generali
479 2160 632 2198 editum
659 2160 812 2210 synodo
840 2166 947 2197 recte
968 2159 1010 2197 in
1029 2165 1187 2197 cantum
1205 2159 1517 2197 ecclesiasticum
1535 2159 1588 2196 sit
1611 2162 1732 2196 rece-

286 2223 422 2269 ptum5
452 2216 555 2254 idem
576 2215 798 2266 symbolum
823 2215 990 2254 auctiori
1013 2221 1052 2253 et
1069 2215 1320 2267 explicatiori
1336 2215 1510 2253 editione
1526 2214 1732 2264 vulgatum

287 2287 310 2310 a
327 2273 496 2310 Nicaena
514 2271 686 2310 secunda
703 2272 873 2321 generali
893 2271 1059 2323 septima
1074 2271 1230 2322 synodo
1242 2300 1253 2320 ,
1276 2271 1387 2309 nefas
1405 2270 1529 2309 fuerit
1546 2269 1734 2308 ecclesia-

287 2328 395 2366 sticis
415 2329 541 2379 aptari
558 2328 747 2377 modulis,
779 2333 818 2366 et
837 2328 877 2365 in
895 2327 1042 2375 choro,
1069 2327 1160 2365 dum
1181 2341 1290 2365 sacra
1307 2332 1564 2379 peraguntur,
1593 2323 1734 2363 audiri.

288 2384 424 2422 dicent
442 2385 604 2422 fortasse
623 2397 743 2434 genus
762 2384 954 2423 mendacii
974 2383 1096 2421 fuisse
1117 2383 1337 2434 symbolum
1360 2382 1476 2433 quasi
1497 2396 1520 2419 a
1540 2382 1734 2419 Constan-

284 2439 557 2490 tinopolitanis
583 2439 777 2478 secundae
800 2440 944 2491 synodi
969 2439 1147 2491 patribus
1171 2440 1319 2478 editum
1338 2444 1522 2487 cantare,
1552 2450 1643 2476 cum
1664 2435 1734 2474 ad-

287 2494 502 2533 ditamento
529 2501 638 2534 tanto
669 2496 862 2547 posterius
882 2496 942 2533 illi
963 2509 984 2532 a
1008 2496 1172 2546 septima
1198 2494 1371 2546 generali
1396 2467 1551 2544 synodo
1571 2493 1732 2538 inserto,

287 2564 337 2589 ex
353 2564 430 2601 quo
447 2564 528 2589 non
546 2550 622 2588 iam
642 2553 810 2603 amplius
830 2552 869 2589 id
891 2551 1085 2589 secundae
1109 2551 1252 2602 synodi
1270 2549 1497 2602 symbolum
1518 2554 1638 2595 esset,
1664 2546 1734 2584 sed.

286 2606 396 2645 aliud
422 2605 619 2658 septimae.
673 2608 912 2659 1espondeo·
942 2607 976 2645 si
1000 2607 1124 2646 multa
1152 2607 1271 2645 verba
1303 2620 1325 2643 a
1353 2606 1531 2644 secunda
1565 2602 1736 2653 generali

288 2662 444 2714 synodo
460 2662 636 2713 symbolo
662 2663 853 2702 Nicaenae
872 2663 1023 2715 primae
1037 2663 1227 2713 generalis
1248 2661 1382 2700 addita
1398 2675 1487 2700 non
1498 2658 1736 2699 obstiterunt

288 2718 499 2769 quominus
519 2718 562 2756 id
581 2718 799 2768 symbolum
820 2719 1031 2757 Nicaenum
1051 2718 1186 2757 vocari
1201 2723 1491 2770 perseveraret,
1524 2728 1596 2753 cur
1615 2714 1735 2752 unius

289 2774 604 2825 quadrisyllflbae
629 2774 793 2812 voculae
823 2775 973 2812 additio
994 2774 1180 2826 impediet
1197 2787 1246 2812 ne
1268 2786 1362 2813 vere
1383 2772 1489 2810 idem
1509 2770 1736 2823 symbolum

289 2830 788 2882 Constantinopolitanum
802 2836 867 2870 ut
884 2836 998 2870 antea
1033 2830 1161 2882 possit
1186 2830 1295 2868 dici?
1350 2827 1522 2869 Nicaeno
1555 2825 1736 2879 symbolo
