1884 3262
371 234 447 287 DE
479 245 752 290 MICHAELE
784 247 1153 296 PALAEOLOGO
1186 252 1234 296 L.
1259 253 1314 299 V.
1488 253 1585 300 389

139 373 264 413 μερον
285 355 333 399 οὗ
352 358 464 402 δοκεῖ
479 357 578 410 τινί,
609 358 751 415 αὔριον
769 358 868 410 ἴσως
884 361 1059 418 στέρξειν
1081 354 1147 406 καὶ
1170 361 1408 420 ἀγαπήσειν,
1437 365 1484 409 οὗ
1502 384 1584 409 πα-
1604 378 1636 413 B

140 422 334 478 λα’μβολόν
358 442 448 468 τινα
479 424 578 468 ὄντα
598 428 664 469 καὶ
686 427 791 470 κατὰ
809 427 856 471 τό
879 432 1002 483 τυχὸν
1032 430 1318 487 ἐκτρεπόμενον
1327 466 1342 486 ‚
1380 427 1485 477 ἀλλὰ
1512 438 1585 477 λο-

139 499 297 548 γισμοῖς
330 491 598 546 δουλεύοντα,
641 495 797 538 ἐκείνων
824 498 1168 550 μετακλινομένων
1197 497 1238 549 ἔς
1263 499 1286 543 ὅ
1312 518 1351 543 τι
1380 503 1447 544 καὶ
1473 499 1585 553 δόξοι

142 560 350 616 συμφέρον
387 563 454 603 καὶ
487 561 637 612 αὐτοὺς
669 560 874 619 πράττειν.
942 566 1009 606 καὶ
1037 570 1159 609 τοῦτο
1188 565 1287 609 εἶναι
1316 567 1363 611 τὸ
1388 569 1447 624 μὴ
1472 570 1583 625 παρὰ

106 629 367 682 5συνείδησιν
378 661 392 681 ,
422 627 477 679 ὥς
505 627 757 683 πιστεύομεν.
826 630 873 673 τὸ
904 631 950 674 δὲ
974 634 1062 688 περὶ
1084 638 1166 676 τῶν
1186 636 1454 690 προκειμένων
1474 635 1584 691 ἡμᾶς

139 697 398 751 ἐρωτᾶσθαι,
433 702 595 753 πρῶτον
609 699 682 751 μὲν
705 696 761 748 ὥς
780 697 827 740 οὗ
842 699 970 752 ’μετόν
991 698 1087 754 ἡμῖν
1104 705 1179 757 τῆς
1198 704 1288 758 περὶ
1310 701 1466 746 τούτων
1488 705 1582 747 σκέ-

139 776 251 817 ψεως
283 765 325 806 ἐκ
357 762 560 818 κανόνων,
595 764 673 808 ’ὑπ”
692 765 871 822 ἀρχιερεῖ
883 770 1040 810 τελοῦσι
1059 770 1124 811 καὶ
1145 768 1373 826 ὀφείλουσιν
1391 772 1576 824 ἕπεσθαι,

138 833 181 873 τί
204 831 285 887 χρὴ
314 834 380 874 καὶ
413 832 561 888 Mysus,-
595 833 700 889 πλὴν
730 833 824 876 ἀλλ’
848 834 1015 886 ἕκαστος
1033 837 1116 895 ἰδίᾳ
1136 837 1245 880 καθ’
1267 837 1392 881 αὖτόν
1422 837 1577 895 ε’ρωτά-
1600 849 1631 883 C

138 904 255 951 σθω,
293 901 360 942 καὶ
380 900 479 950 ἴσως
500 899 631 956 φόβος
657 901 788 951 οὐδεὶς
813 905 887 956 τῆς
909 907 984 957 σῆς
1002 906 1210 957 βασιλείας
1229 906 1283 955 εἷς
1300 906 1455 961 βουλὴν
1476 924 1580 962 προ-

84 981 127 1014 10
139 968 319 1022 τιθείσης
347 967 395 1010 τὸ
421 970 700 1023 προκείμενον,
738 968 862 1024 λέγειν
881 969 928 1012 τὸ
947 969 1257 1027 παριστάμενον.
1325 972 1416 1016 τότε
1444 976 1580 1017 τοίνυν

136 1035 404 1091 ἓρωτωμένων
424 1033 445 1077 ὃ
461 1037 535 1089 μὲν
553 1035 712 1091 ἅπέλεγε
732 1038 798 1078 καὶ
819 1036 870 1078 τὰ
888 1039 980 1092 τρία
994 1052 1004 1061 ·
1038 1040 1144 1094 μηδὲ
1171 1039 1249 1095 γὰρ
1275 1038 1432 1084 τούτων
1451 1059 1581 1084 κατα-

137 1107 274 1156 λαβεῖν
305 1101 408 1152 ὅλως
425 1103 498 1157 τὴν
520 1104 731 1157 ἐκκλησίαν
756 1102 812 1145 ἑνὶ
828 1106 1087 1161 χρησαμένην
1108 1108 1173 1149 καὶ
1190 1105 1327 1166 μόνῳ,
1363 1113 1506 1164 χρῆναι
1536 1110 1581 1152 δὲ

136 1172 339 1226 διατηρεῖν
361 1172 428 1212 καὶ
451 1177 536 1219 τοῖς
555 1170 634 1224 ὀψὲ
653 1172 930 1227 γενησομένοις
950 1172 972 1216 ὃ
997 1173 1047 1228 δὴ
1067 1181 1181 1231 σφεῖς
1203 1176 1245 1217 ἐκ
1265 1180 1346 1218 τῶν
1371 1177 1580 1232 προτέρων

134 1238 380 1294 παρέλαβον.
450 1241 484 1281 εἷ
511 1239 552 1281 δ’
585 1239 794 1282 ἐπισείεται
830 1241 1039 1294 κίνδυνος,
1084 1241 1235 1293 αὐτοὺς
1264 1244 1338 1297 μέν
1365 1244 1423 1299 μὴ
1446 1244 1579 1301 χρεῶν

30 1348 33 1349 ⁷
82 1307 357 1362 ιςφροντίζειν
374 1306 478 1361 πλὴν
498 1307 579 1361 μὴν
598 1311 673 1349 τοῦ
693 1306 898 1361 εὔχεσθαι,
926 1308 996 1351 τὸν
1018 1309 1066 1351 δέ
1080 1326 1122 1365 γε
1142 1315 1370 1366 κρατοῦντα
1389 1311 1447 1366 μὴ
1469 1313 1575 1355 ἀνιέ-
1597 1322 1630 1357 D

134 1392 199 1416 ναι
220 1374 347 1429 μηδὲν
371 1379 452 1416 τῶν
476 1376 531 1423 εἷς
550 1374 746 1431 μέριμναν
768 1372 968 1429 ἡκόντων,
1003 1376 1076 1433 ἐφ’
1101 1371 1134 1436 ᾧ
1159 1376 1381 1427 ἀκινδύνως
1399 1379 1471 1422 τὸν
1491 1381 1577 1422 κίν-

134 1444 256 1485 δυνον
283 1441 417 1491 ἄλλως
447 1439 694 1499 ἐκφύγοιμεν.
763 1438 868 1498 ἦσαν
892 1443 935 1486 δ’
963 1444 1008 1487 οἳ
1025 1445 1091 1487 καὶ
1112 1452 1309 1502 πρωτεῖον
1336 1443 1463 1502 μόνον
1492 1448 1576 1490 ἐδί-

224 1595 278 1631 12.
300 1593 526 1641 χρησομένην
547 1595 588 1630 Ρ.
725 1597 780 1631 17.
803 1592 897 1641 ἦσαν
921 1592 962 1631 δ’
981 1594 1041 1641 οἳ]
1066 1594 1104 1634 οἳ
1125 1594 1167 1634 δ’
1189 1590 1284 1643 ἦσαν
1304 1597 1348 1632 Ρ.

134 1730 224 1777 quod
246 1731 321 1776 quis
342 1730 441 1765 hodie
462 1742 528 1765 non
551 1730 765 1776 probaverit,
797 1743 873 1766 cras
905 1732 995 1766 forte
1025 1732 1197 1777 praeferet
1218 1735 1321 1778 atque
1342 1732 1575 1778 amplectetur,

134 1789 200 1811 non
221 1776 442 1811 inconstantia
464 1777 519 1811 vel
542 1777 683 1812 fortuita
703 1777 843 1811 levitate
865 1789 941 1812 sese
962 1789 1119 1820 versans,
1140 1778 1201 1812 aed
1223 1782 1388 1813 momenta
1408 1778 1574 1813 rationum

133 1833 289 1867 sequens,
334 1822 471 1856 credere
493 1834 568 1856 sese
590 1823 667 1857 illos
690 1823 878 1864 antistites,
912 1823 969 1869 qui
991 1823 1188 1858 sententiam
1211 1827 1418 1865 mutassent,
1450 1824 1574 1869 aliquid

132 1868 255 1902 vidisse
275 1878 342 1912 quo
374 1873 585 1902 moverentur
607 1868 649 1902 ad
698 1868 945 1914 ropendendum
970 1868 1006 1902 in
1033 1871 1164 1914 partem
1196 1869 1355 1911 alteram,
1385 1868 1576 1914 fecisseque

133 1917 168 1947 in
191 1924 232 1947 eo
254 1912 347 1958 ipsos
369 1913 458 1958 qnod
481 1913 546 1947 sibi
572 1879 733 1959 expedire
766 1914 993 1956 iudicassent3
1027 1925 1136 1958 neque
1166 1926 1303 1949 censere
1326 1916 1391 1949 ista
1412 1914 1447 1948 in
1470 1926 1508 1948 re
1527 1915 1571 1949 ab

132 1957 214 2003 ipsis
235 1963 352 1993 contra
374 1958 610 1994 conscientiam
657 1965 818 1993 eccatum.
866 1960 954 2005 quod
976 1971 1056 1994 vero
1076 1959 1256 2004 imperator
1287 1960 1432 2006 ipsorum
1456 1960 1498 1994 de
1520 1960 1572 1994 his

134 2003 332 2038 sententiam
353 2010 511 2048 rogaret,
542 2005 584 2038 ad
608 1971 654 2038 ici)
666 2004 715 2039 sic
736 2005 1003 2051 responderunt,
1034 2005 1174 2050 primum
1205 2005 1269 2039 sibi
1294 2017 1355 2050 per
1376 2016 1492 2039 sacros
1513 2017 1572 2039 ca-

134 2060 237 2083 nones
258 2060 324 2083 non
354 2049 458 2084 licere
484 2049 672 2084 deliberare
694 2051 738 2084 de
760 2051 904 2094 talibus,
938 2050 998 2096 qui
1018 2050 1232 2095 patriarchae
1255 2052 1449 2091 subessent,
1483 2050 1573 2084 eius-

134 2106 200 2139 que
229 2095 324 2140 sequi
355 2094 513 2129 iudicium
543 2099 580 2130 et
610 2096 803 2142 praeceptis
825 2097 1057 2141 obtemperare
1079 2095 1250 2130 deberent.
1297 2107 1402 2141 quare
1424 2107 1488 2129 non
1510 2096 1571 2129 ha-

133 2141 216 2173 bere
247 2150 284 2173 se
313 2140 401 2186 quod
431 2140 466 2174 in
499 2152 670 2175 commune
696 2141 858 2176 dicerent.
903 2152 1003 2187 posse
1027 2145 1136 2175 autem
1160 2151 1323 2186 quemque
1342 2140 1497 2184 privatim
1519 2141 1572 2173 in-

133 2184 312 2227 terrogari.
356 2186 406 2220 sic
437 2186 522 2220 enim
553 2191 661 2220 metus
683 2186 811 2220 scilicet
833 2187 940 2221 nullus
961 2185 1110 2221 tardabit
1131 2186 1323 2230 singillatim
1343 2186 1571 2229 interrogatos

135 2242 156 2264 a
179 2229 354 2264 maiestate
379 2235 458 2271 tua,
491 2242 555 2274 ne,
590 2231 671 2276 quid
693 2232 776 2277 ipsis
799 2231 832 2265 in
855 2236 996 2266 mentem
1029 2231 1179 2272 venerit,
1209 2231 1383 2276 proferant
1405 2241 1507 2275 super
1526 2230 1570 2264 iis

133 2287 222 2321 quae
251 2279 488 2320 proponentur.
534 2276 616 2311 fecit
637 2277 700 2310 hoc
722 2277 835 2311 statim
866 2277 1069 2321 imperator;
1102 2281 1139 2310 et
1167 2287 1279 2310 eorum
1303 2287 1388 2321 quos
1409 2275 1569 2321 privatim

134 2320 284 2361 audivit,
316 2320 400 2353 alius
421 2320 488 2354 tria
510 2332 552 2355 ex
574 2333 681 2366 aequo
703 2327 824 2356 cuncta
847 2323 995 2367 capitula
1017 2321 1156 2363 reiecit,
1178 2321 1300 2355 nullum
1323 2332 1436 2355 eorum
1458 2319 1568 2365 accipi

132 2367 176 2400 ab
211 2365 352 2399 ecclesia
382 2376 482 2410 posse
515 2367 733 2409 contendens,
768 2379 855 2412 quae
887 2367 946 2401 uni
974 2378 1128 2412 supremo
1151 2366 1253 2412 capiti
1273 2366 1484 2413 patriarchae
1505 2377 1566 2399 suo

131 2422 254 2456 parere
268 2410 454 2444 didicisset:
477 2416 634 2456 oportere
646 2416 756 2446 autem
779 2419 896 2447 tenere
919 2417 954 2446 et
975 2411 1201 2446 transmittere
1223 2411 1267 2447 ad
1288 2416 1453 2465 posteros,
1475 2410 1567 2457 quod

133 2468 154 2489 a
176 2455 328 2500 patribus
355 2455 573 2500 accepissent.
618 2458 766 2502 pericula
795 2469 896 2503 porro
928 2468 1015 2502 quae
1045 2457 1239 2502 impendere
1269 2457 1478 2499 dicerentur,
1513 2457 1566 2490 sui

132 2501 257 2547 privati
278 2501 423 2535 muneris
445 2512 510 2535 non
534 2512 610 2535 esse
631 2502 695 2536 alio
717 2502 813 2536 modo
836 2507 1053 2547 praevertere
1075 2512 1173 2547 quam
1193 2502 1402 2536 orationibus
1423 2513 1483 2547 pro
1506 2513 1566 2535 eo-

132 2558 204 2580 rum
226 2546 416 2581 amolitione
437 2546 501 2581 deo
524 2547 712 2582 fundendis.
755 2547 915 2592 principis
935 2558 1016 2581 vero
1039 2547 1074 2581 id
1095 2547 1199 2581 solum
1221 2548 1391 2593 postulare
1405 2546 1565 2587 officium,

133 2598 173 2625 ut
201 2591 232 2626 is
261 2592 342 2626 nihil
371 2591 529 2636 politicae
558 2592 765 2638 bellicaeque
795 2592 1013 2626 solicitudinis
1035 2592 1183 2635 omittat,
1218 2604 1305 2638 quae
1326 2591 1566 2638 praecavendis

134 2636 228 2670 malis
259 2640 295 2671 et
321 2637 526 2682 reipublicae
548 2638 591 2671 ab
611 2636 651 2671 iis
674 2637 828 2672 incolumi
849 2637 1037 2672 servandae
1065 2639 1240 2683 profutura
1262 2638 1426 2673 videatur.
1471 2641 1567 2671 erant

134 2682 281 2716 nonnulli
302 2682 362 2727 qui
385 2683 450 2716 duo
473 2680 585 2728 p'riora
608 2682 740 2728 capita,
777 2683 953 2728 primatum
978 2687 1014 2717 et
1034 2683 1321 2729 provocationem,
1353 2684 1424 2718 sine
1446 2692 1566 2726 magno

133 2727 252 2761 damno
281 2727 427 2761 relaxari
459 2740 560 2774 posse
591 2728 763 2770 dicerent,
815 2728 918 2773 uippe
970 2739 1084 2763 uorum
1108 2735 1259 2763 neutrum
1282 2730 1371 2763 ultra
1393 2739 1509 2762 nomen
1532 2731 1568 2760 et

132 2773 277 2816 speciem
299 2773 344 2806 ad
369 2774 494 2808 factum
517 2773 731 2818 procederet,
760 2784 797 2807 se
850 2774 911 2808 sub
941 2785 961 2807 ο
985 2777 1080 2809 tentu
1102 2785 1190 2808 vano
1212 2773 1428 2809 subiectionis
1450 2777 1566 2806 osten-

133 2820 246 2859 tatae,
276 2829 342 2852 non
365 2818 534 2853 exhibitae
555 2830 595 2854 re
614 2819 709 2865 ipsa,
736 2820 900 2863 integram
921 2830 984 2853 nec
1004 2819 1071 2854 ullo
1093 2819 1314 2864 interruptam
1335 2829 1399 2852 usu
1420 2816 1564 2852 Graecis

132 2866 285 2897 servaret
306 2862 389 2898 iuris
409 2864 571 2900 hacteuus
592 2863 746 2911 usurpati
768 2864 1018 2911 possessionem.
1063 2865 1162 2909 longe
1185 2865 1227 2900 ab
1250 2865 1303 2900 his
1322 2863 1490 2899 diversum
1510 2861 1565 2896 vi-
