1884 3262
480 187 556 230 DE
586 185 865 231 MICHAELE
895 186 1272 232 PALAEOLOGO
1300 187 1348 230 L.
1376 186 1450 230 111.
1591 187 1689 233 239

214 300 402 359 θημερόν
423 299 451 357 ἦ
475 298 690 356 ἀνακωχή,
727 300 775 344 οὗ
795 300 878 357 μὴν
908 301 953 344 δὲ
971 303 1038 344 καὶ
1058 301 1100 351 ἒς
1121 299 1244 344 πλέον
1264 299 1440 358 ἦφίουν,
1476 298 1574 344 ἀλλ’
1594 300 1692 344 ἕπο-

215 369 406 428 λιόρκουν
435 374 679 421 κυκλοῦντες
706 372 774 414 καὶ
797 367 935 426 μάχην
962 361 1166 427 καρτερὰν
1187 372 1390 414 συνίστων
1407 403 1422 423 ,
1457 370 1561 428 πρὸς
1578 368 1628 425 ἣν
1652 370 1694 415 οἶ

214 439 330 490 ἐντὸς
352 439 530 495 ἀντέχειν
557 438 926 496 κατηναγκάζοντο.
998 440 1066 482 καὶ
1097 438 1226 489 πολῦς
1253 434 1304 495 ἦν
1332 437 1357 494 ἦ
1381 440 1425 490 ἐξ
1444 438 1690 497 ἀμφοτέρων

213 507 309 566 ἶρις.
379 507 436 559 ὥς
460 509 506 551 δ’
529 509 568 551 οἳ
597 509 711 560 ἐντὸς
737 508 819 564 ἤδη
848 507 1056 564 ἠσθένουν
1083 509 1150 551 καὶ
1174 506 1195 551 ὅ
1219 509 1405 558 κίνδυνος
1428 503 1478 563 ἦν
1497 508 1605 552 κατὰ
1625 526 1692 552 κε-

179 581 370 634 6φαλῆς,
408 575 706 635 πρεσβεύονται
732 577 837 635 παρ’
865 571 1083 632 ε’κείνουςῆ
1112 576 1197 631 μὴν
1223 575 1450 630 ἐκδιδόναι,
1483 578 1590 633 πλὴν
1609 575 1688 635 ὕφ’

211 645 348 703 ὅρκοις
370 654 458 708 τοῖς
476 646 582 690 κατὰ
606 651 711 690 θεοῦ
737 649 804 689 καὶ
831 647 958 690 θείων
990 647 1077 700 (καὶ
1101 645 1180 702 γὰρ
1204 645 1308 702 πρὸς
1326 645 1399 688 τὸν
1420 648 1691 690 Κωνσταντΐ-

209 734 282 759 νον
316 713 606 773 διεμηνύοντο)
639 715 839 774 ἀσφαλῶς
865 715 1106 772 γενομένοις.
1179 713 1289 758 οὕτω
1311 713 1690 770 διαπρεσβευσάμε-
1713 721 1744 756 Β

197 799 298 838 4νοι,
335 782 676 829 κατανευσάντων
701 785 895 828 κάκείνων
909 817 923 837 ,
962 785 1027 827 ἐπὶ
1057 787 1158 827 πᾶσι
1183 788 1366 839 χρῶνται
1385 788 1443 843 τῷ
1466 785 1590 828 ἐκεῖσε
1612 784 1690 840 ἀρ-

208 860 345 911 χιερεῖ.
413 852 435 898 ὅ
466 854 511 897 δὲ
531 853 607 909 τὴν
639 853 843 910 ἱερατικὴν
870 853 1022 909 στολὴν
1053 850 1193 906 ἐνδύς,
1232 852 1373 907 λαβὼν
1392 852 1468 903 τὰς
1491 854 1613 904 θείας
1630 855 1688 897 εἲ-

155 921 358 976 1οκόνας,
393 923 470 966 σὺν
497 924 624 965 παντί
650 941 693 966 τε
725 923 847 974 ἔξεισι
879 920 1018 980 κλήρῳ
1044 924 1112 965 καὶ
1135 922 1249 978 παρὰ
1277 921 1350 965 τὸν
1368 925 1688 966 Κωνσταντΐνον

207 993 373 1049 γίνεται.
445 992 513 1034 καὶ
534 991 586 1045 δὴ
606 992 882 1035 τελεσθέντων
902 996 985 1034 τῶν
1006 990 1139 1048 ὅρκων
1157 989 1238 1034 ὖπό
1255 995 1346 1050 θεῷ
1366 994 1435 1034 καὶ
1457 996 1517 1050 τῷ
1544 989 1686 1050 ἱεράρ-

203 1079 260 1118 χῃ
288 1052 425 1103 εἵσεισι
448 1061 523 1115 μὲν
558 1058 834 1118 ὃάρχιερεύς,
885 1061 1025 1104 ε’κεῖνοι
1066 1060 1112 1103 «5³
1146 1059 1275 1110 εὐθὺς
1306 1061 1374 1103 καὶ
1407 1060 1587 1105 σουλτᾶν
1616 1062 1685 1104 καὶ

207 1127 343 1172 πάντα
364 1129 417 1172 τὰ
447 1129 600 1172 ἐκείνου
632 1130 709 1173 σὺν
736 1138 823 1179 τοῖς
850 1129 964 1186 ἄμφ’
997 1128 1124 1173 αὐτὸν
1151 1130 1371 1173 ἐκδιδοῦσι.
1439 1131 1507 1172 καὶ
1537 1129 1685 1174 αὐτίκα

207 1196 442 1255 ἀνεχώρουν
475 1196 695 1253 λαβόντες,
740 1199 870 1255 μηδὲν
902 1198 1003 1242 ἄλλο
1031 1199 1372 1255 προσεπιθέντες·
1408 1193 1516 1253 ἦσαν
1535 1199 1613 1257 γὰρ
1632 1200 1684 1243 τὰ

153 1271 291 1312 Ῑότῶν
327 1262 510 1325 ὅρκωνῆ
542 1268 626 1323 μὴν
668 1268 741 1311 τὸν
771 1267 951 1312 σουλτὰν
988 1266 1198 1322 λαβόντας
1226 1267 1506 1325 ἇρκεσθῆναι,
1552 1269 1682 1324 μηδὲν
1707 1276 1748 1324 Ο.

207 1334 446 1395 πράξοντας
463 1336 600 1380 πλέον.
673 1337 767 1380 ἀλλ’
793 1336 849 1387 ὡς
872 1336 999 1390 ἴοικε,
1037 1337 1085 1380 τὸ
1114 1339 1318 1394 μοιρίδιον
1337 1335 1529 1394 ἰσχυρόν,
1565 1337 1641 1381 κᾶν
1663 1337 1686 1382 ὅ

205 1424 245 1449 τι
262 1403 537 1460 βουλεύσαιτό
555 1423 618 1456 τις
643 1405 930 1464 ἀντιπεριστᾶν
956 1406 1004 1449 τὸ
1025 1403 1245 1463 μόρσιμον.
1314 1410 1388 1462 τῆς
1407 1405 1487 1463 γὰρ
1506 1407 1687 1464 ἐπιγενο-

205 1474 332 1531 μένης
351 1473 509 1531 ἡμέρας
527 1477 593 1517 καὶ
614 1475 807 1533 δευτέρας
827 1475 932 1530 μετὰ
952 1474 1028 1530 τὴν
1050 1477 1199 1532 πρᾶξιν
1219 1474 1438 1532 φαίνονται
1458 1475 1565 1518 κατὰ
1597 1474 1686 1519 θά-

205 1548 366 1587 λασσαν
396 1545 463 1586 καὶ
494 1544 538 1586 αἳ
568 1548 643 1587 τοῦ
671 1544 874 1598 βασιλέως
903 1542 1092 1600 τριήρεις.
1164 1545 1232 1586 καὶ
1264 1544 1309 1586 αἱ
1339 1545 1415 1598 μὲν
1445 1542 1543 1587 ὅσον
1570 1544 1686 1589 οὔπω

149 1612 418 1670 ΞΟένώρμουν
446 1612 552 1668 πρὸς
583 1621 669 1663 τοῖς
697 1613 855 1667 λιμέσι,
896 1619 983 1662 τοῖς
1010 1614 1055 1655 de*
1079 1612 1270 1668 μετέμελε
1298 1617 1383 1655 τῶν
1416 1611 1682 1668 συμβάντων.

205 1682 302 1726 ἀλλ’
338 1681 412 1726 οὐκ
439 1679 546 1737 εἶχόν
578 1699 617 1725 τι
648 1677 842 1740 πράττειν
875 1679 985 1725 οὕτω
1013 1681 1263 1738 γενομένων·
1309 1681 1357 1725 τὸ
1380 1680 1460 1740 γὰρ
1493 1683 1682 1739 ἕπιμηθῆ

200 1828 382 1870 iuberent,
402 1830 583 1875 postquam
607 1825 778 1873 aliquam,
802 1825 992 1862 cessatione
1014 1826 1254 1874 oppugnandi,
1288 1826 1431 1861 liberam
1453 1825 1541 1872 ipsis
1564 1825 1679 1861 indul-

201 1876 327 1911 sissent
349 1875 392 1910 ad
415 1873 670 1909 consultandum
693 1883 835 1908 moram.
880 1885 1063 1908 concess-ae
1084 1875 1118 1909 in
1142 1885 1244 1908 unum
1266 1873 1361 1908 illum
1394 1874 1484 1907 diem
1506 1873 1678 1916 induciae,

202 1933 290 1968 quas
320 1933 394 1956 cum
429 1919 573 1967 produci
606 1920 856 1965 postulassent,
889 1920 971 1955 nihil
1006 1920 1095 1955 ultra
1126 1920 1314 1965 impetrare
1347 1920 1540 1954 valuerunt.
1596 1920 1678 1965 quin

202 1968 317 2014 potius
340 1968 396 2002 die
419 1968 534 2002 statim
555 1970 721 2011 sequente
743 1965 831 2000 omni
849 1978 892 2001 ex
916 1971 1017 2011 parte
1038 1966 1334 2001 vehementissime
1349 1965 1535 2012 oppugnati
1550 1976 1680 2001 summa

201 2014 237 2050 vi
269 2013 462 2049 resistendo
494 2013 700 2048 contendere
739 2017 819 2047 sunt
848 2013 970 2048 coacti.
1029 2018 1199 2047 certatum
1228 2012 1389 2058 utrinque
1419 2013 1504 2047 totis
1533 2011 1677 2054 viribus,

201 2061 316 2107 quoad
338 2061 406 2095 iam
428 2060 630 2095 fatiscentes
652 2059 803 2101 obsessi,
836 2063 873 2093 et
894 2060 1048 2093 futurum
1073 2060 1166 2094 clare
1190 2065 1370 2094 cernentes
1394 2063 1434 2092 ut
1457 2069 1535 2093 mox
1557 2058 1678 2103 oppri-

201 2112 376 2142 merentur
399 2108 618 2152 praevalente
640 2105 878 2148 multitudine‚
899 2105 1039 2140 mittunt
1060 2107 1196 2140 tandem
1226 2105 1285 2151 qui
1308 2103 1515 2139 deditionem
1537 2104 1679 2149 pollice—-

201 2159 341 2194 rentur,
373 2164 417 2187 ea
447 2158 562 2187 tamen
591 2151 807 2194 conditione,
840 2153 870 2186 si
909 2152 1006 2197 prius
1038 2151 1075 2186 in
1111 2159 1215 2198 pacta
1249 2154 1415 2186 conventa
1444 2150 1678 2184 iusiurandum

200 2199 352 2234 solemne
374 2209 436 2243 per
459 2199 558 2233 deum
591 2202 627 2232 et
649 2197 764 2232 divina
794 2197 863 2232 rite
896 2199 940 2232 ab
973 2199 1251 2245 oppugnantibus
1282 2198 1436 2232 daretur.
1482 2207 1526 2231 ea
1548 2195 1678 2240 legatio

201 2244 335 2279 directa
357 2245 400 2278 ad
425 2244 685 2279 Constantinum
716 2248 791 2285 est,
826 2244 961 2290 quicum
995 2244 1149 2279 securius
1179 2243 1325 2278 tractari
1357 2254 1461 2288 posse
1482 2242 1678 2277 videbatur.

201 2303 270 2337 quo
293 2291 501 2325 assentiente
523 2290 666 2334 oblatis,
697 2290 803 2324 etiam
831 2293 875 2324 de
906 2290 1035 2324 consilii
1067 2296 1103 2325 et
1136 2290 1259 2324 ducum
1291 2289 1462 2324 exercitus
1494 2289 1678 2332 sententia,

201 2337 374 2372 adhibitus
398 2337 441 2371 ad
463 2337 645 2371 iuramenti
667 2336 890 2371 ceremoniam
923 2337 989 2372 loci
1018 2337 1165 2372 antistes
1187 2335 1419 2381 pontificalem
1441 2335 1580 2370 indutus
1601 2340 1677 2370 sto-

199 2385 289 2427 lam,
322 2394 440 2418 sacras
469 2383 634 2427 imagines
666 2395 767 2417 manu
800 2388 959 2428 gestans,
997 2395 1073 2418 cum
1095 2394 1158 2417 suo
1181 2382 1340 2417 universo
1364 2382 1456 2416 clero
1479 2382 1610 2428 prodiit
1631 2382 1678 2417 ad

201 2430 476 2465 Constantinum.
522 2429 646 2463 nullam
669 2429 728 2463 ille
752 2441 879 2464 moram
901 2430 987 2464 fecit
1009 2429 1251 2475 promissorum
1275 2440 1296 2463 a
1319 2440 1358 2463 se
1379 2428 1482 2462 fidem
1497 2428 1562 2463 deo
1585 2432 1677 2463 teste

199 2476 376 2511 sanciendi
399 2476 571 2520 conceptis
593 2475 660 2510 rite
681 2475 818 2517 verbis,
842 2476 906 2510 sub
929 2476 1137 2510 auctoritate
1160 2487 1203 2510 ac
1224 2480 1310 2509 nutu
1333 2474 1489 2520 episcopi
1512 2486 1677 2520 praesen—

200 2522 260 2557 tis.
308 2522 367 2567 qui
392 2534 466 2556 cnm
489 2522 536 2556 ad
558 2533 637 2555 suos
660 2522 839 2564 rediisset,
865 2522 980 2556 statim
1007 2522 1068 2566 qui
1091 2532 1205 2556 arcem
1235 2521 1400 2556 tenebant
1421 2521 1598 2556 Sultanem
1621 2521 1677 2555 di-

200 2568 366 2603 miserunt
389 2580 464 2602 cum
487 2567 559 2602 suis
583 2568 686 2602 rebus
709 2567 843 2602 cunctis
866 2568 1093 2613 universoque
1114 2567 1224 2613 ipsius
1245 2567 1421 2602 comitatu.
1469 2579 1510 2602 eo
1533 2570 1677 2612 recepto

201 2615 379 2649 confestim
402 2615 520 2649 hostes
544 2619 784 2656 recesserunt,
808 2614 893 2648 nihil
914 2614 1060 2661 amplius
1081 2615 1293 2649 sacessentes
1316 2613 1512 2648 molestiae:
1537 2618 1676 2648 cautum

162 2663 167 2667 ’
200 2660 289 2695 enim
311 2660 516 2696 sacramenti
539 2660 686 2695 formula
708 2660 838 2694 diserte
860 2661 976 2695 suerat
1005 2666 1046 2694 ut
1080 2660 1225 2696 Sultane
1249 2660 1333 2706 ipsis
1364 2659 1494 2694 tradito
1526 2659 1678 2694 contenti

199 2707 283 2741 nihil
314 2707 407 2741 ultra
437 2707 663 2752 requirerent.
711 2706 776 2740 hoc
809 2712 934 2742 eventu
957 2710 1118 2754 apparuit
1152 2705 1384 2741 ineluctabilis
1405 2705 1520 2740 divini
1543 2706 1676 2740 decreti

198 2753 376 2797 potentia,
399 2752 454 2787 cui
486 2754 616 2787 frustra
638 2752 809 2788 obsistere
832 2757 975 2789 conetur
1003 2753 1057 2788 vis
1095 2765 1138 2788 ac
1167 2753 1350 2798 prudentia
1371 2751 1569 2798 quantavis.
1616 2751 1674 2786 die

197 2799 374 2843 sequenti,
396 2799 546 2834 secunda
567 2800 611 2834 ab
638 2811 680 2834 ea
703 2810 773 2845 qua
795 2799 931 2834 deditus
951 2799 1078 2835 Sultan
1107 2803 1183 2843 est,
1214 2801 1380 2845 apparent
1402 2798 1436 2832 in
1459 2797 1546 2832 mari
1567 2798 1673 2832 trire-

198 2854 272 2879 mes
294 2844 533 2892 imperatoris3
556 2856 701 2892 quarum
724 2846 869 2892 appulsu
891 2845 1004 2886 vicino
1027 2849 1159 2881 tantum
1176 2857 1244 2881 non
1266 2844 1335 2880 iam
1351 2843 1568 2880 subeuntium
1590 2856 1671 2891 por-
