1846 3262
416 245 492 288 DE
528 246 804 289 MICHAEL'E
838 245 1214 291 PALAEOLOGO
1249 248 1297 290 L.
1324 247 1356 292 Ι.
1556 247 1619 293 17

149 359 349 415 ἀσφαλῶς
371 358 426 410 ὥς
445 358 532 403 οἶόν
556 378 599 403 τε
618 360 804 415 ἔχοντας,
836 359 911 415 τὴν
925 357 1063 416 μα’χην
1082 359 1253 418 ἑτέρωσε
1281 360 1438 418 τρέπειν
1466 363 1533 404 καὶ
1557 362 1618 418 μὴ

148 424 278 472 οὖσαν
299 436 388 479 ταῖς
413 429 645 472 ἐπιθέσεσιν
669 430 876 485 ἐρεθίζειν,
912 431 980 471 καὶ
1003 428 1182 487 φθάνειν
1202 435 1336 481 κακῶς
1357 431 1619 481 διατιθέντας

150 496 313 551 ἑτέρους
332 496 530 553 πρότερον
551 498 575 553 ἢ
593 498 802 552 ἀναμένειν
824 495 994 552 πάσχειν
1014 497 1216 554 ἑτέρωθεν
1233 499 1284 542 τὰ
1309 498 1432 544 δεινά.
1503 500 1549 544 τὸ
1571 501 1616 543 δὲ
1639 505 1671 540 D

150 565 318 621 σύμπαν
347 562 397 622 ἦν
432 566 768 622 κατορθούμενον
790 571 871 610 τῶν
901 567 1040 621 ἅκρῶν
1060 571 1196 618 καλῶς
1219 569 1399 623 ἐχουσῶν
1422 570 1490 612 καὶ
1507 569 1615 626 μηδ’

116 635 203 682 δᾶν
222 636 263 678 εἶ’
279 653 318 679 τι
348 638 414 678 καὶ
442 637 594 693 γένοιτο
622 640 704 679 τῶν
734 637 818 678 ε’κεῒ
839 633 1389 692 καθυπειξόντωνᾶνὸρῶν,
1427 638 1470 681 εἴ
1486 656 1524 681 τι
1550 640 1620 681 καὶ

149 705 377 748 ἀντιτείνειν
402 709 585 764 τολμῷεν
607 706 645 748 οἳ
662 705 948 758 ἀντικείμενοι,
981 707 1048 748 καὶ
1067 710 1199 749 ταῦτα
1222 709 1290 749 καὶ
1308 711 1381 762 τῆς
1401 706 1530 762 ἀρχῆς
1551 709 1618 764 ἐγ-

148 772 276 831 γύθεν
297 773 444 829 οὔσης,
477 772 732 828 ἀνθεξοῦσης
750 772 914 828 ἑτοίμου
934 774 1039 828 πρὸς
1058 773 1169 817 ἅπαν
1189 774 1236 818 τὸ
1259 774 1616 831 ἀντιστησόμενον.

150 845 216 886 καὶ
237 843 287 886 τὰ
303 844 377 897 μὲν
398 841 577 899 πρότερα
596 848 768 886 τοιαῦτα
794 845 860 885 καὶ
893 842 1026 894 οὕτως
1047 843 1214 898 ἔχοντα,
1250 844 1300 888 οὐ
1316 842 1445 898 μόνον
1467 842 1531 895 αἶς
1549 847 1619 902 ε’ρ-

152 912 256 970 ρὲθη
290 912 485 962 ἀτελειάις
509 930 551 955 τε
580 914 646 954 καὶ
667 914 877 968 προνοίαις
905 911 1010 956 ἀλλά
1028 931 1071 968 γε
1090 915 1156 956 καὶ
1175 918 1474 970 καθημεριναΐς
1491 918 1611 971 φιλο·
1634 921 1668 956 Ε

97 991 141 1025 10
152 984 311 1033 τησίαις
334 986 565 1035 βασιλικαῖς
592 986 675 1024 τῶν
696 981 770 1031 τὰς
790 981 918 1037 ἄκρας
939 980 1160 1025 οἳκοίντων
1178 982 1496 1038 βρενθυομένων
1506 1015 1520 1036 ,
1551 984 1621 1026 καὶ

151 1050 271 1094 οὐδὲν
291 1049 353 1093 ὅτι
374 1050 432 1105 μὴ
451 1048 630 1094 πλούτου
651 1058 818 1106 σημεῖον
847 1048 1023 1106 ἐχόντων
1034 1083 1047 1104 ,
1086 1051 1311 1094 ’κάντεῦθεν
1331 1053 1399 1093 καὶ
1422 1051 1620 1109 ἆρραθυ-ὲ

149 1117 324 1174 μότερον
341 1121 416 1172 μὲν
439 1117 737 1177 φυλασσόντων
750 1152 763 1172 ,
802 1117 1146 1177 θαρραλεώτερον
1165 1120 1210 1163 d'
1231 1117 1532 1174 εἰσβαλλόντων
1550 1123 1619 1163 καὶ

151 1186 425 1242 ἀντισχόντων
457 1196 564 1241 τοῖς,
611 1189 653 1232 εἴ
674 1207 731 1246 πῃ
760 1186 994 1243 ἴσχύσειαν,
1041 1194 1305 1232 κακοποιοῦσι
1344 1188 1397 1231 τὰ
1427 1187 1620 1246 ἡμέτερα.

152 1256 221 1316 (5)
257 1259 300 1308 ἐξ
320 1255 416 1300 ὅτου
441 1257 488 1300 δ’
509 1255 535 1312 ἡ
556 1260 874 1301 Κωνσταντίνου
895 1256 1012 1308 πόλις
1027 1256 1242 1313 Ῥωμαίοις
1258 1255 1366 1301 ἑάλω
1388 1260 1454 1301 καὶ
1474 1254 1524 1315 ἦν
1545 1276 1622 1314 με-
1647 1259 1676 1294 Ρ
1703 1264 1725 1298 8

98 1335 140 1372 15
153 1326 445 1382 ταναστρίφειν
475 1324 631 1384 ἀνάγκη
664 1331 715 1384 τῇ
746 1329 912 1383 πατρίδι
941 1327 993 1370 τὰ
1023 1327 1142 1370 τέκνα
1152 1362 1165 1380 ,
1211 1329 1279 1370 καὶ
1311 1324 1511 1383 πρότερον
1537 1332 1620 1371 τῶν

153 1395 288 1438 ἄλλων
310 1393 373 1445 οἷς
403 1391 454 1449 ἦν
483 1396 531 1438 τὸ
562 1403 752 1452 κρατεῖν,
793 1396 1000 1450 ξυνέβαινε
1018 1397 1094 1451 μὲν
1120 1395 1241 1440 ἔνθεν
1264 1397 1499 1448 ἓξασθενεΐν
1520 1396 1621 1440 ὲκεί-

155 1481 250 1514 νους
267 1469 317 1523 τῇ
345 1463 556 1507 διαστάσει
587 1469 669 1508 τῶν
695 1464 920 1518 βασιλέων,
963 1465 1041 1507 ἔδει
1072 1465 1118 1507 δ’
1148 1467 1311 1515 ἐκείνοις
1332 1463 1496 1516 πάντως
1517 1483 1622 1522 προ-

152 1535 291 1586 νοίας,
329 1535 395 1576 καὶ
422 1537 582 1589 μᾶλλον
609 1534 684 1591 ἐφ’
713 1528 746 1594 ᾧ
776 1533 882 1577 καθ’
922 1531 1095 1584 ἑαυτοὺς
1123 1533 1242 1577 οὐδὲν
1263 1529 1388 1591 ἦττον
1407 1538 1620 1591 θαρροῖεν,

151 1699 259 1735 nanis
282 1699 375 1734 laeta
399 1699 490 1734 domi
514 1702 550 1735 et
583 1700 747 1744 opulenta
778 1699 848 1735 otia
878 1701 1107 1746 praebentes,
1137 1711 1256 1735 secure
1289 1700 1453 1747 deinceps
1485 1712 1528 1735 ac
1549 1700 1624 1735 sine

152 1746 269 1782 hostili
294 1746 360 1780 ullo
395 1754 488 1781 metu
522 1746 706 1781 familiaria
736 1747 951 1783 curantibus.
997 1746 1145 1781 indidem
1170 1747 1313 1782 ducibus
1336 1759 1474 1792 quoque
1496 1747 1625 1782 Roma-

151 1805 217 1828 nae
241 1792 403 1834 militiae,
437 1792 567 1838 quippe
602 1804 688 1836 quos
719 1792 786 1827 iam
817 1793 899 1827 nihil
930 1799 1024 1828 retro
1058 1793 1172 1827 vereri
1205 1805 1246 1828 ac
1270 1793 1444 1839 respicere
1468 1798 1624 1838 cogeret,

152 1839 321 1874 securitas
344 1846 380 1874 et
402 1839 551 1873 facultas
575 1839 697 1874 aderat
720 1840 788 1873 vim
813 1839 879 1873 alio
903 1839 1075 1882 vertendi,
1100 1839 1269 1885 ultroque,
1293 1851 1366 1874 cum
1390 1851 1517 1885 operae
1541 1851 1623 1885 pre-

150 1885 233 1920 tium
258 1890 352 1927 erat,
376 1885 566 1919 lacessendi
590 1886 707 1920 hostes
730 1886 827 1928 alios,
853 1886 1162 1932 praevertendique
1185 1886 1275 1921 bella
1296 1885 1517 1927 imminentia,
1540 1897 1623 1920 con-

152 1931 299 1975 siliaque
329 1937 564 1976 suspectarum
595 1931 747 1977 gentium
771 1938 902 1966 mature
927 1932 1223 1979 praeoccupandi,
1256 1931 1479 1966 saluberrimo
1503 1931 1627 1966 auxilii

152 1989 303 2022 genere,
328 1988 393 2011 non
420 1984 627 2024 expectante
650 1978 812 2012 malorum
846 1985 1019 2021 exortum,
1051 1985 1087 2014 et
1112 1989 1319 2024 praecavere
1341 1978 1464 2012 damna
1487 1978 1625 2024 publica.

152 2024 262 2058 satius
294 2023 443 2058 habente
476 2036 574 2070 quam
609 2024 728 2059 ulcisci
760 2030 822 2059 aut
843 2036 948 2060 saeve
971 2024 1167 2070 grassantia
1191 2025 1375 2070 depellere.
1422 2023 1459 2059 hi
1491 2025 1624 2059 fructus

153 2075 254 2104 erant
285 2070 491 2105 insessarum
525 2070 651 2105 validis
683 2070 874 2105 istiusmodi
902 2071 1087 2117 praesidiis
1108 2071 1250 2106 arcium.
1297 2082 1387 2117 quae
1410 2082 1453 2104 ne
1477 2082 1623 2116 unquam

153 2117 396 2151 desererentur
419 2116 715 2151 retrocedentibus
737 2117 974 2163 praesidiariis
998 2119 1041 2152 ob
1067 2117 1135 2152 vim
1158 2118 1319 2152 maiorem
1344 2118 1538 2162 urgentium
1566 2127 1626 2152 eos

118 2165 122 2171 “
153 2162 327 2197 interdum
360 2163 474 2198 acrius
506 2163 710 2204 Persarum,
743 2163 830 2198 satis
865 2164 1111 2210 providebatur
1134 2163 1313 2199 collocatis
1336 2169 1534 2209 opportune
1558 2174 1627 2198 non

153 2209 274 2255 procul
307 2209 351 2243 ab
382 2209 441 2244 illo
474 2209 580 2244 limite
611 2209 774 2244 Romanis
811 2210 957 2254 castris,
992 2211 1082 2246 unde
1114 2209 1314 2245 auxiliorum
1346 2215 1507 2255 quantum
1533 2215 1627 2244 esset

154 2266 264 2300 opus,
295 2254 331 2289 in
363 2259 518 2301 tempore
541 2256 695 2291 submitti
718 2256 954 2291 laborantibus
989 2262 1117 2302 posset.
1164 2256 1220 2290 hic
1243 2262 1354 2291 status
1378 2260 1450 2290 tum
1472 2256 1545 2291 illic
1567 2268 1625 2291 re-

152 2312 226 2335 rum
260 2301 350 2343 fuit,
381 2301 667 2348 imperatoribus,
700 2302 760 2348 qui
784 2314 826 2337 ea
850 2308 1056 2346 tempestate
1083 2301 1294 2347 reipublicae
1317 2308 1525 2348 praeerant,
1556 2302 1625 2337 uti-

153 2347 311 2382 lissimam
335 2347 433 2382 istam
458 2348 704 2383 limitaneorum
728 2348 872 2383 militum
903 2349 1117 2384 alacritatem
1140 2349 1175 2383 in
1200 2349 1317 2383 hostes
1339 2348 1536 2383 foventibus
1558 2360 1627 2383 nun

152 2393 253 2429 modo
277 2392 545 2429 immunitatibus
570 2400 606 2430 et
634 2394 853 2440 pensionibus
877 2407 965 2441 quas
989 2395 1062 2429 dixi
1082 2394 1304 2441 praestandis
1320 2420 1332 2437 ,
1362 2395 1425 2429 sed
1449 2402 1486 2429 et
1509 2395 1625 2441 quoti-

140 2440 265 2474 dianis
295 2447 394 2474 extra
425 2440 577 2475 ordinem
610 2441 850 2486 largitionibus
886 2453 1026 2487 operam
1062 2440 1282 2486 insigniorem
1306 2446 1342 2476 et
1364 2441 1510 2476 clariora
1534 2453 1626 2486 quae

153 2487 328 2520 ferrentur
361 2498 458 2521 arces
489 2487 709 2522 obtinentium
743 2488 899 2522 facinora
941 2488 1038 2532 regie
1068 2487 1328 2523 remunerando.
1376 2487 1465 2522 unde
1498 2488 1625 2534 passim

153 2533 456 2579 praesidiariorum
486 2532 629 2567 istorum
659 2539 789 2568 tantum
825 2533 927 2568 animi
960 2540 1163 2576 creverant,
1195 2538 1236 2568 ut
1266 2533 1402 2568 minima
1436 2545 1518 2579 pars
1539 2534 1626 2579 ipsis

155 2579 262 2613 officii
287 2579 466 2613 videretur
495 2579 586 2614 tueri
611 2581 805 2614 commissas
830 2591 948 2621 arce8‚
981 2581 1073 2626 quod
1095 2580 1282 2615 ludibunde
1305 2592 1347 2615 ac
1370 2580 1461 2615 nullo
1483 2579 1624 2625 negotio

154 2625 402 2670 praestabant,
436 2625 502 2660 nisi
536 2626 762 2660 audacissime
794 2625 1057 2672 longissimeque
1088 2626 1303 2662 incursarent
1333 2626 1475 2660 hostiles
1497 2632 1624 2667 terras,

154 2678 412 2725 apparatusque
438 2673 636 2714 Persarum,
661 2671 691 2706 si
718 2673 944 2718 procederent
966 2674 1011 2708 ad
1035 2674 1249 2718 perfectum,
1274 2673 1374 2707 rebus
1397 2671 1526 2707 nostris
1543 2683 1626 2717 per-

155 2717 302 2752 niciosos
324 2718 478 2760 futuros,
511 2719 547 2752 in
572 2729 697 2753 exorsu
721 2718 879 2763 protinus
910 2720 987 2764 ipso
1013 2720 1191 2764 primaque
1213 2718 1388 2753 molitione
1410 2718 1624 2752 disiicerent.

158 2763 218 2807 (5)
247 2775 289 2797 ex
314 2775 382 2809 quo
414 2772 524 2799 autem
557 2770 700 2810 recepta
732 2765 1049 2811 Constantinopolis
1072 2778 1093 2800 a
1116 2765 1278 2800 Romanis
1301 2770 1376 2806 est,
1400 2770 1436 2798 et
1458 2764 1627 2799 reducere

157 2820 327 2855 quemque
349 2810 440 2845 filios
462 2811 498 2844 in
522 2810 667 2856 patriam
691 2810 859 2856 oportuit,
893 2812 1070 2857 principes
1093 2812 1260 2853 maxime,
1281 2810 1430 2855 contigit
1452 2809 1627 2855 praesidia

155 2855 271 2889 finium
301 2855 515 2891 Persicorum
547 2857 721 2891 debilitari
748 2857 792 2891 ob
827 2857 1068 2903 imperatorum
1104 2858 1140 2892 in
1171 2859 1289 2892 urbem
1322 2867 1539 2892 reversorum
1571 2855 1626 2890 di-

157 2901 340 2943 stantiam3
363 2913 407 2936 ex
431 2915 499 2947 qua
522 2903 629 2938 fiebat
651 2907 690 2937 ut
715 2902 897 2949 pensiones
920 2904 965 2940 ad
987 2904 1080 2940 diem
1101 2904 1197 2951 prius
1230 2903 1330 2939 reddi
1352 2903 1476 2938 solitae
1498 2913 1628 2948 nequa-

211 2955 385 3000 Georgius
411 2955 636 3000 Pachymeres
664 2956 695 2992 1.
1322 2954 1350 2993 2
