1884 3262
322 204 421 251 606
601 206 610 215 ⁸
713 199 1023 245 OBSERVAT.
1037 200 1364 247 PACHYMER.

319 308 485 368 μενος.7
495 306 640 363 opinor
669 309 763 362 quia
789 320 842 350 ‘ex
868 308 918 348 iis
950 315 1035 350 erat
1069 310 1139 362 qui
1167 322 1220 349 ex
1245 310 1396 350 officio
1407 312 1560 351 assidue
1577 320 1766 364 apparere

322 371 470 408 circum
495 367 774 418 imperatorem
793 373 862 405 aut
880 366 922 404 in
942 366 1128 419 proximo
1155 367 1207 406 ad
1231 367 1382 405 subitas
1401 368 1647 408 evocationes
1664 380 1768 406 sem-

320 437 393 478 per
421 436 502 461 esse
533 422 747 473 debebant,
785 423 1026 461 cubiculum
1043 423 1238 475 principis
1263 423 1334 462 diu
1350 423 1434 462 fere
1461 429 1661 518 noctuque
1676 424 1768 462 sre-

320 484 570 532 quentantes.
626 479 719 518 vide
734 493 834 531 quae
851 479 1026 518 diximus
1039 479 1163 518 verbo
1181 475 1547 533 παρακοιμαῖμενος.

430 531 588 587 σχολή
615 549 655 586 p.
683 537 737 578 50
765 549 804 574 v.
832 538 859 577 6
887 541 978 588 etp
981 537 1091 578 ,353
1117 549 1159 578 v.
1184 539 1222 578 3.
1279 535 1539 587 peculiarem,
1567 535 1611 574 ni
1636 534 1768 583 fallor,

318 592 401 632 vim
419 591 538 630 habet
557 604 639 630 vox
647 594 779 655 σχολῇ
798 590 1005 642 hocloco,
1029 591 1244 644 emphasim
1264 592 1392 630 ferens
1420 591 1624 631 cuiusdam
1644 591 1770 630 inter-

318 647 534 698 rogationis
553 646 682 686 ironia
702 632 1113 698 submistae.agitu1
1131 648 1179 686 de
1200 648 1330 686 Serbis
1349 647 1530 700 populis,
1560 659 1660 698 quos
1676 660 1770 699 pro-

319 705 406 757 pria
431 704 576 742 civium
595 709 635 742 et
657 703 909 756 popularium
929 717 1091 743 suorum
1110 717 1249 756 rapere
1278 704 1436 754 solitos,
1460 701 1671 743 verisimile
1687 715 1770 742 non

320 766 421 799 esset
452 760 499 798 ab
531 759 703 798 externis
727 773 800 824 per
831 773 968 799 eorum
988 759 1087 799 fines
1111 759 1452 812 peregn1inantibus
1466 764 1770 811 temperaturos,

320 816 398 856 hac
425 817 547 855 ferme
570 816 781 855 sententia.
813 817 882 868 qui
911 830 1005 855 suos
1032 817 1204 867 diripere
1229 830 1310 854 non
1330 817 1537 874 dubitant,
1564 815 1612 853 ab
1633 814 1770 852 alienis

325 873 477 911 scilicet
494 872 774 911 abstinebunt?
802 872 947 912 iterum
969 872 1012 910 in
1027 873 1146 911 simili
1162 873 1322 911 notione
1341 878 1577 924 usurpatum
1600 869 1678 909 hoc
1696 883 1771 908 vo-

326 928 514 967 cabulum
534 927 745 969 habeturl.
759 928 785 970 5
816 942 849 967 c.
871 932 923 971 12
951 927 995 967 in
1023 928 1085 967 his
1114 929 1264 968 veibis:
1295 928 1332 969 εἰ
1354 927 1398 969 δὲ
1416 929 1594 979 διδοῖμεν
1619 925 1687 967 καὶ
1707 925 1771 966 ἔκ-

325 988 494 1036 κλητον,
532 987 653 1039 σχολῇ
680 999 770 1024 τινα
799 981 917 1036 τόσην
947 984 1139 1037 τέμνοντα
1165 981 1373 1025 θάλασσαν
1400 985 1480 1025 τῶν
1503 983 1668 1024 δικαίων
1693 978 1772 1033 ἆμ-

327 1042 549 1093 φισβητεῖν.
603 1042 642 1077 si
671 1054 760 1078 vero
787 1048 824 1078 et
847 1042 916 1077 ius
936 1043 1239 1092 provocationis
1263 1042 1586 1089 concesserimus,
1610 1039 1772 1090 pericu-

326 1098 411 1135 lum
420 1098 551 1146 fuerit
570 1097 721 1134 scilicet
735 1110 784 1133 ne
801 1098 894 1148 q‘uis
913 1104 998 1134 tam
1014 1105 1127 1135 vasto
1145 1097 1251 1135 man·
1264 1099 1331 1134 ias
1349 1111 1467 1134 suum
1487 1101 1774 1147 persecuturus

327 1154 508 1193 Romam
539 1166 580 1189 se
607 1152 817 1202 conferat?
853 1152 975 1191 alium
1004 1152 1128 1191 habeo
1162 1152 1283 1191 huius
1306 1152 1497 1191 idiotismi
1526 1157 1668 1190 testem
1693 1151 1774 1201 Sy-

325 1221 505 1248 meonem
524 1207 618 1246 Seth
634 1208 677 1246 in
695 1208 845 1246 Graeca
854 1221 903 1246 ex
915 1208 1080 1246 Arabico
1102 1209 1428 1259 interpretatione
1443 1207 1538 1246 libri
1556 1220 1670 1258 quem
1687 1205 1773 1257 ipse

327 1260 544 1317 ἰχνηλάτην
570 1269 698 1303 vocat.
754 1263 864 1301 hunc
885 1278 957 1302 nos
980 1264 1116 1302 Latine
1139 1263 1340 1302 redditum
1373 1264 1424 1302 ad
1457 1263 1606 1301 calcem
1628 1261 1773 1300 harum

325 1320 657 1359 Observationum
679 1320 884 1358 mantissae
905 1319 994 1358 loco
1016 1320 1166 1358 damus.
1224 1319 1307 1358 eius
1329 1320 1370 1358 in
1389 1318 1562 1358 secunda
1583 1318 1709 1356 dissei·
1713 1323 1774 1356 ta-

293 1404 295 1407 .
324 1376 431 1416 tione
449 1376 505 1414 sic
527 1377 675 1414 Graece
694 1375 862 1427 legitur:
892 1376 929 1416 εἰ
946 1391 1021 1429 γαρ
1041 1393 1094 1429 μη
1121 1373 1221 1429 ὑπὲρ
1237 1375 1363 1417 αὑτοῦ
1387 1371 1682 1426 ἅπολογήσηταί
1702 1388 1775 1421 τις,

326 1434 448 1498 ιιχολῇ
470 1427 510 1485 γ’
529 1428 582 1472 ἂν
599 1431 732 1484 ἑτέρου
753 1431 1071 1486 ὖπερασπίζοιτο.
1130 1434 1203 1483 qut
1220 1434 1323 1470 enim
1343 1446 1391 1470 ne
1407 1446 1449 1470 se
1467 1429 1656 1483 quidem
1639 1443 1775 1481 aps-um

326 1491 370 1527 in
391 1473 571 1540 periculo
606 1486 845 1538 defenderit,
884 1488 935 1526 ab
965 1502 1006 1526 eo
1032 1489 1182 1526 scilicet
1210 1495 1428 1540 expectetur
1455 1495 1501 1525 ut
1515 1487 1687 1537 Jbrttter
1694 1499 1773 1537 pro

327 1546 500 1583 alterius
521 1546 652 1596 capite
681 1542 874 1582 decertet?
902 1543 946 1582 in
971 1544 1135 1596 septima
1159 1558 1315 1596 quoque
1345 1545 1403 1582 sic
1428 1544 1562 1594 regina
1589 1543 1775 1581 maritum

326 1601 565 1652 alloquitur,
596 1613 838 1651 conquerens
859 1614 942 1639 non
967 1601 1253 1640 communicari
1281 1601 1357 1638 sibi
1383 1600 1432 1638 ab
1452 1613 1496 1638 eo
1513 1599 1617 1638 scitu
1636 1610 1775 1636 neces-

326 1657 474 1696 sarium
493 1670 690 1695 arcanum.
749 1657 787 1697 εἰ
802 1653 877 1710 γοὶρ
900 1653 1028 1710 ἔμοιγ’
1055 1653 1106 1697 ἂν
1127 1653 1390 1712 οἷποκρύψῃς,
1420 1658 1539 1712 σχολῇ
1568 1650 1609 1709 γ’
1631 1651 1683 1695 ἄν
1700 1651 1776 1694 ἓτέ·

328 1729 414 1768 ροις
433 1710 658 1768 πιστεύσῃς.
716 1714 754 1750 si
774 1727 878 1751 emm
894 1712 942 1751 de
965 1713 1041 1750 hoc
1068 1727 1129 1750 me
1149 1714 1255 1750 celas
1283 1720 1398 1750 tuam
1419 1715 1650 1763 coniugem,
1678 1709 1777 1748 aliis

331 1769 380 1808 id
399 1769 791 1818 scilicetfateberis?
829 1769 885 1806 ita
916 1769 1032 1807 etiam
1055 1769 1233 1820 loquitur
1259 1770 1363 1808 Geor
1363 1769 1449 1820 gius
1468 1766 1702 1820 Acropolita
1731 1765 1775 1804 in

330 1825 536 1865 Prooemio
560 1825 756 1864 Historiae
776 1839 817 1877 p;
838 1828 867 1866 2
886 1825 946 1863 ed.
965 1826 1056 1875 Reg.

446 1879 634 1928 σωλέοις
661 1884 801 1932 p-173
823 1893 860 1921 v,
882 1883 918 1921 1.
974 1880 1068 1931 quid
1094 1880 1146 1928 sit
1174 1878 1341 1928 σωλέας,
1369 1891 1510 1929 magna
1528 1883 1568 1917 et
1587 1877 1776 1930 perplexa

336 1937 511 1988 quaestio
535 1942 605 1978 est.
659 1935 737 1986 legi
753 1941 954 1984 accurate,
981 1936 1051 1974 diu
1067 1935 1275 1974 meditatus
1293 1948 1404 1982 sum,
1433 1947 1530 1984 quae
1547 1934 1596 1972 de
1614 1933 1692 1972 hoc
1710 1946 1778 1972 ar-

336 1998 521 2043 gumento
543 1991 618 2030 viri
642 1991 860 2030 doctissimi
871 1990 1040 2030 'Ioannes
1058 1991 1269 2037 Meursius,
1302 1992 1376 2028 Leo
1394 1990 1585 2039 Allatius,
1611 1988 1776 2027 Iacobus

336 2050 442 2087 Goar
461 2047 557 2087 ord.
578 2048 711 2088 Praed.
727 2079 738 2096 ‚
766 2047 931 2086 Iacobus
958 2049 1160 2086 Gretserus
1189 2054 1228 2086 et
1257 2046 1481 2085 Ludovicus
1506 2045 1692 2084 Cellotius
1714 2058 1778 2082 so-

333 2104 487 2142 cietatis
510 2109 669 2142 nostrae
691 2103 896 2155 scripsere.
955 2104 999 2142 in
1022 2104 1079 2143 rei
1104 2103 1246 2142 deinde
1264 2103 1555 2154 inquisitionem
1574 2101 1698 2153 ipsius
1721 2105 1779 2138 at-

331 2161 510 2199 tentione
530 2160 646 2211 longa
666 2166 706 2198 et
720 2159 801 2198 acri
820 2159 992 2198 incubui.
1049 2173 1243 2212 exponam
1274 2159 1362 2206 hic,
1389 2158 1423 2197 si
1453 2161 1618 2210 potero,
1643 2156 1779 2195 brevi-

332 2222 396 2255 ter
425 2222 465 2255 et
492 2189 623 2254 clareo
627 2215 723 2267 quid
751 2215 937 2255 discussis
965 2216 1116 2254 cunctis
1147 2215 1477 2253 verisimillimum
1504 2212 1778 2264 compererim,

333 2273 424 2311 luce
451 2272 679 2324 praesertim
713 2270 811 2310 mihi
849 2272 972 2310 affusa
1000 2285 1051 2310 ex
1079 2271 1341 2310 eruditissima
1376 2270 1546 2309 diatriba
1575 2267 1778 2312 illustriss-

330 2328 473 2366 Leonis
504 2328 643 2366 Allatii
671 2328 721 2366 ad
749 2327 912 2366 Fabium
939 2327 1136 2378 Chisium,
1165 2327 1283 2365 hodie
1309 2326 1578 2366 Alexandrum
1609 2325 1698 2372 Vll,
1729 2323 1778 2362 de

330 2383 409 2423 hoc
427 2384 590 2435 proprie
609 2389 846 2434 argumento
856 2383 1067 2422 novissime
1085 2390 1122 2422 et
1142 2383 1430 2422 accuratissime
1457 2382 1616 2434 sciipta.
1673 2379 1778 2422 inei-

330 2439 401 2493 pio
431 2453 454 2476 a
480 2440 792 2478 consideratione
814 2440 998 2479 nominis.
1055 2439 1221 2488 σωλέας,
1250 2440 1334 2477 sive
1357 2444 1404 2477 ut
1423 2440 1592 2490 Symeon
1611 2435 1776 2477 Thena·

331 2494 546 2534 lonicensis
566 2495 719 2545 dialogo
744 2496 792 2534 de
813 2496 1063 2534 sacramentis
1082 2496 1320 2534 emendatius
1336 2494 1494 2543 scribit,
1523 2491 1686 2540 σολέας,
1709 2490 1777 2529 vel

333 2551 450 2590 etiam
467 2556 512 2588 ut
531 2551 638 2602 apud
657 2551 974 2602 Euchologium
964 2565 1006 2590 ιιι
1027 2552 1277 2590 ordinatione
1295 2550 1451 2589 diaconi
1464 2550 1618 2601 legitur,
1647 2545 1774 2594 σολέα,

333 2621 419 2646 non
443 2611 502 2644 est
521 2606 755 2645 vocabulum
777 2608 946 2647 Graecae
963 2608 1135 2658 originis,
1163 2613 1210 2645 ut
1228 2621 1362 2646 omnes
1378 2606 1493 2644 facile
1512 2601 1776 2644 consentiunt.

338 2676 414 2702 nec
439 2663 520 2700 fere
543 2661 627 2700 vidi
647 2662 714 2712 qui
735 2663 914 2702 dubitent
932 2663 1030 2716 quin
1024 2637 1229 2701 bLatinum
1250 2663 1313 2712 sit,
1341 2663 1384 2700 in
1403 2660 1701 2705 Helleuismum‚
1731 2663 1776 2695 ut

340 2719 415 2756 alia
437 2717 626 2770 plurima,
659 2731 735 2756 usu
753 2718 964 2758 intrusum.
1023 2720 1055 2758 si
1073 2733 1162 2770 ergo
1185 2695 1519 2770 disquisierimus,
1551 2714 1647 2765 quid
1667 2713 1778 2751 Lati-

339 2774 403 2812 nis
422 2774 551 2813 valeat
576 2773 707 2823 solea,
737 2774 840 2812 forte
858 2788 940 2813 non
960 2775 1081 2815 fuerit
1099 2775 1143 2814 id
1163 2775 1306 2814 inutile
1323 2774 1382 2812 ad
1388 2771 1580 2811 iudicium
1601 2775 1778 2809 stamen.

342 2829 436 2869 dum
456 2829 506 2871 de
525 2842 570 2870 re
589 2830 672 2883 ipsa
688 2842 788 2871 voce
804 2829 879 2870 hac
900 2830 1095 2883 indicata,
1124 2844 1315 2884 quaenam
1333 2828 1492 2868 tandem
1508 2826 1575 2871 sit.
1633 2827 1778 2866 Sextus
