1884 3262
260 175 355 221 252
673 171 909 216 GEORGII
956 171 1309 216 PACHYMERIS

258 294 314 348 τῷ
335 287 463 343 μηδὲν
481 290 554 329 τοῦ
573 283 924 341 πλη,ιιμελήματος
941 284 1180 343 αἲσθομένῳ
1199 283 1224 340 ἢ
1248 286 1315 328 καὶ
1333 289 1732 344 καταρραθυμοῦντι

256 360 299 400 ἔκ
322 355 617 412 προαιρέσεως,
657 354 678 397 ὃ
701 356 830 397 δὲκαὶ
858 354 930 397 τὸν
965 355 1008 405 ἐξ
1033 354 1162 397 αὐτοῦ
1195 353 1441 408 νυττόμενον
1469 359 1528 414 τῷ
1557 357 1734 411 γνησίως

255 428 508 480 μεταγνῶναι
518 456 532 475 ,
573 425 639 464 καὶ
664 423 738 477 τὴν
760 425 985 480 θεραπείαν
1003 421 1183 472 ἐκτόπως
1202 423 1381 465 θέλοντα
1400 423 1594 478 δέχεσθαι
1608 458 1618 477 ,
1656 424 1732 466 κᾶν

256 496 506 547 καυστῆρσιν
530 493 787 546 οἳκονομοΐτο
799 525 812 544 ,
851 492 999 541 ἐκεῖνος
1018 492 1269 543 ἀπωθεῖται,
1308 493 1376 533 καὶ
1397 497 1457 550 τῷ
1475 497 1732 548 μεταγνῶναι

199 577 230 610 D
258 562 302 604 τὸ
324 561 557 616 ἀπογνῶναι
580 562 765 616 συνείρει,
805 558 861 610 ὥς
879 568 1063 617 κρεῖττον
1086 560 1132 603 ὃν
1149 560 1208 615 μὴ
1225 564 1481 615 μεταγνῶναι
1501 559 1525 615 ἢ
1546 561 1764 616 ἆπογνῶ-5

255 648 320 672 ναι
343 627 619 685 μεταγνόντα·
652 630 698 672 τὸ
716 630 790 684 μὲν
814 629 891 686 γὰρ
924 629 1178 684 ἀναλγησίαν
1201 636 1439 684 κατηγορεῖ,
1476 629 1524 671 τὸ
1547 629 1593 670 δ’
1616 627 1733 672 ἀπώ-

254 704 365 741 λειαν
395 699 677 750 αἷωνίζουσαν.
750 698 877 741 αὑτὸν
907 699 983 752 μὲν
1015 693 1087 740 οὖν
1123 699 1190 739 καὶ
1220 695 1416 744 πολλάκις
1440 695 1732 753 προσελθόντα

252 767 599 820 ἀποπέμπεσθαι,
642 769 709 809 καὶ
746 769 947 822 ζητοῦντα
987 767 1085 816 τοὺς
1121 763 1302 820 τρόπους
1328 770 1402 822 τῆς
1439 767 1620 822 ῗατρείας
1655 766 1733 822 οὐχ

254 835 367 886 ὅπως
399 833 624 890 λαμβάνειν
651 836 757 878 ἀλλὰ
788 837 855 878 καὶ
887 837 1265 891 προσονειδίζεσθαι
1287 869 1300 887 ,
1348 836 1416 877 καὶ
1455 835 1572 885 τέλος
1612 833 1731 877 οὐδὲν

255 904 355 947 ἶίλλο
387 902 677 947 πυνθάνεσθαι
711 904 817 958 πλὴν
848 904 895 947 τὸ
931 902 1111 960 ἀνάγκην
1140 902 1241 946 εἶναι
1274 903 1320 947 τὸ
1353 908 1523 960 τραῦμα
1559 906 1725 957 ἰᾶσθαι,
1743 915 1787 949 10

201 987 232 1020 Ε
261 972 370 1024 ὅπως
393 973 436 1015 δ’
460 975 558 1032 ι’ᾥτο
581 974 639 1028 μὴ
659 971 912 1028 μανθάνειν,
950 970 1057 1016 ἀλλὰ
1085 974 1188 1028 πρὸς
1219 972 1265 1016 τό
1295 971 1488 1030 πράττειν
1504 972 1730 1029 προτρέπε-

255 1048 360 1086 σθαι
390 1043 520 1098 μηδὲν
550 1040 688 1085 εἰδότα
721 1047 804 1086 τῶν
832 1039 1028 1099 πράττειν
1058 1041 1331 1099 ὀφειλομένων
1350 1075 1364 1094 ,
1412 1040 1512 1084 εἶναι
1553 1040 1596 1084 δ’
1625 1039 1732 1083 tino-

253 1109 412 1154 πτεῦειν
437 1111 483 1154 τὸ
506 1115 588 1154 πᾶν
607 1110 769 1167 χλεύην.
841 1107 973 1167 “tb’pa
993 1115 1092 1166 γοῦν
1111 1111 1332 1154 δεδοικέναι
1347 1107 1407 1165 μή
1429 1127 1469 1152 τι
1496 1111 1564 1152 καὶ
1595 1107 1730 1167 πράτ-

252 1197 398 1230 τοντος
420 1181 568 1229 ἐκεῖνος
588 1177 894 1234 ἀναλαμβάνων
914 1180 960 1222 τὸ
983 1179 1162 1236 ἔγκλημα
1174 1213 1187 1232 ,
1223 1177 1279 1229 ὠς
1298 1178 1473 1234 μηδενὸς
1494 1176 1729 1234 αὐτάρκους

251 1248 466 1305 γενομένου
480 1283 492 1301 ,
523 1248 579 1303 μὴ
605 1250 871 1303 καταδὲχοιτο
884 1281 897 1301 ,
937 1250 1004 1290 καὶ
1033 1247 1143 1291 οὕτω
1173 1249 1349 1298 πονέσας
1370 1246 1551 1303 ἀνήνυτα
1570 1245 1723 1304 γνώσο-
1740 1259 1782 1295 15

248 1336 337 1373 μαι.
409 1317 431 1359 ὃ
454 1317 497 1360 δ’
523 1313 594 1360 οὖν
625 1320 692 1360 καὶ
722 1318 909 1375 ἐμφαίνει
942 1319 1147 1373 πλαγίως,
1184 1314 1434 1366 ἀκούσαντες
1460 1314 1511 1359 ἂν
1532 1318 1729 1373 διαγνῶτε

345 1430 375 1497 i.
399 1428 474 1474 τῷ]
499 1425 542 1463 τὸ
564 1428 603 1463 Ρ.
753 1429 806 1463 11.
830 1425 924 1474 πρὸς
947 1426 1015 1473 τὸ]
1035 1426 1079 1464 τὸ
1102 1424 1199 1474 πρὸς
1221 1424 1268 1461 τοὶ
1291 1426 1332 1461 Ρ.

250 1530 394 1565 maxime
429 1531 627 1566 abhorrens.
674 1530 748 1566 veri
779 1531 928 1576 pastoris
959 1534 996 1566 et
1026 1531 1160 1577 providi
1183 1531 1293 1578 patris
1316 1542 1437 1565 munus
1460 1530 1577 1564 fuerat
1598 1528 1728 1564 hortari

251 1578 294 1612 ad
319 1577 581 1623 poenitentiam,
613 1580 651 1610 et
688 1577 778 1611 viam
802 1579 983 1612 ostendere
1005 1577 1205 1620 aberranti,
1240 1578 1422 1623 calcarque
1446 1577 1595 1618 addere,
1618 1581 1658 1610 ut
1681 1575 1726 1610 ad

251 1625 351 1658 deum
373 1625 575 1668 frugemque
606 1623 754 1666 rediret,
786 1624 890 1658 etiam
912 1636 1008 1659 suam
1039 1625 1206 1659 miseriam
1229 1635 1296 1658 non
1318 1622 1498 1664 sentienti,
1522 1621 1724 1667 negligenti-

253 1681 320 1714 que
344 1680 384 1703 ac
406 1670 581 1715 respuenti
614 1669 787 1703 obstinata
810 1671 1022 1704 contumacia
1055 1671 1249 1705 remedium.
1307 1670 1367 1704 ille
1399 1677 1514 1704 autem
1546 1680 1600 1702 me
1633 1667 1724 1701 ultro

253 1717 467 1749 damnantem
499 1716 793 1760 detestantemque
822 1716 934 1750 scelus
965 1728 1096 1759 meum,
1135 1728 1190 1751 me
1219 1715 1333 1750 omnia
1362 1728 1465 1750 verae
1491 1714 1726 1760 poenitentiae

253 1761 351 1805 signa
374 1761 613 1802 exhibentem,
646 1773 699 1794 me
732 1762 834 1796 etiam
857 1768 962 1807 atque
985 1763 1086 1796 etiam
1117 1767 1313 1808 poscentem
1336 1773 1465 1807 poenas
1495 1760 1576 1795 mihi
1597 1760 1724 1805 imponi

253 1808 441 1849 salutares,
472 1819 525 1841 me
549 1807 719 1853 patientia
751 1808 898 1842 obnoxia
922 1809 1138 1852 profitentem
1161 1809 1323 1842 sectionis
1346 1819 1479 1854 quoque
1512 1812 1548 1840 et
1580 1807 1725 1840 ustionis

253 1853 402 1887 austeris
426 1854 610 1887 subeundis
643 1853 875 1887 curationibus
898 1860 1072 1898 paratum,
1109 1854 1222 1888 reiicit
1245 1859 1351 1899 atque
1372 1859 1578 1899 aspernatur
1597 1857 1724 1892 tamen,

253 1903 289 1932 et
313 1899 433 1944 culpae
455 1905 638 1944 utcumque
662 1910 683 1933 a
715 1900 940 1945 resipiscente
970 1901 1152 1934 damnatae
1174 1900 1413 1934 conscientiam
1436 1910 1581 1944 aequum
1605 1902 1724 1932 censet

253 1949 408 1979 extrema
438 1945 677 1990 desperatione
707 1947 954 1990 constringere.
1014 1947 1093 1980 mihi
1127 1959 1210 1980 vero
1249 1946 1357 1980 minus
1388 1946 1510 1979 malum
1545 1945 1723 1989 minusque

252 1991 387 2025 noxium
417 1991 555 2026 videtur
578 2003 644 2025 non
675 2003 862 2035 agnoscere
891 1992 1024 2037 culpam
1055 1993 1252 2038 propriam,
1287 2003 1386 2037 quam
1411 1991 1485 2025 eius
1507 1991 1721 2036 improbatae

252 2042 503 2083 revocataeque
526 2038 659 2072 veniam
684 2038 879 2082 desperare.
926 2038 1020 2083 prius
1051 2039 1140 2073 enim
1170 2038 1254 2072 illud
1285 2038 1447 2072 duritiam
1476 2037 1582 2072 solum
1605 2036 1723 2080 arguit

251 2084 336 2118 alias
361 2085 602 2118 emendabilem
624 2084 876 2129 impoenitentis
895 2084 929 2118 in
948 2096 1112 2130 praesens
1133 2084 1256 2118 animi:
1282 2085 1347 2118 hoc
1368 2084 1538 2130 posterius
1552 2083 1586 2117 in
1606 2090 1721 2117 aeter-

250 2142 315 2164 nae
340 2130 459 2175 utique
481 2129 707 2164 damnationis
731 2130 869 2164 exitium
892 2130 1086 2165 inevitabile
1108 2131 1263 2164 detrudit
1282 2136 1508 2176 peccatorem.
1556 2136 1721 2174 expertus

249 2176 362 2210 omnia
394 2177 480 2210 haec
511 2188 646 2222 queror.
694 2176 776 2210 nihil
808 2188 875 2210 non
905 2177 1051 2212 tentavi.
1099 2176 1190 2211 adivi
1222 2178 1366 2223 supplex
1389 2176 1619 2222 patriarcham
1642 2186 1722 2214 sae-

252 2224 348 2267 pius:
373 2223 479 2256 toties
510 2223 658 2257 reiectus
686 2235 769 2257 sum.
816 2223 938 2267 rogavi
964 2229 1004 2257 ut
1031 2224 1110 2258 mihi
1144 2222 1388 2257 satisfactionis
1410 2224 1527 2257 modus
1549 2221 1722 2268 praescri-

250 2270 409 2303 beretur:
442 2280 509 2303 non
541 2269 638 2302 modo
666 2281 732 2303 non
755 2269 959 2314 impetravi,
993 2270 1054 2304 sed
1076 2270 1202 2304 acriter
1224 2269 1434 2315 increpitus,
1458 2269 1520 2303 sed
1543 2274 1720 2303 contume-

250 2315 333 2348 liose
357 2314 558 2360 obiurgatus
580 2326 653 2349 sum
670 2342 679 2357 ,
707 2327 729 2349 a
760 2327 825 2350 non
857 2316 946 2349 aliud
978 2317 1124 2350 extremi
1158 2316 1310 2361 responsi
1340 2316 1414 2350 loco
1439 2316 1482 2349 ad
1504 2316 1606 2349 finem
1629 2312 1718 2348 adii-

249 2361 385 2402 ciente‚
409 2361 474 2395 nisi
497 2372 638 2395 necesse
661 2373 737 2395 esse
760 2362 874 2396 curari
897 2362 1037 2405 vulnus,
1061 2374 1150 2408 quae
1174 2369 1288 2396 autem
1322 2362 1356 2396 ei
1378 2363 1488 2407 possit
1508 2361 1586 2395 fieri
1608 2359 1718 2394 medi-

249 2407 347 2448 cina,
370 2417 408 2440 se
431 2407 576 2441 nescire.
624 2420 740 2442 verum
776 2409 946 2442 enimvero
977 2420 1021 2442 an
1052 2420 1118 2443 non
1151 2408 1288 2442 irrideri
1320 2419 1358 2442 se
1390 2409 1538 2453 superbo
1569 2404 1715 2440 ludibrio

248 2453 306 2486 ille
328 2452 401 2486 iure
424 2453 640 2497 suspicetur,
664 2454 718 2487 cui
748 2455 935 2489 suadeatur
966 2458 1001 2488 et
1031 2458 1191 2500 tanquam
1213 2454 1443 2489 necessarium
1460 2452 1717 2499 praescribatur

249 2499 391 2532 efficere
413 2499 564 2544 aliquid,
597 2503 632 2533 et
655 2503 767 2534 tamen
802 2513 869 2546 quo
895 2501 931 2535 id
964 2501 1063 2537 modo
1095 2513 1207 2547 quave
1236 2502 1371 2535 ratione
1395 2505 1502 2546 queat
1522 2497 1651 2543 suscipi
1673 2508 1716 2531 nc

252 2544 391 2590 perduci
412 2545 459 2579 ad
481 2545 627 2587 exitum,
650 2546 726 2591 ipse
748 2547 807 2591 qui
829 2547 926 2582 iubet
947 2547 1103 2592 ignorare
1125 2559 1163 2581 se
1186 2548 1362 2582 testetur?
1393 2558 1503 2581 nonne
1526 2545 1603 2579 hinc
1624 2544 1715 2577 iusta.

252 2601 355 2625 causa
377 2590 455 2625 mihi
477 2591 680 2637 relinquitur
700 2592 839 2627 timendi
862 2605 905 2627 ne
920 2619 931 2635 ‚
965 2594 992 2627 si
1023 2594 1114 2628 ultro
1135 2594 1318 2639 aggrediar
1338 2593 1540 2627 satisfacere
1561 2601 1623 2636 pro
1645 2589 1715 2623 cri-

251 2637 358 2678 mine,
379 2637 440 2671 ubi
463 2637 570 2672 multa
590 2637 800 2683 impendero,
824 2639 928 2674 multa
950 2644 1127 2674 tentavero
1140 2666 1149 2683 ‚
1171 2640 1308 2674 multum
1330 2640 1454 2674 sudans
1476 2637 1657 2681 nitensque
1678 2635 1714 2668 in

252 2682 390 2717 sceleris
422 2683 647 2729 expiationem
685 2684 752 2718 mei
780 2696 971 2730 peregero,
1009 2686 1098 2720 haud
1130 2698 1172 2720 ea
1200 2691 1311 2720 tamen
1339 2685 1398 2719 ille
1429 2684 1517 2719 satis
1558 2682 1716 2727 accipiat,

251 2729 369 2774 sicque
393 2730 624 2764 contentiones
647 2742 698 2764 me
720 2730 797 2764 illas
818 2742 1065 2778 aerumnasque
1085 2733 1273 2778 perdidisse
1295 2736 1430 2777 spretus
1461 2731 1503 2764 ad
1527 2736 1715 2764 extremum

254 2786 296 2808 ac
330 2776 485 2821 repulsus
521 2776 676 2811 sentium.
723 2777 838 2811 audite
871 2783 983 2812 autem
1018 2783 1054 2812 et
1087 2791 1150 2825 pro
1184 2784 1303 2812 vestra
1338 2777 1509 2823 sapientia
1537 2776 1718 2811 aestimate

254 2823 355 2865 quale
379 2822 426 2856 sit
449 2828 485 2857 et
508 2822 629 2868 ecquid
656 2823 817 2868 expediat
853 2823 1086 2869 reipublicae,
1117 2825 1209 2870 quod
1240 2835 1302 2870 per
1333 2824 1419 2859 istas
1448 2824 1609 2868 ambages
1632 2822 1715 2856 obli-
