1884 3262
580 218 687 263 LlB.
716 219 753 264 Ι.
805 215 1168 265 GLOSSARIUM.
1513 221 1613 267 569

158 331 241 370 τῶν
255 324 444 382 Ἀράβων
462 327 767 383 μετεβλήθησαν
783 332 986 401 γλῶσσαν,
1016 329 1059 371 ἐκ
1078 327 1123 370 δὲ
1138 330 1212 380 τῆς
1227 325 1417 382 Ἀράβων
1442 327 1547 384 παρ’
1561 347 1614 383 η-

159 401 248 455 μων
267 387 324 433 εἰς
343 383 418 438 τήν
435 385 666 438 Ἑλληνίδα,
695 387 764 427 καὶ
783 386 860 428 εἰσὶ
880 383 979 438 παρ’
1001 385 1101 440 ἡμῖν
1125 386 1234 440 μέχρι
1258 389 1329 438 τῆς
1359 383 1535 440 σήμερον
1556 388 1615 436 εἰς

158 438 356 493 ω’φέλειαν
381 443 465 483 τῶν
493 439 865 496 ἀναγινωσκόντων.
920 443 998 481 hoc
1026 448 1115 491 est,
1155 443 1207 480 ad
1232 443 1418 482 velbum:
1452 444 1531 481 has·
1560 443 1614 486 15

157 500 351 537 sectiones
370 501 532 551 sapiens·
559 499 741 538 medicus
756 500 926 538 Perzoie’s
942 507 981 537 tr
983 500 1156 537 ans-tulit
1182 513 1227 536 ex
1244 499 1392 537 Indica
1412 501 1456 537 in
1474 497 1614 538 Persi.

160 569 253 593 cam
266 554 488 593 dialectum
511 570 540 593 a
559 571 602 594 se
630 556 867 608 deportatae
893 570 939 593 ex
966 554 1090 594 India
1105 557 1194 607 regi
1216 556 1396 594 Clzosroi.
1453 571 1499 594 ex
1515 559 1615 595 Per.

156 613 249 650 sica
268 625 359 650 vero
380 614 424 650 in
440 612 666 650 Arabicam
682 627 820 651 versae
840 613 1030 664 linguam
1048 619 1164 661 aunt,
1193 626 1238 648 ex
1252 612 1437 651 Arabica
1457 611 1617 651 demum

162 683 190 706 a
212 669 330 706 nobie
347 670 391 706 in
412 670 620 707 Graecam,
662 676 699 707 et
714 676 811 707 eunt
830 668 948 720 apud
961 682 1034 706 nos
1052 669 1231 720 usquein
1251 668 1489 706 hodiernum
1511 668 1619 706 diem

159 724 222 763 ad
238 726 460 763 utilitatem
477 725 707 776 legentium.
751 726 807 764 ita
824 725 892 766 ibi.
947 725 1054 763 unde
1072 724 1324 763 manifestum
1343 731 1403 763 est
1424 726 1620 764 Persicam

162 795 263 833 quae
281 782 427 820 dicitur
453 782 734 832 Arabicamque
762 782 982 820 versionem
1009 781 1125 820 fuisse
1147 781 1262 833 plane
1283 781 1469 820 diversas.
1527 795 1618 820 cum

158 844 317 888 autem,
346 844 395 876 ut
415 850 464 875 ex
494 839 604 889 prius
622 839 819 890 descripto
844 839 1018 877 eiusdem
1038 838 1242 890 Symeonis
1258 838 1421 889 prologo
1448 844 1619 887 constat,

162 895 304 934 titulus
326 895 451 946 Cyme
475 896 626 933 Dimne
651 896 838 934 Arabicae
862 895 1052 934 versionis
1085 894 1285 946 proprius,
1301 895 1442 944 fuerit,
1481 895 1543 934 uti
1579 901 1621 933 et

161 952 245 1003 ipsa
266 952 333 989 illa
352 951 547 990 vocabula
571 952 738 990 Arabica
768 965 819 990 ex
840 952 989 1003 origine
1016 957 1232 1003 putantur,
1267 950 1479 990 dicendum
1498 957 1558 989 est
1579 956 1621 989 et

163 1008 300 1047 Indica
317 1007 531 1060 archetypa
547 1015 588 1047 et
607 1009 800 1047 Persicam
818 1022 840 1045 a
860 1009 1005 1047 Perzoe
1023 1008 1300 1046 concinnatam
1319 1007 1622 1059 interpretatio-

163 1077 256 1104 nem
273 1065 338 1104 ¹vel
348 1065 526 1103 caruisse
543 1066 662 1104 titulo
689 1065 754 1104 vel
773 1065 887 1103 aliter
901 1064 1090 1116 inscripta
1112 1064 1348 1116 apparuisse.
1404 1064 1512 1102 unde
1532 1065 1623 1114 qui-

163 1122 226 1160 vis
257 1134 405 1172 aequus
431 1122 666 1160 concesserit
696 1122 830 1171 nobis,
859 1122 926 1172 qui
956 1135 1038 1159 non
1065 1120 1410 1172 interpretationes
1433 1121 1624 1159 Graecam

165 1183 238 1217 aut
253 1177 481 1227 Arabicam,
511 1178 580 1217 sed
600 1191 699 1230 opus
716 1179 845 1230 ipsum
865 1184 959 1216 ortu
982 1179 1110 1230 primo
1129 1177 1308 1216 Indicum
1325 1177 1463 1216 Latine
1478 1177 1621 1216 reddi-

164 1247 274 1285 mus,
303 1246 457 1272 necesse
475 1248 558 1273 non
581 1235 699 1274 fuisse
718 1235 907 1274 Arabicae
924 1241 995 1273 aut
1019 1235 1189 1272 Graecae
1208 1234 1531 1272 nomenclationis
1547 1234 1624 1271 ha-

166 1291 259 1329 bere
276 1291 491 1340 rationem,
519 1291 750 1343 praesertim
774 1304 864 1328 cum
886 1304 931 1328 ea
949 1291 1055 1342 parti
1083 1297 1240 1329 tantum
1268 1291 1419 1341 operis,
1457 1289 1536 1328 hoc
1564 1295 1623 1328 est

163 1347 322 1386 duabus
349 1347 559 1385 dumtaxat
587 1348 927 1386 dissertationibus
953 1348 1186 1396 conveniat,
1217 1347 1360 1397 quibus
1386 1348 1563 1385 coronati
1582 1353 1622 1386 et

166 1404 415 1454 vestigatoris
441 1404 635 1454 colloquia
658 1404 890 1442 recitantur.
945 1403 1119 1454 quaesivi
1146 1415 1196 1440 ex
1223 1403 1415 1454 magistris
1432 1402 1623 1442 Arabicae

165 1461 323 1511 linguae
348 1473 398 1498 an
434 1461 561 1511 Cylile
595 1466 635 1498 et
668 1462 820 1498 ,Dimne
842 1461 991 1498 Graece
1019 1460 1259 1510 στεφανίτην
1292 1459 1360 1499 καὶ
1391 1456 1621 1512 ἷχνηλάτην,

166 1516 246 1555 hoc
265 1522 324 1554 est
348 1517 484 1554 Latine
506 1523 742 1554 coronatum
761 1522 802 1554 et
820 1518 1099 1568 vestigatorem
1123 1515 1399 1567 significarent.
1455 1529 1622 1567 respon-

170 1573 343 1612 derunt
331 1586 374 1610 m
394 1569 523 1624 Cylile
541 1573 700 1623 quidem
719 1585 925 1623 agnoscere
943 1585 982 1610 se
1002 1572 1150 1622 aliquid
1156 1545 1286 1623 t’quod
1303 1586 1471 1609 coronae
1486 1573 1622 1610 notio-

168 1643 261 1668 nem
276 1629 477 1678 r,edoleat
505 1629 546 1667 in
574 1631 727 1669 Dimne
747 1628 848 1667 nihil
865 1629 1039 1681 reperire
1053 1628 1162 1679 quod
1187 1628 1239 1665 ad
1255 1628 1420 1679 vestigii
1425 1628 1622 1692 significa-

168 1692 257 1724 tum
272 1691 421 1736 vergat.
477 1697 527 1723 ex
550 1699 629 1736 quo
651 1687 816 1724 sortasse
841 1685 1027 1738 suspicari
1057 1685 1174 1723 liceat
1193 1684 1381 1723 mendum
1399 1685 1623 1736 exscripto-

170 1743 227 1781 ris
244 1742 288 1782 in
305 1742 379 1780 ista
397 1742 602 1793 peregrina
618 1755 717 1781 voce
737 1742 955 1781 reddenda.
1015 1741 1117 1780 sicut
1138 1742 1298 1780 omnino
1316 1742 1439 1779 inesse
1463 1742 1624 1781 videtur

169 1798 214 1837 in
242 1798 437 1850 particula
465 1798 557 1846 καί,
593 1804 715 1850 prout
742 1799 811 1836 illa
839 1811 930 1837 cum
963 1797 1142 1837 Arabicis
1166 1798 1416 1849 coniungitur
1445 1798 1625 1848 vocibus,

169 1868 263 1893 eum
291 1855 440 1893 Graeca
463 1855 527 1893 sit.
584 1855 770 1894 credibile
795 1861 856 1893 est
880 1856 983 1894 enim
1012 1855 1178 1894 Sethum
1207 1855 1443 1893 scribentem
1466 1855 1625 1894 Graecis

168 1910 465 1950 characteribus
483 1911 696 1950 Arabicum
713 1912 874 1950 titulum
899 1913 1046 1953 Κυλίλε
1066 1928 1115 1952 ου
1147 1911 1274 1963 Διμνέ
1301 1911 1496 1962 posuisse:
1523 1911 1626 1950 illud

173 1973 304 2006 autem
338 1983 407 2016 ov,
443 1980 543 2019 quae
573 1969 713 2021 copula
739 1974 799 2006 est
828 1968 1041 2018 Arabibus,
1079 1969 1252 2007 Graecus
1279 1968 1463 2006 librarius
1488 1969 1529 2006 in
1556 1967 1627 2008 καί

173 2024 430 2066 converterit.
485 2025 609 2064 refert
638 2025 885 2064 doctissimus
909 2025 1074 2064 Allatius
1105 2025 1274 2063 diatriba
1313 2024 1362 2062 de
1387 2026 1628 2076 Symeonum

170 2081 331 2133 ‘scriptis
348 2095 388 2133 p.
407 2081 488 2124 184
507 2082 698 2133 prodiisse
722 2082 906 2120 Ferraria
933 2095 996 2119 an.
1018 2081 1125 2123 1584
1142 2080 1340 2131 quandam
1357 2080 1476 2118 liuius
1498 2080 1628 2131 operis

174 2137 538 2188 interpretationem
561 2139 738 2177 Italicam
760 2138 896 2177 multis
920 2137 1015 2176 loeis
1033 2137 1210 2175 mutilam
1223 2166 1235 2186 ,
1271 2137 1312 2175 in
1333 2138 1442 2175 cuius
1462 2137 1625 2187 prologo

170 2193 328 2244 -legatur
338 2193 447 2231 hunc
464 2194 610 2233 librum
630 2208 679 2233 ex
691 2195 824 2234 Indica
839 2195 883 2233 in
901 2194 1118 2246 Agarenam
1134 2194 1306 2245 linguam
1328 2206 1351 2230 a
1366 2192 1458 2231 Lelo
1475 2193 1624 2231 Demno

176 2251 369 2287 Saraceno
399 2263 558 2289 versum
583 2251 721 2301 suisse3
756 2251 926 2291 ridiculo
946 2263 1080 2290 errore
1106 2263 1156 2288 ex
1182 2263 1228 2288 eo
1243 2255 1358 2298 nato,
1391 2249 1496 2300 quod
1522 2249 1624 2288 liber

176 2306 283 2344 idem
304 2306 352 2349 ab
386 2305 513 2344 Arabe
541 2308 757 2359 interprete
786 2308 913 2359 Cylile
936 2322 966 2346 u
992 2309 1142 2345 Dimne
1163 2306 1375 2357 inscriptus
1394 2306 1525 2345 fuerit.
1579 2305 1623 2344 id

176 2362 310 2402 valere
326 2368 457 2414 potest
475 2363 527 2400 ad
544 2364 881 2415 comprobandum
898 2376 1030 2402 meum
1048 2363 1251 2401 consilium
1265 2362 1412 2401 alienae
1432 2363 1481 2401 ab
1500 2361 1623 2414 origi-

177 2418 295 2458 nibus
318 2420 641 2458 nomenclationis
666 2420 949 2469 removendae,
987 2432 1037 2457 ne
1064 2419 1241 2458 similiter
1263 2419 1423 2458 errandi
1453 2419 1622 2471 cuipiam

179 2475 406 2527 simpliciori
431 2475 595 2515 daretur
622 2477 794 2525 occasio,
832 2476 1102 2515 existimaturo
1125 2476 1289 2515 fortasse
1303 2476 1526 2515 ichnelaten
1545 2490 1622 2515 no-
1643 2486 1673 2522 P
1695 2486 1759 2523 391

173 2545 274 2570 -men
295 2544 376 2568 esse
405 2533 599 2582 auctoris,
628 2533 695 2583 qui
719 2533 870 2597 primus
893 2532 972 2571 hoc
993 2532 1224 2585 opusculum
1245 2532 1445 2580 condidit,
1476 2546 1566 2571 cum
1580 2532 1624 2571 id

181 2589 265 2626 sine
280 2594 388 2626 certo
407 2589 608 2654 scriptoris
624 2589 780 2627 nomine
801 2589 980 2628 editum
969 2603 1012 2628 m
1032 2589 1145 2628 India
1165 2591 1334 2641 Symeon
1359 2589 1456 2628 Seth
1472 2590 1623 2638 innuat,

183 2644 279 2683 dum
304 2644 441 2683 scribit
467 2645 579 2684 initio
606 2646 858 2715 praefationis
883 2658 995 2684 suae:
1032 2663 1060 2698 η
1087 2649 1270 2698 παροῦσα
1302 2646 1439 2699 βίβλος
1469 2641 1624 2698 ἐγραφη

185 2698 258 2754 μὲν
285 2716 394 2752 παρα
427 2714 568 2752 σοφων
594 2698 672 2743 από
703 2717 745 2742 τε
772 2698 920 2755 μυθων
942 2701 1011 2743 καὶ
1041 2702 1300 2755 παραβολων,
1338 2702 1445 2740 hunc
1475 2701 1624 2738 librum

183 2759 450 2808 composztum
464 2760 597 2806 fuisse
623 2772 651 2795 a
673 2758 920 2811 sapientibus·
943 2773 990 2797 ex
1002 2759 1174 2810 fabulis
1196 2766 1231 2797 et
1249 2757 1487 2811 Ραναῦοἰὶες
1518 2756 1626 2807 quod

182 2812 331 2851 indicat
355 2814 508 2853 nullum
543 2815 578 2853 ei
605 2815 722 2853 fuisse
755 2814 992 2866 inscriptum
1029 2816 1232 2866 singularis
1261 2814 1432 2853 auctoris
1469 2826 1623 2852 nomen.

182 2867 343 2927 iureque
375 2870 466 2910 ideo
501 2883 564 2910 me
599 2870 700 2910 illud
735 2874 927 2924 specimen
972 2874 1193 2925 sapientiae
1227 2870 1420 2912 Indorum
1456 2877 1627 2909 veterum
