1884 3262
260 210 356 256 392
515 251 518 252 ⁷
672 202 903 248 GEORGII
934 202 1281 272 PACHYMERIS

261 325 402 369 δεινοῖς
419 316 469 360 τὰ
488 315 597 359 δεινὰ
618 316 672 365 εἷς
690 315 764 370 τὴν
781 319 854 369 τῆς
874 311 964 357 τότε
981 313 1076 368 βίας
1093 311 1361 371 παράστασιν.
1428 314 1475 356 αἳ
1490 313 1536 356 αἲ
1550 311 1611 357 ὅτι
1632 314 1699 355 καὶ

260 391 442 432 τοσαῦτα
465 381 671 433 παθόντες
698 389 783 433 τοῖς
809 382 978 437 ’ὕστερον
1009 382 1176 425 ἐλθοῦσι
1205 382 1309 436 μηδὲ
1338 388 1516 438 φανεῖσι,
1553 381 1610 436 μὴ
1634 380 1700 423 λε’-

262 459 375 510 ξασι,
408 452 465 507 μὴ
482 456 691 502 παθοῦσι,
726 448 850 506 μόνον
871 450 914 493 δ’
936 449 1108 508 ἀφανείᾳ
1124 454 1302 506 κρυβεΐσι
1321 451 1387 491 καὶ
1408 454 1480 491 τοῦ
1499 451 1700 503 μηδεμιᾶς

210 528 240 562 Β
263 523 481 573 ἀξιοῦσθαι
511 521 728 577 φροντίδος
754 516 895 574 χάριν,
942 517 1108 572 ἀπηνῶς
1134 514 1398 573 ἐκρινόμεθα,
1437 516 1534 559 εἴπω
1564 518 1607 559 δὲ
1633 518 1700 558 καὶ

261 587 496 646 κρινόμεθα.
564 585 699 642 ὑμεῖς,
738 583 770 630 ὦ
791 581 927 638 οὗτοι,
964 586 1060 634 τοὺς
1080 589 1153 638 τῆς
1172 586 1405 639 ἐκκλησίαςς
1441 582 1732 633 ποῦστάντεςό

266 657 291 711 ἢ
318 660 396 699 ποῦ
420 653 566 709 βάντες
596 654 622 710 ’ἢ
654 656 696 698 τί
723 657 788 698 καὶ
813 651 1010 710 χρήσιμον
1039 650 1325 707 ε’νδειξάμενοις
1361 649 1458 694 ἀλλ’
1489 650 1564 706 οὔχ
1591 650 1702 706 ὑμῖν,

264 731 351 774 τοῖς
369 724 413 766 δὲ
431 722 657 777 δεξαμένοις
674 721 701 777 ἦ
720 723 895 776 μέμψις,
933 723 999 764 καὶ
1014 725 1170 774 μᾶλλον
1186 719 1250 762 ὅτι
1265 720 1458 768 κάκείνοις
1478 719 1704 771 ἐπιτιθεμέ-

264 809 348 842 νοις
369 788 598 847 ἒχρώμεθα.
669 790 774 832 ἀλλὰ
791 789 844 832 τὰ
861 790 935 843 μέν
954 790 1042 845 περὶ
1063 783 1216 831 τούτων
1236 785 1323 838 ἅλις
1332 820 1347 841 ,
1383 785 1478 841 ἡμῖν
1501 787 1546 829 δὲ
1567 787 1706 843 καιρὸς

265 860 312 903 τὸ
334 858 468 902 καινὸν
490 861 717 913 διηγεῖσθαι
738 856 927 912 διήγημα.

397 925 552 984 Ἡμέρα
571 922 622 980 ἦν
640 927 682 968 ἐν
700 932 785 975 τοῖς
806 926 925 981 ἱεροῖς
943 920 1179 980 ἀνακτόροις
1198 919 1411 973 συνᾶξεως,
1447 922 1512 963 καὶ
1532 919 1556 976 ἦ
1579 918 1705 964 σῦνα-
1719 932 1762 966 10

221 1005 251 1038 C
274 998 332 1046 ξις
362 992 469 1050 ἱερά,
516 995 581 1036 καὶ
614 991 711 1036 ὅσον
747 994 788 1036 ἓν
823 989 1097 1047 ἶερομονάχοις
1124 993 1191 1033 καὶ
1222 989 1354 1039 ἄλλως
1385 989 1611 1044 ἶερωμένοις
1641 990 1709 1031 καὶ

266 1068 458 1117 μοναχοΐς
475 1059 698 1115 πάνδημος,
768 1064 901 1116 παρῆν
926 1061 969 1102 δέ
987 1061 1052 1101 καὶ
1073 1056 1323 1114 πατριάρχης
1342 1059 1408 1099 καὶ
1422 1055 1563 1099 ἅπασα
1585 1054 1710 1116 σύνο-

268 1132 352 1179 δος.
423 1128 447 1183 ἢ
482 1129 526 1171 δὲ
555 1128 696 1182 σκέψις
727 1129 815 1183 περὶ
847 1131 920 1180 τῆς
955 1126 1189 1181 κινουμένης
1209 1123 1365 1180 εῗρήνης
1387 1125 1547 1178 ἐκείνης.
1616 1122 1709 1167 τότε

269 1201 366 1253 γοῦν
381 1196 683 1248 καθεσθέντων,
722 1195 976 1246 τιμηθέντων
996 1193 1041 1235 δ’
1064 1195 1126 1235 ἐπὶ
1147 1193 1330 1251 καθέδρᾳ
1351 1193 1417 1234 καὶ
1441 1192 1595 1247 ἀμφοῖν
1611 1189 1710 1234 τού-

270 1282 357 1308 τοιν
377 1263 433 1313 ὥς
453 1262 830 1319 συναγωνιζομένων
853 1266 911 1319 τῷ
938 1265 1117 1316 βασιλεῖ,
1153 1264 1227 1303 τοῦ
1250 1277 1292 1302 ’τε
1312 1256 1592 1315 ἀρχιδιακόνου
1614 1262 1708 1302 Με-
1721 1267 1762 1302 15

270 1329 505 1386 λιτηνιιῦτου
527 1333 593 1373 καὶ
613 1334 685 1373 τοῦ
705 1330 1117 1385 πρωταποστολαρίου
1138 1329 1326 1382 Κυπρίου
1341 1359 1353 1379 ,
1391 1324 1413 1369 ὃ
1433 1324 1568 1384 ῥήτωρ
1587 1324 1710 1369 Ὀλό-

221 1411 253 1445 D
273 1403 407 1453 βωλος
433 1400 602 1450 ἵστατο,
649 1400 886 1453 προσδοκῶν
916 1397 990 1450 τὴν
1021 1396 1100 1439 ἀπὸ
1132 1396 1328 1450 βασιλέως
1353 1391 1586 1450 ἐκχώρησιν.
1654 1392 1708 1443 ὥς

273 1466 315 1509 δ’
340 1466 415 1521 οὐχ
435 1465 594 1522 ὥρι’ζετο
618 1465 679 1507 ἐπὶ
697 1465 906 1520 καθέδρας,
924 1466 989 1507 καὶ
1010 1463 1133 1507 αὐτὸν
1162 1463 1345 1515 ἕζεσθαι,
1381 1461 1556 1512 ἐξελθὼν
1574 1466 1710 1515 καθῆ-

273 1550 360 1579 στο.
429 1534 512 1577 ἐπεὶ
537 1534 582 1576 δὲ
613 1530 741 1590 λόγων
768 1532 1009 1588 κινουμένων
1039 1533 1105 1575 καὶ
1127 1529 1147 1574 ὅ
1170 1529 1307 1588 ῥήτωρ
1331 1531 1502 1585 ἐζητεῖτο
1524 1531 1590 1573 καὶ
1607 1527 1711 1586 χρή-

276 1731 515 1775 coniungentes
546 1729 665 1766 similia
697 1730 883 1773 similibus,
921 1729 1038 1774 gravia
1068 1729 1250 1774 gravibus,
1286 1727 1319 1763 in
1350 1729 1519 1773 specimen
1540 1727 1712 1762 exercitae

273 1782 356 1811 tunc
377 1776 571 1811 violentiae.
615 1776 701 1818 beu,
723 1777 788 1810 heu
811 1777 950 1810 miseros
972 1785 1053 1816 nos,
1085 1775 1174 1820 quod
1196 1778 1292 1809 tanta
1314 1772 1406 1818 passi
1428 1774 1472 1809 ab
1494 1773 1548 1808 his
1568 1773 1627 1818 qui
1651 1785 1714 1818 po-.·

277 1822 401 1856 steriu-
423 1825 607 1862 venerunt,
639 1831 778 1866 quorum
800 1821 834 1854 in
857 1822 920 1854 hoc
941 1825 1014 1854 toto
1037 1820 1169 1864 negotio
1193 1831 1255 1854 nec
1275 1818 1381 1853 facies
1406 1818 1482 1853 visa
1510 1830 1573 1852 nec
1597 1819 1714 1853 audita

276 1877 346 1900 vox
375 1869 452 1907 αῖς
490 1866 549 1911 qui
582 1866 671 1911 quod
701 1866 782 1900 nibil
811 1865 904 1911 passi
926 1868 1023 1906 sunt,
1059 1864 1255 1899 obscuritati
1275 1875 1358 1898 suae
1377 1862 1564 1908 vilitatique
1585 1863 1714 1898 debue-¹

275 1915 377 1953 runt,
413 1911 528 1956 utique
558 1922 623 1945 non
653 1910 740 1944 tanti
770 1911 899 1953 habiti,
937 1919 976 1944 ut
1009 1920 1127 1944 curare
1149 1910 1191 1944 de
1214 1909 1298 1954 ipsis
1319 1912 1379 1942 aut
1401 1908 1529 1942 omnino
1559 1908 1715 1953 cogitare

276 1957 494 2000 dignarentur
515 1956 572 2001 qui
594 1957 678 1990 baec
700 1957 887 1990 movebant.
917 1956 976 1989 ab
1008 1955 1079 1996 his,
1116 1955 1268 2000 inquam,
1303 1965 1365 1988 nos
1391 1953 1632 1989 iudicabamur.
1679 1958 1715 1988 et

275 2002 356 2055 quid
378 2001 452 2036 dico
474 2001 730 2035 iudicabamus?
767 2013 853 2035 nunc
875 2011 1008 2046 quoque
1030 1999 1224 2034 iudicamur.
1247 2024 1250 2027 »
1269 2009 1330 2032 vos
1356 1999 1527 2044 alloquor,
1558 2011 1579 2033 o
1603 1998 1715 2033 eccle-

275 2046 422 2089 mastici,
458 2046 517 2081 ubi
538 2050 666 2081 stantes
679 2072 688 2087 ,
725 2049 785 2080 aut
806 2057 871 2091 quo
899 2046 1084 2090 progressi,
1116 2050 1175 2080 aut
1196 2043 1277 2090 quid
1300 2044 1432 2078 omnino
1454 2043 1488 2078 in
1510 2055 1714 2079 communem

276 2091 456 2126 utilitatem
488 2091 648 2136 operati?
693 2092 754 2125 sed
783 2094 898 2126 vestra
920 2091 1004 2125 baec
1025 2091 1123 2135 culpa
1153 2102 1217 2124 non
1239 2093 1303 2123 est.
1346 2089 1393 2123 illi
1423 2092 1502 2124 sunt
1530 2089 1714 2134 repreben-

278 2136 379 2170 dendi
407 2136 464 2182 qui
492 2137 558 2172 ista
588 2140 800 2182 acceperunt.
845 2147 1040 2182 quamquam
1071 2139 1124 2170 est
1153 2135 1241 2170 aliud
1267 2134 1376 2168 maius
1397 2135 1486 2179 quod
1508 2134 1551 2168 iis
1572 2145 1715 2169 succen÷

280 2193 422 2216 scamus.
466 2193 532 2217 non
563 2181 649 2216 enim
682 2182 843 2216 tolerasse
875 2182 928 2216 vel
961 2182 1165 2226 approbasse
1194 2180 1340 2216 contenti
1362 2179 1453 2224 quod
1475 2179 1531 2214 ulii
1554 2180 1714 2223 agebant,

281 2227 315 2261 in
339 2232 468 2271 partem
490 2227 556 2271 ipsi
577 2227 719 2261 iniuriae
739 2231 923 2268 venerunt3
945 2226 1009 2270 ipsi
1030 2227 1065 2260 in
1087 2236 1148 2260 nos
1171 2225 1287 2259 infesti
1307 2227 1464 2266 ruerunt,
1486 2224 1636 2269 ipsorum
1651 2236 1714 2259 au—

280 2272 432 2306 xiliarem
453 2284 588 2317 operam
611 2272 734 2307 nostris
757 2271 1009 2317 oppressoribus
1031 2271 1220 2305 navantium
1244 2269 1374 2315 experti
1395 2270 1460 2305 vim
1483 2281 1605 2304 sumus.
1651 2270 1713 2305 sed

280 2317 488 2361 querelarum
521 2318 617 2352 satis.
662 2318 697 2352 id
732 2319 843 2363 potius
873 2316 960 2362 quod
993 2316 1195 2361 suscepimus
1223 2326 1379 2360 agamus:
1417 2326 1493 2350 nam
1523 2315 1576 2350 rei
1605 2326 1714 2352 novae

278 2361 537 2407 inopinataeque
557 2362 754 2397 referendae
776 2364 840 2397 hoc
861 2366 992 2407 tempus
1013 2362 1183 2406 elegimus.

369 2406 451 2441 Dies
480 2411 556 2442 erat
586 2408 806 2443 ecclesiastici
834 2411 1015 2442 conventus
1044 2408 1077 2441 iu
1109 2417 1207 2441 sacro
1237 2405 1376 2451 palatio.
1422 2405 1456 2439 in
1485 2416 1616 2440 sacrum
1638 2415 1714 2439 eum

282 2454 411 2486 coetum
434 2452 606 2486 collectum
635 2454 746 2487 fuerat
767 2457 926 2499 quantum
948 2457 1024 2486 erat
1044 2456 1114 2486 tum
1136 2453 1169 2485 in
1191 2452 1276 2485 urbe
1306 2450 1516 2486 sacerdotum
1540 2455 1576 2484 et
1597 2461 1712 2485 mona—

283 2497 427 2532 chorum.
471 2497 589 2532 aderat
609 2502 645 2532 et
665 2498 855 2542 patriarcba
877 2510 950 2532 cum
973 2497 1128 2532 universa
1150 2497 1287 2540 synodo.
1334 2496 1579 2530 deliberationis
1609 2506 1713 2538 argu-

283 2545 428 2576 mentum
451 2546 525 2576 erat
546 2544 773 2587 propositum,
806 2555 873 2589 pax
904 2542 1120 2577 ecclesiarum
1141 2542 1200 2577 illa
1223 2542 1266 2576 de
1289 2553 1355 2587 qua
1376 2541 1532 2575 instituta
1552 2539 1713 2574 tractatio

282 2587 404 2621 fuerat.
448 2587 696 2622 considentibus
717 2588 782 2622 iam
806 2589 951 2630 cunctis,
983 2591 1018 2622 et
1039 2588 1186 2632 dignatis
1216 2588 1341 2621 honore
1371 2585 1550 2621 cathedrae
1572 2596 1593 2618 a
1613 2596 1714 2629 prae-

284 2632 372 2666 senti
393 2634 543 2676 Augusto
565 2631 693 2667 duobus
714 2633 797 2676 illis,
833 2635 954 2679 quibus
988 2633 1031 2667 ad
1060 2634 1093 2667 id
1123 2632 1290 2676 negotium
1313 2631 1518 2666 adiutoribus
1539 2629 1618 2664 fidis
1637 2634 1714 2663 ute-

285 2677 407 2719 batur,
428 2677 659 2711 archidiacono
683 2678 891 2712 Meliteniota
914 2683 949 2712 et
971 2677 1268 2723 protoapostolario
1293 2677 1440 2721 Cyprio,
1473 2677 1586 2710 rhetor
1608 2675 1715 2709 Holo-

285 2723 381 2756 bolus
404 2723 518 2757 stabat
539 2727 718 2766 expectans
741 2728 779 2756 ut
800 2724 981 2768 imperator
1003 2724 1112 2770 ipsum
1134 2734 1267 2768 quoque
1286 2722 1418 2756 iuberet
1447 2720 1605 2754 assidere.
1653 2719 1715 2754 sed

283 2778 357 2800 cum
379 2767 413 2801 id
435 2767 491 2801 diu
513 2768 641 2801 frustra
674 2772 886 2812 expectasset
899 2793 909 2812 ,
940 2768 1053 2802 exiens
1075 2769 1105 2802 is
1126 2768 1159 2802 in
1180 2768 1327 2812 proximo
1359 2765 1518 2801 consedit.
1563 2765 1715 2810 disputa-

283 2811 374 2846 tione
395 2823 470 2847 mox
489 2812 644 2848 inchoata
665 2812 847 2858 requisitus
869 2816 924 2848 est
944 2814 1076 2856 rhetor,
1099 2814 1192 2852 cuius
1213 2823 1318 2859 opera
1337 2810 1526 2857 praesentis
1540 2812 1718 2856 profutura
