1846 3262
245 184 338 230 138
661 183 896 228 GEORGII
922 185 1273 232 PACHYMERIS

238 314 372 354 μενος.
441 296 488 339 τό
520 296 598 352 γὰρ
629 297 911 353 Βουλγαρικόν
942 298 1017 342 οὐκ
1046 298 1195 354 ’ἤθελεν
1224 299 1414 355 ἠρεμεῖν,
1453 303 1702 359 καὶμᾶλλον

239 383 316 409 κατ
330 365 343 381 ³
367 365 523 420 &Qum
541 366 605 407 καὶ
634 371 754 419 μῖσος
785 366 832 409 τὸ
862 367 964 426 πρὸς
995 368 1194 421 βασιλέα,
1233 374 1308 423 τῆς
1327 368 1492 426 πρώτης
1513 375 1595 413 τῶν
1617 375 1702 414 θυ-

238 434 420 490 γατέρων
441 437 514 475 τοῦ
532 431 733 488 Λάσκαρι
759 434 976 491 Θεοδώρου
999 438 1064 483 καὶ
1086 437 1287 489 βασιλέως
1315 436 1494 494 Εἰρήνης
1521 439 1593 484 τὸν
1624 436 1701 481 σύ-

188 510 220 543 D
245 504 362 557 ζυγον
386 501 714 555 Κωνσταντῖνον,
742 502 784 547 ὃν
804 506 870 546 καὶ
888 504 1061 558 βασιλέα
1081 503 1331 561 Βουλγάρων
1349 504 1369 549 ὃ
1391 504 1510 562 λόγος
1530 507 1697 559 ἐδείκνυ,

237 568 350 639 μάλα
372 575 539 625 θερμῶς
558 570 854 627 ἕξοτρυνούσης
875 577 1026 616 κακοῦν
1043 573 1118 627 τὴν
1135 571 1277 629 χώραν
1291 607 1304 626 ,
1340 573 1551 617 ἀντίποινα
1570 577 1732 629 δῆθενὸ

240 640 295 681 ὡν
317 637 337 681 ὃ
362 638 537 695 ἀδελφὸς
556 637 744 698 Ἰωάννης
762 641 925 695 ἔπασχε.
997 646 1055 699 τῷ
1075 646 1172 697 γοῦν
1198 644 1378 698 Καίσαρι
1398 643 1701 698 προστεταγμέ-

237 725 309 750 νον
329 702 378 761 ἦν
397 707 500 762 πρὸς
520 710 724 761 βασιλέως
746 707 954 753 {motam
979 718 1063 759 τοῖς
1100 714 1174 765 τῆς
1206 707 1374 770 Θρᾴκης
1397 711 1535 766 με’ρεσι
1561 712 1628 753 καὶ
1648 715 1700 768 τῇ

235 774 350 819 πόλει
375 783 591 831 προσσχεῖν
618 777 661 819 ἐκ
691 776 900 836 παρόδου,
947 780 1013 820 καὶ
1045 780 1240 829 ἐπισεῖσαι
1272 780 1346 832 μὲν
1378 778 1620 821 ἀπειλοῦντα
1648 779 1697 822 τὸ

236 845 352 901 ξίφος
374 852 460 895 τοῖς
475 844 668 900 Ἰταλοῖς,
705 847 764 902 μὴ
783 847 865 902 μὴν
883 847 927 890 δὲ
943 849 1010 889 καὶ
1029 845 1165 889 ὁτιοῦν
1186 845 1375 903 πράττειν
1389 860 1400 871 ·
1437 847 1484 890 οὖ
1507 847 1585 903 γὰρ
1608 847 1699 889 ἱκα-

235 917 318 963 νῶς
343 911 420 968 εἶχε
449 919 531 957 τῶν
562 913 892 971 στρατευμάτων.
966 913 1022 964 ὥς
1048 920 1147 971 γοῦν
1171 915 1243 971 τὴν
1272 917 1456 958 Καλλίου
1485 913 1507 958 ὅ
1531 918 1697 972 Καῖσαρ
1711 929 1755 964 10

237 985 483 1038 περαιωθεὶς
513 983 756 1038 κατέλαβεν,
801 983 900 1039 ἔγνω
931 981 1130 1040 πρότερον
1157 982 1183 1039 ἢ
1210 991 1296 1033 τοῖς
1330 983 1546 1040 κατωτέρω
1565 1000 1698 1040 προσ-

215 1058 371 1105 ,σχεῖν,
410 1051 513 1094 κατὰ
533 1055 769 1110 Σηλυβρίαν
797 1053 1008 1108 γενέσθαι,
1040 1054 1106 1094 καὶ
1134 1057 1184 1109 τῇ
1209 1050 1320 1095 πόλει
1350 1054 1393 1095 ἐκ
1414 1056 1497 1094 τῶν
1527 1055 1699 1094 δυτικῶν

122 1133 150 1167 Ρ
175 1134 220 1167 9ο
241 1123 376 1174 μερῶν
407 1122 672 1176 προσεγγίσας
699 1122 821 1180 (μηδὲ
847 1121 925 1177 γὰρ
955 1119 1054 1163 εἶναι
1083 1119 1275 1176 κωλύμην
1302 1117 1493 1163 ἁπάντων
1514 1125 1596 1163 τῶν
1620 1122 1703 1162 ε’κεῖ

237 1192 296 1245 τῷ
312 1185 476 1241 ’βασιλεῖ
487 1187 836 1246 ὗποτεταγμένων)
869 1193 1141 1231 κατοπτεῦσαι
1162 1190 1235 1243 μὲν
1267 1192 1335 1231 καὶ
1367 1187 1522 1243 ταύτην
1541 1187 1596 1238 ὥς
1621 1187 1698 1243 εἶχε

236 1254 329 1298 τότε
349 1258 415 1298 καὶ
433 1262 585 1311 μαθεῖν
607 1258 659 1300 τὰ
682 1262 764 1301 τῶν
788 1257 899 1306 ἐντὸς
917 1261 1002 1306 πῶς
1025 1257 1174 1310 ἔχοιεν,
1212 1259 1310 1299 ι’δεΐν
1338 1259 1383 1300 δὲ
1414 1259 1480 1298 καὶ
1501 1257 1597 1307 τοῦς
1619 1261 1692 1299 θε-
1709 1270 1754 1306 15

238 1327 518 1380 ληματαριόυς
537 1358 550 1377 ,
583 1325 653 1375 οὓς
683 1329 749 1369 καὶ
778 1324 798 1369 ὅ
827 1323 944 1380 λόγος
973 1326 1225 1381 προέγραψε,
1262 1328 1330 1368 καὶ
1362 1323 1634 1380 ὁμιλῆσαι-»τοί
1656 1325 1716 1367 οῖ’

236 1394 438 1435 δοκοῦντα
473 1396 562 1450 περὶ
593 1399 668 1448 τῆς
700 1393 869 1444 πόλεως.
938 1393 1074 1435 ἐλθὼν
1106 1389 1178 1436 οὖν
1206 1395 1273 1435 καὶ
1305 1391 1511 1447 σκηνήσας
1539 1394 1580 1435 ἐν
1610 1388 1697 1443 τοῖς

235 1463 481 1518 περιπολίοις
506 1467 790 1518 προσεκαλεῖτο
812 1461 1022 1518 κρυφηδὸν
1044 1462 1140 1511 τοὺς
1171 1464 1393 1511 δοκοῦντας
1411 1462 1567 1503 ἐκείνων
1581 1491 1594 1515 ,
1629 1461 1701 1503 καί

187 1540 218 1574 Β
242 1546 284 1584 γε
302 1531 559 1574 κατεπίστευε
581 1534 696 1588 σφίσι
715 1531 766 1574 τὰ
782 1530 887 1573 κατὰ
906 1535 1019 1582 νοῦν,
1056 1528 1274 1572 ὑποτείνων
1297 1530 1492 1582 κάκείνοις
1513 1530 1694 1582 ἐλπίδας,

234 1600 270 1640 εἴ
297 1606 545 1655 συνεργοῖεν,
591 1600 668 1650 τὰς
696 1602 869 1656 μείζους.
941 1602 1023 1642 τῶν
1051 1599 1096 1641 δὲ
1121 1598 1262 1656 καιρὸν
1290 1598 1390 1654 ἔχειν
1418 1595 1609 1641 εἰπόντων
1639 1595 1696 1648 ὥς

330 1708 383 1743 18.
408 1710 654 1755 παραπολίοις
676 1710 718 1748 Ρ.

239 1815 356 1858 posset
379 1813 503 1859 optime
526 1813 749 1860 prospiceret.
795 1812 830 1847 in
852 1824 920 1858 quo
943 1817 1057 1847 tamen
1079 1811 1169 1847 aliud
1204 1811 1388 1857 praecipue
1412 1811 1599 1856 spectabat.
1643 1810 1697 1845 vi-

238 1858 342 1892 debat
365 1861 450 1894 enim
475 1861 642 1904 Bulgaros
671 1860 705 1894 in
732 1866 899 1905 apparatu
932 1870 1008 1893 esse
1039 1869 1200 1892 novarum
1239 1869 1369 1900 rerum,
1402 1857 1501 1891 Irene
1536 1857 1695 1892 videlicet

239 1904 413 1939 Theodori
443 1906 621 1950 Lascaris,
653 1905 711 1951 qui
740 1916 848 1949 nuper
881 1905 1126 1950 imperaverat,
1156 1904 1229 1937 fiiia
1253 1903 1490 1946 Constantino,
1516 1914 1614 1948 quem
1637 1914 1694 1936 re-

240 1962 317 1994 gem
352 1952 571 1997 Bulgarorum
603 1953 730 1987 sactum
762 1950 916 1996 superius
941 1951 1108 1994 diximus,
1148 1955 1274 1994 nupta,
1312 1949 1418 1982 virum
1451 1949 1636 1993 instigante
1657 1948 1694 1981 in

240 1997 478 2041 Palaeologum
502 2010 590 2032 nunc
612 1997 853 2042 imperantem,
886 2002 920 2030 et
958 1997 1118 2031 ardenter
1145 2000 1288 2039 urgente
1321 1995 1364 2028 ad
1386 1995 1636 2039 irrumpendum
1658 1994 1695 2028 in

239 2046 352 2077 terras
385 2044 519 2078 ditionis
546 2045 639 2085 eius,
674 2043 789 2088 sicque
819 2043 1033 2087 repetendam
1064 2041 1223 2076 ultionem
1252 2040 1394 2074 iniuriae
1427 2052 1526 2085 quam
1551 2041 1595 2074 ab
1618 2040 1693 2085 ipso

239 2089 434 2134 patiebatur
458 2091 600 2124 Ioannes
622 2091 730 2124 frater
754 2089 900 2123 eiusdem
923 2089 1038 2122 Irenes
1063 2092 1177 2122 contra
1199 2088 1252 2120 sas
1276 2091 1311 2120 et
1341 2090 1443 2131 pacta
1476 2087 1636 2120 redactus
1657 2085 1694 2119 in

240 2135 401 2169 ordinem.
447 2137 666 2170 mandaverat
696 2146 796 2180 porro
819 2134 1004 2179 imperator
1030 2133 1174 2169 Caesari
1194 2138 1255 2175 ut,
1287 2144 1360 2165 cum
1383 2131 1555 2176 attigisset
1578 2136 1695 2176 partes

241 2181 432 2224 Thraciae,
454 2182 529 2216 urbi
552 2194 595 2216 ex
617 2182 804 2226 propinquo
830 2181 1026 2222 minaretur,
1050 2181 1160 2214 obiter
1181 2179 1218 2212 id
1246 2178 1381 2223 quidem
1404 2182 1439 2212 et
1461 2177 1613 2212 tentandi
1631 2189 1694 2223 po-

238 2227 308 2260 tius
330 2227 546 2273 terrendique
579 2228 683 2261 Italos
718 2226 828 2271 gratia
852 2237 952 2271 quam
982 2224 1195 2271 expugnandi
1229 2235 1312 2269 spez
1346 2235 1413 2257 non
1436 2224 1525 2258 enim
1547 2224 1696 2257 habebat

237 2273 392 2307 idoneum
425 2278 542 2308 tantae
573 2274 621 2307 rei
650 2277 850 2318 apparatum
883 2277 943 2305 aut
965 2272 1160 2306 exercitum.
1207 2274 1246 2303 ut
1268 2269 1371 2314 igitur
1392 2270 1538 2303 traiecto
1562 2269 1694 2303 Caesar

237 2319 328 2353 freto
353 2319 562 2364 Calliopolim
584 2319 717 2360 tenuit,
750 2318 919 2360 decrevit,
952 2318 1148 2363 priusquam
1170 2316 1310 2350 inferius
1332 2315 1570 2357 descenderet,
1595 2326 1696 2349 acce-

234 2364 319 2398 dere
342 2365 530 2408 Selybriam
554 2370 590 2399 et
619 2365 697 2398 inde
719 2376 740 2399 a
762 2363 916 2409 partibus
939 2364 1100 2398 Occiduis
1130 2374 1237 2408 prope
1259 2373 1296 2396 se
1319 2362 1497 2396 admovere
1521 2361 1691 2395 Constan-

237 2411 378 2455 tinopoli
401 2411 500 2454 (nihil
524 2411 610 2445 enim
633 2413 708 2444 erat
729 2410 819 2455 quod
841 2410 875 2443 id
900 2413 1048 2453 vetaret,
1076 2408 1207 2443 cunctis
1230 2409 1273 2442 ab
1297 2407 1354 2441 ina
1375 2411 1474 2452 parte
1495 2405 1696 2452 imperatori

239 2456 440 2501 subiectis),
472 2460 507 2490 et
539 2457 590 2490 sic
622 2468 641 2490 e
672 2456 785 2490 vicino
815 2456 1035 2501 contemplari
1069 2467 1136 2500 quo
1167 2459 1249 2488 tunc
1276 2453 1342 2487 iuic
1374 2459 1468 2487 statu
1490 2463 1545 2487 res
1568 2454 1695 2494 essent,

240 2503 488 2548 explorareque
517 2502 657 2536 Latinos
688 2503 803 2536 urbem
836 2506 992 2535 tenentes
1008 2526 1020 2544 ‚
1058 2501 1140 2547 quid
1177 2499 1277 2534 animi
1309 2504 1347 2533 et
1368 2499 1488 2533 virium
1513 2499 1693 2541 haberent,

240 2548 451 2583 voluntarios
473 2559 627 2593 quoque,
651 2548 693 2581 de
715 2548 837 2592 quibus
861 2548 1020 2589 diximus,
1054 2547 1172 2581 videre
1187 2572 1198 2588 ,
1226 2556 1397 2591 agereque
1420 2556 1495 2579 cum
1515 2543 1581 2577 illis
1604 2554 1695 2588 quae

242 2601 438 2639 opportuna
458 2594 659 2628 videbantur
682 2594 725 2627 ad
748 2604 841 2638 spem
864 2594 957 2628 urbis
979 2593 1156 2639 aliquando
1183 2591 1445 2637 recuperandae.
1492 2601 1566 2624 cum
1587 2589 1694 2633 igitur

240 2641 442 2675 accessisset
467 2643 504 2674 et
533 2639 567 2673 in
589 2639 671 2684 ipsis
694 2639 864 2673 suburbiis
885 2639 1103 2673 tabernacula
1126 2638 1276 2679 fixisset,
1303 2637 1389 2671 clam
1409 2635 1544 2670 vocavit
1557 2633 1694 2680 praeci-

242 2697 328 2731 puos
350 2698 465 2720 eorum
479 2711 490 2730 ,
525 2689 561 2719 et
589 2684 673 2730 ipsis
696 2685 907 2719 confidenter
929 2685 1010 2730 quid
1032 2686 1079 2722 ,in
1102 2685 1211 2719 auimo
1235 2685 1377 2718 haberet
1401 2681 1556 2727 aperuit,
1576 2685 1693 2714 osten-

242 2737 321 2766 tans
344 2732 392 2766 eis
415 2743 494 2777 spes
526 2731 659 2766 maximi
691 2731 888 2776 proventuri
918 2731 1002 2776 ipsis
1025 2730 1209 2772 commodi,
1241 2730 1272 2763 si
1294 2729 1448 2763 conferre
1466 2737 1602 2772 operam
1621 2725 1695 2760 vel-

239 2777 323 2812 lent.
362 2779 484 2824 quibns
507 2777 762 2811 admonentibus
783 2788 952 2822 nunquam
986 2777 1259 2823 opportuniorem
1288 2786 1388 2820 quam
1418 2785 1506 2808 nunc
1527 2777 1617 2807 esset
1641 2772 1693 2806 of-

241 2823 325 2859 ferri
357 2835 458 2870 posse
487 2824 695 2859 occasionem
722 2823 908 2869 capiendae
938 2823 1048 2866 urbis,
1086 2822 1242 2870 quoniam
1273 2826 1434 2868 quantum
1463 2819 1498 2854 in
1526 2829 1568 2854 ea
1600 2817 1696 2864 prius
