1884 3262
429 188 505 231 DE
537 186 816 230 MICHAELE
847 183 1222 229 PALAEOLOGO
1258 184 1304 227 L.
1335 182 1410 227 VI.
1550 181 1650 228 429

187 301 403 359 πρεσβείαν
422 301 544 344 ἐποίει
557 333 570 353 ,
606 301 674 342 καὶ
700 303 877 356 σιγηλῶς
909 289 1131 353 ἀπέπεμπε.
1201 295 1249 339 τὸ
1271 295 1408 350 μέντοι
1435 311 1478 350 γε
1502 296 1652 337 δοκοῦν

185 375 246 429 τῷ
264 374 338 425 τῆς
355 370 509 419 Λῖλίας
539 366 876 425 πατριαρχεύοντι
902 371 943 410 Γ
940 370 1116 425 ρηγορίῳ
1143 367 1210 408 καὶ
1243 366 1334 407 λίαν
1366 362 1565 419 ἀληθινὸν
1585 358 1650 418 ἦν.

186 437 210 482 ὃ
232 438 311 495 γὰρ
327 438 572 493 Ἀντιοχείας
596 439 663 479 καὶ
694 433 1003 494 προεπεδήμησε
1035 441 1087 491 τῇ
1108 434 1444 484 Κωνσταντίνου,
1482 431 1652 488 ῥυσθεὶς
1674 430 1705 464 Β

185 512 269 550 τῶν
287 511 362 549 τοῦ
382 507 504 563 ρηγός
518 505 730 560 Ἀρμενίας
749 509 907 558 χειρῶν.
954 505 1101 552 ἐκεῖνος
1122 502 1211 557 γὰρ,
1224 501 1349 554 ἔχθος
1369 505 1426 558 τῷ
1451 498 1654 556 πατριάρ-

153 585 175 619 5
182 593 238 632 χῃ
255 580 391 630 τηρῶν
412 576 478 617 καὶ
501 573 637 617 θέλων
665 573 846 615 ἐκποδὼν
878 571 1068 626 ποιῆσαι,
1106 572 1188 611 ἐπεὶ
1218 569 1296 611 ἀνὰ
1319 576 1462 624 χεῖρας
1485 567 1561 623 εἶχε
1581 568 1652 612 τὸν

185 643 318 699 ἄνδρα
330 676 343 695 ,
382 644 570 686 ἐκδίδωσι
587 649 673 690 τοῖς
690 638 914 691 ἀπάξουσιν
935 635 960 698 ᾗ
981 639 1029 693 ὀὴ
1051 640 1118 681 καὶ
1135 637 1336 680 ἀπολίναι
1357 638 1399 678 ἐκ
1417 641 1491 679 τοῦ
1514 655 1652 693 παρα-

179 716 322 767 χρῆμα
344 713 537 766 ξυμβαίη.
608 712 676 753 καὶ
695 710 733 752 οἳ
757 708 953 763 λαβόντες
972 704 1170 765 ἀμφιάλῳ
1199 706 1486 748 κατεπίστευον
1507 705 1650 764 πέτρᾳ,

183 778 322 837 ἐρήμῳ
345 779 449 836 οὔσῃ
477 781 544 822 καὶ
574 776 846 836 ἀπανθρώπῳ
876 777 929 820 τὰ
961 779 1015 826 εἰς
1043 774 1312 831 παράκλησιν.
1384 772 1480 815 ἀλλ’
1504 775 1652 823 ἐκεῖνος

183 847 377 904 ρυσθείς,
415 846 470 897 ὥς
490 847 620 903 ἔλεγε,
657 854 749 897 ταῖς
778 851 853 889 τοῦ
885 847 1210 900 θαυματουργοῦ
1238 840 1448 885 Νικολάου
1481 842 1651 884 ἐπιστα-

130 930 174 963 10
184 918 316 968 σιάις,
354 920 518 969 βασιλεῖ
541 916 776 972 προστρέχει
797 915 1020 968 καταχθεὶς
1041 915 1097 962 εἷς
1117 910 1247 955 πόλιν.
1297 908 1318 954 ὅ
1341 909 1390 952 δέ
1402 927 1444 966 γε
1458 909 1644 960 Ἀλεξαν-
1670 919 1700 953 C

182 986 343 1041 δρείας,
370 986 437 1026 καὶ
468 984 593 1033 αὐτὸς
621 982 793 1040 ὕστερος
823 988 905 1026 τῶν
932 982 1202 1038 πραχθέντων
1233 977 1427 1035 γεγονώς,
1459 977 1648 1022 ἀναλύειν

179 1053 254 1106 μὲν
273 1051 348 1095 οὐκ
367 1050 443 1106 εἶχε
467 1052 514 1095 τὸ
534 1049 717 1108 γεγονός,
757 1050 870 1105 ὅμως
901 1049 944 1093 δ’
978 1048 1200 1104 εἰρήνευεν,
1238 1046 1428 1101 ἐμποδὼν
1448 1046 1551 1101 ἔχων
1572 1047 1646 1103 τὴν

179 1121 370 1170 ’ξενιτειάν
402 1124 479 1163 τοῦ
506 1125 639 1163 ταῦτα
667 1122 807 1175 ζητεῖν.
880 1118 928 1162 οὔ
958 1119 1036 1175 γὰρ
1077 1117 1353 1174 προσκέκλητο
1394 1115 1458 1158 ἐπὶ
1494 1113 1643 1174 τούτῳ,

178 1187 275 1230 ἀλλ’
299 1187 424 1238 αὐτὸς
441 1188 546 1231 κατὰ
565 1190 838 1244 παραμυθίαν
860 1182 916 1231 ὧν
937 1187 1108 1242 ἔπασχεν
1126 1189 1320 1242 λυπηρῶν
1336 1186 1378 1228 ἓν
1397 1191 1482 1234 τοῖς
1503 1185 1647 1235 ἀθέοις

125 1266 167 1301 15
181 1255 330 1313 διάγων
354 1254 409 1307 ὥς
433 1257 496 1299 ἐπὶ
517 1258 658 1311 λιμένα
689 1257 761 1300 τὸν
782 1257 956 1310 βασιλέα
986 1257 1224 1312 κατέφευγε,
1262 1255 1329 1296 καὶ
1349 1254 1646 1308 ἐπιτετελεσμέ-

177 1342 261 1375 νοις
279 1325 446 1374 ἐπιστὰς
464 1325 590 1381 ἔκρινε
617 1328 699 1368 δεῖν
717 1323 952 1379 ἡσυχάζειν,
985 1329 1058 1367 τοῦ
1080 1325 1154 1376 μὲν
1174 1326 1413 1378 συμπρᾶξαι
1436 1326 1645 1372 παντελῶς

175 1393 357 1449 ἀπέχων,
387 1393 433 1436 τό
457 1394 498 1436 δ’
523 1394 722 1436 ἀνακινεῖν
741 1398 987 1436 καθεστῶτα
1007 1390 1229 1449 ἡγούμενος
1248 1389 1433 1446 ἄκαιρον.
1661 1386 1694 1421 D

314 1463 360 1506 2.
426 1460 484 1505 Ἡ
500 1462 636 1517 μέντοι
657 1480 700 1518 γε
723 1464 874 1518 Μαρία
894 1462 1070 1517 Μιχαὴλ
1097 1461 1169 1503 τὸν
1188 1462 1317 1502 παῖδα
1344 1460 1412 1501 καὶ
1433 1458 1545 1515 παρὰ
1567 1458 1642 1514 τὴν
1670 1456 1697 1491 P
1720 1458 1788 1493 294

176 1528 333 1585 ἠλικίαν
354 1529 544 1585 στέψασα
562 1535 784 1586 βασιλικῶς
809 1531 950 1588 ἔτρεφε
969 1532 1034 1573 καὶ
1055 1529 1190 1586 ἀνῆγε,
1214 1528 1289 1584 τὴν
1309 1527 1512 1584 εὐφημίαν
1534 1527 1641 1583 μετὰ

267 1618 300 1652 6.
323 1613 558 1652 antoanam?
694 1617 729 1652 9.
752 1617 822 1652 τοῦ
844 1617 976 1652 deerat.

174 1695 237 1718 nec
259 1684 397 1719 multum
423 1696 524 1731 posse
557 1684 748 1727 iudicatae;
780 1696 887 1731 quare
917 1684 961 1718 ab
992 1683 1069 1729 ipso
1103 1686 1178 1717 tota
1203 1692 1259 1716 res
1290 1693 1351 1728 pro
1376 1685 1536 1727 suspecta
1560 1694 1640 1717 con-

175 1734 304 1775 tempta
327 1736 400 1774 est,
434 1731 607 1776 legatique
642 1731 776 1765 silentio
799 1731 936 1766 dimissi.
983 1735 1153 1764 caeterum
1186 1728 1303 1762 Aeliae
1326 1728 1553 1774 patriarcham
1577 1740 1640 1763 sua

173 1776 307 1810 minime
329 1776 453 1811 fefellit
476 1777 589 1823 opinio
614 1777 840 1821 Gregorium,
874 1777 910 1810 in
934 1776 977 1810 iis
1000 1787 1088 1820 quae
1111 1776 1154 1809 ‹le
1178 1774 1252 1808 aliis
1275 1774 1407 1808 duobus
1430 1774 1638 1819 patriarchis

173 1827 421 1856 autumaverat.
469 1834 545 1856 nam
568 1822 799 1857 Antiochenus
831 1823 963 1868 quidem
986 1822 1051 1856 iam
1082 1827 1155 1855 tum
1180 1820 1504 1865 Constantinopolim
1529 1821 1638 1854 adve-

172 1872 294 1909 nerat,
326 1867 487 1902 liberatus
511 1880 531 1903 e
566 1869 719 1903 manibus
743 1870 834 1914 regis
855 1868 1047 1903 Armeniae.
1093 1867 1148 1901 hic
1171 1866 1256 1900 enim
1282 1878 1340 1900 rex
1366 1866 1397 1900 ei
1422 1865 1638 1910 patriarchae

172 1912 344 1956 infensus,
368 1918 404 1948 et
434 1925 592 1949 amovere
623 1915 667 1949 de
699 1915 807 1949 medio
829 1914 937 1960 ipsum
971 1914 1130 1960 cupiens,
1162 1914 1253 1947 forte
1274 1912 1476 1946 incidentem
1499 1911 1534 1946 in
1557 1923 1637 1946 suas

171 1970 289 1993 manus
312 1960 506 1994 tradiderat
528 1960 633 1995 certis
657 1961 842 1995 bominibus
866 1961 1098 1994 abducendum
1133 1970 1174 1993 eo
1196 1959 1253 1992 ubi
1287 1958 1399 2004 perire
1421 1958 1513 1991 illum
1536 1958 1636 1992 brevi

171 2015 313 2039 necesse
336 2011 437 2042 esset.
484 2010 519 2040 et
541 2007 591 2040 illi
615 2013 791 2052 acceptum
823 2007 900 2052 rupi
933 2007 1090 2040 desertae
1111 2004 1196 2040 mari
1220 2004 1436 2038 circumfluae
1460 2004 1637 2038 commise-

171 2055 251 2084 rant
273 2051 315 2085 ad
340 2057 467 2086 certum
502 2052 659 2093 exitium,
693 2053 779 2087 omni
810 2053 935 2097 quippe
968 2051 1103 2086 humani
1133 2051 1272 2084 subsidii
1293 2048 1550 2094 commerciique
1573 2050 1635 2083 de-

171 2097 315 2130 stitutae
337 2098 511 2131 facultate.
560 2109 678 2132 verum
712 2099 770 2133 ille
802 2099 966 2132 liberatus
989 2099 1084 2139 inde,
1113 2101 1152 2130 ut
1184 2097 1322 2138 aiebat,
1347 2095 1485 2129 coelesti
1509 2095 1633 2129 auxilio

170 2142 398 2187 thaumaturgi
422 2143 578 2185 Nicolai,
603 2146 646 2179 ad
670 2146 907 2190 imperatorem
931 2144 1103 2186 confugit,
1136 2141 1462 2186 Constantinopolim
1488 2151 1526 2174 se
1550 2152 1632 2174 con-

168 2188 293 2220 ferens.
342 2189 588 2223 Alexandrinus
620 2196 751 2232 autem,
787 2196 866 2235 post
894 2190 959 2224 ista
992 2201 1078 2232 quae
1103 2190 1144 2221 de
1180 2187 1342 2231 religione
1367 2197 1476 2232 nuper
1498 2186 1632 2222 sancita

170 2232 304 2277 quidam
326 2233 561 2278 improbabant
583 2242 723 2271 evectus
750 2236 785 2270 in
814 2237 992 2277 thronum,
1025 2240 1182 2268 retexere
1214 2232 1308 2278 prius
1341 2238 1418 2266 acta
1441 2243 1508 2266 non
1531 2244 1634 2267 cura—

168 2278 241 2320 vit;
278 2290 386 2323 quare
419 2281 554 2324 quietus
589 2283 809 2326 permanebat
824 2307 834 2323 ‚
863 2294 904 2316 eo
937 2282 1090 2316 securius
1120 2279 1208 2325 quod
1241 2282 1382 2324 propter
1403 2278 1633 2313 locommubi

170 2324 320 2367 degebat
355 2324 634 2370 longinquitatem
656 2339 677 2361 a
701 2327 995 2372 Constantinopoli
1025 2325 1156 2360 minime
1178 2324 1423 2369 aspergendum
1449 2335 1526 2358 sese
1550 2336 1633 2359 con-

168 2369 293 2404 fideret
317 2370 552 2416 qualicumque
579 2372 708 2407 invidia
731 2385 843 2407 rerum
865 2373 934 2407 illic
957 2377 1225 2412 transactarum,
1280 2370 1453 2404 raesertim
1477 2370 1519 2404 ad
1544 2383 1631 2416 qua-

168 2427 242 2449 rum
265 2415 340 2460 ipse
364 2416 501 2449 consilia
525 2423 665 2452 vocatus
689 2430 754 2452 non
777 2419 908 2453 suisset.
956 2418 1141 2452 accedebat
1176 2427 1242 2462 quo
1291 2415 1427 2458 multis,
1457 2416 1517 2451 ubi
1540 2422 1628 2459 erat,

166 2461 256 2494 inter
279 2463 444 2495 barbaros
467 2474 571 2496 verae
600 2464 772 2508 religionis
804 2465 919 2498 hostes
948 2464 1087 2505 vivens,
1120 2462 1276 2496 adversis
1306 2462 1536 2503 conflictatus,
1566 2464 1630 2497 ob-

166 2513 300 2541 struere
323 2507 387 2541 sibi
411 2519 508 2553 quem
532 2519 634 2542 unum
667 2510 816 2544 habebat
847 2510 891 2544 ad
925 2509 1114 2553 coniugium
1150 2514 1303 2553 paratum
1337 2514 1471 2554 portum
1494 2508 1629 2552 gratiae

164 2552 377 2598 imperatoris
401 2566 421 2587 e
446 2565 482 2587 re
505 2565 567 2588 sua
586 2566 650 2588 non
675 2556 826 2600 putabat.
873 2555 988 2600 itaque
1011 2554 1188 2589 obnoxium
1212 2565 1249 2588 se
1270 2553 1320 2588 illi
1334 2565 1355 2588 a
1378 2566 1445 2599 quo
1469 2554 1627 2588 solatium

165 2603 366 2643 expectaret
388 2601 567 2644 praebuit.
592 2600 677 2635 nibil
698 2612 899 2635 succensens
922 2601 964 2635 ab
989 2613 1029 2636 eo
1053 2600 1267 2642 constitutis,
1298 2600 1358 2634 sed
1381 2600 1528 2645 quietem
1553 2611 1627 2633 am-

166 2644 335 2688 plectens,
360 2645 532 2679 abstinens
554 2649 667 2680 tamen
694 2646 824 2680 diserta
855 2647 1125 2692 comprobatione
1147 2645 1212 2680 iam
1237 2650 1409 2688 actorum,
1438 2656 1556 2679 verum
1579 2645 1626 2680 iis

165 2691 471 2736 quomodocumque
494 2692 596 2726 semel
618 2693 754 2726 statutis
774 2691 1042 2738 intempestivum
1065 2705 1152 2727 nunc
1175 2693 1310 2738 quidem
1332 2692 1526 2726 existimans
1546 2702 1568 2725 a
1585 2702 1625 2726 se

163 2739 423 2771 controversiam
448 2738 588 2772 moveri.

256 2782 290 2816 2.
337 2783 475 2817 Interim
500 2783 614 2817 Maria
637 2783 835 2818 Michaelem
866 2783 969 2819 filium
1000 2787 1114 2821 aetate
1135 2784 1312 2818 immatura
1344 2783 1497 2817 coronari
1520 2794 1621 2818 cura-

163 2824 237 2870 vit,
259 2828 419 2875 regieque
440 2829 518 2864 inde
540 2830 655 2864 alebat
675 2830 930 2877 educabatque,
958 2831 994 2866 in
1025 2831 1322 2866 acclamationibus
1343 2829 1488 2876 publicis
1509 2831 1619 2864 locum
