1884 3262
615 186 723 230 LIB.
740 186 778 232 Ι.
832 186 1222 232 GLOSSARRmI.x
1540 187 1640 234 553

181 298 268 350 ipso
288 302 394 335 metu
414 296 662 337 exanimatus
682 297 903 337 conciderit
921 305 1119 339 mortuus.
1174 296 1284 336 unde
1312 296 1446 336 statim
1471 297 1644 337 eundem

181 354 292 393 addit
310 354 466 406 pondus
486 355 707 393 miserabile
725 355 926 394 sublatum
947 362 987 394 et
1003 354 1125 394 humo
1145 351 1374 393 mandatum
1394 354 1516 393 fuisse
1533 355 1643 393 mul-

179 411 231 449 tis
272 411 534 450 cernentibus.
590 417 639 449 ut
672 425 755 450 non
783 411 837 450 sit
862 425 1022 450 necesse
1058 412 1107 450 ad
1142 410 1446 462 intelligendum
1472 418 1644 451 mortem

178 466 300 506 huius
320 467 442 506 verbo
465 468 685 518 διαφωνεῖν
709 482 730 506 a
750 467 992 520 Pachymere
1010 467 1246 519 significari,
1272 481 1478 506 recurrere
1492 468 1542 506 ad
1566 468 1650 507 Va·-

178 523 357 563 ticanum
391 523 679 575 paraphrasten
707 524 817 563 hunc
842 525 976 563 locum
1004 525 1062 563 sic
1091 524 1404 576 exprimentem:
1436 523 1462 565 ό
1482 522 1527 565 δὲ
1545 524 1646 578 πρὶν

179 579 315 628 δεθεὶς
346 583 627 633 κρεμασθῆναι
656 584 712 636 τῷ
738 577 858 636 φόβῳ
886 578 962 633 τήν
986 578 1125 634 ψυχήν
1144 577 1404 632 ἄποτίθησιν.
1460 579 1542 619 hoc
1563 588 1645 621 est:

179 638 217 674 ie
235 651 328 674 vero
342 638 590 688 priusquam
609 639 772 676 vinctus·
787 637 1110 689 sus-penderetur,
1139 645 1248 675 metu
1267 639 1451 675 animam
1468 638 1645 690 efflavit.

292 694 375 732 διδ
387 691 523 746 υμὸω
551 708 590 746 p.
611 693 694 736 364
712 708 752 734 v.
773 698 836 737 18.
894 695 1094 746 διδυμοῦν
1119 708 1193 746 pro
1213 695 1422 746 geminare
1441 695 1515 733 vix
1533 695 1646 747 apud

178 755 332 789 veteres
350 751 537 801 reperias,
595 751 664 788 sed
685 751 794 801 origo
815 757 1002 803 apparet,
1033 757 1072 789 et
1089 757 1199 790 recte
1220 756 1378 790 constat
1396 751 1587 803 analogia.

292 807 459 846 δοκῶν
487 821 528 858 p.
552 806 633 849 148
654 820 692 847 v.
713 807 777 850 15.
834 807 892 846 ita
911 807 1027 846 codd.
1046 808 1078 845 B
1100 814 1138 846 et
1157 807 1204 846 A.
1264 807 1479 847 Vaticanus
1506 814 1640 846 autem
1663 810 1694 845 P
1717 811 1785 847 378

178 875 290 901 more
318 876 389 901 suo
423 863 545 901 libere
572 869 729 902 mutans
762 877 863 915 quae
892 864 1124 903 obscuriora
1148 869 1284 916 putat,
1314 862 1508 917 ὁπροῖτος
1525 879 1598 917 pro
1617 864 1643 906 o‘

178 919 312 959 δοκῶν
329 918 466 971 ponit,
494 933 578 957 non
592 920 696 958 male
716 921 951 959 sententiam
966 921 1244 973 interpretans.
1278 924 1377 960 sunt
1392 921 1497 960 enim
1514 923 1642 960 Grae-

179 974 238 1014 cis
266 975 383 1014 etiam
412 976 612 1014 veteribus
641 977 684 1017 οἰ
705 977 940 1026 δοκοῦντες,
979 977 1048 1029 qui
1075 978 1314 1016 auctoritate
1347 977 1642 1018 existimatione

179 1032 370 1082 dignitate
392 1032 437 1070 in
462 1033 596 1083 aliqua
621 1039 738 1083 gente
765 1039 836 1072 aut
865 1040 984 1072 coetu
1011 1034 1205 1086 eminent,
1244 1033 1406 1085 antiqua
1436 1040 1476 1072 et
1498 1035 1640 1087 proba,

176 1088 248 1126 sed
265 1089 407 1126 rariori
429 1094 467 1127 et
482 1089 572 1127 ideo
589 1087 660 1127 hic
673 1103 757 1128 non
775 1090 925 1129 frustra
943 1091 1142 1129 declarata
1161 1091 1338 1132 notione.
1395 1091 1488 1129 talis
1505 1098 1642 1131 autem

177 1149 263 1183 erat
285 1145 391 1183 inter
415 1143 490 1184 hos
518 1144 812 1185 thelematarios
840 1160 910 1186 seu
938 1147 1191 1187 voluntarios
1220 1147 1483 1198 Cutritzaces‚
1520 1162 1642 1200 quem

177 1203 358 1252 superius
390 1209 526 1240 noster
558 1216 600 1254 p.
623 1205 704 1245 138
735 1217 775 1242 v.
796 1205 871 1253 18,
909 1205 979 1243 ubi
1010 1203 1194 1244 narravit
1222 1204 1425 1243 Caesarem
1453 1201 1550 1253 τοῦς
1569 1206 1642 1246 δο-

175 1259 350 1305 κοῦντας
377 1259 684 1311 θεληματαρίων
713 1273 973 1310 convocasse,
1005 1261 1048 1299 in
1074 1261 1123 1299 iis
1151 1261 1272 1300 fuisse
1287 1261 1549 1313 praecipuum
1567 1261 1641 1300 de·

174 1320 393 1363 monstrat,
422 1315 518 1353 dum
540 1315 655 1354 illum
678 1316 767 1355 vice
790 1330 838 1354 ac
856 1318 1016 1356 nomine
1040 1317 1217 1356 omnium
1237 1318 1416 1357 locutum
1434 1319 1572 1359 refert.

289 1367 409 1420 δόξα
435 1385 475 1423 p.
494 1373 577 1414 275
599 1385 640 1413 v.
660 1375 724 1415 13.
781 1387 865 1412 vox
893 1371 991 1423 δόξα
1016 1373 1084 1412 hic
1111 1374 1306 1426 peculiari
1330 1374 1495 1415 notione
1515 1374 1641 1414 sumi-

175 1432 243 1466 tur
261 1441 334 1479 pro
355 1428 538 1479 dogmate
562 1428 646 1467 sive
670 1429 852 1468 doctrina
879 1444 1012 1481 sacra,
1041 1444 1161 1481 quam
1187 1431 1467 1470 inconcussam
1490 1437 1640 1480 tenere,

175 1497 251 1536 pro
273 1497 351 1535 qua
377 1484 524 1535 pacisci
545 1485 671 1524 vitam
700 1492 739 1524 et
766 1487 995 1538 sanguinem
1021 1487 1234 1526 Christiani
1261 1487 1435 1527 cuiusvis
1458 1487 1640 1527 officium

177 1545 251 1580 est.
307 1540 522 1580 Vaticanus
550 1541 610 1580 sic
631 1540 882 1596 παραφρᾶζει
902 1544 1035 1582 locum
1057 1543 1185 1583 hunc:
1214 1544 1272 1592 εἷς
1288 1545 1327 1585 τί
1343 1540 1420 1598 γάρ
1439 1560 1498 1592 τις
1516 1558 1643 1585 σκαν-4

176 1597 410 1648 δαλισθείη,
438 1594 498 1639 ὅτι
522 1597 740 1653 μεταλλαγή
761 1615 824 1648 τις
850 1599 986 1655 γέγονε
1010 1603 1083 1653 τῆς
1104 1601 1431 1654 παραδεδομένης
1447 1600 1548 1653 ’ἡμῖν
1569 1599 1641 1643 δό-

176 1653 270 1702 ξης,·
313 1650 402 1694 ἀλλ’
433 1650 572 1705 οὐδέν,
614 1659 880 1708 χορηγοῦντος
908 1660 1034 1706 θεοῦ,
1075 1658 1374 1711 παραβέβασται
1400 1665 1475 1696 etc.
1531 1658 1639 1696 infra

174 1709 244 1749 lib.
270 1713 297 1752 6
329 1724 361 1749 c.
385 1714 406 1752 1
445 1717 665 1763 usurpatur
694 1711 794 1751 haec
828 1713 960 1752 eadem
989 1728 1072 1753 vox
1115 1715 1250 1753 eadem
1283 1716 1448 1753 notione
1489 1714 1533 1753 in
1571 1714 1638 1753 his

174 1766 327 1805 verbis:
356 1764 403 1808 τό
428 1770 663 1821 παραβῆναι
696 1772 804 1822 σφᾶς
831 1769 906 1823 τήν
932 1768 1032 1824 πρὸς
1057 1770 1214 1813 ἐκεῖνον
1243 1769 1397 1825 (θεὸν)
1426 1770 1638 1825 νομιζομέ-

173 1836 253 1875 νην
272 1820 395 1872 δόξαν
416 1820 613 1877 οἷρχῆθεν.

286 1876 542 1933 ἐγκόλπια
570 1896 610 1934 p·
629 1881 714 1924 265
740 1894 778 1921 v.
794 1884 864 1924 21.
919 1882 1179 1932 intelligimus
1199 1882 1296 1922 hinc
1316 1897 1448 1923 sacras
1466 1884 1636 1923 icuncu.

174 1934 255 1983 las,
285 1937 420 1987 quales
445 1937 638 1977 habemus
659 1951 791 1978 cereas
807 1938 957 1990 effigies
978 1939 1068 1990 agni
1089 1939 1174 1990 dei,
1205 1947 1274 1978 aut
1299 1940 1342 1980 id
1369 1955 1493 1992 genus
1522 1955 1635 1980 sacra

175 1992 347 2031 amuleta
373 2001 524 2045 gestare
551 1995 601 2034 de
629 1995 735 2033 collo
770 2009 960 2048 suspensa
999 1997 1173 2035 Graecos
1209 1997 1453 2037 Christianos
1478 1999 1632 2047 solitos,

175 2054 216 2086 et
247 2048 326 2088 hoc
365 2052 563 2102 specimen
596 2057 714 2103 atque
752 2052 948 2092 indicium
988 2053 1110 2092 fuisse
1138 2052 1384 2092 Christianae
1415 2054 1632 2104 religionis.

173 2118 267 2142 nam
297 2119 343 2144 eo
368 2108 529 2147 nomine
552 2109 885 2159 sibiftaaliffi-mitti
912 2109 1053 2148 Sultan
1078 2110 1277 2161 postulat,
1309 2117 1352 2148 ut
1371 2111 1430 2148 sic
1443 2110 1635 2162 probaret

174 2174 216 2198 se
240 2160 647 2212 Christianumwns
670 2165 822 2217 de⁴quo
847 2166 1009 2205 videbat
1029 2166 1214 2205 dubitari.
1271 2173 1382 2218 patet
1404 2166 1512 2205 unde
1534 2166 1636 2205 eius-

173 2217 284 2255 modi
316 2219 498 2270 religiosa
527 2222 741 2271 gestamina
768 2219 958 2277 ἕγκόλπια
986 2228 1206 2272 vocentur,
1247 2223 1358 2274 quod
1390 2223 1579 2263 nimirum
1612 2237 1634 2264 e

175 2274 281 2312 collo
312 2282 403 2327 apta
430 2276 473 2314 in
506 2277 638 2316 sinum
665 2279 894 2329 penderent.
950 2279 1072 2318 fuisse
1097 2285 1250 2329 autem,
1280 2279 1389 2331 quod
1417 2279 1522 2331 dixi,
1552 2281 1635 2318 for-

173 2343 256 2368 mas
284 2338 354 2368 aut
384 2332 530 2383 effigies
559 2335 746 2384 quasdam
777 2349 909 2374 sacras
934 2335 984 2373 iis
1009 2335 1240 2388 impressas,
1275 2336 1484 2376 manifeste
1515 2337 1635 2376 docet

174 2391 312 2424 noster
343 2389 463 2439 paulo
487 2395 601 2440 post,
638 2390 734 2428 dum
767 2391 823 2429 ait
847 2391 1049 2430 Sultanem
1076 2393 1250 2444 petendo
1273 2405 1340 2432 res>
1361 2393 1460 2432 tales
1489 2407 1531 2433 se
1562 2393 1635 2432 de-

174 2449 412 2483 monstrasse
427 2447 509 2485 τῶν
526 2446 656 2487 θείων
675 2444 969 2499 ἐκτυπωμᾶτων
984 2445 1266 2502 προσκυνητήν
1285 2448 1524 2488 divinarum
1533 2451 1636 2502 for..

174 2513 332 2538 marum
359 2509 634 2544 veneratorem.
693 2515 783 2554 ergo
810 2504 878 2542 illa
905 2518 1004 2556 quae
1029 2506 1250 2557 appellavit
1271 2503 1359 2560 ἱεροὶ
1379 2504 1635 2560 περιάμματα

174 2562 214 2594 et
248 2553 452 2609 ἐγκόλπια,
493 2565 607 2597 erant
639 2559 774 2598 eadem
807 2564 903 2600 θεῖα
935 2559 1217 2615 ὃκτυπῶματα,
1250 2576 1459 2616 expressae
1496 2577 1632 2602 rerum

174 2625 375 2652 sacrarum
404 2615 580 2664 formae,
621 2615 769 2654 Christi
803 2616 994 2655 nimirum
1023 2625 1091 2656 aut
1118 2626 1360 2659 sanctorum.
1416 2620 1523 2658 unde
1557 2633 1631 2671 per

175 2667 272 2707 haec
302 2670 434 2709 iurare
456 2672 594 2713 solitos
624 2671 869 2711 Christianos
895 2674 1115 2714 orientales
1145 2676 1195 2714 ad
1219 2676 1469 2715 sanciendam
1487 2682 1628 2727 pacto-

174 2737 263 2763 rum
292 2726 411 2766 fidem
422 2759 436 2778 ‚
477 2728 594 2767 docet
629 2729 890 2768 Cantacuzeni
914 2731 1025 2770 locus
1047 2732 1076 2770 l.
1094 2735 1121 2774 3
1150 2746 1184 2772 c.
1211 2735 1263 2775 17
1285 2748 1325 2785 p.
1347 2733 1430 2775 403
1453 2733 1513 2770 ed.
1531 2732 1626 2783 Reg.

175 2779 409 2833 συμβάσεις,
439 2783 720 2837 inquienssfie
752 2785 918 2839 θέμενοι
949 2786 1139 2841 περὶτοῦ
1165 2785 1318 2843 γάμου,
1354 2786 1423 2828 καὶ
1450 2785 1550 2829 κατὰ
1580 2785 1626 2829 τό

170 2835 368 2889 Ῥωμαίων
399 2839 498 2891 ἔθος
529 2838 588 2884 δι’
615 2842 836 2897 ἐγκολπίων
873 2841 1172 2897 spasmeam&
1194 2843 1271 2898 τήν
1295 2843 1452 2898 πρᾶξιν.
1507 2844 1626 2886 video
