1884 3262
255 214 351 257 332
667 206 901 253 GEORGII
934 205 1286 254 PACHYMERIS

252 329 334 367 τῶν
354 321 499 377 μηκέτ’
519 320 647 364 ὄντων
667 323 733 364 καὶ
754 328 840 371 τοῖς
860 320 1106 376 λειπομένοις
1125 324 1503 378 προσεπιτίθεσθαι.
1576 321 1701 367 ἀκού-

254 408 395 440 σαντες
424 389 502 445 γὰρ
531 390 577 432 τὸ
610 391 699 445 περὶ
723 390 795 433 τὸν
813 389 994 446 Εὔριπον
1022 388 1232 443 ναυτικόν,
1273 389 1333 441 οἷς
1351 393 1402 447 δὴ
1423 394 1488 435 καὶ
1508 393 1563 441 εἷς
1582 391 1700 449 τριά-

113 476 140 509 Ρ
162 476 229 510 223
253 476 375 501 κοντα
411 462 511 506 ναῦς
542 455 563 500 ὃ
598 457 742 508 στόλος
770 458 904 515 ὀλίγου
938 459 1101 508 δέοντος
1133 457 1368 514 ἐξηρτύετο,
1415 458 1698 518 κατεθάρρουν

250 532 331 571 τῶν
350 527 410 568 ἐπὶ
431 528 492 575 δὶς
511 527 576 569 καὶ
597 528 682 582 τρὶς
702 529 908 570 πλείστων.
978 529 1043 569 καὶ
1066 527 1116 582 δὴ
1137 528 1179 577 ἐξ
1197 527 1325 582 αὐτῆς
1345 544 1387 583 γε
1415 527 1697 583 ναυστολησά-

251 613 363 649 μενοι
383 595 489 637 κατὰ
505 598 578 637 τοῦ
595 597 802 648 βασιλείου
819 593 967 638 στόλου
990 594 1180 651 ἐξώρμων
1198 599 1494 650 ναυλοχοῦντος
1511 598 1604 652 περί
1617 614 1695 639 που
1707 603 1729 639 5

251 664 325 718 τὴν
347 660 645 719 Δημητριάδα,
685 662 740 713 ὥς
756 663 900 706 αὐτίκα
918 664 1108 719 φανέντες
1128 662 1374 720 αἱρήσοντες.
1442 666 1507 706 καὶ
1527 662 1603 723 ἅμ’
1626 663 1698 722 ὄρ-

250 730 450 786 μήσαντες
469 731 682 788 ἔφθασαν,
718 736 768 789 τῇ
785 733 1014 788 παραυτίκα
1035 730 1166 788 τόλμῃ
1188 734 1253 774 καὶ
1271 730 1376 789 μόνῃ
1398 729 1611 788 ἀραρότως
1629 734 1696 774 ἔλ-

252 802 430 851 πίζοντες
467 803 722 855 καταπλῆξαι
757 807 842 849 τοῖς
877 800 955 856 πρὸ
992 805 1066 842 τοῦ
1101 799 1404 855 κατεπτηχότας
1445 798 1693 856 σφάλμασιν.

251 869 429 925 ἐφῆπται
461 868 503 910 δ’
538 867 619 923 ἄρα
650 870 715 911 καὶ
740 866 900 916 τούτοις
933 868 1043 924 παρὰ
1073 869 1216 924 μικρὸν
1251 868 1298 910 οὐ
1328 868 1470 924 μικρὸς
1499 869 1695 918 κίνδυνος.

201 949 229 982 Β
256 936 372 979 τοῦτ’
395 937 590 992 ἀγγελθὲν
611 941 669 994 τῷ
690 934 866 993 δεσπότῃ
887 935 1064 991 διάγοντι
1084 937 1187 979 κατὰ
1207 936 1280 991 τὴν
1301 938 1542 992 Δριμίανιν,
1584 936 1609 991 ἢ
1629 938 1694 978 καὶ
1709 946 1753 979 10

246 1009 403 1059 μᾶλλον
429 1005 476 1047 τὸ
509 1003 661 1060 ἀληθὲς
693 1006 812 1047 εἰπεῖν
840 1006 906 1046 καὶ
937 1004 1101 1047 ἄλύοντι
1122 1003 1321 1047 τοσούτου
1341 1002 1574 1058 συμβάντος
1588 1002 1696 1060 πρά-

245 1090 424 1128 γματος,
460 1072 618 1124 ἀνέζεσέ
637 1089 679 1114 τε
699 1073 774 1122 τὰς
793 1076 866 1127 τῆς
885 1077 1021 1127 ψυχῆς
1039 1070 1190 1127 ὁρμάς,
1221 1074 1286 1114 καὶ
1305 1071 1592 1127 ὑπερεπάθησε
1613 1074 1695 1115 δεί-

247 1157 323 1190 σας
340 1142 428 1194 περὶ
451 1145 509 1198 τῷ
529 1138 677 1197 στόλῳ,
715 1143 750 1182 εἴ
770 1139 966 1182 τοσούτου
986 1139 1192 1196 γεγονότος
1211 1141 1269 1194 μὴ
1291 1142 1509 1196 ἐμπλησθῇ
1531 1141 1577 1182 τὸ
1598 1157 1692 1194 μοι·

247 1210 374 1265 ρι’διον
393 1208 498 1250 α’λλὰ
520 1209 586 1250 καὶ
608 1209 710 1262 πέρα
729 1213 811 1250 τῶν
830 1206 1048 1263 γεγονότων
1069 1209 1277 1262 προέλθοι,
1347 1210 1412 1250 καὶ
1435 1208 1485 1262 δὴ
1508 1210 1549 1258 ἐξ
1567 1207 1695 1262 αὐτῆς

247 1279 360 1318 δυοῖν
398 1274 557 1331 ἡμερῶν
591 1274 796 1330 διάστημα
828 1275 924 1329 ὅλης
955 1278 1019 1317 καὶ
1057 1276 1183 1330 μόνης
1211 1280 1308 1328 μιᾶς
1337 1283 1506 1318 ποιεῖται
1532 1274 1690 1327 νυκτός,
1706 1282 1748 1318 15

247 1346 312 1386 καὶ
334 1343 386 1386 τὰ
405 1348 477 1385 τοῦ
498 1344 616 1394 πεζοῦ
637 1348 814 1398 στρατοῦ
838 1346 1118 1398 συναθροίσας
1147 1345 1519 1398 ἔγκαταλεᾲιματα,
1557 1361 1693 1399 παρα-

245 1411 383 1464 λαβὼν
405 1411 480 1452 σὺν
501 1410 635 1469 αὐτῷ,
672 1416 722 1467 τῇ
748 1409 1008 1467 Δημητριάδι
1031 1413 1266 1467 ἐφίσταται,
1304 1413 1370 1453 καὶ
1391 1411 1461 1453 τὸν
1482 1409 1627 1454 στόλον
1650 1413 1693 1453 ἐν

196 1498 225 1531 0
246 1484 334 1537 χρῷ
364 1476 551 1521 κινδύνου
587 1477 910 1532 καταλαμβάνει·
943 1479 1020 1534 ἤδη
1052 1479 1128 1535 γὰρ
1163 1481 1229 1522 καὶ
1254 1480 1298 1521 αἱ
1319 1483 1398 1521 τῶν
1421 1480 1581 1534 ἐχθρῶν
1601 1483 1695 1534 νῆες
1726 1479 1729 1484 ’

241 1549 432 1603 ἐμφανεῖς
449 1542 554 1602 ἦσαν
576 1550 884 1603 προσβαλοῦσαι
905 1548 951 1589 τὸ
971 1546 1171 1602 τηνικάδε.
1242 1545 1296 1596 ὥς
1316 1551 1411 1602 γοῦν
1428 1547 1531 1589 κατὰ
1551 1549 1692 1601 στίχας

241 1616 442 1671 ἔστησαν,
478 1615 654 1657 κάκεῖναι
681 1616 755 1670 μὲν
788 1614 873 1670 ἅμα
904 1616 1183 1672 προσέβαλον,
1229 1615 1271 1657 αἶ
1301 1616 1345 1657 δὲ
1375 1619 1455 1658 τῶν
1482 1614 1747 1669 Ῥωμαίωνὲῦ

241 1747 393 1783 excisum
421 1746 654 1792 dilapsumque
684 1747 913 1791 gratulantes,
947 1745 1162 1780 delendarum
1184 1757 1318 1791 quoque
1349 1744 1562 1790 reliquiarum
1583 1745 1689 1792 impe-

241 1797 311 1827 tum
335 1797 505 1837 caperent.
538 1804 613 1826 nam
638 1792 760 1826 Latina
782 1792 898 1826 classis
922 1803 1009 1837 quae
1031 1792 1074 1826 ad
1098 1791 1260 1836 Euripum
1284 1791 1411 1832 stabat,
1433 1791 1566 1824 navium
1589 1791 1688 1836 paulo

240 1839 347 1874 minus
378 1837 535 1882 triginta,
570 1839 619 1871 sic
650 1837 768 1871 animis
805 1841 906 1871 aucta
943 1841 995 1871 est
1027 1837 1143 1871 audita
1175 1836 1283 1870 nostri
1316 1836 1489 1870 terrestris
1521 1836 1688 1870 exercitus

241 1884 354 1925 clade,
386 1886 422 1916 ut
446 1894 509 1916 non
533 1883 704 1916 dubitaret
725 1882 824 1927 triplo
848 1883 1105 1916 numerosiorem
1138 1881 1352 1927 imperatoris
1382 1882 1531 1915 navalem
1554 1881 1688 1915 exerci-

240 1934 332 1968 tum,
356 1929 532 1963 stationem
555 1931 636 1962 tunc
659 1928 750 1962 circa
774 1928 1021 1962 Demetriadem
1048 1929 1244 1969 habentem,
1273 1927 1405 1960 incursu
1429 1926 1602 1971 repentino
1626 1938 1688 1971 ag-

243 1973 351 2019 gredi.
397 1973 583 2018 inspirabat
616 1973 824 2008 alacritatem
855 1974 889 2007 in
920 1973 1031 2007 audax
1062 1973 1231 2007 consilium
1257 1977 1351 2006 certa
1373 1971 1496 2005 fiducia
1517 1972 1593 2017 pari
1614 1973 1688 2006 sor-

241 2027 323 2054 tuna
347 2020 462 2053 utendi
484 2019 647 2054 maritimo
671 2030 806 2065 quoque
828 2019 967 2064 praelio.
1013 2024 1318 2063 persuaserantque
1350 2018 1433 2058 sibi,
1465 2018 1494 2051 si
1526 2017 1688 2062 perculsis

241 2065 448 2099 incommodo
469 2065 626 2099 terrestri
649 2070 685 2098 et
707 2065 834 2098 recenti
854 2065 948 2098 clade
971 2064 1101 2098 territis
1128 2064 1241 2098 infesti
1263 2063 1541 2108 supervenirent,
1573 2063 1687 2107 specie

243 2111 319 2156 ipsa
349 2110 400 2144 sui
431 2111 666 2155 praesentique
696 2121 836 2144 occursu
868 2110 1116 2151 debellaturos,
1154 2109 1388 2154 petiturusque
1424 2120 1500 2142 mox
1531 2109 1686 2152 navibus,

242 2162 345 2202 portu
367 2157 565 2201 praesertim
587 2155 726 2190 inclusis
748 2161 783 2189 et
806 2166 867 2200 per
891 2156 1060 2199 angustias
1080 2157 1249 2200 explicare
1271 2166 1346 2188 sese
1363 2154 1397 2187 in
1412 2154 1562 2188 navalem
1578 2153 1686 2188 aciem

243 2213 308 2235 non
331 2201 530 2235 valentibus.
576 2207 611 2235 et
633 2213 748 2247 parum
773 2201 882 2235 abfuit
904 2202 982 2246 quin
1004 2201 1078 2245 spei
1100 2205 1269 2244 compotes
1291 2201 1430 2241 fierent,
1453 2203 1687 2244 momentoque

242 2248 361 2291 ingens
392 2247 574 2292 periculum
607 2259 754 2281 summae
783 2247 851 2280 illic
874 2259 984 2280 rerum
1005 2247 1082 2280 fuit.
1130 2246 1224 2280 cuius
1248 2257 1321 2280 cum
1345 2251 1436 2279 esset
1457 2245 1578 2290 raptim
1599 2244 1686 2279 indi-

242 2292 328 2326 cium
358 2293 521 2337 perlatum
551 2293 593 2326 ad
623 2293 777 2326 Ioannem
810 2292 982 2338 despotam
1004 2293 1040 2327 in
1065 2291 1248 2330 locumlcui
1269 2303 1387 2325 nomen
1409 2290 1587 2325 Drimianis
1603 2291 1686 2334 fuga

242 2343 431 2381 receptum,
462 2338 493 2372 is
525 2349 723 2384 quamquam
758 2337 874 2383 plenus
907 2338 1010 2372 cladis
1042 2344 1078 2372 et
1109 2338 1235 2382 pudore
1266 2347 1483 2381 moeroreque
1514 2337 1685 2376 confusus,

242 2382 406 2417 excitavit
428 2395 504 2417 sese
527 2389 654 2425 tamen,
695 2384 782 2417 haud
813 2383 926 2417 molles
948 2384 1144 2417 admovente
1166 2383 1316 2417 stimulos
1338 2382 1427 2416 iusto
1448 2383 1554 2421 metu,
1589 2392 1632 2415 ne
1653 2379 1685 2415 si

242 2439 348 2462 novus
371 2429 436 2461 iste
459 2440 592 2473 quoque
616 2430 816 2463 succederet
838 2430 880 2462 ad
904 2434 1019 2463 votum
1045 2429 1186 2463 hostium
1206 2434 1368 2469 conatus,
1400 2439 1465 2461 non
1495 2427 1602 2460 solum
1623 2437 1684 2460 ao-

241 2477 341 2519 cepto
365 2473 430 2507 iam
453 2473 656 2508 incommodo
678 2475 794 2508 fatalis
818 2477 966 2508 cumulus
989 2476 1193 2515 adderetur,
1225 2474 1283 2508 sed
1306 2474 1446 2507 ulterius
1468 2483 1600 2517 quoque
1623 2482 1683 2505 us-

241 2531 308 2565 que
348 2518 384 2552 in
422 2518 673 2564 irreparabilem
702 2520 833 2564 imperii
864 2521 990 2554 ruinam
1021 2520 1132 2555 damni
1171 2519 1336 2565 pernicies
1370 2517 1556 2552 excederet.
1601 2516 1681 2562 quid

239 2566 329 2599 enim
359 2564 470 2598 timeri
498 2565 609 2599 mitius
639 2570 791 2609 poterat,
824 2565 852 2599 si
880 2566 1017 2608 classis,
1049 2567 1121 2600 sola
1151 2569 1230 2599 tunc
1265 2575 1343 2609 pars
1372 2563 1491 2598 virium
1521 2561 1681 2596 Romanis

209 2635 211 2637 >
239 2611 356 2653 salva,
393 2610 593 2643 deleretur?
638 2611 700 2644 hac
731 2611 943 2646 solicitudine
976 2612 1154 2646 instinctus
1177 2622 1219 2645 ex
1242 2610 1367 2654 effugio
1401 2609 1458 2642 illo
1480 2619 1521 2641 ac
1542 2606 1683 2640 latebris

240 2656 352 2700 erupit
381 2655 468 2697 suis3
499 2660 534 2689 et
559 2656 647 2701 quod
678 2656 871 2690 Drimianim
896 2669 938 2691 ac
960 2657 1204 2692 Demetriadem
1228 2656 1391 2689 intererat
1411 2654 1477 2687 iter
1497 2651 1591 2686 bidui
1614 2663 1682 2686 una

239 2706 340 2736 nocte
363 2701 562 2749 pervolans,
597 2701 702 2746 raptis
724 2713 859 2742 secum,
894 2713 978 2748 quas
1002 2703 1160 2747 colligere
1183 2705 1358 2746 potuerat,
1380 2698 1527 2743 reliquiis
1549 2697 1682 2731 exerci-

238 2753 295 2780 tus
317 2746 508 2787 terrestris,
541 2750 689 2781 extremo
710 2746 777 2781 iam
801 2746 992 2782 discrimine
1015 2748 1259 2794 periclitantem
1282 2746 1462 2780 Romanam
1484 2743 1531 2776 ibi
1552 2742 1682 2787 reperit

240 2792 391 2827 classem.
437 2793 647 2838 apparebant
683 2792 727 2826 ab
757 2792 826 2827 alto
859 2794 1037 2838 expeditae
1061 2794 1101 2827 ad
1124 2792 1342 2827 invadendum
1363 2788 1523 2834 praelium
1545 2788 1682 2822 hostiles

239 2848 343 2872 naves
372 2836 547 2873 ordinatae
576 2837 734 2873 seriatim.
781 2838 918 2873 stabant
939 2850 981 2872 ex
1005 2839 1147 2873 adverso
1167 2839 1338 2872 Romanae
1370 2833 1544 2880 productis
1563 2833 1598 2867 in
1619 2832 1680 2868 de-
