1884 3262
252 206 350 251 226
668 202 905 247 GEORGII
939 202 1292 246 PACHYMERIS

251 314 490 375 πράξαντα)
525 312 801 372 ὖβριοπαθῶν
829 310 901 359 οὖν
922 312 1007 358 οἷον
1031 313 1084 365 ὥς
1106 313 1384 371 ὑπεροπτικῶς
1407 313 1570 370 ἔχοντος
1592 318 1717 373 θυμῷ

110 392 138 426 Ρ
165 392 226 428 151
255 383 300 441 ἦν
323 383 519 439 κάτοχος,
555 386 621 426 καὶ
643 384 740 440 ὀργὴ
762 379 813 439 ἦν
833 384 939 426 κατὰ
959 387 1040 427 τῶν
1066 387 1139 438 τῆς
1159 384 1371 438 ἐκκλησίας
1394 381 1532 438 κοινή,
1570 385 1638 426 καὶ
1662 381 1718 433 ὥς

250 453 271 498 ὅ
292 449 545 509 πατριάρχης
559 484 572 504 ,
609 453 813 508 κεκραγώς
836 454 978 508 ἐπῆγε,
1014 452 1206 506 τεθέληκε
1227 451 1295 493 διὰ
1316 456 1448 494 ταῦτα
1470 452 1517 495 τὸ
1541 456 1615 507 τῆς
1633 457 1717 506 βα-

242 523 400 571 σιλείας
421 518 570 577 κράτος
589 522 898 571 ἐξουθενεΐσθαι
920 523 987 563 καὶ
1008 521 1060 564 τοὶ
1083 521 1170 577 ἱερὰ
1192 518 1400 576 ἀνάκτορα
1429 520 1714 577 ἀφορίζεσθαι.

249 587 299 647 ἦν
326 590 405 647 γὰρ
434 590 500 632 καὶ
531 593 653 632 τοῦτο
683 594 827 645 λῆμμα
859 589 962 646 πρὸς
979 589 1026 632 τὸ
1049 586 1376 646 παριστάμενον,
1414 586 1477 630 ὅτι
1501 589 1613 638 ἐντὸς
1633 592 1748 634 τῶνό

248 656 487 715 ἀνακτόρων
508 656 647 712 ἔτυχεν
667 657 687 701 ὃ
710 655 1006 714 πρεσβύτερος,
1045 657 1110 701 ὅτε
1130 658 1167 700 οἳ
1187 661 1259 700 τοῦ
1274 654 1593 713 χαρτοφύλακος
1613 657 1718 710 πέμ-

249 741 410 782 ψαντος
438 724 672 782 διεμηνύετο
692 725 715 781 ἡ
739 727 951 781 ἐπίσχεσις.
1021 728 1087 768 καὶ
1109 726 1158 782 δὴ
1184 725 1255 769 τὸν
1274 726 1348 780 μὲν
1365 722 1622 781 πατριάρχην
1642 724 1716 768 οὐκ

249 795 349 851 εἶχεν
371 794 481 845 ὅπως
503 793 699 850 ἀμύνοιτο
712 829 724 849 ,
762 795 886 838 ἄλλον
906 795 951 838 δὲ
972 792 1127 852 τρόπον
1145 791 1383 850 βαθύτερον
1406 794 1472 836 καὶ
1493 793 1566 837 τὸν
1587 810 1716 835 κατα-

248 862 514 922 φρονήσαντα
543 864 820 918 «ἆμυνεΐσθαι,
863 864 897 906 εἰ
923 865 991 906 καὶ
1020 863 1092 907 τὸν
1123 861 1380 919 πατριάρχην
1408 861 1529 904 πλέον
1548 858 1715 904 δύναιτο

195 944 224 977 Β
250 930 467 989 λυπήσειν,
501 930 527 986 ’ἢ
557 932 616 987 μὴ
645 931 775 984 δόξειν
803 931 858 983 ὥς
892 932 1141 985 ἀμυνεῖσθαι
1161 933 1228 974 καὶ
1253 931 1375 974 πλέον
1395 927 1561 973 δύναιτο
1585 947 1714 986 πρου-
1727 942 1772 976 10

245 1000 341 1046 νόει.
409 1002 477 1043 καὶ
515 1000 682 1055 πέμψας
721 1000 790 1044 διὰ
825 1001 980 1055 ταχέων
1023 1005 1081 1059 τῷ
1121 997 1472 1055 σεβαστοκροὶτορι
1511 1000 1715 1056 Τορνικίῳ

246 1070 516 1125 προσέταττεν
543 1069 688 1128 (αὐτῷ
718 1070 797 1126 γὰρ
825 1067 918 1112 τότε
945 1067 998 1111 τὰ
1023 1073 1098 1123 τῆς
1123 1066 1279 1117 πόλεως
1302 1065 1603 1123 ἐπετέτραπτο)
1639 1084 1715 1109 κα-

245 1142 429 1194 ταχαλᾶν
463 1139 537 1193 μὲν
564 1139 638 1188 τὰς
669 1139 798 1187 οἰκίας
824 1140 898 1180 τοῦ
928 1154 971 1180 τε
996 1134 1314 1194 χαρτοφύλακος
1345 1137 1413 1178 καὶ
1439 1139 1514 1178 τοῦ
1534 1133 1713 1190 μεγάλου

245 1205 462 1261 οἷκονόμου
499 1200 651 1263 (οὗτος
682 1206 724 1248 δ’
760 1201 810 1260 ἦν
844 1203 865 1248 ὁ
897 1204 1110 1261 Ξιφιλΐνος
1142 1203 1411 1261 Θεόδωρος),
1458 1205 1638 1259 ἒκριζοῢν
1669 1203 1714 1245 δὲ

244 1276 319 1326 τὰς
334 1274 568 1329 ἀμπέλους,
608 1276 675 1318 καὶ
694 1273 846 1323 αὐτοὺς
872 1273 1063 1328 δεσμίους
1083 1272 1138 1323 ὥς
1155 1274 1303 1316 ἐκεῖνον
1326 1271 1551 1327 ἐκπέμπειν.
1591 1268 1712 1326 ε’βού-
1725 1283 1769 1317 15

245 1347 335 1386 λετο
367 1343 412 1385 δὲ
439 1341 486 1384 τὸ
518 1340 877 1397 προσταττόμενον
913 1343 1003 1384 κυνὶ
1039 1341 1182 1384 λέοντα
1212 1343 1539 1392 ἕκδεδίττεσθαι,
1575 1341 1647 1383 καί
1669 1356 1712 1396 γε

191 1422 222 1456 C
249 1408 405 1455 τούτων
425 1409 729 1454 ἀποκλινάντων
743 1410 846 1467 πρὸς
863 1409 1036 1463 βασιλέα
1058 1410 1125 1453 διὰ
1148 1414 1222 1465 τῆς
1244 1411 1309 1451 ἐπὶ
1329 1414 1379 1466 τῇ
1392 1410 1567 1468 τιμωρία
1580 1424 1713 1463 προσ-

242 1480 422 1528 noc-‘Mag
447 1479 576 1533 μηδὲν
613 1477 699 1522 οἶόν
740 1495 784 1521 τε
824 1477 925 1522 εἶναι
950 1479 1022 1522 τὸν
1047 1472 1306 1535 >πατριοῖρχην
1332 1477 1440 1520 καθ’
1464 1475 1591 1520 αὑτὸν
1612 1476 1718 1525 ὄντα,

240 1546 456 1606 πράττειν,
489 1548 556 1589 καὶ
587 1546 695 1591 οὕτω
729 1546 912 1590 κάκεῖνον
944 1545 1158 1601 ’ὗποχαλᾶν
1188 1543 1505 1603 ἀναγκάζεσθαι.
1574 1543 1712 1602 ὅγοῦν

239 1613 583 1670 σεβαστοκράτωρ
617 1616 784 1665 ἐπιστὰς
810 1615 971 1670 ἕτοιμος
993 1612 1043 1671 ἦν
1071 1615 1175 1658 κατὰ
1197 1614 1250 1658 τὰ
1269 1613 1557 1671 ἐπιτεταγμένα
1577 1612 1768 1671 aptit-20

241 1701 335 1728 τειν.
407 1683 500 1726 ἀλλ’
538 1685 677 1727 ἐκεῖνοι
706 1684 781 1740 τὴν
811 1684 962 1742 ἔφοδον
992 1681 1316 1743 προαισθόμενοι
1344 1682 1431 1738 ἅμα
1458 1684 1614 1739 γυναιξὶ
1643 1683 1712 1725 καὶ

242 1839 333 1874 niter
356 1838 392 1872 in
414 1836 606 1872 universum
631 1838 897 1875 ecclesiasticum
922 1841 1072 1875 ordinem
1100 1841 1342 1875 exardescente
1373 1838 1586 1879 vehementi3
1618 1837 1709 1872 unde

238 1886 275 1920 in
299 1885 461 1919 clamores
498 1885 696 1930 erumpebat
721 1886 913 1921 vociferans
946 1891 1099 1932 “nempe
1123 1888 1186 1921 hoc
1208 1886 1404 1932 patriarcha
1426 1886 1476 1919 sic
1499 1884 1607 1919 voluit
1629 1895 1709 1918 con-

241 1935 402 1966 sentanee
427 1930 470 1964 ad
502 1930 596 1976 prius
628 1931 663 1964 in
696 1942 758 1965 nos
782 1933 1112 1967 contumeliosissime
1135 1939 1255 1977 gesta,
1288 1936 1329 1965 ut
1351 1933 1475 1965 nullam
1498 1924 1709 1964 occasionem

242 1975 532 2022 praetermitteret
554 1976 813 2021 vilipendendae
836 1983 873 2012 et
894 1982 1087 2022 contemptu
1110 1983 1261 2012 extremo
1284 1976 1532 2011 conculcandae
1561 1975 1708 2020 impera-

242 2022 352 2057 toriae
380 2022 589 2063 maiestatis‚
620 2024 716 2066 regia
747 2024 846 2058 etiam
878 2023 1047 2069 imperiali
1078 2024 1185 2059 sacris
1219 2023 1426 2069 prohibenda
1456 2022 1709 2066 interdictoque

240 2067 499 2113 supponenda.”
549 2068 612 2101 hoc
645 2069 801 2111 dicebat,
833 2071 990 2115 quoniam
1021 2071 1112 2104 intra
1140 2069 1391 2115 imperatorium
1422 2068 1583 2113 palatium
1616 2069 1708 2101 forte

240 2118 398 2159 repertus
430 2117 484 2148 est
512 2114 671 2148 sacerdos
702 2115 781 2157 ille,
815 2116 948 2161 quando
981 2116 1012 2150 ei
1044 2115 1134 2150 missi
1161 2128 1182 2150 a
1213 2115 1477 2160 chartophylace
1506 2113 1707 2147 sententiam

241 2158 469 2205 suspensionis
494 2158 701 2195 intimarunt.
746 2165 840 2195 totus
862 2173 963 2206 porro
987 2162 1119 2196 defixus
1141 2161 1175 2196 in
1199 2161 1406 2205 cogitatione
1428 2159 1619 2201 vindictae,
1643 2170 1707 2204 pa-

242 2205 427 2240 triarcham
449 2209 531 2238 tunc
558 2206 693 2250 quidem
716 2206 827 2251 ipsum
857 2213 954 2242 recta
979 2208 1013 2242 in
1048 2207 1187 2254 propria
1217 2207 1333 2241 ulcisci
1362 2217 1509 2251 persona
1542 2216 1609 2239 nou
1640 2216 1706 2239 va-

241 2252 336 2294 lens,
369 2250 499 2285 modum
532 2257 646 2286 astute
676 2258 882 2287 commentus
906 2258 960 2287 est
980 2266 1055 2289 eam
1079 2265 1220 2299 poenam
1249 2254 1293 2287 ab
1320 2253 1372 2287 sui
1396 2256 1629 2296 contemptore
1650 2262 1707 2285 re-

243 2297 403 2342 petendi,
437 2308 526 2342 quae
551 2297 648 2332 simul
672 2299 886 2344 patriarchae
909 2299 1058 2334 dolorem
1079 2301 1254 2340 inureret,
1293 2299 1343 2333 sic
1365 2310 1402 2332 se
1425 2298 1594 2332 cumulate
1619 2296 1705 2331 iniu-

241 2342 328 2376 riam
349 2342 528 2387 utriusque
549 2343 694 2378 ulturum
721 2350 828 2382 ratus.
875 2346 1042 2381 curriculo
1073 2345 1176 2380 mittit
1207 2346 1250 2379 ad
1281 2345 1589 2379 sebastocratorem
1612 2342 1703 2376 Tor-

241 2388 365 2422 nicium
388 2392 472 2421 tunc
494 2391 703 2434 praefectum
726 2392 823 2434 urbi,
846 2392 905 2437 qui
927 2403 949 2426 a
972 2404 1010 2426 se
1031 2391 1167 2426 iuberet
1190 2391 1326 2425 diruere
1348 2391 1505 2424 continuo
1527 2388 1620 2422 illum
1642 2399 1705 2422 ae-

241 2434 305 2468 des
338 2433 610 2478 chartophylacis
632 2440 667 2470 et
689 2438 803 2482 magni
833 2438 1007 2472 oeconomi
1040 2439 1141 2483 (erat
1166 2437 1220 2471 hic
1242 2436 1439 2482 Xiphilinus
1460 2433 1703 2477 Theodorus),

241 2479 389 2515 evellere
411 2479 568 2525 stirpitus
594 2481 709 2516 vineas
732 2485 920 2525 amborum,
952 2484 1114 2529 ipsosque
1135 2483 1267 2517 vinctos
1288 2484 1331 2517 ad
1355 2494 1393 2516 se
1416 2481 1561 2515 mittere.
1608 2479 1703 2513 vole-

241 2526 303 2560 bat
323 2524 477 2559 nimirum
499 2525 568 2560 ista
590 2527 723 2562 ratione
743 2533 875 2564 terrere
897 2530 1013 2576 (quod
1036 2530 1159 2574 aiunt)
1183 2530 1311 2563 leonem
1332 2526 1483 2572 exemplo
1506 2525 1592 2559 male
1614 2525 1702 2558 mul—

240 2571 307 2606 tati
324 2571 430 2606 canis.
473 2572 623 2606 futurum
646 2578 759 2607 autem
781 2577 945 2620 sperabat
966 2579 1005 2609 ut
1028 2576 1063 2610 hi
1084 2575 1245 2621 supplicii
1267 2578 1358 2609 metu
1381 2573 1425 2607 ad
1447 2571 1701 2616 obsequendum

239 2615 440 2662 imperatori
460 2617 684 2663 quodcunque
706 2622 812 2655 vellet
832 2621 1092 2664 inclinarentur3
1116 2622 1206 2667 quod
1229 2621 1258 2662 si
1281 2618 1498 2664 contigisset,
1520 2629 1586 2651 non
1601 2616 1701 2650 modo

240 2663 322 2699 nihil
355 2673 514 2698 ausurum
551 2665 778 2709 patriarcham
811 2667 917 2702 solum
949 2672 986 2702 et
1016 2668 1165 2703 virorum
1196 2667 1313 2702 talium
1333 2665 1368 2698 in
1391 2668 1510 2709 partes
1537 2661 1700 2708 principis

239 2709 474 2744 traductorum
505 2710 629 2744 auxilio
660 2710 859 2746 destitutum
892 2717 1011 2748 contra
1041 2725 1080 2748 se
1108 2724 1231 2758 agere,
1273 2711 1333 2746 sed
1354 2710 1456 2744 etiam
1479 2714 1633 2743 coactum
1655 2707 1701 2742 iri

239 2754 363 2790 cedere
395 2757 432 2789 et
453 2754 498 2788 de
521 2755 647 2790 duritia
669 2756 844 2792 remittere
871 2757 906 2792 in
933 2770 1037 2794 causa
1059 2755 1424 2794 excommunicationis.
1470 2754 1575 2800 igitur
1597 2753 1700 2788 seba.-

237 2804 408 2834 stocrator
429 2806 563 2843 praesto
585 2801 705 2835 aderat
726 2805 821 2837 stans
843 2803 879 2837 in
902 2805 1080 2849 procinctu
1103 2802 1289 2850 exequendi
1309 2803 1479 2836 mandata.
1526 2803 1698 2834 caeterum

239 2846 282 2880 de
313 2846 386 2882 eius
417 2846 543 2882 infesto
573 2847 721 2884 adventu
753 2850 953 2894 praemoniti
975 2852 1073 2886 ambo
1097 2850 1147 2885 illi
1170 2860 1244 2884 cum
1271 2848 1431 2883 uxoribus
1454 2850 1489 2882 et
1511 2845 1630 2880 liberis
1652 2844 1697 2880 ad
