1884 3262
256 179 356 226 426
673 179 908 224 GEORGII
940 180 1291 225 PACHYMERIS

256 288 503 349 προστάσσει
544 290 591 333 τὸ
630 289 741 346 γένος
781 291 1082 342 ἓξαναστατοῦν
1121 289 1229 334 ἅπαν
1269 295 1397 348 μηδὲν
1432 291 1710 349 μελλήσαντα.

258 365 432 414 συνῆκτο
453 360 590 401 τοίνυν
608 360 649 400 ἓν
674 359 821 415 ἀκαρεῖ
834 359 881 402 τὸ
906 359 1218 415 στρατιωτικόν,
1257 359 1354 404 ὅσον
1384 358 1434 417 ἦν
1464 365 1506 406 ἐν
1526 367 1577 420 τῇ
1599 361 1712 406 πόλει

256 432 323 470 καὶ
345 427 440 470 ὅσον
460 427 616 476 ἔξωθεν
636 428 907 483 προσεγένετο.
977 430 1042 470 καὶ
1077 426 1163 479 ἅμα
1182 430 1351 484 φοβεροὶ
1380 431 1452 483 μὲν
1468 433 1564 474 ἰδεῖν
1586 436 1714 488 φοβε-

256 493 426 550 ρώτεροι
462 495 508 536 δ’
540 495 762 538 ἐπιθέσθαι
791 496 863 544 τὰς
900 493 1092 538 ἁπάντων
1114 498 1242 545 οἰκίας
1266 501 1481 550 κυκλοῦσι,
1519 501 1584 541 καὶ
1612 499 1714 554 πρὸς

258 568 316 620 τῷ
339 564 523 619 ἐγχειρεῖν
540 559 643 618 ἦσαν
652 596 664 616 ,
703 564 778 618 τὴν
807 564 887 606 ἀπὸ
912 568 984 605 τοῦ
1012 565 1212 618 βασιλέως
1241 564 1505 618 ἀναμένοντες
1523 567 1746 611 κέλευσιν.5

207 632 237 665 Β
263 632 301 672 οἳ
328 633 372 674 δὲ
396 636 454 688 τῷ
478 637 642 690 φοβερῷ
662 633 942 686 ἐκπλαγέντες,
974 635 1040 674 καὶ
1059 633 1164 674 καθ’
1188 632 1285 676 ὅσον
1309 631 1395 676 οἷον
1417 651 1458 676 τε
1482 637 1717 678 συστείλαν-

256 716 322 749 τες
350 699 398 742 τὸ
426 700 606 756 ἔμφυτον
634 705 706 742 τοῦ
741 706 911 754 θυμοῦ,
948 700 1200 755 ἁπηνεοῦντο
1230 702 1331 757 πρὸς
1362 702 1414 744 τὰ
1441 701 1714 758 πραττόμενα,

257 770 324 810 καὶ
345 773 419 822 τῆς
439 768 543 810 κατὰ
563 773 673 824 σφᾶς
697 768 837 823 ι’σχύος
859 769 1049 823 ἀμείνους
1066 774 1117 825 τῇ
1139 766 1344 812 ὖποκλίσει
1375 772 1440 812 καὶ
1467 774 1525 828 τῷ
1543 775 1717 829 ταπεινῷ

258 833 435 890 σχήματι
469 834 781 893 κατεφάνησαν,
832 840 898 879 καὶ
938 837 988 891 δὴ
1031 838 1133 892 πρὸς
1169 838 1318 888 ἱκεσίας
1358 836 1605 893 ἐτράποντο,
1651 840 1718 881 καὶ

258 903 585 960 προσελιπάρουν
615 910 696 947 τῶν
727 907 840 948 ι’δίων
871 903 1086 959 τραχήλων
1113 904 1355 960 ἐκδήσαντες
1385 905 1556 956 ἑαυτοὺς
1573 907 1614 956 ἐς
1635 905 1656 949 ὅ
1679 923 1717 949 τι
1731 914 1773 948 10

261 974 328 1015 καὶ
355 971 549 1026 βούλεται
578 971 599 1016 ὃ
630 979 792 1029 κρατῶν
815 973 1082 1030 χρήσασθαι,
1130 973 1419 1030 ὁμολογοῦντες
1450 973 1600 1029 ἥττους
1620 973 1721 1017 εἶναι

212 1041 242 1074 C
266 1045 339 1095 τῆς
357 1045 570 1096 βασιλικῆς
593 1044 799 1094 ἐξουσίας,
832 1045 897 1084 καὶ
917 1041 939 1085 ὅ
960 1059 997 1083 τι
1015 1041 1267 1097 προστάσσοι
1286 1043 1486 1085 εὐπειθεῖν
1501 1041 1722 1097 ὑπισχνού-

258 1126 392 1163 μενοι,
426 1110 530 1163 μηδ’
558 1110 770 1165 ἀναφυγὴν
803 1109 902 1152 εἶναι
938 1112 1053 1164 σφίσι
1080 1111 1185 1164 πλὴν
1217 1111 1288 1165 τὴν
1319 1110 1399 1153 ἀπὸ
1425 1115 1497 1152 τοῦ
1519 1112 1721 1164 βασιλέως

262 1176 541 1230 συμπάθειαν.
611 1177 719 1220 οὕτω
748 1179 1066 1227 ταπεινωθέντες
1105 1183 1163 1235 τῷ
1202 1179 1320 1237 φόβῳ
1361 1183 1523 1232 πλῆθος
1557 1178 1720 1234 ἄθρουν

258 1246 362 1299 πρὸς
383 1245 428 1287 τὸ
448 1242 706 1298 κελευόμενον
725 1247 943 1298 ἐνεδίδουν,
966 1248 1032 1287 καὶ
1052 1250 1187 1303 πολλῷ
1204 1249 1360 1304 χρυσίῳ
1375 1248 1720 1302 προστιμηθέντες
1732 1252 1775 1288 15

257 1313 333 1367 τὴν
344 1313 689 1368 βασιλικὴνόργὴν
704 1313 822 1367 μόλις
841 1311 1212 1367 καταμαλάττουσι,
1234 1319 1370 1372 πολλῷ
1382 1320 1454 1368 τῆς
1466 1331 1518 1370 σᾳ
1527 1319 1582 1356 ῶν
1600 1314 1723 1370 κορύ-

207 1392 240 1426 D
265 1383 333 1436 ζης
353 1382 502 1436 ἐκείνην
521 1381 828 1439 ἀνυσιμωτέραν
846 1384 1127 1440 γνωρίσαντες.
1164 1384 1231 1425 καὶ
1251 1388 1381 1426 ταῦτα
1399 1384 1472 1438 μὲν
1492 1384 1532 1425 ἐν
1547 1381 1720 1432 τούτοις.

354 1467 407 1502 15.
431 1465 722 1512 προτιμηθέντες
743 1469 783 1504 Ρ.

261 1546 464 1581 exterminet
487 1546 560 1580 sine
583 1557 676 1582 mora
699 1558 805 1591 genus
828 1548 1021 1583 universum
1047 1547 1287 1583 Genuensium.
1333 1546 1391 1581 ille
1414 1551 1592 1590 momento,
1615 1557 1721 1593 quan·

263 1598 334 1626 tum
359 1597 435 1626 erat
456 1593 491 1626 in
513 1593 621 1635 urbe,
648 1599 810 1639 quantum
834 1595 868 1629 in
902 1596 1096 1629 suburbana
1129 1594 1253 1628 vicinia
1277 1593 1434 1634 militum,
1455 1594 1558 1637 cogit.
1605 1596 1723 1628 adsta-

260 1639 321 1672 bat
343 1638 434 1672 acies
458 1639 531 1672 visu
554 1638 627 1683 ipso
651 1639 835 1683 terribilis,
867 1641 964 1674 minis
997 1647 1033 1675 et
1066 1640 1241 1685 procinctu
1273 1639 1445 1673 saeviendi
1479 1638 1725 1673 formidolosior

259 1684 390 1724 multo,
426 1683 470 1717 iis
506 1684 623 1729 utique
655 1685 776 1730 quibus
809 1697 972 1731 praesens
1012 1686 1179 1732 pernicies
1213 1686 1457 1719 intentabatur.
1515 1685 1724 1718 circumeunt

261 1729 430 1774 extemplo
464 1736 657 1763 cunctorum
690 1731 822 1773 domos,
854 1733 1028 1766 ferventes
1058 1733 1185 1776 impetu
1210 1731 1362 1776 proximo
1385 1730 1447 1763 diri
1470 1730 1641 1764 adoriendi
1665 1741 1726 1763 ne-

260 1776 366 1819 gotii,
391 1775 434 1808 ad
457 1775 546 1820 quod
572 1781 687 1810 nutum
711 1777 809 1810 modo
839 1777 1050 1822 imperatoris
1083 1778 1320 1822 expectabant.
1365 1776 1468 1820 fregit
1491 1777 1573 1809 haec
1595 1776 1726 1820 species

249 1821 477 1866 quantumvis
501 1821 647 1855 audaces
669 1821 751 1855 alias
775 1822 925 1864 animos,
960 1829 995 1857 et
1018 1827 1186 1856 tumentes
1215 1823 1296 1856 licet
1317 1821 1406 1855 intus
1437 1821 1592 1863 innatae,
1615 1821 1726 1855 offen-

263 1868 358 1900 sione
381 1878 468 1900 nova
487 1866 645 1900 irritatae
668 1867 816 1901 ferociae
840 1868 1038 1913 compressit
1052 1869 1200 1913 spiritus.
1248 1879 1320 1901 cum
1337 1867 1420 1900 enim
1440 1866 1599 1900 sedatiori
1614 1871 1724 1900 mente

265 1916 466 1956 reputarent
497 1922 597 1956 quam
621 1912 655 1945 in
681 1913 859 1958 praecipiti
882 1925 936 1946 res
969 1925 1081 1947 eorum
1105 1915 1265 1958 salusque
1288 1913 1471 1958 penderet,
1510 1912 1608 1946 facile
1631 1911 1726 1944 vide-

263 1961 343 1991 runt
374 1969 439 1991 non
474 1969 548 1991 esse
579 1957 611 1990 id
647 1964 780 2003 tempus
809 1959 1086 2004 experiendarum
1115 1959 1259 2000 virium,
1295 1968 1380 2003 quas
1411 1957 1497 1991 male
1530 1962 1724 2002 comparato

265 2004 450 2037 certamine
473 2003 717 2047 succubituras,
747 2004 776 2038 si
800 2016 874 2038 cum
895 2004 1108 2050 imperatoris
1130 2004 1279 2049 potentia
1303 2004 1612 2046 committerentur,
1634 2002 1724 2036 haud

265 2054 358 2082 esset
380 2048 528 2083 dubium.
574 2049 628 2083 ira
662 2061 743 2093 ergo
775 2050 913 2095 propria
942 2053 975 2083 in
1011 2054 1182 2094 potestate
1207 2050 1341 2089 habita,
1377 2049 1420 2082 ad
1443 2049 1608 2090 alienam,
1636 2049 1726 2082 unde

266 2099 474 2135 metuerent,
507 2095 741 2129 exarmandam
774 2096 1041 2130 efficacissimum
1076 2096 1320 2129 delinimentum
1356 2094 1541 2127 adhibuere
1562 2093 1725 2139 supplicis

264 2140 495 2182 demissionis,
521 2140 684 2185 siquidem
709 2141 822 2175 humili
846 2141 1012 2187 provoluti
1036 2141 1155 2175 babitu
1178 2142 1221 2175 ad
1245 2141 1348 2186 pedes
1370 2139 1552 2185 principis,
1577 2145 1612 2173 et
1634 2140 1727 2173 funi-

264 2187 327 2218 bus
351 2187 384 2219 in
410 2197 488 2220 suas
511 2186 576 2230 ipsi
601 2187 750 2220 cervices
784 2187 916 2221 iniectis
947 2191 1172 2233 apparentes,
1205 2186 1465 2220 misericordiam
1491 2185 1728 2230 implorabant,

268 2231 432 2265 obnoxios
456 2243 493 2265 se
516 2233 687 2274 ferentes,
721 2238 926 2279 paratosque
950 2233 992 2266 ad
1027 2233 1161 2278 quidvis
1184 2231 1391 2266 subeundum
1415 2231 1503 2276 quod
1528 2232 1727 2265 decerneret

265 2278 461 2319 Augustus,
494 2278 587 2310 cuius
620 2283 789 2322 potestate
826 2290 863 2313 se
899 2278 1075 2312 inferiores
1107 2282 1331 2322 agnoscerent
1363 2282 1399 2311 et
1430 2277 1597 2311 maiestati
1628 2279 1727 2320 obse-

266 2325 429 2366 quuturos
462 2323 503 2369 ad
538 2329 653 2357 nutum
688 2330 805 2358 sancte
836 2324 1086 2370 pollicerentur.
1134 2335 1233 2357 unum
1264 2323 1328 2357 sibi
1356 2328 1466 2356 tutum
1496 2323 1530 2356 in
1553 2322 1728 2356 clementia

266 2368 339 2401 eius
363 2379 383 2400 a
408 2367 503 2401 clade
526 2368 718 2403 imminente
742 2370 859 2403 videre
882 2370 1094 2415 perfugium:
1124 2369 1158 2403 in
1181 2370 1213 2402 id
1237 2381 1275 2403 se
1306 2372 1504 2412 confugere,
1538 2379 1579 2402 ac
1601 2379 1643 2401 ne
1667 2367 1726 2400 illo

267 2413 487 2446 excludantur
517 2415 618 2448 etiam
653 2421 756 2460 atque
788 2415 888 2449 etiam
919 2427 1029 2450 orare.
1084 2414 1134 2450 sic
1164 2418 1257 2448 metu
1290 2414 1324 2448 in
1357 2414 1554 2448 modestiam
1584 2415 1727 2448 subacta

267 2459 420 2492 conferta
450 2458 509 2492 illa
545 2460 640 2503 plebs
674 2462 892 2505 pertinaciam
920 2460 1050 2495 remisit
1090 2461 1183 2506 prius
1218 2467 1408 2501 ostensam,
1448 2465 1604 2506 prompte
1634 2457 1726 2504 quod

265 2504 492 2537 mandabatur
523 2516 705 2550 exequens.
752 2507 914 2540 indictum
947 2507 1033 2540 enim
1065 2507 1188 2540 multae
1212 2505 1342 2540 nomine
1366 2517 1519 2549 magnum
1542 2503 1617 2538 auri
1640 2515 1726 2548 pon·

267 2550 331 2583 dus
358 2549 577 2592 exolverunt,
605 2552 696 2585 lucro
720 2564 784 2585 non
810 2564 913 2595 parvo
936 2553 1141 2598 imputantes
1163 2553 1219 2586 vel
1242 2552 1292 2586 sic
1316 2551 1452 2597 placare
1475 2556 1577 2595 atque
1601 2560 1622 2582 a
1645 2559 1725 2593 pro-

265 2595 353 2640 priis
378 2595 545 2640 capitibus
568 2597 748 2640 quantovis
773 2600 984 2632 fortunarum
1018 2600 1138 2632 damno
1163 2603 1319 2632 avertere
1342 2597 1490 2642 potuisse
1511 2594 1726 2640 imperatoris

267 2641 373 2683 iram,
409 2652 480 2674 eam
513 2641 580 2674 iam
609 2642 744 2675 tandem
777 2650 998 2686 agnoscentes
1032 2643 1255 2678 efficaciorem
1287 2643 1329 2677 ad
1361 2641 1592 2676 vindicandum
1615 2641 1726 2674 scelus

269 2697 371 2731 quam
395 2691 486 2720 esset
517 2686 664 2731 ipsorum
699 2688 742 2721 ad
774 2689 961 2723 audendum
995 2689 1326 2736 perpetrandumque
1355 2686 1507 2734 proiecta
1538 2685 1725 2721 temeritas.

271 2737 308 2766 et
330 2733 415 2767 haec
436 2731 570 2778 quidem
592 2732 643 2767 sic
665 2743 703 2767 se
725 2734 884 2769 habuere.
