1884 3262
407 225 485 270 DE
513 225 796 270 MICHAELE
826 226 1206 273 PALAEOLOGO
1242 229 1289 272 L.
1324 227 1405 273 ΠΙ.
1551 226 1650 275 243

168 342 311 391 παῖδες
336 335 442 395 ἦσαν
473 345 534 400 τῷ
566 341 745 397 ΙΙῙιχαὴλ
774 347 885 398 τρεῖς
909 342 985 396 μὲν
1016 339 1198 397 γνήσιοι,
1238 336 1295 386 ὧν
1327 340 1349 385 ὅ
1367 342 1445 397 μὲν
1458 339 1653 399 Ἰωάννης

168 410 249 454 ἀντὶ
263 417 404 466 χεῖρας
422 405 474 466 ἦν
500 415 576 453 τοῦ
610 415 864 467 κρατοῦντος
877 443 891 464 ,
936 413 1145 467 πεμφθεὶς
1170 412 1246 466 μὲν
1273 411 1379 467 πρὸς
1398 411 1557 469 πατρὸς
1576 413 1651 455 δο-

169 482 263 529 θεὶς
288 480 332 522 δὲ
361 481 429 522 καὶ
460 479 574 537 παρὰ
600 479 760 535 μητρὸς
788 477 971 535 ἡκούσης
994 481 1050 530 εἷς
1077 478 1256 537 ὅμηρον,
1301 479 1348 523 ὃν
1369 482 1438 523 καὶ
1459 481 1652 539 γαμβρὸν

168 552 245 591 τοῦ
277 546 638 606 σεβαστοράτορος
670 550 888 604 Τορνικιόυ
919 546 940 591 ὃ
971 547 1092 605 λόγος
1129 550 1452 606 προϋπεδείκνυ,
1498 548 1575 594 δύο
1605 551 1652 594 δὲ

135 616 284 674 ὅπαρὰ
305 622 363 676 τῷ
386 619 535 675 πατρί,
571 615 817 675 ,Νικηφόρος
833 635 877 661 τε
895 619 964 660 καὶ
983 614 1251 674 Δημήτριος,
1291 618 1430 674 ἕτερος
1446 617 1560 662 δ”ἔκ
1578 637 1652 663 νο-

171 688 294 737 θείας
316 685 336 730 ὃ
358 685 574 743 Ἰωάννης,
609 689 677 730 καὶ
699 685 720 730 ὅ
747 688 822 742 μὲν
855 684 1102 743 Δημήτριος
1133 687 1323 737 ἀντίπαις
1354 682 1405 741 ἦν
1433 686 1494 730 ἔτι
1517 689 1586 731 καὶ
1610 689 1652 732 ἐν

169 754 469 815 ἀπραγμοσύνῃ
501 759 580 810 ζῶν
610 755 797 809 διετέλει,
837 754 858 799 ὅ
885 755 934 799 δέ
947 773 989 812 γε
1008 753 1254 814 Νικηφόρος
1284 753 1492 813 κεχήρωτο
1511 773 1654 814 γυναι-
1707 773 1723 793 »¹

170 825 241 875 κὸς
263 824 306 880 (ἡ
328 825 408 883 γὰρ
431 824 624 882 θυγάτηρ
655 830 729 868 τοῦ
755 825 962 880 βασιλέως
985 823 1190 883 Λάσκαρι
1223 823 1451 881 ἐτεθνήκει)
1464 858 1479 879 ,
1515 824 1653 886 τούτῳ
1676 835 1704 871 P
1730 837 1798 872 162

171 892 397 950 ἐγνώκεσαν
428 897 495 938 καὶ
526 892 755 951 ἀμφότεροι
781 894 857 950 τὴν
882 895 1024 951 τρίτην
1042 899 1127 938 τῶν
1151 898 1228 950 τῆς
1249 893 1452 950 Εὗλογίας
1471 893 1655 952 θυγατέ-

116 972 161 1006 10
174 981 256 1022 ρων
276 962 426 1007 ’Άνναν
452 964 677 1019 ἐκδοθῆναι
704 964 808 1020 πρὸς
843 961 1004 1019 γάμον,
1053 962 1235 1022 δεσπότῃ
1271 980 1314 1019 γε
1342 963 1455 1017 ὄντι,
1504 965 1549 1007 ἐκ
1578 969 1654 1008 τοῦ

172 1032 376 1089 προτέρου
399 1029 550 1088 κήδους
568 1032 682 1089 παρὰ
705 1038 779 1075 τοῦ
801 1031 1226 1088 προβεβασιλευκότος
1239 1030 1432 1076 Ἰωάννου
1452 1032 1586 1088 ἕξοντι
1607 1034 1654 1078 τὸ

175 1101 352 1157 ἀξίωμα.
410 1103 477 1145 καὶ
495 1102 547 1158 δὴ
569 1102 675 1157 μετὰ
695 1106 851 1158 πολλῆς
870 1102 1128 1160 δορυφορίας
1147 1101 1396 1153 ἀποστείλας
1415 1102 1490 1159 τὴν
1503 1102 1656 1147 Ἄνναν

171 1170 270 1221 τούς
290 1168 450 1228 γάμους
471 1171 618 1226 ἐτέλει,
653 1169 740 1215 εἶτα
759 1174 828 1214 καὶ
848 1171 921 1215 τὸν
938 1169 1184 1230 Νικηφόρον
1210 1173 1267 1222 εἰς
1287 1169 1436 1215 ἑαυτὸν
1457 1172 1658 1229 συγκαλέ-

173 1256 250 1291 σας
273 1240 379 1283 κατὰ
397 1241 472 1297 τὴν
492 1242 812 1285 Κωνσταντίνου
835 1238 1027 1299 κρατύνει
1044 1241 1120 1297 μὲν
1139 1241 1187 1284 τὸ
1203 1240 1389 1296 ἀξίωμα,
1428 1243 1497 1285 καὶ
1518 1248 1656 1297 τιμαῖς
1680 1245 1710 1280 Β
1756 1271 1761 1292 -,
1812 1266 1819 1284 a

118 1318 160 1355 15
170 1307 403 1368 μεγαλύνας
423 1311 490 1352 καὶ
514 1309 665 1368 δώροις
685 1307 842 1367 ἀγήλας
858 1310 963 1368 πρὸς
981 1310 1035 1354 τὰ
1054 1312 1183 1354 οἰκεῖα
1202 1310 1407 1364 ἐκπέμπει.

311 1381 399 1423 Καὶ
418 1377 529 1424 οὕτω
545 1380 598 1423 τὰ
621 1380 728 1424 κατὰ
752 1377 869 1423 δύσιν
890 1377 1158 1436 καταστήσας
1179 1379 1234 1423 τὰ
1252 1383 1329 1435 τῆς
1345 1378 1552 1434 ἀνατολῆς
1578 1396 1656 1422 πο-

173 1451 327 1491 νοῦντα
359 1453 692 1505 προσανεκτᾶτο,
729 1451 798 1492 καὶ
831 1448 985 1499 ἄλλους
1003 1450 1079 1503 μὲν
1103 1450 1323 1499 πλείστους
1341 1448 1677 1505 προσαποστέλ-.

173 1521 284 1571 λων,
322 1517 536 1575 ἐξαιρέτως
555 1519 600 1561 δὲ
618 1518 691 1562 τὸν
716 1516 920 1573 δεσπότην
936 1516 1154 1574 Ἰωάννην,
1204 1511 1238 1577 ᾧ
1263 1517 1316 1573 δὴ
1338 1514 1560 1574 ἐπεθάρρει
1581 1517 1660 1561 αὖ·

174 1584 306 1644 τάρκη
328 1587 402 1642 τὴν
420 1591 502 1630 τῶν
523 1587 786 1644 κακουμένων
805 1587 1064 1644 ἐπικουρίαν·
1086 1594 1178 1638 ταῖς
1194 1586 1275 1644 γὰρ
1297 1586 1514 1642 ἀληθείαις
1530 1586 1662 1642 ἀσχο-

118 1665 165 1700 20
176 1655 375 1711 λουμένου
393 1660 468 1699 τοῦ
490 1657 693 1711 βασιλέως
713 1663 799 1707 τοῖς
816 1659 998 1706 δυσικοΐς
1025 1654 1081 1707 ὥς
1100 1658 1231 1713 δῆθεν
1249 1655 1586 1710 ἀνακαλουμένου
1608 1660 1680 1713 τῇ

175 1729 368 1786 βασιλείᾳ
400 1724 449 1769 τὸ
475 1730 636 1782 λεῖπον,
671 1725 840 1781 ἠσθένει
874 1725 929 1770 τὰ
961 1725 1071 1770 καθ’
1103 1725 1158 1770 ἕω
1186 1723 1378 1781 διχόθεν,
1426 1728 1487 1785 τῷ
1515 1741 1559 1768 τε
1581 1725 1657 1776 τὰς
1682 1736 1713 1772 C

175 1859 338 1895 Michaeli
371 1862 472 1895 erant
503 1859 671 1905 despotae
708 1858 771 1893 filii
809 1863 881 1899 tres
910 1858 1078 1905 legitimi,
1110 1870 1254 1905 quorum
1286 1857 1434 1893 Ioannes
1465 1857 1602 1904 quidem
1626 1858 1660 1894 in

175 1907 330 1941 manibus
353 1918 394 1941 ac
422 1910 595 1952 potestate
627 1906 847 1952 imperatoris
880 1913 975 1949 erat,
1010 1906 1133 1941 missus
1156 1906 1292 1952 quidem
1316 1917 1337 1940 a
1359 1910 1481 1950 patre,
1513 1906 1662 1940 traditus

175 1956 290 1987 autem
313 1953 348 1987 in
370 1953 524 1987 obside-m
546 1964 568 1987 a
589 1959 701 1987 matre
722 1958 924 1998 praesente,
948 1952 991 1988 ad
1015 1952 1262 1987 conciliandam
1288 1953 1547 1986 conventionem
1569 1952 1661 1986 ultro

177 1999 508 2045 Constantinopolim
530 2000 710 2044 prosecta,
733 2011 835 2045 quem
858 2004 894 2034 et
916 2011 1080 2045 generum
1102 1999 1232 2034 factum
1255 1998 1544 2033 sebastocratoris
1566 1998 1662 2032 Tor-

174 2045 259 2080 nicii
281 2045 440 2091 superius
461 2045 658 2085 docuimusz
692 2045 759 2080 duo
791 2050 903 2080 autem
937 2046 1110 2090 degebant
1140 2045 1230 2091 apud
1263 2048 1419 2090 patrem,
1442 2044 1661 2089 Nicephorus

175 2096 213 2126 et
235 2092 451 2135 Demetrius,
475 2102 552 2126 cum
576 2092 678 2126 tertio
700 2104 744 2126 ex
767 2092 888 2138 pellice
910 2092 1027 2137 genito
1049 2092 1198 2134 Ioanne3
1233 2102 1275 2125 ac
1298 2089 1497 2124 Demetrius
1521 2090 1660 2135 quidem

177 2137 321 2183 primum
350 2144 434 2172 tunc
457 2139 647 2189 pubescens
677 2137 878 2173 immaturus
900 2138 1047 2184 negotiis
1078 2137 1165 2172 nihil
1186 2136 1252 2172 nisi
1276 2137 1464 2182 puerilibus
1486 2136 1662 2170 remissio-

179 2184 279 2218 nibus
302 2185 474 2226 vacabat,
497 2183 715 2230 Nicephorus
738 2197 820 2219 vero
843 2185 969 2219 viduus
992 2187 1070 2219 erat
1091 2195 1201 2228 nuper
1221 2186 1354 2218 mortua
1374 2181 1482 2227 ipsius
1506 2182 1662 2227 coniuge,

178 2229 252 2264 filia
273 2229 435 2264 Lascaris
458 2231 624 2274 Augusti,
645 2230 725 2266 huic
748 2231 976 2266 decreverunt
998 2230 1219 2266 communiter
1241 2228 1381 2263 tertiam
1404 2227 1573 2273 Eulogiae
1597 2241 1663 2263 na-

178 2281 292 2310 tarum
323 2277 454 2310 Annam
485 2276 646 2322 copulare
675 2277 821 2322 nuptiis,
862 2278 996 2311 titulum
1031 2282 1074 2311 ac
1103 2276 1307 2321 dignitatem
1330 2274 1507 2319 -despotae
1528 2275 1596 2309 iam
1619 2286 1663 2309 ex

179 2322 295 2368 priore
318 2322 456 2357 habenti
480 2333 502 2355 a
538 2334 659 2357 socero
688 2323 897 2369 imperatore
918 2324 1049 2358 Ioanne
1083 2325 1271 2367 acceptam.
1317 2319 1436 2366 itaque
1458 2331 1536 2355 cum
1555 2320 1662 2356 multo

179 2368 343 2403 satellitio
366 2367 613 2414 splendidoque
627 2369 808 2404 ocomitatu
840 2370 940 2404 Anna
971 2369 1077 2404 missa
1099 2367 1237 2414 nuptias
1259 2366 1449 2413 imperator
1470 2366 1557 2401 istas
1579 2379 1663 2414 per-

180 2415 262 2459 egit.
310 2420 382 2449 tum
416 2418 541 2449 vocato
568 2414 614 2449 ad
647 2425 688 2449 se
722 2415 1052 2461 Constantinopolim
1085 2413 1284 2459 Nicephoro
1300 2438 1311 2455 ‚
1352 2415 1594 2459 praeterquam
1629 2413 1663 2447 ei

179 2461 380 2506 dignitatem
405 2460 635 2502 confirmavit,
658 2461 844 2497 honoribus
867 2462 972 2497 etiam
1000 2461 1094 2496 illum
1127 2464 1264 2495 auctum
1287 2459 1470 2495 maioribus
1491 2460 1663 2506 donisque

178 2507 352 2552 d³gnatum
373 2507 507 2542 domum
531 2506 677 2542 remisit.

272 2553 399 2600 Sicque
424 2552 624 2587 constitutis
654 2553 690 2588 in
713 2553 903 2588 Occidente
933 2554 1058 2597 rebus,
1089 2551 1228 2588 Orienti
1262 2550 1457 2587 iamdudum
1489 2551 1663 2586 laboranti

179 2600 416 2645 recuperando
447 2599 671 2642 attendebat,
706 2611 782 2634 cum
814 2600 888 2634 aliis
919 2611 961 2634 eo
991 2598 1104 2634 missis
1136 2598 1310 2645 plurimis,
1351 2602 1424 2632 tum
1457 2597 1662 2643 praesertim

179 2645 310 2681 Ioanne
332 2646 494 2692 despota,
518 2657 586 2691 quo
609 2645 754 2680 maxime
774 2646 1010 2688 innitebatur,
1033 2646 1170 2680 abunde
1190 2644 1464 2691 illum-idoneum
1486 2643 1661 2678 confidens

183 2692 402 2727 emendandis
432 2691 690 2738 sarciendisque
721 2692 855 2727 cunctis
878 2704 942 2738 per
971 2692 1065 2726 illum
1085 2694 1235 2727 tractum
1257 2690 1468 2726 detrimentis
1494 2689 1662 2735 reipubli-

183 2749 268 2780 cae,
297 2743 334 2773 et
363 2738 432 2773 illis
464 2738 736 2784 periclitantibus
769 2739 929 2785 populis,
960 2741 1089 2785 quanto
1112 2743 1207 2773 esset
1236 2748 1323 2783 opus
1346 2737 1392 2771 ad
1416 2736 1493 2770 illos
1515 2735 1660 2781 imperio

182 2785 392 2827 servandos,
415 2785 541 2820 auxilio
563 2785 722 2820 iuvandis
745 2785 981 2832 tegendisque.
1028 2796 1153 2820 revera
1184 2783 1272 2819 euim
1300 2783 1432 2817 intento
1453 2781 1662 2827 imperatore

185 2829 351 2865 Occiduis
371 2831 497 2874 rebus«,
521 2834 557 2866 et
582 2831 673 2866 omni
693 2843 776 2866 cura
798 2835 979 2877 satagente
999 2830 1061 2866 illa
1083 2830 1216 2866 divulsa
1242 2831 1392 2864 membra
1425 2827 1563 2874 imperii
1586 2838 1662 2862 cor-

183 2876 260 2922 pori
282 2876 487 2924 coniungere
506 2877 633 2913 iterum
658 2890 701 2913 ac
727 2878 931 2922 restituere,
954 2877 1122 2913 infirmari
1145 2888 1187 2912 ac
1218 2875 1391 2912 debilitari
1414 2873 1558 2920 contigit
1583 2885 1663 2921 pro-
