1884 3262
407 208 483 251 DE
520 207 799 253 MICHAELE
831 207 1204 256 PALAEOLOGO
1236 211 1288 254 L.
1326 210 1403 256 VI.
1520 210 1637 257 ‘521

174 317 387 377 Ἰωάννην,
436 323 504 365 ’καὶ
535 326 695 376 μᾶλλον
729 321 794 367 ὅτι
829 325 899 368 καὶ
927 323 1019 368 νέον
1045 324 1110 367 ἐπὶ
1137 327 1213 379 τῆς
1239 322 1377 384 ἀρχῆς
1393 324 1641 370 καθίστατο.

174 387 290 444 κη’δει
318 393 419 447 γοῦν
453 390 628 446 θέμενος
661 389 981 448 εῗσποιῆσασθαι
1003 395 1070 436 καὶ
1091 393 1139 436 τὸ
1162 392 1221 436 δι’
1240 391 1429 448 ὖποψίας
1445 392 1546 438 εἶναι
1564 397 1641 437 τοῦ

178 456 360 502 κολούειν
396 458 532 510 ἄλλως
560 460 697 503 θέλειν
723 461 802 516 τὴν
834 461 1020 513 ἐξουσίαν
1049 462 1117 504 καὶ
1147 461 1206 516 μὴ
1236 461 1334 504 κατ’
1354 461 1458 505 αὐτὸ
1487 462 1535 506 τὸ
1566 466 1643 517 τῆς

175 529 388 580 βασιλείας
410 528 567 571 δίκαιον
598 530 852 585 ἐπαγγέλλειν
871 530 948 585 τὴν
969 528 1249 586 μεταμφίασιν
1281 529 1461 587 ἀναιρεῖν
1496 530 1642 589 (παισὶ

143 604 167 640 5
180 594 259 651 γὰρ
285 597 445 645 οῗκείοις
461 596 519 653 μὴ
546 595 597 639 ἂν
624 597 726 652 ἔχειν
749 596 890 654 χώραν
908 597 1140 654 βούλεσθαι
1161 598 1209 640 τὸ
1229 602 1313 641 τῶν
1335 600 1501 642 δικαίων
1523 602 1640 657 σφίσι
1662 607 1692 642 B

177 661 461 721 καθιιφεικός)
473 697 487 718 ,
519 670 684 722 πρῶτον
708 666 782 720 μὲν
804 668 848 709 ἐκ
864 668 1055 710 πλείστου
1075 671 1290 723 μεγιστᾶσι
1309 668 1375 709 καὶ
1395 674 1540 725 σοφοῖς
1566 668 1643 718 τὰς

175 731 283 788 πρὸς
304 734 452 776 ἐκεῖνον
484 736 702 790 πρεσβείας
721 734 948 792 ἐκπληροῦν
973 735 1097 791 ἔγνω,
1134 733 1190 785 ὥς
1208 733 1259 777 ἂν
1278 733 1366 790 ἅμα
1383 736 1458 790 μὲν
1475 740 1536 795 τῷ
1557 741 1641 779 τῶν

174 798 408 856 προσώπων
425 801 685 860 ἂξιωματικῷ
704 803 868 854 ἱκανοὺς
883 804 935 847 τὰ
963 804 1004 854 ἔς
1024 805 1160 847 πίστιν
1183 803 1254 861 ἔχῃ
1271 803 1371 855 τούς
1390 802 1537 860 λόγους
1555 807 1640 848 δει-

175 866 306 911 κνύειν
338 869 485 923 ὄντας,
522 869 611 926 ἅμα
639 871 686 914 δὲ
714 873 781 914 καὶ
807 876 859 930 τῇ
888 871 984 915 κατ’
1007 871 1160 922 αὖτοῦς
1185 870 1386 930 ἐπιστήμῃ
1404 878 1488 916 τῶν
1507 871 1640 930 λόγων

120 938 333 980 :omium
358 936 420 988 οἷς
449 938 545 996 λε’γῃ
571 940 640 982 καὶ
673 943 813 983 πᾶσαν
837 942 1043 996 χειρίστην
1065 938 1272 996 ἐκκρούειν·
1287 939 1497 986 ὑπόνοιαν.
1533 944 1538 947 ”
1569 941 1638 986 διὰ

174 1009 309 1048 ταῦτα
339 1008 408 1049 καὶ
441 1004 463 1049 ὃ
493 1006 621 1064 με’γας
647 1007 875 1064 λογοθέτης
900 1007 922 1052 ὁ
948 1009 1238 1065 Ἀκροπολίτης
1260 1009 1319 1052 ἔτι
1341 1012 1418 1062 ζῶν
1438 1010 1638 1053 ἀπεστέλ-

172 1076 288 1127 λετο,
325 1075 394 1116 καὶ
413 1071 436 1117 ὅ
456 1079 530 1130 τῆς
542 1073 721 1132 μεγάλης
742 1076 957 1133 ἐκκλησίας
972 1077 1099 1133 με’γας
1120 1075 1336 1132 οἰκονόμος
1358 1076 1380 1121 ὅ
1401 1078 1627 1136 Ξιφιλΐνος,
1654 1093 1686 1128 c

171 1140 522 1198 μεσολαβῆσοντες
538 1144 612 1198 μὲν
635 1146 702 1187 καὶ
721 1145 774 1188 τὰ
799 1150 873 1189 τοῦ
892 1144 1043 1201 κήδους
1076 1141 1156 1204 (ἦν
1172 1146 1250 1203 γὰρ
1270 1148 1336 1189 καὶ
1357 1148 1475 1204 τρίτη
1495 1147 1636 1204 θυγᾶ-
1662 1162 1665 1163 ’

170 1226 251 1266 τηρ
266 1214 325 1270 τῷ
344 1216 510 1265 βασιλεῖ
522 1212 725 1267 Εὖδοκία,
752 1212 804 1269 ἣν
822 1215 874 1269 δὴ
893 1213 1157 1270 συναρμόζειν
1174 1216 1229 1265 εἰς
1244 1213 1403 1272 γάμους
1419 1221 1478 1275 τῷ
1494 1215 1635 1260 ’Ῑωοῖν-

118 1283 163 1320 15
174 1296 224 1336 νῃ
243 1278 489 1336 ἐβούλετο),
525 1282 731 1332 πείσοντες
750 1284 795 1326 δὲ
814 1283 941 1326 αὗτόν
961 1283 1012 1339 δὴ
1033 1285 1100 1325 καὶ
1119 1283 1217 1334 τοίς
1233 1285 1322 1341 περὶ
1343 1283 1470 1328 αὐτόν
1478 1317 1493 1339 ,
1531 1285 1632 1329 ἐκεί-

172 1363 270 1397 νους
289 1348 364 1403 μὲν
389 1350 543 1406 ἐφεῖναι
563 1354 623 1408 τῷ
642 1350 721 1410 νέῳ
743 1352 819 1406 τὴν
838 1351 939 1408 πρὸς
957 1351 1130 1406 βασιλέα
1151 1351 1314 1409 ἄφιξιν,
1352 1353 1477 1396 αὐτὸν
1495 1355 1544 1397 δὲ
1563 1373 1634 1397 πι-
1693 1402 1696 1403 ⁷

170 1415 276 1465 στὰς
299 1415 445 1471 ἔχοντα
465 1417 541 1468 τὰς
559 1419 727 1470 ἐλπίδας
747 1418 802 1470 ὥς
822 1420 886 1462 ἐπὶ
907 1424 1046 1470 καλοῖς
1067 1419 1427 1477 προσκαλούμενον
1445 1422 1635 1466 ἀπαντᾶν

167 1483 276 1539 μετὰ
300 1483 503 1541 θάρρους.
574 1484 596 1530 ὅ
625 1488 701 1542 μὲν
727 1483 800 1531 οὖν
817 1488 1012 1541 βασιλεὺς
1036 1493 1195 1542 ταῦτα,
1227 1489 1329 1539 ’τοὺς
1349 1491 1395 1532 δὲ
1410 1488 1512 1546 μήτ’
1532 1492 1635 1534 ἐκεί-

170 1568 269 1604 νους
295 1553 450 1611 ἐφιέναι
475 1554 523 1599 τὸ
552 1553 751 1614 παράπαν
776 1555 879 1614 μήτ’
899 1557 1026 1601 αὐτὸν
1048 1562 1279 1616 προθυμεῖν
1298 1557 1428 1613 ἥκειν·
1462 1564 1630 1612 πολλοῖς
1650 1572 1684 1608 D

167 1727 245 1763 ficis
265 1728 312 1764 de
332 1741 372 1765 se
392 1732 548 1768 sensibus
570 1733 729 1769 Ioannem
741 1758 754 1777 ,
785 1733 874 1769 flore
902 1737 1084 1781 praeterea
1113 1734 1234 1770 viridis
1255 1735 1380 1771 aetatis
1401 1739 1439 1772 et
1458 1736 1632 1783 principa·

168 1778 227 1808 tus
248 1775 402 1812 novitate
423 1779 642 1823 ferociorem,
673 1780 774 1814 facile
794 1780 959 1815 intellexit
979 1781 1168 1828 imperator
1188 1793 1254 1816 non
1276 1782 1342 1817 alia
1363 1783 1497 1818 ratione
1520 1783 1631 1818 addu-

167 1821 309 1855 cendum
339 1823 384 1857 ad
413 1825 655 1861 subiectionem
684 1837 767 1871 erga
789 1837 828 1861 se
849 1827 1014 1872 aliquam,
1049 1839 1149 1874 quam
1173 1828 1204 1862 si
1227 1839 1302 1862 eum
1326 1829 1494 1864 affinitate
1526 1841 1631 1875 prae·

166 1872 365 1912 occupatum
386 1871 578 1916 adoptionis
600 1871 698 1907 modo
720 1873 865 1918 quodam
885 1872 921 1907 in
943 1873 1101 1909 familiam
1122 1873 1291 1908 insereret
1312 1886 1418 1910 suam.
1465 1875 1515 1910 sic
1540 1875 1629 1910 euim

166 1923 207 1947 se
234 1913 284 1947 illi
312 1915 554 1961 suspicionem,
592 1929 661 1964 qua
692 1919 950 1954 abalienabatur
980 1921 1042 1954 abs
1076 1931 1131 1962 se,
1165 1920 1396 1965 dempturum,
1431 1921 1629 1956 modestiam

165 1957 265 1993 istam
295 1960 405 1995 cultus
438 1967 474 1997 et
502 1963 677 1998 titulorum
710 1976 777 1999 non
810 1965 876 1999 alio
908 1965 974 2012 ipsi
999 1965 1106 1999 animo
1133 1966 1177 2000 ab
1198 1966 1404 2011 imperatore
1424 1967 1627 2012 praescribi,

165 2013 268 2050 quam
301 2011 341 2041 ut
371 2014 612 2044 exauctoraret
641 2011 752 2056 ipsum
775 2013 810 2044 et
830 2010 907 2046 iure
929 2011 1063 2046 ditionis
1085 2012 1220 2057 patriae
1243 2013 1408 2058 privaret.
1454 2013 1513 2047 ubi
1536 2013 1626 2047 enim

165 2049 197 2084 is
218 2052 381 2088 sensisset
399 2055 516 2089 vocari
537 2066 575 2089 se
595 2056 637 2090 ad
660 2057 820 2091 bonorem
839 2057 1049 2103 imperatorii
1071 2058 1237 2102 coniugii,
1276 2059 1364 2092 haud
1388 2059 1531 2104 amplius
1553 2060 1627 2092 for-

165 2095 350 2133 midaturus
371 2099 556 2135 videbatur
574 2102 657 2136 talia
678 2102 916 2148 imperatorem
939 2103 1143 2147 machinari,
1176 2115 1250 2138 cum
1281 2110 1403 2138 natura
1433 2116 1500 2138 non
1532 2105 1625 2139 serat

164 2151 303 2177 soceros
325 2144 481 2179 deterere
502 2147 700 2192 dignitatem
722 2148 937 2195 minuereque
959 2161 1042 2195 opes
1063 2159 1262 2194 generorum
1286 2150 1393 2191 velle;
1429 2161 1515 2195 quos
1538 2162 1623 2184 con-

164 2189 220 2220 tra
242 2190 357 2233 patria
379 2191 524 2226 caritate
547 2194 833 2239 complectantur,
871 2200 908 2229 et
935 2201 1055 2229 auctos
1080 2194 1223 2229 fortunis
1247 2206 1289 2228 ac
1308 2194 1418 2228 titulis
1439 2196 1539 2230 etiam
1562 2207 1622 2230 su-

163 2242 231 2278 pra
261 2233 467 2270 hereditaria
499 2237 589 2273 bona
617 2239 794 2275 cumulatis
824 2240 973 2286 cupiant.
1021 2241 1085 2274 hoc
1119 2240 1228 2274 animo
1257 2240 1444 2284 imperator
1473 2253 1516 2276 ac
1546 2253 1622 2287 spe,

163 2278 247 2313 viris
278 2281 498 2316 summatibus
526 2283 711 2331 iisdemque
739 2286 1010 2331 prudentissimis
1030 2285 1218 2330 legationes
1240 2285 1283 2320 ad
1306 2285 1461 2321 Ioannem
1484 2289 1623 2322 deman-

164 2323 286 2367 davit,
318 2332 358 2360 ut
389 2331 426 2360 et
453 2328 598 2372 dignitas
619 2330 769 2376 ipsorum
792 2332 988 2366 conciliaret
1008 2331 1185 2376 promissis
1206 2331 1331 2375 fidem,
1363 2336 1399 2367 et
1429 2333 1622 2379 eloquentia

163 2370 419 2418 dexteritasque
441 2376 611 2409 tractandi
633 2383 771 2411 cunctas
794 2378 944 2411 eluctata
965 2377 1175 2422 suspiciones
1197 2389 1285 2423 quae
1308 2378 1505 2421 obstarent,
1541 2391 1624 2425 per-

163 2416 310 2451 suadere
340 2418 431 2463 quod
461 2420 646 2455 obtabatur
673 2423 807 2457 tandem
846 2427 973 2468 posset.
1018 2423 1136 2468 itaque
1165 2434 1237 2458 cum
1261 2420 1456 2470 Acropolita
1478 2436 1621 2469 magnus

161 2460 360 2507 logotheta.
393 2464 471 2498 dum
499 2465 653 2508 viveret,
682 2473 753 2502 tum
776 2468 970 2513 Xiphilinus
993 2479 1135 2512 magnae
1164 2470 1330 2504 ecclesiae
1352 2482 1553 2505 oeconomus
1575 2471 1620 2506 ad

162 2506 277 2543 Lazos
307 2509 420 2552 missi,
451 2513 491 2544 ut
512 2511 677 2546 offerrent
703 2513 822 2548 Ioanni
845 2514 980 2559 nuptias
1001 2514 1128 2549 tertiae
1149 2514 1361 2561 imperatoris
1383 2516 1477 2551 filiae
1503 2516 1620 2551 Eudo-

165 2552 260 2596 dae,
302 2554 384 2589 nihil
414 2555 600 2592 omiserunt
632 2558 821 2594 industriae
853 2566 958 2604 atque
990 2560 1096 2602 artis,
1133 2571 1200 2607 quo
1233 2562 1290 2595 vel
1320 2562 1431 2608 ipsum
1462 2563 1619 2596 invenem

162 2597 324 2634 Ioannem
355 2601 411 2634 vel
443 2603 516 2636 eius
548 2603 731 2639 familiares
752 2616 794 2639 ac
817 2605 1025 2640 consiliarios
1056 2606 1270 2651 pellicerent,
1302 2608 1392 2642 illum
1418 2608 1550 2652 quidem
1574 2607 1618 2642 ad

161 2645 441 2689 proficiscendum
463 2652 555 2684 metu
577 2650 665 2684 omni
687 2650 841 2696 deposito
872 2651 1091 2686 Constantino
1118 2653 1216 2697 olim,
1246 2654 1384 2688 summis
1412 2653 1483 2687 illic
1512 2654 1618 2688 hono-

160 2690 257 2725 ribus
285 2692 509 2737 dignandum,
542 2696 602 2729 bos
624 2700 736 2730 autem
759 2697 800 2730 ad
824 2696 859 2730 id
881 2697 991 2742 ipsum
1020 2709 1082 2732 sua
1107 2699 1227 2734 endum
1249 2711 1311 2734 suo
1333 2699 1489 2744 principi.
1537 2711 1617 2734 suc-

162 2746 262 2770 cessu
282 2741 394 2773 tamen
416 2739 446 2773 is
467 2746 608 2775 conatus
629 2744 700 2776 tum
722 2742 858 2788 quidem
881 2743 1002 2778 caruit.
1047 2756 1123 2779 nam
1156 2757 1220 2780 nec
1248 2744 1394 2780 Lazicae
1416 2745 1514 2780 aulae
1535 2756 1617 2792 pro-

162 2791 258 2818 ceres
279 2788 438 2820 auctores
457 2786 535 2821 fieri
558 2787 677 2823 loanni
698 2788 879 2825 voluerunt
898 2788 1033 2825 itineris
1057 2789 1159 2835 talis,
1190 2802 1255 2827 nec
1275 2791 1350 2837 ipse
1372 2801 1435 2838 per
1459 2802 1498 2826 se
1520 2791 1615 2838 prin·
