1884 3262
484 210 591 257 ΠΒ.
608 210 686 256 ΠΙ.
738 207 1229 264 CHRONOLOGICUS.
1484 209 1585 257 763

141 320 220 383 3¹31
259 319 417 381 ‘Ruffiggrft-
447 317 609 380 ffllc’imgss
657 320 855 372 dignitatis
878 327 1067 373 quartum
1100 320 1296 374 explebat.
1351 319 1589 361 crediderim

207 375 215 382 '
258 373 421 416 Nicol.111]
454 386 595 416 Palaeol.
655 377 886 418 michaelem
894 393 969 432 pro
986 392 1059 418 suo
1078 391 1190 419 more
1202 378 1588 431 circumspectissime

123 429 231 470 1279
328 429 354 469 ὃ
498 427 555 467 20
656 436 814 487 agendi,
841 436 921 475 iam
951 436 1001 474 ab
1031 435 1150 475 huius
1177 437 1271 475 anni
1298 436 1492 489 principio
1517 442 1589 476 aut

654 492 733 532 fine
755 493 1047 546 praecedentis,
1077 507 1169 532 cum
1186 493 1424 533 decrevisset
1446 493 1588 544 Vecco,

655 550 766 589 cuius
788 551 969 592 libertate
987 550 1273 599 offendebatur,
1303 551 1503 602 negotium
1523 552 1589 590 fa-

654 620 819 658 cessere,
847 621 899 647 ne
921 607 966 646 id
988 608 1192 646 Romanus
1220 608 1401 660 pontifex
1430 608 1589 660 sequio-

652 677 737 704 rem
767 665 811 703 in
840 670 995 717 partem
1022 665 1374 717 interpretaretur,
1402 664 1479 703 hac
1499 679 1590 704 eum

653 721 702 760 de
732 734 812 772 qua
855 722 1029 761 diximus
1065 722 1260 773 legatione
1298 735 1590 775 praeoccupare

651 778 861 819 studuisse.
889 779 1021 830 sicque
1039 778 1120 817 iam
1139 792 1320 818 securum
1336 780 1385 818 ab
1401 792 1445 817 ea
1465 785 1589 831 parte,

652 849 751 886 quae
767 836 846 873 suis
875 835 1099 875 rationibus
1120 849 1335 887 congruere
1352 837 1521 887 putabat
1546 837 1589 875 in

648 892 919 944 patriarcham
948 893 1089 945 egisse,
1119 899 1282 932 narrata
1302 907 1325 930 a
1344 892 1586 945 Pachymere

651 952 677 991 6
701 953 754 992 10
775 955 816 988 et
831 950 962 989 tribus
986 950 1249 1001 sequentibus.
1307 948 1505 989 caeterum
1525 951 1587 990 vi-

649 1005 791 1056 detur,
821 1006 938 1045 simul
965 1007 1142 1046 accusari
1169 1012 1329 1059 coeptus
1361 1014 1419 1046 est
1434 1008 1584 1047 Veccus

646 1068 686 1100 et
706 1075 867 1101 aversus
885 1064 935 1101 ab
955 1075 1001 1101 eo
1016 1064 1266 1115 imperatoris
1284 1063 1438 1103 animus
1454 1065 1584 1117 palam

646 1131 688 1157 se
712 1119 883 1171 prodere
901 1118 1030 1172 (quod
1053 1126 1190 1159 noster
1210 1121 1265 1158 ait
1284 1121 1434 1160 factum
1452 1135 1584 1159 mense

645 1176 864 1215 Februario
895 1179 922 1218 7
955 1177 1183 1216 indictionis
1200 1207 1211 1227 ,
1261 1177 1340 1216 hoc
1376 1184 1435 1216 est
1464 1178 1585 1217 huius

647 1233 743 1271 anni
765 1232 910 1285 1279),
940 1234 1150 1286 expeditus
1168 1235 1335 1273 Romam
1356 1235 1458 1274 celer
1475 1250 1585 1274 nun-

646 1289 747 1340 tius,
778 1290 847 1340 qui
882 1290 935 1329 ad
961 1291 1190 1342 pontificem
1215 1293 1443 1344 pervenerit
1462 1293 1582 1344 paulo

646 1353 739 1400 post
767 1359 887 1397 quam
911 1347 1048 1389 audita
1078 1349 1210 1387 fuerat
1237 1350 1416 1402 superior
1441 1350 1584 1402 legatio

646 1404 909 1456 imperatorie.
969 1418 1015 1444 eo
1032 1418 1130 1446 vero
1148 1413 1309 1460 accepto
1333 1407 1476 1446 nuntio
1494 1421 1586 1445 mo-

645 1467 735 1500 tum
751 1461 981 1514 pontificem
1006 1463 1143 1502 statim
1171 1463 1224 1502 ad
1248 1464 1504 1516 imperatores
1524 1464 1587 1502 le-

641 1525 758 1571 gatos
789 1519 1058 1572 expedivisse,
1090 1520 1215 1559 iussos
1240 1522 1427 1561 festinare
1451 1535 1581 1573 quan-

645 1582 733 1614 tum
765 1582 927 1629 possent
962 1583 1004 1616 et
1029 1577 1241 1617 subvenire
1271 1592 1390 1630 quam
1409 1580 1585 1631 primum

645 1633 774 1673 Vecco
796 1633 1009 1672 laboranti.
1061 1634 1137 1673 hos
1152 1636 1301 1687 legatos
1325 1635 1585 1688 Pachymeres

645 1692 861 1730 occurrisse
889 1691 1122 1744 imperatori
1147 1693 1284 1732 scribit
1308 1696 1334 1735 6
1364 1694 1416 1736 14
1443 1706 1586 1733 rever-

643 1748 746 1787 tenti
765 1747 1115 1802 Hadrianopolim;
1151 1750 1277 1801 iisque
1306 1756 1355 1789 ut
1382 1751 1585 1790 satisface-

642 1811 728 1855 ret,
768 1805 961 1856 Veccum‚
1002 1807 1071 1858 qui
1098 1813 1302 1859 pertaesus
1327 1808 1583 1847 vexationum

641 1861 919 1914 patriarchatu
938 1863 1095 1902 cessisse
1115 1864 1343 1913 videbatur,
1359 1865 1401 1903 in
1420 1878 1465 1904 eo
1484 1879 1582 1904 rur-
1603 1882 1632 1917 p
1655 1881 1719 1917 541

641 1932 729 1957 sum
757 1919 932 1958 stabilire
968 1920 1197 1961 decrevisse.
1261 1935 1434 1973 moxque
1471 1922 1578 1961 Con-

641 1976 941 2028 stantinopolim
972 1990 1063 2016 cum
1088 1978 1227 2030 legatis
1250 1980 1494 2030 profectum,
1529 1979 1577 2017 iis

640 2033 756 2084 gestis
788 2045 890 2083 quae
914 2046 937 2071 a
966 2047 1001 2076 c,
1023 2033 1076 2076 14
1094 2035 1146 2073 ad
1168 2039 1218 2076 17
1238 2041 1476 2086 narrantur,
1507 2050 1577 2074 ao-

642 2089 890 2128 commodata
916 2089 968 2128 ad
995 2090 1053 2128 ita
1077 2091 1396 2131 satisfaciendum
1427 2093 1575 2145 legatis,

639 2152 687 2185 ut
703 2145 939 2185 schismatici
959 2153 1093 2186 tamen
1123 2162 1205 2187 non
1225 2157 1577 2202 exasperarentur3

642 2203 832 2254 denique,
861 2210 909 2242 ut
925 2218 957 2243 c.
984 2208 1037 2246 17
1058 2204 1225 2255 dicitur,
1254 2206 1320 2245 die
1341 2215 1453 2246 sexta
1469 2223 1578 2246 men-

639 2262 699 2298 sis
732 2261 920 2313 Augusti
954 2261 1128 2300 eiusdem
1155 2263 1383 2303 indictionis
1411 2263 1577 2317 (nempe

639 2317 750 2369 prius
788 2325 1027 2356 memoratae
1056 2320 1265 2372 septimae,
1314 2335 1413 2373 quae
1455 2322 1576 2361 huius

638 2374 732 2412 anni
754 2378 860 2418 1279
882 2375 1086 2415 character
1106 2377 1179 2430 est)
1207 2378 1378 2417 Veccum
1398 2379 1439 2418 in
1461 2380 1574 2431 pala-

636 2432 737 2470 tium
749 2432 1014 2486 patriarchale
1025 2434 1188 2473 solemni
1199 2449 1343 2488 pompa
1357 2436 1575 2476 reduxisse.

695 2489 830 2527 Unum
853 2490 896 2528 in
911 2489 973 2528 his
989 2492 1143 2543 reperio
1164 2493 1437 2544 perplexitatis
1456 2495 1574 2532 inex-

636 2545 849 2596 tricabilis,
887 2547 997 2599 quod
1033 2549 1167 2588 statim
1199 2551 1459 2603 Pachymeres
1500 2550 1574 2589 ad-

449 2607 454 2615 '
635 2604 764 2654 iungit
792 2602 936 2643 datam
945 2605 1088 2656 faisse
1106 2621 1265 2659 operam
1294 2605 1574 2646 concinnando

638 2662 791 2712 scripto
809 2675 889 2713 quo
902 2676 1043 2714 papae
1061 2665 1115 2713 (is
1136 2671 1235 2703 tunc
1257 2673 1343 2703 erat
1367 2665 1576 2712 Urbanus)

637 2732 759 2769 super
784 2717 995 2758 mandatis
1020 2735 1096 2773 per
1134 2722 1290 2774 legatos·
1327 2723 1572 2759 renuntiatis

635 2776 857 2827 satisfieret.
912 2776 1020 2816 itane
1039 2791 1135 2817 vero
1158 2792 1261 2817 anno
1284 2781 1391 2820 1279
1411 2778 1574 2817 sedebat

221 2730 229 2920 Ι
409 2730 417 2915 Ι
635 2832 783 2871 Romae
811 2833 995 2873 Urbanus
1021 2830 1154 2887 papa?
1193 2849 1242 2874 an
1265 2849 1348 2874 non
1366 2841 1424 2873 est
1442 2836 1573 2873 mani-

633 2889 886 2931 festissimum
907 2892 1114 2932 Nicolaum
1145 2892 1325 2932 Tertium
1353 2892 1433 2931 iam
1468 2906 1491 2930 a
1513 2891 1570 2935 25
