1884 3262
450 203 526 245 DE
559 201 836 245 MICHAELE
869 199 1244 244 PALAEOLOGO
1278 202 1324 243 L.
1356 200 1432 244 IV.
1571 198 1670 246 287

215 314 471 373 φανιζόμεθα
481 348 495 368 ,
533 317 600 357 καὶ
618 316 706 372 περὶ
725 319 807 358 τῶν
825 314 1097 371 προκειμένων
1114 314 1216 375 πρὸς
1232 315 1380 356 ἐκεῖνον
1398 315 1578 370 γίνονται
1597 313 1670 358 λό-

211 401 287 440 γοι.
359 382 380 427 ὅ
414 385 459 426 δὲ
489 383 667 440 ἧγρίαινέ
684 401 726 426 τε
746 384 978 439 παραυτίκα
998 383 1103 436 μηδὲ
1122 383 1196 437 τὴν
1223 382 1353 439 ἀρχὴν
1373 381 1564 438 ἓνεγκών,
1602 387 1669 426 καὶ

215 453 295 495 “τί
313 470 384 507 μοι
411 452 534 495 κακὸν
555 452 658 508 πρὸς
676 452 746 494 τὸν
768 451 940 506 βασιλέα
965 450 1227 505 πέπρακται”
1261 450 1353 504 μετ’
1382 449 1530 506 ὀδύνης
1555 455 1667 495 πλεί-
1690 456 1719 491 Ρ
1748 457 1813 492 194

212 537 314 575 στης
343 522 410 563 καὶ
440 525 615 575 συνοχῆς
643 521 795 576 ἔλεγεν,
835 519 910 561 “ri
937 518 1063 560 αὐτὸν
1081 519 1156 572 μὲν
1185 518 1261 574 ἐγὼ
1282 517 1452 574 ’ἰδιώτην
1472 519 1572 563 ὄντα
1593 526 1669 577 τῆς

178 600 200 634 6
209 590 418 643 βασιλείας
445 589 646 644 ἐπέβησα,
682 589 751 643 ἐμὲ
777 587 822 630 δ’
850 588 997 634 ἐκεῖνος
1019 584 1276 643 πατριιὶρχην
1296 585 1424 642 εὑρών
1451 588 1498 630 οὐ
1523 593 1667 640 καλαῖς

211 657 360 706 αἰτίαις
382 657 588 712 ἦτίμωσες
633 658 700 699 καὶ
730 660 803 698 νῖν
825 672 868 710 γε
896 653 1087 710 κάθημαι
1117 655 1182 696 ἐπ’
1216 654 1440 711 ἀκρωρείας
1469 661 1675 711 ταυτησὶν’

210 724 309 768 ὦσεί
341 743 402 775 τις
438 726 634 781 ἀτίμητος
671 722 958 778 μετανάστης,
1016 723 1086 766 τὸν
1127 723 1241 779 παρὰ
1280 728 1362 765 τῶν
1403 727 1666 780 Χριστιανῶν

209 793 314 836 καθ’
347 791 519 849 ἑκάστην
550 790 858 847 ἔπεκδεχόμενος
883 791 1005 834 ἔλεον.
1077 790 1188 845 ὅμως
1219 792 1324 834 καλὰ
1354 792 1406 834 τὰ
1430 792 1662 847 συμβάντα,

209 862 316 905 καλὰ
343 867 497 914 ταῦτα,
526 863 592 904 καὶ
613 859 633 904 ὅ
653 859 909 918 φατριάρχης
929 860 1057 902 αὐτοῦ
1086 860 1294 916 εὐλογείτω
1317 860 1392 903 σὺν
1416 865 1467 917 τῇ
1488 862 1667 922 Εὖλογίᾳ

156 941 198 973 10
213 930 378 988 τάκείνῳ
404 927 677 987 πραττόμενα.
692 930 716 948 ”
787 927 934 983 ἐδήλου
955 928 1002 970 δ’
1021 926 1042 971 ὅ
1063 925 1180 983 λόγος
1209 929 1283 983 τὴν
1310 928 1570 987 αὐταδέλφην
1592 936 1666 973 τοῦ

207 1000 431 1053 βασιλέως,
476 993 502 1056 ᾗ
542 998 592 1053 δὴ
628 988 892 1052 κακῶς-εἶχεν
929 998 1075 1047 ἐκεῖνος
1107 995 1163 1046 ὥς
1196 997 1248 1040 τὰ
1278 997 1383 1040 κατὰ
1415 1003 1489 1040 τοῦ
1521 1000 1666 1049 παιδὸς
1688 1009 1717 1042 Β

204 1065 392 1110 Ἰωάννου
417 1065 759 1123 συμβουλευσάσῃ
779 1070 837 1124 τῷ
854 1069 1028 1119 βασιλεῖ’.
1099 1063 1155 1115 ὥς
1172 1065 1218 1127 δ’,
1240 1063 1512 1109 ἀνεπτύσσετο
1534 1069 1601 1109 καὶ
1621 1068 1666 1110 τὸ

205 1133 375 1191 γράμμα
416 1132 924 1190 ὕπαναγνωσθησόμενον,
974 1136 1120 1183 ἐκεῖνος
1152 1134 1273 1189 γνοῦς
1303 1134 1475 1177 ἔκποθεν
1504 1135 1551 1178 τὸ
1590 1137 1672 1178 ἐκεῖ

206 1202 480 1260 ἐμφερόμενον
502 1204 629 1253 πολὺς
647 1199 695 1258 ἦν
714 1203 957 1257 ἀντιβαίνων
977 1204 1044 1244 καὶ
1066 1202 1272 1245 &vaomar
1288 1203 1347 1257 μὴ
1367 1201 1526 1245 ἀκούειν
1544 1202 1661 1256 ὅλως,

152 1281 194 1316 15
208 1275 274 1315 καὶ
306 1269 612 1329 προσαπεχώρει
645 1271 800 1325 ταχέως
829 1269 1262 1326 ὖπαναγινωσκομένου
1299 1270 1355 1321 ὥς
1380 1271 1438 1325 μὴ
1469 1270 1663 1315 ἀκούσειε.

206 1341 396 1384 κάκείνων
426 1338 891 1394 ἓπικαταλαμβανόντων
921 1338 1278 1395 ἀποδιδράσκοντα
1307 1340 1419 1396 παρὰ
1445 1340 1491 1382 τὸ
1525 1345 1663 1396 καθῆ-

205 1427 276 1456 καν
307 1409 555 1463 κινουμένοις
583 1411 650 1450 καὶ
681 1410 820 1462 ταχέσι
852 1408 994 1459 ποσίν,
1032 1408 1174 1460 ἓπέβυε
1205 1407 1257 1450 τὰ
1285 1403 1371 1450 ὦτα
1393 1414 1479 1456 τοῖς
1500 1426 1660 1466 παρηρ-
1687 1410 1716 1444 C

206 1476 393 1532 τημὲνοις
433 1482 506 1531 τῆς
543 1475 778 1533 καλύπτρας
822 1475 1075 1532 ἑκατέρωθεν
1115 1480 1198 1518 τῶν
1238 1474 1353 1518 ὤτων
1395 1475 1552 1528 ὠτίοις,
1609 1475 1663 1527 ὥς

203 1545 307 1600 μηδ’
341 1548 490 1587 ἐπαΐειν
520 1544 893 1601 ἀναγινωσκομένου
924 1548 998 1586 τοῦ
1024 1540 1277 1599 γράμματος.
1348 1543 1462 1593 τέλος
1502 1547 1664 1588 δυσθυ-

148 1612 340 1670 Ξομήσας
359 1611 533 1671 οὐρανόν
555 1630 598 1656 τε
621 1615 687 1655 καὶ
708 1618 782 1669 γῆν
803 1609 1101 1670 ἐπεμαρτύρετο
1122 1613 1289 1669 μεγίστῃ
1310 1616 1425 1670 φωνῇ
1447 1607 1502 1656 ὧν
1526 1613 1575 1669 δὴ
1596 1616 1664 1656 καὶ

297 1736 350 1770 18.
374 1732 501 1779 ὤτων]
526 1733 644 1771 ὄντων
667 1734 706 1770 Ρ.

203 1849 343 1884 quorum
376 1848 478 1872 causa
508 1847 708 1871 veneramus
742 1847 846 1881 agere
871 1848 945 1870 cum
968 1848 1008 1871 eo
1033 1836 1216 1882 coepimus.
1265 1836 1308 1871 ad
1330 1837 1471 1882 primam
1495 1838 1545 1872 rei
1568 1850 1662 1874 men-

202 1886 332 1919 tionem
362 1883 418 1918 ille
450 1884 667 1917 vehementer
700 1884 922 1916 exacerbatus
948 1895 991 1916 ne
1013 1883 1129 1917 audire
1158 1882 1292 1936 quidem
1315 1884 1458 1917 ulterius
1487 1885 1663 1926 sustinuit,

203 1931 265 1966 sed
292 1942 366 1964 cum
389 1930 548 1963 immenso
580 1930 694 1963 dolore
717 1932 752 1962 et
774 1929 930 1973 angustia
951 1930 985 1962 in
1009 1929 1070 1963 has
1102 1929 1328 1973 querimonias
1361 1930 1515 1974 prorupit
1546 1911 1663 1976 “quid

203 1975 403 2021 imperatori
425 1976 505 2009 mali
527 1975 618 2009 feci?
655 1987 719 2019 ego
741 1975 852 2028 ipsum
875 1986 918 2008 ex
940 1974 1076 2020 privato
1099 1974 1133 2008 in
1156 1974 1291 2019 imperii
1312 1975 1429 2008 solium
1452 1976 1578 2011 extuli:
1602 1977 1659 2011 iile

203 2033 286 2056 vero
307 2034 361 2056 me
381 2032 456 2055 cum
480 2021 706 2066 patriarcham
728 2020 914 2066 reperisset
937 2033 1002 2054 non
1025 2020 1173 2054 honestis
1196 2032 1237 2054 ex
1261 2021 1371 2055 causis
1393 2022 1520 2055 honore
1541 2022 1658 2067 priva-

200 2068 263 2102 vit.
310 2073 347 2102 et
367 2079 456 2101 nunc
478 2067 647 2101 desideo'
638 2079 673 2101 m
695 2067 759 2101 hoc
783 2067 864 2111 iugo
887 2066 1013 2100 deserti
1035 2066 1178 2108 montis,
1210 2066 1270 2100 ubi
1300 2068 1394 2101 velut
1418 2067 1552 2101 infamis
1579 2069 1658 2102 exui

203 2113 474 2147 Christianorum
507 2113 660 2158 quotidie
689 2112 954 2146 misericordiam
976 2116 1130 2157 expecto.
1178 2115 1289 2146 tamen
1313 2113 1399 2146 bene
1420 2113 1547 2146 habent
1569 2125 1659 2158 quae

201 2158 424 2203 contigerunt.
470 2159 608 2204 pulchra
638 2159 744 2201 haec,
773 2159 930 2203 inquam,
961 2170 1023 2204 per
1057 2170 1110 2192 me
1132 2164 1249 2191 sunto·
1283 2169 1364 2191 suus
1386 2157 1419 2191 ei
1441 2158 1658 2203 phatriarcha

201 2205 288 2238 bene
321 2207 499 2248 precetur,
536 2208 572 2238 et
602 2217 676 2238 cum
706 2204 940 2238 benedictione
969 2205 1166 2249 comprobet
1192 2215 1278 2248 quae
1302 2204 1346 2236 ab
1367 2203 1424 2236 illo
1447 2204 1564 2238 fiuntd
1622 2205 1657 2239 in

201 2249 255 2283 his
279 2251 329 2284 Gn
333 2261 414 2283 acco
439 2250 678 2284 benedictionis
699 2251 884 2292 vocabulo,
915 2251 1007 2295 quod
1030 2251 1139 2294 ipsum
1169 2260 1286 2283 nomen
1314 2253 1390 2282 erat
1411 2249 1579 2294 Eulogiae
1599 2261 1657 2284 so-

202 2294 293 2329 roris
315 2295 550 2339 imperatoris,
583 2296 641 2330 illa
663 2297 738 2349 ipsa
757 2296 874 2330 mulier
898 2296 1164 2339 designa‚batur
1198 2294 1252 2327 cui
1274 2299 1350 2328 erat
1372 2295 1534 2330 Arsenius
1557 2308 1664 2341 pecu-

202 2341 334 2375 liariter
357 2341 530 2382 infensus,
562 2341 659 2394 quod
675 2343 784 2386 ipsam
806 2343 951 2376 maxime
974 2341 1079 2375 sciret
1100 2340 1206 2374 fuisse
1228 2339 1328 2374 fratri
1351 2344 1523 2375 auctorem
1546 2354 1662 2377 eorum

202 2398 291 2440 quae
317 2385 500 2420 crudeliter
523 2390 559 2420 et
579 2386 682 2432 impie
703 2387 737 2420 in
769 2399 910 2432 puerum
933 2388 1090 2421 Ioannem
1114 2388 1356 2420 attentaverat.
1403 2391 1443 2420 nt
1465 2392 1577 2422 autem
1600 2400 1662 2422 ex-

201 2432 348 2477 plicatae
381 2432 504 2477 literae
536 2438 614 2465 sunt
646 2434 739 2466 velut
772 2444 848 2466 mox
880 2433 944 2478 ipsi
974 2432 1173 2477 legendae,
1200 2431 1364 2466 Arsenius
1396 2444 1470 2467 cum
1507 2434 1662 2468 alicunde

202 2472 449 2523 praesensisset
470 2477 550 2523 quid
573 2478 607 2511 in
628 2477 671 2510 iis
697 2484 789 2512 esset
810 2479 990 2523 scriptum,
1021 2477 1212 2511 vehementi
1232 2477 1306 2511 nisu
1337 2489 1413 2512 sese
1435 2483 1661 2534 contorquens

201 2535 242 2556 ac
274 2524 448 2558 retrahens
482 2523 684 2557 auditionem
712 2527 890 2558 aversatus
923 2523 1054 2557 omnino
1086 2528 1160 2565 est;
1193 2527 1228 2556 et
1260 2535 1334 2557 cum
1356 2524 1426 2569 legi
1447 2525 1658 2560 nibilominus

202 2573 356 2614 coeptum
380 2572 488 2612 esset,
512 2569 689 2603 celenime
710 2569 870 2612 recessit,
893 2581 936 2603 ne
959 2569 1106 2603 audiret.
1152 2569 1211 2602 sed
1235 2570 1292 2614 qui
1316 2570 1459 2604 aderant
1480 2583 1581 2606 cursu
1604 2573 1657 2605 in-

200 2615 309 2649 secuti
330 2615 524 2659 fugientem,
545 2615 604 2649 vix
623 2615 756 2648 tandem
780 2615 1054 2668 comprehensum
1078 2614 1258 2659 (currebat
1275 2615 1363 2649 enim
1385 2616 1534 2651 velocius
1556 2629 1655 2662 quam

199 2661 244 2694 ab
266 2660 324 2694 ina
346 2664 462 2694 aetate
485 2661 723 2708 gravitateque
745 2661 921 2714 expectari
943 2660 1132 2706 potuisset)
1171 2665 1391 2696 retraxerunt
1419 2662 1655 2696 invitissimum

200 2705 244 2739 ad
270 2706 492 2740 auscultanda
513 2718 602 2752 quae
626 2718 668 2741 ex
689 2706 818 2751 scripto
843 2707 934 2741 clara.
956 2718 1040 2741 voce
1061 2708 1335 2752 proferebantur.
1382 2712 1420 2742 at
1449 2708 1504 2742 ille
1527 2719 1655 2752 appen-

178 2786 181 2790 ,
201 2750 332 2786 dicibus
353 2751 462 2796 galeri
484 2752 528 2786 ad
550 2764 650 2786 aures
673 2752 790 2786 ambas
809 2756 952 2798 utraque
983 2764 1083 2787 manu
1104 2753 1215 2787 valide
1237 2753 1425 2807 appressis‚
1459 2764 1576 2787 sonum
1603 2754 1655 2788 le-

200 2795 318 2830 ctionis
339 2798 468 2832 frustra
491 2798 727 2844 pronuntiatae
750 2810 816 2832 non
838 2799 982 2844 accepit.
1029 2798 1174 2843 denique
1195 2799 1430 2844 gravissimum
1463 2799 1656 2843 significans

198 2840 299 2877 animi
331 2853 510 2888 angorem,
539 2844 667 2880 coelum
699 2849 892 2890 terramque
923 2856 1008 2879 voce
1041 2845 1184 2880 maxima
1217 2849 1324 2879 testes
1353 2844 1510 2878 adhibuit
1539 2856 1654 2879 eorum
