1846 3262
220 177 314 223 104
635 178 872 221 GEORGII
906 179 1260 225 PACHYMERIS

218 307 297 347 ([ος
327 286 557 344 δεξάμενοι,
596 290 812 345 μεθείπετο
841 291 886 335 δὲ
915 291 963 335 τὸ
993 295 1158 336 παιδίον
1177 294 1250 337 οὒκ
1269 295 1311 338 ἓν
1332 294 1468 353 στέφει
1485 300 1687 357 βασιλικῷ

215 357 310 401 ἀλλ’
347 358 389 400 ἒν
414 355 528 418 μόνῳ
561 357 805 419 κεκρυφάλῳ
833 358 1068 420 ἧμιττμβίῳ
1081 395 1094 414 ,
1131 364 1266 413 λίθοις
1289 366 1354 406 καὶ
1372 363 1600 422 μαργάροις
1622 383 1687 410 κε-

216 425 471 484 κοσμημένῳ.
542 421 593 482 ἦν
617 427 658 470 δ’
691 430 826 487 ἐκείνῳ
855 429 977 484 μέλον
1004 431 1122 474 οὐδὲν
1145 431 1202 487 μὴ
1228 437 1411 486 νοοῦντι,
1449 434 1620 484 ἕκαστος
1641 435 1687 478 δὲ

162 505 194 538 D
218 495 263 538 τὸ
286 493 392 536 καθ’
417 493 564 538 ἑαυτὸν
584 501 748 540 σκοπῶν
769 498 817 541 οὗ
840 507 1061 554 προσεῖχεν.
1121 500 1259 554 ἔμελλε
1279 500 1322 544 δ’
1347 501 1499 552 αὐτοὺς
1522 502 1687 553 πάντως

161 573 194 606 Ε
222 560 243 618 ἦ
272 563 362 618 δίκη
389 565 444 612 εἷς
472 563 519 607 τὸ
546 566 759 618 μετέπειτα
791 571 1032 622 μετελθεῖν,
1072 566 1126 618 ὥς
1155 567 1395 625 ἐγνώκαμεν.
1469 571 1559 627 (9)
1595 570 1721 618 τότε5

219 632 264 674 δὲ
297 630 563 687 ἀτημελήτως
582 634 636 676 ,τὸ
670 636 832 678 παιδίον
861 634 1001 693 διάγον
1027 637 1131 693 πρὸς
1163 640 1361 694 παιγνίοις
1393 633 1443 694 ἦν
1471 642 1687 693 παιδικοῖς,

219 701 286 743 καὶ
306 698 326 743 ὅ
346 699 576 753 βασιλεύων
600 704 641 745 ἐν
663 706 931 761 δημηγορίαις
949 710 1022 762 τῆς
1042 704 1198 763 ἡμέρας
1220 705 1424 762 συχνάκις.
1460 705 1548 751 εἷθ’
1569 708 1691 752 ὕστε-

219 786 292 824 ρον
324 771 391 811 καὶ
417 771 866 828 προσφιλοτιμούμενος
893 774 991 825 τοὺς
1019 773 1221 829 πολλούς,
1267 775 1373 818 κατὰ
1408 777 1534 829 με’σον
1571 781 1691 835 σφῶν

220 838 395 895 ἐρρίπτει
425 841 490 882 καὶ
522 840 775 897 ἀμφοτέραις
805 841 994 899 ἀργύρια.
1067 844 1105 886 οἶ
1135 845 1179 887 δὲ
1212 840 1554 901 προσυλλὲγοντες
1586 843 1688 889 ἀνύ-

217 924 349 962 μνουν
377 909 507 963 δῆθεν
536 909 606 952 τὸν
639 911 875 967 εἰεργέτην,
907 913 1071 955 παιδίον
1098 914 1164 955 καὶ
1195 913 1247 956 τὰ
1272 913 1370 957 κατ’
1391 914 1514 957 ἐκεῖνο
1532 916 1689 971 χαίρειν
1703 926 1747 961 1ο
1780 957 1784 959 ε

219 977 387 1029 ἐῶντες,
424 977 529 1033 μηδ’
556 977 603 1021 οἷ
619 984 744 1022 κακοῦ
769 978 919 1031 εἷδότες
942 978 1164 1037 γεγόνασιν.
1233 980 1260 1037 ἡ
1284 982 1360 1039 γὰρ
1381 982 1487 1025 κατὰ
1506 983 1689 1041 θατέρου

98 1049 125 1083 Ρ
150 1050 194 1085 67
219 1044 416 1099 ἐπιβουλὴ·
446 1051 521 1088 τοῦ
553 1046 692 1103 ἑτέρου
725 1050 915 1092 ἐντεῦθεν
944 1049 1103 1106 ἤρχετο.
1176 1052 1219 1093 τί
1232 1056 1330 1107 γοῦν
1351 1049 1519 1107 λοιπόν,·
1555 1050 1690 1108 ὑγρῶν

219 1112 349 1157 ὄντων
369 1114 426 1156 ἔτι
448 1121 530 1158 τῶν
550 1118 836 1174 γεγραμμένων
870 1118 986 1161 αὐτοὶ
1013 1119 1267 1174 κατημέλουν
1289 1120 1346 1175 μὴ
1370 1122 1488 1176 ξίφος
1510 1121 1616 1163 κατὰ
1639 1120 1691 1164 τὰ

219 1181 496 1238 ὀμωμοσμένα
522 1193 653 1232 κινεῖν,
725 1189 759 1229 εἴ
788 1187 832 1229 δὲ
862 1192 934 1242 τῆς
966 1188 1179 1243 ἐκκλησίας
1207 1188 1284 1232 κᾶν
1311 1187 1332 1232 ὅ
1361 1193 1510 1246 κλῆρος
1537 1189 1690 1245 ἠμέλει,

218 1251 317 1293 ἀλλ’
345 1253 425 1308 οἵγε
447 1253 494 1296 τὸ
516 1253 796 1311 ἅρχιερατικόν
820 1255 980 1310 ἀξίωμα
1003 1256 1217 1314 φέροντες,
1254 1259 1297 1300 τί
1315 1257 1371 1313 μὴ
1394 1258 1551 1312 ἔχοντες
1582 1256 1689 1312 &pus-
1704 1268 1747 1303 15

218 1337 322 1372 νειν,
362 1321 433 1363 τὸν
471 1322 572 1366 λαὸν
607 1323 716 1367 οὕτω
749 1325 1040 1368 κατενεπέδουν
1073 1325 1316 1382 φρικώδεσιν
1349 1325 1486 1382 ὅρκοις
1513 1326 1615 1370 ὥστ’
1651 1328 1693 1378 ἐξ

219 1387 397 1444 ἀνάγκης
412 1387 456 1432 (ἐν
478 1396 560 1434 τῶν
583 1390 658 1435 δύο
681 1391 842 1443 τούτοις
871 1394 1200 1448 ἕπισυμβαίνειν,
1239 1394 1264 1449 ἢ
1295 1395 1508 1451 ἐμφυλίοις
1537 1394 1693 1438 ἐνδιδό-

220 1475 287 1499 ναι
310 1458 502 1513 πολέμοις
532 1463 598 1503 καὶ
627 1459 912 1518 σφάττεσθαι,
943 1462 968 1518 ἢ
990 1462 1072 1517 μὴν
1093 1463 1145 1505 τὰ
1163 1462 1333 1519 μέγιστα
1353 1465 1408 1513 εἷς
1431 1463 1530 1507 θεὸν
1555 1462 1694 1519 ἆμαρ-

170 1529 199 1562 Β
225 1524 358 1569 τάνειν
390 1529 694 1583 ἐπιορκοῦντας.
764 1531 859 1573 ἀλλ’
894 1529 949 1580 ὥς
977 1530 1101 1585 ἔοικε,
1138 1531 1183 1574 τὸ
1210 1532 1323 1588 παρὰ
1349 1536 1516 1582 πολλοῖς
1538 1530 1695 1587 ὖμνού-

218 1613 341 1650 μενον
366 1596 546 1652 ἀληθές,
587 1597 640 1650 ὥς
670 1599 716 1643 τὸ
746 1600 894 1655 με’λλον
913 1601 1104 1658 γενέσθαι
1125 1599 1386 1659 ἀντιπράττει
1411 1603 1478 1644 καὶ
1501 1605 1561 1662 τῷ
1587 1606 1752 1659 ‹ppo-20

223 1729 380 1774 coniuge,
405 1734 483 1775 post
505 1731 597 1776 ipsos
623 1743 710 1777 puer
732 1732 805 1767 sine
827 1732 924 1777 regia
947 1743 1086 1775 corona,
1107 1732 1169 1766 sed
1192 1732 1390 1778 simpliciter
1410 1731 1587 1767 redimitus
1606 1732 1697 1768 vitta

225 1777 398 1810 fimbriata
421 1777 563 1821 gemmis
590 1784 627 1811 et
652 1779 846 1823 margaritis
873 1783 1005 1813 ornata·
1051 1790 1114 1814 nec
1137 1779 1195 1814 ille
1217 1780 1252 1813 id
1275 1779 1407 1814 scilicet
1435 1779 1598 1821 curabat,
1633 1790 1696 1825 per

225 1826 374 1856 aetatem
397 1822 544 1857 nondum
567 1824 729 1858 sentiens.
778 1828 813 1859 et
835 1837 878 1859 ne
902 1825 946 1859 ad
969 1825 1059 1860 istud
1084 1836 1290 1871 magnopere
1313 1830 1514 1870 praesentes
1537 1825 1698 1860 adverte-

223 1872 323 1910 rent,
347 1879 390 1903 ea
413 1880 517 1904 causa
540 1875 634 1914 erat,
658 1871 748 1916 quod
771 1870 879 1905 veriti
902 1871 1027 1916 passim
1051 1883 1211 1916 quorsum
1234 1872 1320 1906 haec
1341 1874 1546 1916 vergerent,
1578 1877 1698 1906 verte·-

224 1915 310 1949 bant
333 1926 394 1959 pro
419 1926 456 1949 se
479 1914 624 1962 quisque
645 1928 744 1951 curas
766 1916 803 1951 in
826 1928 921 1960 sese,
947 1928 989 1951 ac
1006 1917 1064 1951 vel
1087 1917 1122 1951 in
1146 1923 1239 1952 metu
1261 1919 1319 1951 vel
1341 1917 1377 1951 in
1400 1928 1462 1961 spe
1485 1929 1597 1952 rerum
1616 1929 1698 1962 pro-

226 1961 379 2006 priarum
411 1961 620 2008 habitabant.
670 1974 784 1998 omnes
816 1975 917 2008 porro
940 1963 1200 1998 machinationis
1222 1963 1320 1997 huius
1343 1963 1526 1997 insidiosae
1557 1963 1699 2008 partici-

230 2017 294 2051 pes
318 2006 434 2041 divina
457 2007 598 2052 deinde,
625 2010 925 2054 ut'cognovimus‚
949 2021 1010 2044 suo
1034 2014 1189 2054 tempore
1211 2009 1295 2044 ultio
1319 2010 1470 2055 excepit.
1516 2010 1592 2054 (9)
1616 2013 1699 2044 tunc

227 2064 311 2086 vero
345 2064 499 2088 securam
533 2055 637 2089 vitam
669 2067 754 2101 puer
777 2056 904 2101 degens
926 2059 1020 2090 totus
1040 2055 1076 2090 in
1099 2055 1237 2090 ludicris
1261 2058 1296 2089 et
1318 2055 1407 2090 illius
1431 2056 1558 2090 aetatis
1578 2056 1700 2090 remis-

227 2099 380 2133 sionibus
411 2103 499 2134 erat.
547 2101 732 2147 imperator
757 2102 895 2147 saepius
915 2102 952 2136 in
976 2102 1030 2136 die
1053 2102 1096 2136 ad
1120 2104 1312 2136 concionem
1344 2102 1501 2140 dicebat,
1537 2102 1700 2136 subinde·

226 2156 312 2190 que,
350 2148 389 2179 ut
421 2152 659 2191 peroraverat,
690 2147 902 2183 deliniendae
933 2160 1038 2182 causa
1069 2148 1312 2190 multitudinis,
1344 2152 1526 2192 argenteos
1553 2152 1701 2193 utraque

226 2202 327 2225 manu
350 2191 385 2225 in
408 2192 552 2227 medium
576 2194 721 2228 conferti
744 2194 861 2240 populi
883 2194 1047 2229 iactabat.
1092 2194 1141 2228 illi
1171 2195 1328 2229 certatim
1359 2194 1559 2238 colligentes
1588 2194 1699 2228 laudi-

227 2237 292 2270 bus
324 2237 487 2272 videlicet
518 2241 684 2274 tollebant
714 2239 902 2275 beneficum
932 2240 1148 2285 largitorem,
1180 2252 1321 2286 puerum
1346 2245 1382 2274 et
1406 2251 1462 2274 res
1487 2239 1561 2274 eius
1584 2240 1701 2275 valere

228 2282 407 2326 iubebant,
432 2284 546 2329 ignari
570 2286 704 2332 quidem
727 2298 794 2332 quo
818 2289 980 2321 malorum
1002 2286 1231 2322 devenissent.
1277 2298 1354 2321 nam
1375 2286 1473 2320 initia
1495 2287 1580 2323 haec
1602 2291 1702 2321 eraut.

227 2328 426 2363 insidiarum
458 2331 597 2367 alterius
629 2334 859 2378 Augustorum
878 2333 928 2375 >in
958 2333 1112 2367 alterum.
1160 2333 1304 2379 populus
1339 2337 1452 2367 autem
1481 2332 1608 2367 oblitus
1631 2337 1702 2367 tam

229 2375 299 2409 cito
323 2375 455 2410 iuratae
477 2376 512 2411 in
535 2378 678 2423 primum
709 2375 908 2419 insidiarum·
940 2379 1202 2414 machinatorem
1233 2379 1390 2422 ultionis,
1427 2378 1538 2414 adhuc
1559 2377 1635 2412 udis
1658 2388 1701 2413 ex

227 2421 362 2455 recenti
385 2422 557 2467 scriptura
580 2424 708 2459 tabulis
731 2425 882 2460 foederis
904 2424 993 2459 inter
1017 2427 1191 2469 Augustos
1214 2429 1426 2460 sacramento
1450 2424 1595 2465 firmati,
1630 2428 1702 2458 tam

227 2466 329 2512 longe
350 2469 471 2503 aberat
494 2480 515 2503 a
537 2470 736 2515 stringendo
759 2471 873 2519 gladio
896 2471 932 2505 in
955 2476 1129 2509 auct-orem
1151 2471 1296 2506 iniuriae
1309 2498 1317 2512 ,
1352 2477 1388 2505 ut
1406 2470 1473 2516 ipsi
1497 2469 1703 2505 effusissime

228 2514 462 2559 applauderet.
507 2514 543 2549 in
575 2519 693 2551 ordine
726 2517 959 2552 ecclesiastico
997 2517 1108 2552 clerus
1140 2518 1274 2563 quidem
1303 2517 1340 2551 in
1370 2517 1446 2562 pari
1478 2527 1552 2550 curn
1576 2516 1701 2560 populo

228 2559 494 2596 dissimulatione
516 2573 558 2596 ac
580 2574 692 2598 rerum
725 2575 814 2609 quae
839 2563 1097 2598 attentabantur
1131 2563 1340 2609 negligentia
1371 2562 1592 2597 versabatur:
1627 2559 1703 2613 epi-3

230 2605 329 2651 scopi'
351 2610 463 2642 autem
486 2618 553 2642 non
575 2608 740 2645 habentes
767 2609 859 2644 aliud
883 2621 949 2655 quo
973 2621 1115 2654 puerum
1138 2610 1362 2644 defenderent
1393 2614 1454 2643 aut
1486 2608 1560 2642 eius
1586 2607 1703 2642 violati

230 2652 344 2687 scelus
377 2653 640 2698 ulciscerentur,
675 2655 882 2690 insistebant
905 2655 1070 2698 adigendo
1095 2657 1219 2702 populo
1240 2656 1278 2690 in
1301 2667 1389 2691 nova
1411 2657 1447 2689 et
1469 2651 1553 2688 diris
1576 2653 1704 2697 impre-

231 2697 422 2734 cationibus
445 2701 620 2737 tremenda
641 2702 831 2736 iuramenta
854 2702 1050 2746 praestandi
1073 2702 1164 2748 qumi
1196 2702 1411 2748 promiserat.
1458 2711 1501 2735 ex
1524 2711 1592 2745 quo
1617 2700 1702 2733 alte-

230 2755 304 2778 rum
329 2746 469 2780 duorum
491 2747 683 2782 necessario
707 2753 907 2782 secuturum
930 2753 1028 2790 erat,
1060 2760 1179 2792 nempe
1202 2752 1240 2783 ut
1263 2753 1324 2783 aut
1348 2746 1436 2781 civili
1458 2746 1550 2781 bello
1573 2749 1704 2797 temere

230 2797 388 2836 suscepto
419 2803 496 2827 sese
529 2794 748 2829 trucidandos
782 2793 922 2829 armatis
945 2794 1154 2837 obiicerem,
1187 2798 1248 2829 aut
1280 2792 1474 2838 inexpiabili
1502 2804 1541 2826 se
1572 2790 1704 2834 flagitio

229 2835 368 2880 periurii
409 2839 500 2885 apud
534 2839 633 2875 deum
672 2839 875 2886 obligarent.
924 2839 986 2875 sed
1023 2851 1140 2876 verum
1171 2845 1226 2877 est
1246 2840 1395 2886 *vulgare
1426 2838 1572 2880 dictum,
1615 2835 1706 2883 quod
