1846 3262
249 212 344 260 194
575 273 580 277 K
668 209 904 254 GEoRGn
937 210 1290 255 PACHYMERIS

246 325 417 385 7ιεωργίρι
436 321 718 380 προσέχοντες,
755 323 984 381 θαρραλέοι
1007 323 1051 366 δ’
1076 323 1226 376 ἄλλως,
1262 323 1420 367 πίσυνοι
1442 321 1587 377 τόξοις,
1627 323 1714 379 ἅμα

248 397 293 437 δὲ
314 395 380 436 καὶ
403 399 492 442 ταῖς
513 392 618 434 κατὰ
643 397 753 448 σφᾶς
781 394 1026 450 δυσχωρίαις
1055 392 1102 435 τὸ
1134 391 1279 435 πιστὸν
1309 392 1467 448 ἔχοντες
1489 391 1543 443 ὥς
1566 392 1613 436 οὗ
1636 394 1715 452 ῥᾳ-

247 464 344 512 δίως
369 459 596 516 πεισόμενοι
617 459 692 503 κᾶν
712 478 750 503 τι
772 460 1011 519 πράττοιεν,
1048 458 1232 518 εὑρόντες
1253 459 1405 516 ἥκοντά
1428 466 1559 504 ποθεν
1581 463 1715 504 νεανί-

247 548 346 574 σκον
366 527 474 588 νόσῳ
494 529 798 584 λελυμασμένον
819 529 916 580 τοὺς
937 526 1187 587 ὃφθαλμοῦς
1198 536 1216 581 ,’
1250 526 1390 586 φήμης
1410 528 1715 587 προοδευούσης

198 609 228 643 C
253 599 403 642 ἐκείνου
429 597 543 654 παρὰ
575 602 656 641 τῶν
685 598 1052 654 συσκευασαμένων
1086 598 1132 640 τὸ
1173 599 1313 653 δρᾶμα
1341 596 1396 648 ὥς
1423 598 1549 649 αὐτὸς
1579 599 1637 654 εἴη
1666 598 1745 642 τό5

247 667 410 711 παιδίον
443 664 701 722 ὃἸωάννης,
749 667 872 724 ἀπρὶξ
905 666 1179 722 συναχθέντες
1207 666 1368 720 ἔχονται
1406 664 1581 719 τούτου,
1627 665 1714 721 ἅμα

245 737 320 792 μὲν
340 733 396 785 ὥς
417 732 617 778 δεσπότου
638 733 940 791 ὖπονοουμένου
964 737 1124 793 σφίσιν,
1164 734 1231 791 ἐφ’
1256 729 1288 795 c}
1291 752 1364 790 περ
1388 737 1454 778 καὶ
1477 733 1610 801 ὅρκοις
1629 742 1716 786 τοῖς

247 803 351 861 πρὸς
371 803 442 846 τὸν
463 802 620 861 πατέρα
641 802 882 859 πεδούμενοι
903 811 993 854 ταῖς
1013 802 1114 860 ὑπὲρ
1137 804 1287 846 ἐκείνου
1306 804 1563 860 προθυμίαις
1584 802 1715 861 ε’σφοῖ-

247 875 394 926 δαζον,
424 869 511 927 ἅμα
535 873 580 915 δὲ
601 874 668 915 καὶ
688 870 743 922 ὥς
762 872 992 932 ἠδικημένῳ
1013 869 1357 928 προσαμύνοντες.
1428 874 1496 915 καὶ
1526 871 1714 916 ἀποστα-

245 948 328 984 τεΐν
349 940 539 998 ἤρξαντο,
564 943 680 997 δῆλοι
701 940 813 991 ὄντες
834 942 875 992 ἒξ
896 935 951 985 ὧν
972 942 1135 984 ἐποίουν
1156 947 1242 991 τοῖς
1261 941 1572 995 ἒπιθησομένοις
1592 945 1713 984 πολε-
1727 947 1771 982 10
1822 973 1828 975 -

245 1011 492 1066 μησειόντες.
563 1011 630 1052 καὶ
662 1009 712 1064 δὴ
741 1010 1060 1067 περιστείλαντες
1080 1016 1167 1059 τοῖς
1189 1007 1336 1052 εἰκόσιν
1361 1008 1508 1052 ἐκεῖνον
1529 1011 1594 1051 καὶ
1615 1012 1713 1053 δου-

163 1121 167 1126 ,
194 1090 227 1125 D
251 1082 372 1128 λικῶς
401 1075 726 1135 προσφερόμενοι
756 1081 962 1135 προΐστων
991 1080 1046 1128 εἷς
1073 1078 1247 1132 βασιλέα
1266 1079 1334 1119 καὶ
1353 1075 1454 1134 ὑπὲρ
1477 1077 1606 1121 αὐτοῦ
1628 1096 1714 1121 κιν-

213 1146 217 1150 ’
246 1145 423 1190 δυνεύειν
455 1144 617 1202 ὥρμων.
690 1145 711 1189 ὅ
737 1147 877 1202 μέντοι
903 1164 946 1203 γε
973 1146 1167 1201 βασιλεὺς
1191 1146 1346 1201 μαθών
1365 1146 1418 1188 τὰ
1439 1148 1527 1203 περὶ
1548 1144 1711 1199 τούτου,

245 1216 370 1268 ἀνέζει
395 1213 437 1257 τε
466 1219 526 1273 τῷ
549 1218 675 1273 θυμῷ
709 1217 775 1257 καὶ
803 1215 1004 1264 καθεκτὸς
1025 1213 1099 1257 οὐκ
1113 1210 1186 1270 ἦν,
1218 1216 1251 1256 εἲ
1271 1213 1393 1271 ἶίκραι
1424 1218 1611 1258 τοιαῦται
1630 1234 1714 1257 πα-

246 1287 491 1341 ρασπᾶσθαι
519 1287 593 1338 τῆς
618 1280 883 1340 ε’ντρεχούσης
915 1281 1056 1340 φήμης
1083 1283 1196 1325 ἕνεκα
1229 1280 1551 1336 κινδυνεύουσιν,
1591 1284 1633 1334 ἐξ
1655 1277 1711 1327 ὧν
1725 1289 1768 1324 16

246 1352 351 1402 εἲκὸς
371 1349 471 1394 εἶναι
489 1353 556 1393 καὶ
575 1350 725 1401 ἄλλους
743 1355 1060 1409 παρακινεΐσθαι
1077 1352 1291 1401 πλείστους
1306 1350 1565 1396 ἀποστατεῖν.
1611 1351 1713 1396 ὅθεν

244 1422 312 1464 καὶ
336 1417 487 1469 πάσαις
512 1426 603 1470 ταῖς
625 1419 719 1462 κατ’
743 1422 890 1470 ἐκεῖνον
922 1420 1179 1477 προθυμίαις
1199 1421 1379 1463 ἐνεδίδου
1389 1452 1405 1474 ,
1438 1422 1506 1463 καὶ
1533 1419 1641 1464 ἅπαν
1663 1421 1711 1464 τὸ

244 1487 536 1546 στρατιωτικὸν
557 1490 599 1531 ἐν
618 1487 757 1547 ταύτῷ
777 1488 972 1539 συλλέξας
998 1487 1215 1531 ἀπέστελλε
1233 1488 1436 1543 πολέμους
1456 1486 1712 1545 πολεμήσον-

243 1574 319 1608 τας
342 1556 579 1614 ἐμφυλίους.
651 1557 722 1600 καί
737 1573 779 1614 γε
797 1558 940 1600 πολλοὶ
961 1561 1036 1613 τῆς
1063 1556 1168 1600 κατὰ
1197 1561 1307 1615 σφᾶς
1327 1555 1468 1613 ῗσχύος
1488 1559 1712 1616 κρείττονες

242 1665 471 1713 agriculturae
494 1663 730 1711 attendentes,
761 1666 870 1703 fortes
894 1666 1043 1714 alioquin
1066 1669 1102 1703 et
1126 1666 1292 1710 audaces,
1319 1667 1464 1702 arcubus
1486 1666 1588 1710 freti,
1612 1666 1710 1702 simul

242 1719 376 1756 autem,
406 1718 547 1759 propter
579 1714 798 1759 asperitatem
828 1715 1077 1749 inaccessorum
1107 1715 1252 1748 saltuum
1286 1717 1322 1748 et
1347 1713 1554 1748 cacuminum
1577 1714 1611 1748 in
1633 1713 1711 1759 qui·

242 1761 307 1794 bus
332 1759 432 1794 sedes
456 1760 603 1802 habent,
638 1759 758 1794 confisi
781 1771 819 1795 se
842 1772 909 1795 nou
932 1761 1034 1795 facile
1057 1760 1170 1794 damni
1194 1759 1377 1806 quidquam
1401 1770 1578 1805 passuros,
1601 1770 1711 1805 quan-

242 1807 368 1840 tumvis
391 1804 473 1851 quid
497 1808 638 1850 agerent
684 1817 727 1839 uo
751 1805 992 1852 imperatorem
1014 1807 1211 1848 irritarent,
1246 1817 1321 1840 cum
1354 1805 1563 1840 invenissent.
1594 1806 1711 1850 profe-

241 1856 334 1886 ctum
357 1850 472 1885 nescio
491 1851 581 1885 unde
606 1818 891 1886 addlescentulum
916 1853 1030 1886 morbo
1054 1855 1293 1895 excaecatum,
1325 1851 1368 1886 de
1391 1863 1458 1896 quo
1482 1852 1572 1884 fama
1594 1851 1709 1896 praei-

240 1901 342 1932 verat
374 1908 480 1942 opera
513 1897 720 1942 quorundam
741 1898 841 1931 istius
864 1899 1000 1932 fabulae
1032 1898 1202 1931 artificum
1226 1908 1302 1931 esse
1327 1897 1419 1930 illum
1442 1907 1583 1941 puerum
1608 1897 1710 1931 loan-

240 1954 336 1985 nem,
373 1941 572 1988 congregati
593 1954 713 1986 magno
736 1954 872 1978 numero
895 1943 1167 1978 irrevocabiliter
1190 1943 1222 1977 ei
1245 1943 1473 1977 adhaeserunt
1495 1946 1534 1976 ut
1556 1954 1618 1977 suo
1646 1943 1709 1976 do-

241 1989 353 2033 mino,
387 1999 486 2034 quem
517 1988 676 2023 videlicet
706 1988 813 2034 ipsum
837 2000 913 2023 esse
934 1989 1162 2035 opinabantur
1184 1988 1356 2023 Theodori
1381 1999 1489 2033 nuper
1510 1988 1710 2034 imperantis

242 2034 370 2077 filium,
395 2034 451 2069 cui
474 2045 512 2068 se
535 2034 714 2068 obstrictos
737 2035 975 2070 existimabant
997 2035 1161 2079 religione
1183 2034 1383 2068 sacramenti
1406 2034 1530 2068 dudum
1555 2035 1597 2067 ab
1621 2033 1709 2080 ipsis

243 2080 312 2115 rite
340 2080 494 2126 concepti
522 2079 557 2114 in
586 2081 693 2115 verba
716 2080 892 2114 Theodori
914 2081 1022 2126 patris
1045 2086 1080 2115 et
1102 2080 1292 2114 decessoris
1323 2080 1416 2124 eius,
1449 2079 1630 2124 studioque
1653 2080 1708 2114 in-

242 2125 338 2171 genti
374 2126 417 2160 ad
450 2125 583 2171 quidvis
616 2137 677 2171 pro
712 2125 811 2160 huius
833 2127 944 2161 salute
966 2138 1008 2161 ac
1029 2127 1195 2171 dignitate
1218 2126 1407 2160 audendum
1429 2126 1708 2172 subeundumque

239 2172 487 2214 incubuerunt,
521 2171 648 2206 ultores
671 2171 816 2206 iniuriae
839 2172 965 2207 atrocis
986 2172 1054 2218 ipsi
1077 2175 1190 2206 sactae
1214 2184 1252 2206 se
1273 2173 1433 2206 ferentes.
1481 2183 1564 2216 ergo
1594 2172 1706 2218 palam

241 2219 286 2252 ab
307 2217 514 2263 imperatore
535 2217 753 2262 defecerunt,
787 2220 816 2252 si
839 2218 897 2264 qui
920 2219 963 2253 ab
987 2229 1028 2252 eo
1052 2223 1172 2252 contra
1194 2218 1370 2259 venirent,
1394 2217 1523 2252 acriter
1544 2228 1582 2251 se
1605 2218 1708 2252 resti-

241 2267 338 2297 turos
362 2275 403 2297 ac
426 2263 660 2309 qualecunque
682 2263 858 2298 discrimen
884 2275 1019 2310 pugnae
1053 2264 1273 2298 libentissime
1296 2264 1449 2308 adituros
1471 2264 1707 2298 demonstrau-

242 2311 307 2342 tes.
353 2309 497 2353 primum
520 2310 665 2343 omnium
687 2309 813 2344 vestitu
835 2315 1025 2356 ornatuque
1046 2313 1221 2355 Augustae
1244 2309 1413 2344 maiestati
1435 2320 1583 2354 congruo
1605 2309 1704 2343 indu-

242 2358 314 2388 tum
334 2354 643 2400 circumdatumque
667 2355 827 2390 comitatu
848 2367 925 2390 eum
947 2361 987 2390 ut
1007 2356 1244 2402 imperatorem
1277 2358 1489 2400 agnoverunt
1510 2355 1704 2389 coluerunt-

241 2411 332 2445 que,
365 2410 406 2433 ac
439 2410 477 2434 se
499 2412 562 2445 pro
583 2401 641 2435 illo
668 2401 817 2436 cuiusvis
841 2401 983 2447 periculi
1015 2402 1123 2436 aleam
1146 2401 1259 2436 iacere
1280 2406 1421 2446 paratos
1443 2401 1589 2446 professi
1609 2405 1703 2437 sunt.

241 2445 365 2491 quibus
388 2445 574 2491 imperator
598 2447 742 2490 cognitis
763 2447 1008 2482 incredibiliter
1039 2447 1188 2491 exarsit,
1219 2446 1334 2481 mixtis
1355 2447 1410 2482 ira
1432 2450 1591 2492 metuque
1611 2445 1703 2480 indi-

242 2490 434 2535 gnationem
456 2491 784 2527 vehementissimam
808 2493 1074 2528 incendentibus.
1100 2498 1199 2527 extra
1222 2493 1308 2527 enim
1330 2503 1406 2527 sese
1427 2493 1602 2526 ferebatur
1625 2503 1702 2526 cum

242 2536 416 2582 cogitabat
436 2535 497 2570 illa
519 2538 630 2571 famae
651 2538 722 2572 late
743 2540 899 2584 vagantis
919 2540 1071 2574 vanitate
1092 2539 1280 2584 periclitari
1302 2550 1398 2580 sese,
1435 2549 1479 2572 ne
1501 2537 1550 2571 illi
1571 2542 1702 2572 montes

242 2585 279 2616 et
311 2592 410 2616 arces
441 2581 529 2616 tanti
559 2584 719 2617 momenti
752 2595 774 2618 a
801 2597 863 2619 suo
885 2585 1026 2630 imperio
1047 2585 1300 2627 avellerentur3
1333 2583 1496 2628 simulque
1518 2583 1703 2629 reputabat

240 2626 470 2662 verisimiliter
491 2628 572 2662 inde
594 2634 785 2663 secuturam
806 2630 1023 2675 plurimorum
1045 2642 1180 2676 quoque
1201 2631 1340 2665 aliorum
1356 2629 1592 2663 defectionem.
1615 2640 1698 2674 quo-

241 2672 341 2708 circa*
357 2677 490 2714 totum,
523 2685 590 2719 quo
612 2677 694 2708 tunc
717 2679 812 2709 motu
831 2676 938 2720 primo
971 2676 1094 2711 ardens
1115 2677 1306 2721 flagrabat,
1338 2674 1501 2720 impetum
1521 2674 1595 2709 irae
1617 2686 1700 2709 con-

242 2718 338 2753 tinuo
361 2719 496 2753 admisit
516 2719 560 2753 ad
582 2730 704 2754 severe
725 2721 967 2765 quamprimum
988 2722 1219 2757 vindicandam
1241 2722 1359 2756 horum
1379 2720 1606 2755 rebellionem.
1635 2719 1702 2754 ita-

242 2776 310 2810 que
331 2765 446 2799 subito
469 2764 609 2800 immisit
629 2765 665 2800 in
686 2765 779 2800 istud
802 2766 904 2801 civile
935 2768 1058 2803 bellum
1090 2768 1214 2813 raptim
1235 2767 1383 2812 undique
1409 2769 1546 2800 coactas
1567 2764 1702 2811 imperii

242 2809 376 2855 copias,
406 2810 442 2845 in
472 2811 596 2857 quibus
627 2811 783 2857 plerique
806 2812 986 2848 alacritate
1007 2815 1153 2848 ruebant
1174 2812 1305 2847 viribus
1327 2811 1472 2854 maiori,
1503 2811 1616 2857 cupidi
1638 2821 1701 2857 pro

240 2867 279 2890 se
302 2855 446 2902 quisque
476 2856 698 2892 ostentandae
727 2857 935 2904 praecipuae
966 2859 1140 2895 cuiusdam
1171 2869 1254 2904 erga
1289 2858 1526 2904 imperatorem
1556 2857 1703 2891 benevo-
