1884 3262
416 216 491 258 DE
520 214 801 258 MICHAELE
829 212 1204 283 PALAEOLQGO
1234 213 1282 256 L.
1311 212 1387 255 VI.
1543 209 1642 257 465

179 329 237 385 μὴ
264 329 543 385 χριστιανίζειν
574 326 795 384 ὁμολογεῖν.
866 325 970 370 ὥστε
1001 323 1205 382 παρόντος
1235 323 1386 369 τούτου
1412 324 1528 380 ἰσχὺν
1544 324 1643 374 ‘rotig-

179 397 518 452 ἀναχαιτίσοντας
538 397 639 451 ἔχειν
659 401 717 454 τῷ
741 395 820 439 ἀπὸ
839 400 912 451 τῆς
930 396 1143 451 ἐκκλησίας
1167 397 1328 453 δεσμῷ,
1365 393 1436 451 ἐφ’
1463 388 1496 452 ᾧ
1526 392 1552 448 ἢ
1575 395 1640 444 καὶ
1665 404 1692 437 Β

180 466 296 508 αὐτοὶ
317 466 394 507 δέει
415 466 642 522 ληφθέντες
672 462 913 519 ἀπόσχοιντο
938 467 1011 506 τοῦ
1034 463 1140 506 κατὰ
1157 467 1241 506 τῶν
1263 463 1377 506 ι’δίων
1401 460 1642 518 σπλάγχνων

179 533 226 577 τὸ
246 535 363 590 ξίφος
385 534 524 586 ὠθεῖν,
554 533 578 588 ἢ
601 532 683 588 μὴν
702 533 938 587 ἀποναρκᾶν
957 532 1018 586 εἴη
1038 530 1111 581 οὓς
1125 530 1319 585 μέλλουσι
1337 532 1492 574 πείθειν
1507 528 1642 587 πράτ-

146 611 260 646 5τειν
285 600 442 647 ἀνόσια.
510 601 637 644 ταῦτ’
665 597 716 656 ἦν
741 598 831 644 τότε
859 600 910 643 τά
934 604 993 658 τῷ
1022 604 1187 654 βασιλεῖ
1209 597 1548 655 προβαλλόμενα,
1582 599 1640 654 μὴ

178 668 430 726 ἀνθρώπους
451 667 706 725 ἓκκηρόττειν
724 668 1086 726 ἀσφαλιζομένους,
1125 666 1336 722 οῧμενουν,
1374 667 1480 710 ἀλλὰ
1498 670 1642 710 κακίαν

178 738 437 782 ἀναστέλλειν
456 738 568 794 παρὰ
589 738 636 781 τὸ
655 738 760 787 εἶκὸς
777 738 1098 793 προβαίνουσαν,
1130 737 1213 779 ἐπεὶ
1234 737 1380 779 πολλοί
1398 753 1442 792 γε
1464 740 1546 778 τῶν
1566 737 1642 790 τὴν

179 805 340 862 εἰρήνην
371 808 521 861 ἐκείνην
550 804 896 862 δυσχεραινόντων
924 809 1116 860 παρῆσαν
1145 806 1229 847 ἐκεῖ
1243 806 1310 848 καὶ
1330 806 1639 861 συγκατεψηφί-
1666 810 1696 844 C

180 877 295 927 ζοντο
319 874 391 930 τὴν
419 872 602 929 κατάραν
622 882 706 924 τοῖς
729 874 781 917 τὰ
804 875 916 928 τίμια
935 875 1245 928 καθυβρίζουσι.
1313 870 1541 930 μαρτύριον
1559 878 1643 916 τῶν

125 948 170 983 10
180 943 403 999 λεγομένων
422 943 469 985 τὸ
489 947 651 985 πολλῶν
670 944 736 986 καὶ
755 941 941 999 μεγάλων
960 941 1089 985 ὄντων
1111 943 1177 985 καὶ
1199 939 1547 1002 συμπληροῦντων
1564 943 1648 984 ε’κεΐ

178 1010 376 1067 σύλλογον
395 1011 551 1066 μηδένα
570 1009 775 1063 διστάσαι,
802 1010 860 1065 μὴ
881 1010 1094 1061 ἀντειπεῖν,
1121 1010 1178 1065 μὴ
1204 1009 1517 1066 ἀποσκιρτῆσαι,
1538 1009 1642 1066 μήτε

176 1079 260 1135 μὴν
281 1080 546 1129 ἕνδείξασθαί
561 1096 652 1122 τινα
671 1078 800 1136 ῥοπὴν
818 1076 1109 1134 ὖπολογισμοῦ.
1177 1079 1299 1132 ἐχρῆν
1323 1079 1368 1120 δὲ
1388 1075 1572 1130 πάντως,
1609 1081 1645 1121 εἷ

178 1146 310 1197 οὕτως
330 1146 474 1202 ἀνέδην
494 1148 736 1202 Χριστιανοὶ
756 1144 1077 1202 ἒκκηρῦττοιντο.
1134 1145 1228 1188 ἀλλ’
1248 1141 1300 1202 ἦν
1319 1154 1409 1197 ταῖς
1430 1146 1645 1202 ἀληθείαις

177 1214 401 1272 πρόβλημα
421 1215 636 1270 εὐλαβείας
654 1215 700 1258 τὸ
722 1216 909 1271 πραχθὲν
928 1215 1052 1257 ἐκεῖνο
1072 1218 1145 1257 τοῦ
1167 1215 1226 1270 μὴ
1249 1212 1385 1257 πάντα
1402 1219 1642 1270 τολμᾶσθαι

123 1286 167 1322 15
180 1286 223 1327 ἐκ
251 1288 325 1327 τοῦ
355 1281 529 1341 πρώτως
553 1282 842 1342 παραστάντος
870 1284 997 1337 τισίν,
1034 1282 1138 1326 ἀλλὰ
1168 1285 1235 1326 καὶ
1266 1283 1340 1339 τὴν
1371 1282 1555 1341 κατάραν
1583 1286 1638 1335 εἰς
1659 1297 1691 1333 1)

177 1392 276 1428 modo
310 1391 392 1427 illud
426 1391 543 1436 deest,
578 1395 618 1426 ut
650 1403 687 1426 se
712 1391 927 1427 Christianos
949 1403 1014 1426 non
1038 1403 1115 1426 esse
1137 1392 1321 1426 fateantur.
1368 1391 1458 1437 quod
1481 1403 1554 1426 cum
1579 1404 1641 1426 ne-

177 1450 261 1483 gare
284 1450 347 1472 nec
369 1438 516 1472 audeant
539 1450 602 1472 nec
626 1438 776 1482 possint,
809 1438 876 1472 isto
899 1438 974 1483 ipso
998 1438 1132 1472 vinculo
1156 1437 1409 1471 ecclesiasticae
1432 1438 1641 1472 coniunctio-

178 1485 251 1528 nis,
276 1495 343 1529 quo
367 1495 407 1517 se
430 1485 541 1518 teneri
564 1484 674 1518 adhuc
697 1489 902 1528 agnoscunt,
925 1484 1117 1527 intelligere
1140 1483 1300 1517 debemus
1326 1482 1392 1517 vim
1416 1482 1514 1517 nobis
1538 1489 1642 1529 atque

178 1530 414 1564 auctoritatem
440 1530 589 1564 conferri
612 1530 742 1574 plenam
764 1541 823 1564 eos
845 1541 908 1574 pro
932 1534 1106 1575 potestate
1128 1529 1325 1571 coercendi,
1348 1534 1387 1563 ut
1402 1529 1455 1563 vel
1471 1529 1534 1574 ipsi
1551 1534 1642 1564 metu

178 1575 330 1621 repressi
364 1575 520 1610 desinant
550 1575 586 1609 in
615 1576 777 1620 propriae
801 1575 918 1610 matris
941 1575 1107 1610 ecclesiae
1129 1575 1261 1609 viscera
1284 1586 1398 1609 ensem
1421 1574 1514 1608 velut
1537 1587 1644 1620 quen-

178 1621 256 1656 dam
282 1621 446 1655 factiosae
470 1622 642 1656 scissionis
666 1622 828 1666 adigere3
865 1626 925 1655 aut
947 1621 977 1656 si
1001 1621 1106 1655 suerit
1137 1621 1288 1675 ipsorum
1310 1620 1564 1654 immedicabilis
1586 1623 1643 1655 fu-

177 1679 258 1707 ror,
282 1666 400 1701 saltem
425 1667 483 1702 alii
506 1667 720 1702 retardentur
743 1678 763 1702 a
788 1666 905 1712 pravis
927 1668 1044 1701 horum
1068 1667 1280 1701 suasionibus
1303 1666 1482 1711 sequendis
1505 1670 1540 1699 et
1563 1666 1642 1700 imi-

178 1713 283 1747 tanda
311 1712 506 1747 temeritate
529 1724 687 1747 ausorum
709 1713 899 1759 impiorum.
945 1713 1026 1747 talis
1048 1713 1211 1758 quaedam
1236 1718 1318 1746 tunc
1339 1712 1404 1746 fuit
1424 1712 1642 1757 imperatoris

178 1758 309 1801 oratio,
344 1759 464 1792 fucans
493 1759 754 1804 inumbransque
784 1758 965 1793 artificioso
990 1760 1132 1793 obtentu
1155 1769 1270 1792 verum
1294 1762 1421 1792 statum
1445 1763 1642 1793 controver-

178 1804 272 1844 siae,
296 1816 359 1837 nec
384 1804 427 1838 de
449 1804 523 1849 ipso
547 1805 702 1848 dogmate
724 1805 959 1850 praescribens
983 1804 1185 1850 quidquam,
1208 1803 1268 1838 sed
1292 1803 1324 1837 in
1348 1815 1474 1848 genere
1489 1803 1642 1839 damnari

178 1849 330 1884 homines
353 1855 413 1884 aut
439 1861 500 1894 pro
524 1850 818 1884 excommunicatis
841 1862 862 1884 a
886 1862 1051 1895 quoquam
1075 1850 1233 1896 privatim
1255 1849 1374 1883 haberi
1395 1854 1533 1892 vetans;
1573 1862 1640 1896 quo

178 1907 246 1930 non
271 1895 511 1930 excludebatur
533 1896 640 1930 tacita
667 1896 820 1941 exceptio
843 1895 1101 1930 subintellectae
1125 1894 1350 1936 conditionis,
1391 1894 1419 1928 si
1451 1907 1570 1941 nempe
1593 1897 1641 1930 illi

178 1941 370 1975 orthodoxe
394 1941 581 1981 sentirent;
606 1941 693 1975 unde
716 1941 784 1975 ista
807 1942 977 1986 generalis
1001 1941 1223 1987 praescriptio
1246 1940 1479 1986 reprimendae
1502 1941 1535 1975 in
1558 1953 1643 1976 ausa.

180 1986 313 2021 nefaria
338 1988 589 2032 prorumpentis
612 1987 772 2021 licentiae
797 1994 899 2033 caput
920 1987 1029 2032 ipsum
1052 1987 1131 2022 mali
1154 1999 1336 2032 veramque
1358 1998 1493 2021 causam
1516 1988 1641 2021 tumul-

178 2036 272 2066 tuum
297 2044 363 2066 non
384 2035 559 2078 tangebat.
607 2038 837 2077 argumentum
861 2033 960 2067 huius
983 2032 1034 2067 rei
1057 2033 1268 2067 manifestum
1293 2037 1366 2073 est,
1395 2034 1484 2076 quod
1508 2033 1639 2067 cum-in

178 2090 220 2113 eo
254 2084 352 2113 coetu
382 2079 477 2113 multi
505 2085 621 2114 essent
653 2079 711 2124 qui
745 2091 848 2123 aegre
870 2081 1000 2113 ferrent
1023 2079 1185 2113 sancitam
1208 2089 1324 2124 pacem
1348 2089 1491 2122 eamque
1511 2078 1640 2123 impro-

178 2123 318 2166 barent,
353 2135 448 2159 nemo
481 2131 595 2159 tamen
618 2136 733 2159 eorum
755 2125 926 2159 recusavit
948 2124 1112 2168 suffragio
1135 2124 1356 2168 comprobare
1378 2122 1516 2167 proprio
1538 2123 1638 2158 istam

177 2168 400 2204 universalem
431 2171 680 2213 definitionem,
719 2182 787 2216 qua
817 2171 900 2206 diris
930 2171 964 2204 in
996 2182 1122 2214 genere
1152 2170 1402 2204 devoverentur
1433 2168 1489 2213 qui
1517 2176 1638 2204 sancta

178 2214 305 2247 violare
338 2217 573 2250 contumeliose
606 2221 839 2260 attentarent,
877 2228 943 2251 non
980 2215 1196 2260 exprimendo
1219 2214 1410 2248 distinctius
1433 2213 1567 2258 quinam
1590 2215 1637 2248 illi

179 2260 314 2294 tandem
335 2261 459 2298 forent.
505 2263 635 2305 nullus,
671 2262 830 2307 inquam,
867 2263 977 2307 palam
1001 2262 1204 2295 infensorum
1228 2259 1324 2305 paci,
1361 2259 1478 2304 quales
1501 2266 1537 2293 et
1558 2261 1636 2305 plu-

178 2304 323 2339 rimi‘et
350 2317 491 2351 magnae
524 2307 738 2341 auctoritatis
762 2321 803 2343 ac
825 2307 998 2353 potentiae
1019 2307 1081 2341 viri
1105 2311 1302 2352 praesentes
1324 2305 1389 2339 isto
1411 2305 1445 2338 in
1469 2311 1635 2341 conventu

171 2351 421 2394 cernebantur,
444 2353 488 2387 ad
514 2353 586 2387 eius
608 2353 827 2389 damnationis
851 2353 1112 2400 propositionem
1135 2351 1267 2385 resiluit
1287 2349 1475 2392 restititve;
1506 2363 1548 2385 ne
1571 2352 1634 2386 du-

178 2397 302 2431 bitavit
323 2397 456 2442 quidem
480 2399 534 2432 vel
556 2398 744 2440 minimum,
776 2403 836 2435 aut
866 2399 967 2433 ullum
998 2397 1201 2432 reclamandi
1223 2397 1279 2431 vel
1302 2396 1473 2442 quidpiam
1495 2396 1528 2431 in
1553 2409 1636 2432 con-

177 2442 322 2476 trarium
353 2443 543 2488 excipiendi
574 2444 628 2478 vel
656 2445 798 2490 primum
831 2445 990 2489 impetum
1019 2443 1237 2487 significavit.
1283 2442 1494 2477 obstitissent
1521 2448 1634 2478 autem

178 2488 252 2523 sine
275 2488 376 2522 dubio
400 2489 527 2523 acriter
549 2490 831 2536 vehementerque
852 2490 1110 2531 reclamassent,
1134 2489 1163 2523 si
1184 2489 1284 2523 istam
1307 2487 1487 2523 universim
1508 2489 1631 2524 editam

181 2533 394 2568 Christianos
416 2546 643 2588 quoscumque
675 2535 853 2570 damnandi
877 2539 910 2571 et
935 2541 1101 2580 tamquam
1125 2534 1222 2579 pravi
1244 2545 1320 2568 reos
1342 2534 1509 2578 dogmatis
1532 2546 1633 2568 aver-

179 2579 276 2615 sandi
310 2580 566 2624 prohibitionem
588 2592 622 2614 ln
644 2592 682 2614 se
705 2582 847 2627 quisque
869 2582 962 2626 ipsos
984 2581 1214 2621 intelligerent
1234 2581 1349 2615 latam.
1397 2592 1478 2625 ergo
1511 2591 1632 2614 revera

179 2626 416 2660 obtentus'hic
439 2637 549 2660 merus
571 2626 638 2660 fuit
660 2631 696 2661 et
718 2627 952 2673 superficiaria
983 2626 1153 2671 provisio,
1188 2638 1254 2672 pro,
1270 2632 1440 2671 tempore,
1471 2629 1631 2670 quantum

180 2682 266 2716 opus
290 2675 366 2705 erat
387 2671 429 2706 ad
453 2671 616 2715 speciem,
639 2673 855 2707 retardatura
876 2672 1078 2707 fervidiores
1099 2683 1269 2719 quosque,
1303 2684 1345 2706 ne
1369 2671 1502 2717 quidvis
1529 2671 1632 2704 licen-

181 2716 251 2750 tius
274 2717 437 2751 auderent
460 2724 495 2751 et
517 2718 561 2752 ad
583 2718 725 2764 primum
751 2719 914 2764 prolatam
947 2718 1157 2764 improbatae
1179 2718 1263 2764 ipsis
1287 2718 1336 2751 rei
1358 2717 1555 2751 mentionem
1580 2718 1632 2750 ef-

180 2761 284 2795 ferati
316 2762 585 2798 vociferarentur
619 2767 655 2797 et
686 2763 798 2809 iurgia
826 2766 1012 2799 miscerent.
1058 2765 1120 2799 hos
1150 2771 1262 2799 autem
1292 2763 1326 2797 in
1347 2762 1483 2796 silentio
1508 2774 1548 2796 ac
1571 2774 1634 2808 pa-

179 2806 299 2841 tientia
320 2809 483 2843 continuit
503 2809 563 2843 illa
585 2809 741 2844 videlicet
762 2817 894 2845 secreta
917 2810 1060 2852 fiducia,
1093 2821 1161 2855 qua
1183 2814 1237 2844 est
1258 2820 1373 2843 eorum
1395 2807 1461 2842 sibi
1492 2807 1634 2853 quisque

180 2853 286 2887 tacite
318 2854 506 2899 blanditus,
541 2855 624 2889 diris
653 2855 719 2891 ista
749 2857 924 2892 sanctione
956 2856 1142 2902 generatim
1173 2855 1307 2890 intortis
1330 2853 1453 2888 nullum
1475 2854 1634 2889 devoveri

237 2905 410 2951 Georgius
441 2907 667 2952 Pachymeres
695 2909 726 2942 Ι.
1305 2904 1359 2943 30
