1846 3262
531 581 844 648 PETRUS
914 578 1316 646 possmus

376 722 436 790 L
544 721 599 789 E
716 718 768 791 C
887 719 952 789 T
1065 719 1129 790 O
1245 719 1309 789 R
1422 719 1470 790 Ι.

194 1005 345 1096 Quod
372 1055 478 1082 nunc
515 1038 693 1097 primum
731 1053 754 1081 e
785 1037 976 1081 Graeciae
1012 1039 1229 1094 naufragiis
1265 1038 1432 1093 emergit
1461 1036 1658 1093 Georgius

194 1111 485 1164 I'achymeres‚
526 1107 738 1148 historicus
775 1123 859 1149 non
886 1109 1021 1150 minus
1050 1109 1199 1166 alioqui
1227 1111 1315 1151 luce
1346 1109 1487 1162 dignus
1515 1109 1658 1149 Latina

193 1194 316 1236 quam
345 1178 462 1219 multi
493 1177 580 1217 eius
608 1177 794 1231 aequales
822 1190 869 1217 ac
896 1177 1046 1233 posteri
1072 1178 1155 1218 iam
1182 1177 1340 1234 pridem
1368 1178 1475 1234 typis
1502 1186 1542 1219 et
1568 1178 1659 1218 lite-

194 1248 250 1289 ris
288 1246 460 1300 evulgati
497 1244 758 1295 nostratibus,
803 1258 889 1284 non
926 1247 1012 1286 sola
1058 1245 1267 1289 infelicitas
1303 1246 1376 1288 sed
1412 1248 1528 1303 culpa
1575 1247 1660 1287 eius

195 1314 395 1372 quaedam
430 1314 535 1355 fecit.
595 1320 767 1353 retrusus
806 1319 847 1353 et
883 1314 1124 1369 antiquarius
1163 1315 1349 1371 scriptor,
1391 1329 1513 1370 quem
1550 1315 1662 1370 loqui

196 1398 291 1424 cum
317 1385 442 1435 vulgo
472 1380 690 1438 quidquam
717 1381 842 1436 piget,
869 1388 1074 1436 praeterea
1087 1384 1299 1439 perplexus
1329 1390 1368 1423 et
1395 1383 1542 1424 hiantis
1570 1398 1666 1424 sen-

194 1452 342 1492 tentiae
372 1450 639 1507 compositor,
668 1456 728 1490 tot
755 1449 929 1490 tenebris
960 1463 1052 1509 suas
1079 1450 1235 1503 vigilias
1265 1452 1474 1502 obvolvit,
1500 1458 1543 1491 ut
1572 1465 1663 1491 eru-

197 1518 487 1560 ditissimorum
503 1549 515 1570 ,
544 1518 687 1572 quibus
715 1517 909 1566 innotuit,
937 1516 1196 1573 interpretum
1223 1532 1245 1558 a
1274 1518 1337 1560 sui
1366 1518 1544 1558 editione
1572 1526 1665 1558 ten-

142 1607 146 1611 ·
195 1586 319 1627 tanda
358 1601 470 1627 curas
513 1592 756 1639 conatusque
793 1583 1048 1638 deterruerit3
1086 1586 1197 1626 idem
1224 1600 1364 1642 passus
1393 1585 1502 1641 quod
1531 1587 1663 1642 sepias

196 1654 308 1694 aiunt
335 1660 453 1708 atque
480 1652 736 1708 torpedines,
766 1651 834 1706 qui
862 1652 993 1707 pisces
1032 1653 1142 1708 quod
1174 1655 1299 1695 rarius
1325 1667 1555 1694 mensarum
1583 1655 1663 1694 ho-

195 1734 295 1761 nore
326 1718 555 1772 dignentur,
585 1719 742 1771 caligini
771 1733 892 1774 quam
921 1720 1151 1774 offundunt,
1179 1722 1332 1778 torpori
1360 1736 1482 1778 quem
1510 1722 1662 1774 afflant,

195 1788 412 1844 imputent,
441 1788 508 1828 illa
537 1787 688 1839 oculos,
716 1787 796 1827 hoc
824 1802 967 1830 manus
997 1797 1036 1830 et
1063 1790 1226 1831 brachia
1252 1791 1493 1847 piscantium
1519 1804 1544 1831 a
1570 1790 1661 1832 nisu

195 1871 271 1899 eos
295 1871 320 1898 e
349 1857 487 1901 nativo
517 1857 670 1911 gurgite
697 1856 867 1899 tollendi
894 1858 1000 1899 soliti
1026 1859 1228 1915 repellere.

306 1958 362 2004 Π.
389 1959 485 2001 Erat
499 1968 635 2002 tamen
661 1959 773 2002 haud
802 1959 970 2002 dubium
996 1975 1141 2018 operae
1165 1961 1339 2018 pretium
1357 1961 1500 2004 ineius
1520 1962 1658 2019 publi-

199 2027 356 2069 catione
387 2028 600 2080 historiae,
633 2044 736 2085 quae
767 2043 830 2070 res
858 2042 1024 2081 magnas
1053 2043 1100 2071 ac
1126 2031 1410 2072 memorabiles
1438 2046 1510 2088 per
1527 2045 1657 2072 annos

196 2097 283 2137 fere
308 2097 508 2149 octoginta
536 2098 685 2138 saeculi
705 2096 863 2138 obscuri
882 2110 927 2137 ac
945 2097 1108 2138 testium
1125 2099 1257 2155 inopis
1276 2107 1407 2151 gestas
1421 2127 1434 2148 ‚
1460 2099 1497 2140 si
1519 2099 1657 2140 minus

198 2178 359 2221 semper
386 2164 551 2215 diserta,
580 2165 722 2206 saltem
747 2163 933 2221 prudenti
962 2164 1140 2218 diligenti
1166 2175 1322 2207 morata
1358 2175 1398 2208 et
1423 2168 1659 2223 plerumque

160 2290 163 2292 ῃ
197 2231 309 2272 fideli
345 2232 569 2273 narratione
606 2240 895 2289 prosequaturz,
943 2248 1045 2289 quae
1088 2243 1315 2292 postremae
1362 2235 1475 2291 quasi
1511 2249 1658 2276 scenae

199 2298 415 2341 Orientalis
452 2300 610 2356 imperii
644 2303 720 2342 sub
758 2300 883 2342 domo
911 2301 1152 2356 Palaeologa
1179 2305 1234 2344 ita
1261 2304 1454 2360 principia
1482 2303 1660 2354 exhibet,

197 2374 242 2408 ut
269 2368 311 2408 in
339 2368 388 2409 iis
421 2382 557 2409 causas
583 2369 755 2422 tragicae
784 2372 1074 2426 catastrophes,
1111 2385 1188 2427 qua
1226 2370 1366 2414 Turcis
1396 2366 1435 2412 et
1464 2369 1662 2412 Muham-

198 2434 311 2476 medi
354 2435 601 2478 Constantini
636 2437 745 2489 regia
780 2439 1022 2491 succubuit,
1071 2438 1277 2481 advertere
1314 2439 1490 2497 prudens
1536 2441 1662 2480 lector

197 2504 431 2545 manifestas
469 2511 610 2559 queat3
650 2519 751 2560 quae
786 2506 956 2561 plurima
994 2506 1114 2548 docet
1148 2521 1346 2563 nusquam
1381 2508 1476 2549 alibi
1502 2514 1663 2560 notata3

199 2585 302 2626 quae
330 2585 354 2611 a
382 2569 524 2612 Niceta
562 2579 602 2612 et
628 2571 853 2628 Acropolita
888 2574 940 2615 ad
971 2574 1315 2628 Cantacuzenum,
1352 2576 1507 2616 hiatum
1535 2589 1662 2631 quen-

200 2636 298 2678 dam
325 2640 488 2694 explens
516 2641 698 2702 publicae
723 2643 966 2695 memoriae,
1010 2643 1121 2686 viam
1160 2644 1273 2699 quasi
1299 2644 1449 2698 regiam
1477 2642 1660 2684 insternit

199 2706 300 2747 albis
335 2707 447 2748 velut
482 2696 681 2763 quadrigis
707 2710 919 2752 historicae
946 2711 1143 2764 veritatis,
1181 2726 1260 2768 qua
1286 2720 1421 2753 nostra
1448 2725 1574 2766 usque
1601 2709 1655 2750 ad

197 2779 378 2830 tempora
412 2777 598 2833 nuspiam
623 2778 813 2819 haerente
840 2786 908 2819 aut
935 2781 1101 2835 abrupta
1137 2779 1330 2836 triumphi
1357 2793 1506 2836 pompa
1537 2779 1655 2819 inve-

197 2841 336 2897 hatu13
363 2857 467 2900 quae
495 2844 668 2902 denique
701 2847 910 2901 negotium
949 2848 1083 2890 omnis
1111 2848 1203 2892 aevi
1229 2848 1454 2891 maximum
1480 2855 1520 2889 et
1549 2847 1654 2888 cele-
