1884 3262
203 190 301 238 324
620 185 857 230 GEORGII
888 182 1238 226 PACHYMERIS

204 303 230 360 ἡ
250 304 326 360 γὰρ
346 305 418 344 τοῦ
442 298 602 354 εὗεργοῦ
621 298 749 352 σχολὴ
770 299 834 340 καὶ
854 295 956 353 ὑπὲρ
972 301 1044 340 τοῦ
1064 296 1190 352 ἀργοῦ
1210 295 1403 350 ἀσχολίαν
1421 293 1472 336 τὰ
1488 292 1657 349 με’γιστα

1850 117 1864 330 Α«.,«----ρ,-ο·ι;ι-ν

205 368 507 425 κατεργάζεται·
556 364 612 416 ὥς
637 366 715 422 γὰρ
746 366 874 422 ἀργῆς
905 370 1043 420 ’ψυχῆς
1072 367 1138 407 καὶ
1165 362 1582 419 κατερραθυμημένης
1609 362 1656 405 τὸ

205 442 443 491 ἕνευκαιρεῖν
472 436 512 477 ἐν
538 441 691 486 κενοῖς,
737 434 843 478 οὕτω
871 438 1031 489 θερμῆς
1068 434 1133 476 καὶ
1167 433 1394 481 σπουδαίας
1436 430 1484 473 τὸ
1510 438 1656 486 χωρεῖν

155 521 186 554 D
213 504 335 561 ὁμόσε
376 511 461 554 τοῖς
487 501 732 560 πράγμασιν.
801 501 932 553 οὕτως
962 498 1011 557 ἦν
1043 501 1188 551 ἔκεΐνος
1211 505 1270 559 τῷ
1309 498 1399 542 τότε
1431 502 1505 553 τῆς
1529 498 1657 554 αὐτῆς

203 576 342 626 πείρας
359 575 424 615 καὶ
445 572 689 629 στρατηγίας
709 569 786 628 ὕλῃ
808 579 893 622 τοῖς
911 570 1226 627 παραπέμπουσι
1241 565 1449 624 χρώμενος
1455 598 1469 618 ,
1509 567 1557 610 οὗ
1577 576 1687 610 ιτα-5

203 648 333 696 λεμῶν
357 641 422 684 ὅτε
444 638 554 691 δόξοι
577 646 662 689 τοῖς
686 640 903 693 ἐναντίοις,
941 638 1044 682 ἀλλὰ
1064 641 1221 694 μᾶλλον
1242 641 1299 695 τῷ
1322 638 1488 692 ἐνεργεῖν
1515 636 1655 692 διεγεί-

201 729 283 768 ρων
303 713 367 754 καὶ
386 710 456 753 τὸν
476 706 729 762 ἀπάλαμνον.

62 789 90 823 Ρ
113 788 179 823 219
341 781 418 825 31.
477 775 611 819 Ταῦτ’
647 775 728 831 ἄρα
747 777 812 818 καὶ
832 774 1023 830 βασιλεὺς
1042 776 1298 817 δεινοπαθῶν
1317 773 1380 814 ἐπὶ
1400 768 1560 821 τούτοις
1581 772 1655 813 δυ-

201 846 339 903 νάμεις
361 842 704 901 παρασκευάζεται
730 846 914 896 πλείους,
952 847 1114 898 πλῆθος
1133 840 1226 885 ὡσεὶ
1258 838 1561 896 τεσσαράκοντα
1580 838 1663 891 σὺνζ

200 921 259 975 τῷ
282 919 458 971 ναυτικῷ
489 911 707 968 χιλιάδων,
744 911 798 962 ῶς
824 914 1001 968 λέγεται,
1049 914 1113 953 καὶ
1145 908 1357 966 παραδοῧς
1387 913 1443 967 τῷ
1479 903 1655 964 δεσπότῃ
1669 919 1712 953 10

201 985 345 1038 πέμπει
365 983 432 1026 διὰ
452 981 605 1036 ταχέων
629 982 690 1023 ἐπὶ
709 981 779 1023 τὸν
796 979 998 1035 Ἰωάννην.
1070 979 1331 1032 συνεκπέμπει
1364 977 1406 1019 δ’
1434 977 1568 1033 ἐκείνῳ
1589 977 1656 1018 καὶ

201 1053 351 1102 ἄλλους
387 1051 548 1099 πλείους
575 1054 656 1091 τῶν
689 1053 872 1104 λοχαγῶν
900 1051 963 1090 καὶ
986 1049 1028 1090 ἐκ
1053 1045 1324 1103 μεγιστάνων,
1364 1039 1420 1088 ὧν
1442 1043 1497 1094 εἷς
1518 1039 1568 1099 ἦν
1589 1045 1655 1086 καὶ

199 1122 245 1164 ὃν
265 1119 343 1174 εἶχε
363 1119 601 1172 ὁομὲστικον
626 1122 699 1171 τῆς
724 1119 934 1172 τραπέζης.
1002 1115 1023 1158 ὁ
1051 1117 1093 1157 δ’
1125 1111 1173 1170 ἦν
1195 1113 1216 1158 ὁ
1239 1111 1530 1169 Καβαλλάριος
1542 1111 1654 1154 Ἀλέ-

147 1183 304 1240 Βξιος,
340 1187 443 1242 ἀνὴρ
468 1183 662 1240 γεννάδας
689 1186 753 1228 καὶ
781 1182 996 1238 ἀνδρικός,
1036 1184 1079 1233 ὃς
1108 1185 1173 1226 καὶ
1204 1179 1517 1239 παρηπόλαυσεν
1535 1178 1655 1222 ῧστε-

201 1274 275 1312 ρον
306 1260 379 1299 τοῦ
411 1254 590 1307 πολέμου
622 1255 828 1304 τοξευθεὶς
858 1252 899 1295 ἔν
919 1256 970 1308 τῇ
990 1250 1102 1308 μάχῃ
1129 1249 1241 1304 παρά
1263 1268 1362 1303 του,
1395 1249 1561 1306 κάκείνῳ
1580 1249 1654 1302 μὲν
1668 1258 1710 1293 15

201 1324 314 1373 κλέος
335 1323 467 1380 ἑαυτῷ
487 1322 531 1364 δὲ
549 1328 680 1363 πεσεῖν
704 1320 874 1370 εὐκλεῶς
895 1321 1106 1373 παρέσχεν,
1144 1314 1193 1361 οἷ)
1215 1317 1428 1361 κάλλιστον
1449 1324 1533 1367 τοῖς
1554 1317 1657 1366 νέοις

201 1393 358 1435 πίπτειν
376 1387 522 1432 πεσών.
593 1387 648 1439 ὥς
678 1393 775 1444 γοῦν
804 1389 878 1438 τὰς
907 1387 1102 1442 δυνάμεις
1127 1387 1380 1442 παραλαβὼν
1411 1384 1432 1429 ὅ
1457 1383 1656 1441 δεσπότης

200 1460 304 1517 πρὸς
326 1456 441 1502 δι’-σιν
463 1456 612 1512 ἤλαυνε
631 1461 803 1512 θαρρῶν
825 1463 916 1506 ταῖς
939 1463 1214 1512 παρασκευαῖς
1242 1453 1296 1505 ῶς
1329 1456 1394 1497 καὶ
1420 1453 1520 1497 αὐτὸ
1543 1453 1657 1509 κινή-

200 1545 284 1572 σων
302 1528 348 1572 τὸ
372 1527 549 1584 ἔδαφος,
587 1523 818 1579 ὅβασιλεῧς
836 1527 902 1568 καὶ
919 1525 1020 1568 λαὸν
1046 1523 1114 1568 διὰ
1140 1521 1358 1580 θαλάσσης
1384 1522 1555 1576 ὁπλίζει,
1588 1523 1657 1566 καὶ

290 1647 324 1682 4.
348 1643 469 1682 αὐτοῦ
483 1644 502 1679 ?

204 1748 416 1784 simulatione
439 1746 548 1782 teneri
571 1758 672 1792 posse
695 1749 902 1792 speraretur.
950 1746 1077 1792 quippe
1100 1746 1190 1781 vasti
1212 1745 1442 1791 pugnacisque
1464 1744 1520 1779 vir
1539 1743 1655 1786 animi,

203 1794 287 1828 nihil
309 1794 374 1828 nisi
396 1793 462 1827 vim
486 1799 523 1828 et
544 1794 632 1827 bella
656 1794 809 1839 spirans,
845 1805 886 1826 ex
909 1793 1031 1838 quibus
1055 1798 1230 1827 aucturum
1252 1803 1327 1826 sese
1350 1793 1522 1833 fortunas,
1549 1794 1585 1824 et
1603 1790 1657 1823 lu-

204 1840 271 1874 cris
294 1839 487 1883 ingentibus
509 1839 680 1872 ditandum
704 1839 906 1872 confidebat.
953 1849 1054 1883 porro
1080 1838 1149 1878 viri
1169 1837 1299 1872 strenui
1330 1838 1384 1870 vel
1406 1837 1516 1881 ipsum
1538 1835 1654 1877 otium,

204 1886 338 1930 negotio
362 1884 493 1918 remissi
515 1896 556 1918 ac
580 1884 745 1928 languidi,
771 1885 870 1918 rebus
894 1884 1093 1929 peragendis
1117 1883 1268 1918 maximis
1288 1882 1461 1917 efficacius
1483 1886 1546 1916 est.
1577 1892 1654 1916 nam

204 1936 244 1965 ut
266 1931 397 1965 animae
419 1929 545 1963 desidis
569 1941 610 1964 ac
633 1929 833 1974 negligentis
857 1934 910 1963 est
932 1929 967 1963 in
992 1929 1088 1964 vanis
1111 1929 1176 1963 sibi
1200 1929 1335 1974 placere
1351 1953 1362 1970 ,
1395 1940 1436 1962 ac
1458 1928 1592 1962 felicem
1615 1939 1654 1961 se

204 1981 327 2022 putare
358 1976 531 2021 complexu
565 1975 699 2010 exilium
731 1978 908 2009 bonorum:
941 1975 991 2009 sic
1013 1976 1102 2009 acris
1137 1987 1157 2008 e
1180 1974 1347 2009 contrario
1372 1976 1476 2018 atque
1499 1977 1655 2007 arrectae

205 2022 432 2066 ardenterque
461 2021 641 2055 maioribus
672 2032 779 2066 usque
811 2020 1036 2055 inhiabundae
1069 2021 1239 2065 proprium
1271 2023 1344 2062 est,
1376 2029 1596 2064 prorumpere
1617 2018 1654 2052 in

207 2078 291 2112 opus
314 2067 432 2111 quavis
455 2066 652 2108 occasione,
676 2078 716 2101 ac
737 2066 859 2100 nullam
881 2068 1009 2100 frustra
1039 2066 1154 2100 offerri
1186 2065 1423 2100 movendarum
1459 2075 1569 2098 rerum
1592 2075 1654 2098 an·-

207 2123 277 2147 sam
301 2113 423 2147 sinere.
468 2112 548 2145 talis
571 2116 651 2146 tunc
673 2117 748 2146 erat
771 2112 839 2145 (lux
870 2112 1027 2154 loannes3
1058 2112 1142 2156 ipsis
1173 2112 1238 2146 illis
1270 2122 1355 2156 quas
1379 2110 1492 2145 furtim
1513 2109 1655 2156 primum

207 2163 394 2192 attentaret
415 2157 694 2202 grassatiunculis
717 2160 752 2191 et
782 2158 992 2192 successibus
1017 2158 1153 2191 modicis
1187 2170 1247 2202 pro
1277 2157 1492 2190 fundamento
1514 2155 1655 2190 ulterio-

207 2215 280 2238 rum
302 2207 418 2237 utens:
443 2215 506 2236 nec
528 2209 709 2248 expectans
731 2207 811 2237 tunc
842 2204 968 2238 bellare
990 2214 1063 2237 cum
1095 2203 1185 2237 hosti
1216 2203 1409 2242 videretur3
1443 2202 1503 2236 sed
1526 2213 1570 2235 ex
1591 2212 1654 2236 sua

208 2261 269 2294 spe
292 2261 334 2282 ac
367 2248 536 2282 commodo
568 2249 726 2283 articulos
759 2250 968 2283 occasionum
998 2254 1158 2293 captans:
1189 2254 1224 2283 et
1257 2259 1321 2282 non
1346 2247 1442 2281 minis
1464 2247 1655 2288 admonens,

209 2295 269 2328 sed
293 2294 422 2338 agendo
446 2295 720 2338 expergefaciens
739 2294 967 2329 adversarium
986 2295 1237 2329 indormientem
1260 2295 1373 2327 rebus.
1617 2307 1623 2312 ·

298 2340 354 2374 31.
404 2340 499 2373 Haec
521 2339 570 2373 ita
593 2346 709 2374 erant:
733 2340 852 2385 quibus
874 2341 1018 2385 cognitis
1039 2341 1233 2385 indignatus
1255 2340 1450 2383 imperator,
1471 2336 1656 2372 exercitum

210 2387 383 2430 comparat
400 2384 590 2428 ingentem3
613 2398 773 2430 numero,
797 2391 836 2420 ut
853 2388 985 2426 fertur,
1013 2387 1108 2431 quasi
1129 2386 1355 2431 quadraginta
1377 2383 1526 2427 millium,
1550 2393 1657 2417 nava-

206 2430 295 2464 libus
314 2430 349 2463 in
374 2440 447 2464 eam
470 2442 629 2465 summam
652 2432 898 2476 comprehensis
921 2432 1034 2477 copiis.
1081 2437 1117 2466 et
1140 2433 1204 2467 hoc
1224 2437 1320 2466 tanto
1341 2433 1508 2474 apparatu
1529 2427 1655 2462 tradito

207 2475 324 2509 Ioanni
347 2475 531 2519 despotae,
555 2478 682 2510 vadere
704 2478 794 2510 illum
819 2479 994 2512 confestim
1026 2478 1157 2513 infestis
1179 2478 1285 2523 signis
1308 2477 1343 2510 in
1367 2475 1524 2509 Ioannem
1547 2473 1654 2508 iubet.

209 2521 301 2555 misit
319 2522 418 2555 etiam
442 2533 516 2555 cum
541 2534 580 2554 eo
603 2523 715 2566 plures
749 2523 832 2557 alios
864 2524 1070 2558 tribunorum
1106 2529 1141 2558 et
1163 2527 1374 2568 magnatum,
1407 2529 1547 2566 quorum
1567 2529 1654 2552 unus

208 2572 304 2609 erat,
329 2578 426 2612 quem
449 2567 664 2601 domesticum
688 2580 821 2603 mensae
844 2569 977 2613 babuit,
1011 2569 1225 2604 caballarius
1259 2567 1414 2608 Alexius,
1433 2563 1489 2600 vir
1510 2575 1653 2610 genero-

208 2621 267 2647 sus
291 2615 328 2645 et
350 2612 458 2646 sortis.
506 2613 593 2645 hunc
617 2613 712 2647 Mars
748 2614 812 2647 hoc
848 2615 935 2649 bello
970 2615 1166 2659 pigneratus
1203 2618 1276 2657 est,
1305 2611 1432 2656 sagitta
1460 2611 1494 2644 in
1521 2609 1653 2655 praelio

209 2657 375 2691 sublatum
401 2658 420 2691 a
445 2658 600 2703 quopiam
624 2659 759 2702 ignoto,
788 2660 846 2704 qui
880 2661 945 2694 sibi
967 2660 1126 2702 gloriam,
1154 2661 1244 2694 hosti
1276 2659 1449 2694 honestum
1470 2656 1570 2690 funus
1592 2667 1654 2700 pe-

210 2702 310 2748 perit.
357 2702 406 2737 sic
429 2704 517 2737 enim
540 2704 642 2737 decus
665 2704 712 2737 illi
735 2705 876 2749 contigit
898 2705 1066 2750 gloriosae
1089 2705 1208 2741 mortis
1229 2705 1279 2739 ibi
1301 2702 1493 2749 oppetitae,
1515 2700 1573 2735 ubi
1597 2712 1655 2734 ca-

209 2748 290 2782 dere
308 2748 498 2783 'iuvenibus
531 2753 584 2784 est
617 2749 895 2784 honestissimum.
943 2763 1017 2786 cum
1047 2751 1151 2796 igitur
1181 2750 1371 2786 succinctus
1402 2746 1531 2792 magnis
1562 2746 1655 2781 hisce

208 2794 429 2829 terrestribus
451 2794 555 2841 copiis
576 2795 718 2841 despota
739 2795 880 2830 Ioannes
902 2797 1007 2831 tantis
1030 2797 1148 2832 animis
1168 2797 1203 2831 in
1219 2795 1439 2831 Occidentem
1463 2791 1569 2828 movit
1582 2818 1594 2836 ‚
1616 2794 1655 2827 ut
