1846 3262
404 241 481 284 DE
516 239 795 283 MICHAELE
830 237 1209 284 PALAEOLOGO
1244 240 1292 281 L.
1327 238 1383 282 Π.
1564 239 1631 284 97

151 356 402 412 ἀμυνοῦντες
422 354 595 407 αὐτίκα,
633 353 684 410 ἤν
704 351 786 398 πού
804 370 865 403 τις
883 351 1163 407 ἐπιβουλεύοι,
1199 357 1260 412 τῷ
1281 353 1628 407 ἐπιβουλευθέντα
1652 361 1684 395 D

150 427 218 469 καὶ
241 424 350 468 οῧτω
374 424 652 468 τελεσθέντων
669 427 752 466 τῶν
773 421 928 480 ὅρκων,
966 422 1108 465 ἀσπίδι
1126 427 1321 480 βασιλικῇ
1340 420 1504 476 ἕνιζάνει
1529 421 1551 467 ὅ
1575 425 1631 474 εἷς

152 495 227 550 τὴν
252 495 466 548 βασιλείαν
501 490 836 547 ἕτοιμαζόμενος,
879 496 1045 547 πρῶτον
1077 491 1136 535 τῶ
1171 490 1272 536 πόδε
1296 499 1383 543 τοῖς
1401 496 1631 547 βασιλικοῖς

152 561 380 619 συμβόλοις
412 563 706 620 ἓναρμοσθείς,
744 563 811 604 καὶ
842 562 985 617 χερσὶν
1015 559 1136 604 ἔνθεν
1161 562 1236 614 μὲν
1268 561 1487 617 ἀρχιερέων
1508 562 1628 605 ἔνθεν

117 634 198 676 ὅδὲ
226 630 479 689 μεγιστάνων
511 632 657 685 ἀρθεὶς
695 629 979 685 ἀνακτορικοῖς
1009 628 1199 680 παιάνοις
1229 632 1296 673 καὶ
1327 630 1489 687 κρότοις
1515 632 1630 690 παρὰ

150 701 318 746 πάντων
337 698 602 758 ἓμεγαλύνετό
622 717 665 743 τε
685 701 752 742 καὶ
773 701 1002 756 ἔφημίζετο.

291 772 337 816 5.
411 770 471 813 Τὰ
494 769 534 812 δ’
559 770 747 812 ἐντεῦθεν
768 769 806 812 οἶ
824 769 898 822 μὲν
917 773 991 823 τῆς
1010 768 1225 825 γερουσίας
1247 765 1526 824 προσήκουσιν
1547 768 1626 827 &tp-
1651 776 1680 811 P
1705 778 1750 812 62

151 840 302 897 φικίοις
329 837 654 894 ἔνεσεμνύνοντο.
724 839 792 881 καὶ
824 838 964 888 ἄλλοις
984 839 1058 893 μὲν
1081 837 1187 880 ἄλλα
1206 837 1258 880 τὰ
1276 838 1352 891 μὲν
1370 838 1554 882 ἐδίδοντο
1576 839 1627 882 τὰ

153 909 195 952 δ’
233 911 274 952 ἓν
307 907 573 962 ὑποσχέσεσιν
600 902 731 963 ἦσαν,
768 906 840 950 τὸν
875 906 920 950 δ’
954 905 1214 964 αὐτάδελφον
1241 905 1458 962 Ἰωάννην,
1500 911 1628 964 με’γαν

97 984 142 1018 10
153 978 394 1033 δυμέστικον
412 976 527 1030 ὄντα,
560 981 611 1034 τῇ
633 981 707 1020 τοῦ
731 977 948 1034 Τορνικίου
967 978 1286 1020 Κωνσταντίνου
1306 977 1506 1032 θυγατέρι
1527 977 1631 1033 πρὸς

152 1046 287 1104 γάμου
321 1048 534 1090 κοινωνίαν
566 1043 823 1102 συνήρμοσε,
860 1044 937 1089 κᾶν
964 1047 1006 1089 ἓν
1036 1045 1263 1100 ἀναβολαῖς
1289 1040 1340 1101 ἦν
1374 1045 1420 1089 τὸ
1450 1045 1625 1101 ἀξίωμα.

151 1115 334 1173 θάτερον
354 1117 399 1159 δὲ
421 1120 504 1159 τῶν
526 1114 716 1173 ἀδελφῶν
735 1118 1051 1159 Κωνσταντΐνον
1062 1149 1075 1168 ,
1113 1115 1171 1158 ἔτι
1194 1115 1338 1170 ἔχοντα
1367 1115 1409 1158 ἓν
1428 1114 1626 1169 ἰδιώταις,

153 1186 259 1229 κατὰ
282 1185 423 1241 καιρὸν
441 1189 565 1240 τιμᾶν
586 1184 711 1235 αὐτὸς
731 1186 928 1242 Καίσαρα
960 1182 1334 1242 προθυμούμενος,
1371 1182 1626 1240 συνήρμοττε
1650 1197 1680 1230 Β

153 1255 198 1298 δὲ
218 1257 284 1297 καὶ
308 1255 422 1313 αὐτῷ
442 1254 544 1311 πρὸς
563 1251 694 1311 γάμον
714 1254 788 1309 τὴν
807 1258 880 1297 τοῦ
898 1257 1046 1311 Βρανᾶ
1065 1256 1195 1297 παῖδα
1218 1253 1357 1310 εὐγενῆ
1378 1249 1522 1307 οὖσαν,
1554 1272 1630 1298 σο-

97 1330 141 1367 15
153 1322 232 1382 φόν
254 1342 292 1367 τι
314 1328 442 1368 ποιῶν
461 1325 528 1366 καὶ
549 1323 647 1374 τοὺς
667 1324 708 1366 ἐν
730 1324 832 1366 τέλει
852 1331 938 1374 τοῖς
959 1322 1098 1380 κήδεσι
1122 1321 1486 1381 προσποιούμενος.
1559 1326 1627 1368 καὶ

151 1392 251 1443 τοῧς
270 1395 345 1448 μὲν
369 1398 444 1448 τῆς
464 1394 677 1450 γερουσίας
698 1391 807 1436 οὕτω
825 1397 1145 1451 μεγαλοπρεπῶς
1165 1391 1401 1449 ἐθεράπευε,
1430 1394 1628 1447 προνοίας

150 1460 312 1513 τούτοις
340 1461 525 1513 ἓπαῦξων
556 1464 623 1505 καὶ
652 1464 914 1518 προστιθείς,
947 1465 1014 1505 καὶ
1040 1463 1197 1519 χαίρειν
1229 1461 1362 1520 ἀφιεὶς
1393 1469 1478 1511 τοῖς
1507 1467 1623 1516 πᾶσι,

151 1536 234 1574 τῶν
252 1531 424 1588 ἀγαθῶν
442 1531 493 1574 τὰ
512 1532 586 1586 μὲν
604 1529 862 1585 λαμβάνουσι
882 1532 932 1575 τὰ
956 1531 998 1574 δ’
1022 1532 1226 1580 ἐλπίζουσι
1240 1545 1250 1557 ·
1285 1530 1332 1574 τὸ
1354 1531 1399 1574 δέ
1420 1547 1626 1588 στρατιω-

151 1598 264 1643 τικόν
295 1618 337 1644 τε
365 1602 433 1643 καὶ
467 1600 540 1655 τὴν
574 1598 764 1655 πληθύν,
809 1600 908 1651 τοὺς
937 1603 1014 1655 μὲν
1045 1606 1342 1657 καθημεριναῖς
1375 1602 1623 1656 φιλοτιμίαις
1647 1615 1677 1650 c

96 1668 323 1726 ἒοῶφελλε,
361 1671 428 1712 καὶ
442 1668 768 1725 χρυσοβούλλοις
792 1669 844 1712 τὰ
864 1667 1121 1725 ὑπεσχημένα
1145 1667 1304 1720 τούτοις
1325 1667 1520 1725 ἐπλήρου,
1557 1672 1625 1712 καὶ

152 1738 258 1795 πρὸς
286 1738 333 1781 τὸ
361 1739 512 1793 με’λλον
541 1737 848 1794 εὖθυμοτέρους
874 1741 1058 1782 καθίστα
1087 1737 1143 1789 ὥς
1172 1735 1414 1788 ’ἀθανάτους
1440 1738 1516 1789 τὰς
1549 1743 1624 1794 τῆς

151 1809 259 1862 ζωῆς
284 1809 481 1865 προνοίας
515 1809 582 1850 καὶ
617 1807 670 1851 τοὶ
700 1805 895 1863 διδόμενα
924 1808 1134 1866 σιτηρέσιον
1165 1814 1253 1858 τοῖς
1279 1809 1419 1851 παισὶν
1438 1807 1619 1861 ἕξοντας,

149 1939 181 1976 si
202 1940 279 1987 quis
298 1940 447 1987 ipsorum
469 1939 691 1975 insidiaretur
711 1940 832 1984 alteri,
856 1941 973 1976 statim
996 1941 1158 1976 ultionem
1181 1940 1225 1976 de
1246 1940 1443 1977 insidiatore
1464 1946 1623 1987 sumptu·

148 1997 219 2022 ros.
265 1987 316 2022 sic
341 1992 569 2021 consummata
591 1987 853 2022 iuramentorum
876 1988 1087 2031 ceremonia,
1122 1987 1318 2033 designatus
1342 1987 1500 2034 princeps
1522 1993 1619 2022 scuto

149 2034 247 2078 regio
270 2034 415 2075 insedit,
444 2037 590 2079 utroque
612 2034 706 2078 prius
729 2035 816 2079 pede
839 2035 1067 2080 imperatoriis
1098 2034 1289 2079 insignibus
1317 2039 1456 2075 ornato;
1488 2038 1524 2068 et
1546 2045 1619 2067 ma-

148 2080 250 2115 nibus
284 2080 360 2114 hinc
392 2080 527 2125 quidem
558 2080 747 2114 antistitum
780 2081 858 2115 inde
881 2081 1078 2127 optimatum
1111 2082 1286 2123 sublatus,
1321 2079 1620 2115 acclamationibus

150 2131 187 2161 et
220 2127 361 2172 plausu,
393 2127 517 2172 quibus
539 2126 650 2171 excipi
674 2127 754 2162 novi
777 2127 1000 2174 imperatores
1023 2128 1152 2172 solent,
1183 2129 1227 2163 ab
1251 2126 1417 2162 universis
1448 2125 1618 2161 salutatus

150 2178 186 2208 et
208 2176 382 2218 Augustus
406 2173 599 2207 declaratus
622 2178 685 2208 est.

241 2219 275 2254 5.
322 2219 406 2253 lnde
429 2224 606 2253 senatores
628 2220 763 2264 quidem
786 2220 908 2255 officiis
931 2232 993 2266 pro
1017 2219 1181 2265 cuiusque
1203 2218 1334 2254 meritis
1351 2218 1616 2260 honorabantur,

150 2267 187 2300 et
209 2265 284 2299 aliis
306 2265 374 2299 alia
395 2265 518 2310 partim
542 2267 756 2300 donabantur
778 2267 900 2312 partim
920 2267 1215 2312 promittebantur.
1244 2267 1387 2300 fratrem
1409 2275 1492 2298 vero
1514 2263 1617 2298 Ioan-

148 2323 226 2348 nem
256 2317 327 2346 tum
358 2313 468 2345 adbuc
499 2323 654 2356 magnum
677 2313 893 2347 domesticum
917 2312 1197 2348 sebastocratoris
1219 2323 1342 2346 ornare
1363 2310 1532 2355 dignitate
1556 2321 1617 2344 ae-

148 2370 251 2404 quum
275 2361 428 2398 censuit,
451 2360 487 2391 et
509 2359 539 2391 ei
563 2359 778 2394 Constantini
801 2359 954 2394 Tornicii
976 2359 1080 2393 filiam
1104 2357 1313 2394 matrimonio
1338 2357 1531 2399 coniunxit,
1556 2356 1616 2391 de-

147 2404 311 2439 stinatam
334 2403 532 2449 dignitatem
555 2404 588 2439 in
613 2410 745 2451 tempus
769 2406 859 2441 aliud
882 2406 1056 2440 differens.
1087 2405 1232 2439 alterum
1255 2415 1340 2438 vero
1358 2404 1506 2438 fratrum
1523 2401 1614 2437 Con-

146 2450 333 2485 stantinum
355 2450 388 2484 in
414 2449 550 2495 privata
571 2457 654 2486 tunc
675 2451 808 2497 quidem
834 2452 943 2487 adhuc
958 2451 1097 2498 reliquit
1113 2456 1224 2494 sorte,
1250 2461 1311 2485 suo
1327 2454 1481 2495 tempore
1495 2460 1615 2483 creare

145 2496 257 2541 ipsum
286 2496 469 2531 Caesarem
504 2497 632 2541 habeus
666 2497 700 2532 iu
733 2499 855 2533 animo.
901 2497 997 2532 dedit
1019 2505 1134 2538 autem
1156 2503 1193 2531 et
1215 2497 1295 2532 huic
1318 2507 1456 2531 uxorem
1479 2495 1617 2530 Branae

146 2543 254 2577 filiam
287 2554 370 2578 sane
402 2543 651 2588 praenobilem,
682 2544 837 2590 sapienti‘
861 2544 1000 2579 consilio
1033 2543 1256 2579 affinitatibus
1278 2541 1443 2589 patricios
1465 2540 1531 2575 sibi
1554 2541 1617 2576 de-

146 2588 310 2624 vinciens.
356 2594 393 2623 et
414 2597 591 2625 senatores
623 2589 757 2635 quidem
780 2591 813 2625 in
835 2591 924 2630 hunc
947 2590 1080 2625 modum
1102 2589 1282 2635 magnifice
1305 2586 1494 2631 demeruit,
1531 2599 1615 2632 pen-

146 2634 260 2669 siones
283 2635 325 2670 iis
349 2636 542 2680 adaugens,
575 2639 611 2670 et
633 2636 730 2670 donis
753 2637 984 2682 superadditis
1007 2638 1198 2679 cumulans,
1222 2635 1421 2680 cunctisque
1443 2632 1614 2678 gaudendi

146 2682 324 2716 materiam
345 2681 494 2717 offerens
515 2683 678 2717 bonorum
702 2683 758 2717 vel
781 2683 979 2718 collatorum
1002 2682 1175 2728 praesenti
1197 2683 1309 2717 fructu
1335 2683 1392 2716 vel
1414 2684 1511 2714 certa
1533 2690 1613 2724 pro-

146 2727 324 2762 missorum
354 2728 601 2774 expectatione.
647 2729 714 2763 iam
747 2729 932 2765 exercitum
963 2741 1005 2764 ac
1038 2729 1171 2774 plebem
1205 2728 1303 2764 varie
1325 2726 1501 2762 delinivit:
1534 2736 1613 2762 nam

147 2776 184 2807 et
214 2776 397 2820 plerosque
430 2774 638 2821 quotidianis
670 2776 837 2810 donativis
867 2776 978 2818 invit,
1013 2780 1050 2810 et
1071 2776 1195 2821 quibus
1218 2786 1280 2820 per
1302 2773 1487 2819 diplomata
1512 2770 1613 2810 bullis

145 2819 262 2854 aureis
285 2821 414 2856 munita
438 2821 637 2867 promissum
659 2822 787 2868 aliquid
810 2824 936 2864 fuerat,
959 2834 1034 2857 cum
1057 2821 1126 2857 fide
1147 2819 1431 2867 repraesentavit,
1460 2816 1511 2852 sic
1534 2817 1613 2852 illos

146 2865 182 2899 in
207 2867 355 2902 futurum
382 2878 521 2907 securos
545 2873 582 2902 et
604 2868 690 2902 bene
715 2869 881 2904 animatos
904 2868 1078 2911 effidem,
1102 2871 1222 2913 utpote
1245 2866 1311 2901 iam
1335 2869 1449 2899 certos
1473 2874 1613 2910 proces-

146 2923 230 2947 sura
251 2912 336 2958 ipsis
360 2917 395 2948 et
418 2914 533 2950 liberis
553 2926 667 2949 eorum
689 2914 724 2950 in
747 2927 846 2952 omne
867 2921 1003 2963 tempus
1027 2914 1072 2949 ad
1093 2914 1221 2950 victum
1243 2913 1384 2948 decreta
1406 2909 1556 2946 subsidia
1579 2914 1614 2944 et

200 2965 375 3012 Georgius
405 2967 632 3014 Pachymcres
660 2968 691 3002 Ι.
1307 2963 1335 3003 7
