1884 3262
438 211 513 254 DE
546 211 818 256 MICHAELE
845 213 1220 259 PALAEOLOGO
1254 215 1303 259 L.
1338 216 1395 260 V.
1545 213 1640 262 391

204 322 436 380 λυγημένοι,
471 326 539 368 καὶ
559 326 598 368 οἱ
614 323 894 382 καταρώμενοί
908 342 953 369 σε
974 325 1314 383 κεκατῆρανται.”
1379 325 1515 371 ἔπειτα
1540 328 1644 383 πέμ-

203 386 293 446 ψας
310 391 407 442 τοὶ-ς
424 393 551 443 ι’δίους
577 395 705 437 οἰκίαν
728 392 898 437 ἑκάστου
921 394 1195 452 κατεψηλᾶφα
1206 428 1220 448 ,
1261 394 1308 445 ὃς
1323 394 1365 438 τ’
1386 395 1514 446 αἴτιος
1536 395 1581 447 ὃς
1598 413 1642 439 τε

203 461 272 502 καὶ
297 459 397 503 οὗκί.
468 463 535 504 καὶ
553 459 577 517 ἧ
602 460 829 519 πρόφασις,
869 459 923 511 ὥς
938 462 1063 505 αὐτὸν
1082 464 1157 517 μέν
1177 462 1275 513 εἶναι
1293 463 1365 506 τδν
1385 462 1642 518 κατασχόντα

203 527 278 581 τὴν
304 525 444 581 πόλιν,
483 530 548 571 καὶ
579 529 680 585 πρὸς
695 537 781 579 τοῖς
799 528 937 579 ἄλλοις
957 529 1087 573 αὐτοῦ
1106 532 1174 573 καὶ
1191 528 1321 584 μόνον
1337 533 1405 573 καὶ
1421 531 1497 581 τὰς
1512 533 1643 582 οῗκίας

168 592 324 647 filum,
365 595 684 653 ἇποχαρίζεσθαι
711 598 756 640 δὲ
776 595 930 646 ταύτας
953 604 1039 647 τοῖς
1058 597 1242 649 εὐνοοῦσι
1252 630 1267 651 ,
1304 605 1390 648 τοῖς
1413 599 1458 641 δέ
1475 598 1580 642 κατά
1603 617 1640 642 τι
1665 607 1696 640 C

200 661 466 718 ἄφηνιάζουσι
497 666 561 707 καὶ
582 664 663 719 ’τὴν
691 663 812 720 χάριν
841 664 1075 720 ἀνατρέπειν
1083 698 1096 718 ,
1138 667 1292 708 δίκαιον
1319 665 1363 707 δ’
1385 664 1483 708 εἶναι
1503 668 1640 710 καὶτὰ

198 735 282 773 τῶν
297 731 467 775 ὄπισθεν
484 730 642 789 χρόνων
660 732 868 788 ἀναζητεῖν
884 732 981 782 τούς
998 733 1251 783 ἐνοικοῦντας
1267 734 1435 776 ἐποίκια.
1505 734 1640 777 ἀνεκε-

198 803 449 855 φαλαιοῢντο
467 801 695 856 παραυτίκα
715 798 863 854 κόσμιά
882 817 926 843 τε
944 807 1115 843 παντοῖα
1135 803 1201 843 καὶ
1222 802 1369 844 ἔπιπλα
1386 802 1453 844 καὶ
1473 805 1556 844 πᾶν
1578 801 1640 844 ὅτι

197 883 260 915 τις
286 865 384 922 εἶχε,
418 869 485 910 καὶ
511 868 558 910 τὸ
586 870 720 921 μεῖζον
745 870 946 924 ἐκρίνοντο
976 870 1043 911 καὶ
1061 870 1116 918 εἷς
1135 870 1400 912 καθοσίωσιν.
1466 867 1640 923 ἡτοιμά-

145 940 188 974 10
200 936 314 986 ζοντο
343 936 388 977 δὲ
416 937 481 977 καὶ
499 937 687 992 φορτίδες
706 940 780 978 τοῦ
803 936 1051 990 ἔξορίζεσθαι
1070 936 1166 985 τοῦς
1182 936 1262 990 ἤδη
1282 937 1548 993 κατακρίτους
1567 939 1639 979 δο-

196 1007 380 1052 κοῦντας.
451 1002 499 1045 οὗ
527 1003 610 1057 μὴν
628 1004 755 1045 δὲκαὶ
771 1003 910 1058 μέχρις
939 1004 1144 1058 ἔλπισμῶν
1163 1003 1216 1046 τὰ
1238 1003 1347 1046 δεινὰ
1368 999 1473 1057 ἦσαν
1480 1036 1494 1056 ,
1534 1004 1639 1047 ἀλλὰ

195 1072 263 1111 καὶ
290 1071 408 1128 πείρᾳ
435 1070 539 1119 τινὲς
564 1074 647 1113 τῶν
672 1071 810 1113 δεινῶν
841 1077 1044 1124 μετεῖχον,
1081 1069 1136 1120 ὥς
1163 1070 1260 1120 τούς
1276 1071 1351 1124 μὲν
1381 1073 1437 1120 εἷς
1455 1075 1634 1126 Λῆμνον
1657 1078 1689 1113 D

194 1136 293 1186 τούς
309 1137 352 1179 δ’
376 1139 417 1186 ἐς
433 1141 612 1194 Σκῦρον,
650 1137 800 1188 ἄλλους
816 1137 858 1180 δ’
881 1138 923 1187 ἔς
938 1138 1034 1181 Κέω
1055 1140 1122 1180 καὶ
1140 1137 1291 1188 ἄλλους
1310 1140 1351 1188 ἐς
1369 1139 1544 1188 Νικαίας
1561 1137 1639 1182 πό-

193 1208 257 1247 λιν
285 1207 584 1261 περιορίζεσθαι
594 1237 608 1258 ,
646 1205 794 1255 ἄλλους
819 1205 861 1248 δ’
885 1201 1009 1256 αὖθις
1036 1210 1109 1260 τῆς
1129 1204 1284 1256 πόλεως
1305 1206 1402 1256 τούς
1420 1208 1494 1260 μὲν
1512 1207 1638 1249 ἀκου-

142 1280 184 1316 15
194 1273 292 1322 σίως
313 1273 411 1323 τούς
437 1273 480 1315 δ’
501 1272 665 1323 ἑκόντας
695 1275 969 1329 ἓξορίζεσθαι,
1007 1273 1157 1323 ἄλλους
1188 1275 1234 1316 δὲ
1256 1275 1371 1330 μέχρι
1402 1276 1636 1329 Σηλυβρίας
1655 1284 1684 1318 Ρ
1706 1285 1774 1319 266

193 1342 260 1383 καὶ
287 1339 517 1383 Ῥαιδεστοῦ
526 1374 539 1393 ,
555 1370 558 1374 ·
575 1341 686 1391 τινὰς
708 1342 752 1383 δὲ
772 1343 838 1383 καὶ
858 1341 971 1391 ἐντὸς
998 1346 1072 1384 τοῦ
1101 1341 1206 1384 κατὰ
1225 1342 1294 1384 τὸν
1315 1339 1457 1399 Φάρον
1479 1344 1637 1396 λιμένος

191 1406 580 1464 γνωσιμαχήσαντας
598 1407 814 1451 ὗποκλῖναί
828 1426 870 1451 τε
890 1411 955 1450 καὶ
971 1407 1242 1465 ὑποστρέψαι.

328 1477 407 1520 20.
476 1475 650 1527 Τούτοις
679 1477 938 1532 προσκείσθω
970 1479 1037 1518 καὶ
1067 1477 1114 1519 τὸ
1142 1476 1247 1520 κατὰ
1266 1476 1337 1520 τὸν
1357 1474 1511 1534 ῥήτορα
1541 1475 1632 1531 διή-

193 1560 326 1599 γημα,
366 1544 544 1600 φοβερὸν
572 1543 618 1587 ὂν
646 1546 743 1587 ἰδεῖν
771 1544 947 1601 φοβερὸν
972 1545 1017 1587 δὲ
1044 1546 1111 1586 καὶ
1139 1550 1311 1597 παθεῖν,
1349 1545 1452 1600 πλὴν
1476 1545 1548 1587 οὐκ
1568 1547 1631 1587 ἐπὶ

138 1609 342 1656 Ξοτούτου
363 1616 435 1655 τοῦ
456 1617 598 1670 καιροῦ
617 1612 776 1669 γεγονὸς
793 1611 897 1655 ἀλλὰ
918 1610 1128 1670 πρότερον.
1196 1610 1453 1668 συνάπτομεν
1478 1614 1522 1655 δὲ
1546 1619 1631 1662 τοῖς

190 1744 583 1835 ἷξὶἒὶὲᾞὲξῗᾟξςέἔῖἷξ
592 1744 1082 1824 ’113¹“l1512'32022ff32253'22'
1101 1743 1346 1823 0012&ssssAEssss
1366 1745 1631 1830 22323‘1532523

190 1835 265 1869 sine
288 1835 476 1869 discrimine
497 1835 683 1870 innocentis
706 1839 765 1870 aut
787 1835 924 1880 culpati.
970 1835 1161 1880 allegabat,
1196 1846 1239 1868 ex
1262 1846 1328 1879 quo
1350 1834 1425 1879 ipse
1447 1836 1562 1868 urbem
1586 1845 1628 1868 ex

188 1879 287 1914 hoste
310 1880 458 1925 ceperit,
479 1880 514 1914 iu
536 1892 631 1914 suum
653 1881 824 1926 proprium
846 1881 899 1914 ius
921 1880 1085 1915 transisse
1104 1880 1220 1914 domos
1242 1879 1314 1914 eius
1334 1880 1521 1913 universas.
1568 1879 1631 1913 ba-

189 1937 263 1959 rum
286 1937 388 1971 porro
410 1937 504 1960 usum
527 1926 614 1960 citra
637 1927 779 1971 pretium
800 1926 972 1970 indulgere
994 1938 1031 1960 se
1052 1926 1131 1960 fidis
1153 1925 1236 1960 sibi:
1271 1926 1438 1971 suspectis
1460 1930 1572 1959 autem
1594 1928 1631 1958 et

189 1971 334 2016 quadam
357 1971 391 2005 in
414 1983 452 2006 re
475 1971 538 2006 sibi
560 1983 681 2016 parere
712 1971 933 2006 abnuentibus
954 1971 1051 2005 istam
1074 1971 1161 2005 nolle
1183 1970 1326 2015 gratiam
1348 1972 1481 2014 facere,
1511 1971 1570 2005 sed
1594 1975 1632 2003 et

189 2027 231 2050 ex
255 2016 307 2050 his
327 2016 401 2051 iure
422 2029 461 2051 se
482 2020 631 2050 utentem
654 2028 715 2051 suo
737 2017 880 2061 pretium
902 2016 1076 2051 locationis
1104 2016 1310 2062 respondens
1331 2027 1510 2050 concessae
1532 2015 1629 2049 habi-

188 2061 310 2096 tationi
334 2066 390 2095 tot·
406 2068 498 2097 retro
521 2074 680 2096 annorum
704 2068 868 2107 repetere.
913 2062 948 2096 in
972 2073 1129 2096 summam
1151 2073 1232 2106 ergo
1255 2062 1492 2097 conserebatur
1525 2071 1628 2105 pecu-

189 2107 248 2141 nia,
275 2106 391 2142 debita
422 2119 484 2152 pro
516 2119 579 2141 usu
609 2107 738 2141 aedium
769 2108 811 2142 ab
844 2108 938 2141 annis
959 2107 1022 2141 iam
1046 2112 1126 2141 ante
1147 2106 1276 2150 multis3
1313 2111 1349 2140 et
1372 2106 1443 2140 eius
1466 2115 1627 2150 praesens

189 2151 312 2186 solutio
347 2152 564 2197 exigebatur,
598 2152 699 2198 idque
732 2154 916 2197 peracerbe
951 2153 1146 2198 pignoribus
1174 2152 1287 2185 statim
1310 2151 1418 2196 captis
1442 2157 1477 2184 et
1499 2162 1539 2184 oo
1563 2161 1626 2184 no-

188 2197 277 2231 mine
299 2198 413 2232 ablata
444 2197 600 2232 familiari
634 2198 848 2243 supellectile.
894 2198 944 2232 ita
979 2198 1220 2231 corradebatur
1249 2196 1409 2241 quidquid
1441 2194 1626 2229 ornamenti

189 2247 250 2276 aut
281 2242 450 2287 pretiosae
481 2243 531 2276 rei
565 2242 658 2277 cives
686 2243 721 2277 in
752 2244 887 2277 aedibus
921 2243 1100 2276 habebant.
1145 2252 1250 2276 naves
1278 2242 1376 2274 etiam
1406 2242 1624 2285 parabantur,

188 2299 277 2332 quae
309 2287 400 2329 illos,
432 2288 489 2332 qui
517 2288 581 2322 iam
613 2288 696 2322 satis
729 2289 800 2323 eius
829 2288 974 2322 criminis
1002 2287 1162 2332 comperti
1183 2287 1397 2332 damnatique
1418 2287 1625 2328 viderentur,

189 2333 225 2366 in
247 2332 342 2366 varia
365 2332 464 2366 exilia
485 2332 712 2376 deportarent.
755 2345 817 2367 nec
846 2334 911 2367 iam
935 2333 968 2366 in
993 2332 1088 2367 minis
1111 2336 1170 2365 aut
1191 2331 1262 2365 sola
1285 2332 1518 2376 expectatione
1539 2331 1625 2365 mala

187 2378 395 2418 haerebant,
434 2378 494 2411 sed
527 2377 562 2411 in
594 2389 753 2423 praesens
787 2379 918 2412 illorum
955 2377 1213 2422 experimentum
1242 2376 1352 2410 miseri
1385 2377 1625 2417 trahebantur;

188 2434 329 2468 quorum
361 2422 465 2467 aliqui
495 2423 529 2456 in
559 2423 740 2465 Lemnum,
771 2423 828 2458 alii
850 2425 883 2456 in
906 2424 1068 2466 Scyrum,
1101 2421 1247 2456 nonnulli
1267 2421 1302 2456 in
1325 2422 1451 2464 Ceum,
1487 2422 1622 2466 quidam

187 2468 332 2513 denique
362 2469 395 2502 in
430 2468 546 2502 urbem
574 2468 733 2503 Nicaeam
765 2469 1014 2513 relegabuntur.
1061 2467 1118 2502 alii
1157 2466 1281 2512 passim
1317 2467 1622 2501 exterminabantur

188 2515 284 2554 urbe,
307 2515 361 2546 vel
383 2513 466 2547 iussi
487 2513 650 2547 excedere
671 2514 862 2547 nominatim
883 2513 938 2547 vel
959 2518 1078 2557 sponte
1099 2513 1331 2546 necessitatem
1352 2517 1621 2557 praevertentes,

185 2559 394 2605 quibusdam,
418 2559 531 2603 quoad
553 2559 659 2592 adhuc
675 2559 912 2600 deliberarent,
937 2569 1043 2603 usque
1065 2558 1107 2592 ad
1130 2557 1317 2601 Selybriam
1340 2564 1375 2592 et
1397 2557 1621 2591 Rhaedestum

186 2603 288 2638 exilio
311 2604 502 2649 praefinito,
529 2604 689 2637 nonnullis
711 2604 795 2638 citra
819 2607 950 2648 portum
967 2604 1024 2648 qui
1047 2603 1089 2636 ad
1110 2603 1256 2636 Pharum
1278 2606 1350 2645 est3
1371 2614 1510 2648 quorum
1526 2601 1622 2635 multi

186 2649 274 2683 malo
295 2650 338 2682 ad
360 2660 530 2689 assensum
553 2649 676 2691 tracti,
696 2649 908 2694 professique
927 2660 965 2682 se
990 2648 1067 2694 paci
1089 2648 1320 2694 acquiescere,
1345 2647 1543 2693 postliminio
1565 2657 1622 2680 re-

187 2694 298 2728 vocati
322 2694 478 2728 redibant
497 2695 639 2729 domum.

276 2741 331 2774 ΞΟ.
377 2739 439 2774 His
470 2740 615 2774 addatur
645 2738 794 2773 narratio
828 2739 871 2773 de
902 2739 1056 2782 rhetore,
1090 2742 1188 2773 atrox
1217 2738 1380 2784 quaedam
1401 2741 1437 2770 et
1458 2735 1620 2770 terribilis

188 2784 289 2818 etiam
321 2785 571 2829 spectantibus,
605 2785 708 2819 multo
740 2784 847 2828 magis
879 2784 1032 2829 patienti.
1076 2795 1276 2830 quamquam
1306 2784 1389 2816 haec
1411 2782 1542 2826 quidem
1565 2791 1621 2814 res

188 2841 254 2864 non
287 2830 350 2864 hoc
380 2835 530 2875 tempore
562 2830 725 2874 contigit,
759 2830 820 2864 sed
842 2830 941 2874 paulo
963 2835 1055 2868 ante.
1099 2831 1285 2864 referemus
1314 2831 1427 2863 autem
1450 2827 1619 2867 hocloco,
