1884 3262
610 191 715 236 LIB.
726 190 769 237 1.
824 189 1192 237 GLOSSARIUM.
1526 189 1624 236 603
1650 195 1654 200 “

171 298 393 354 συνόντων)
421 299 526 340 hanc
565 315 681 354 quam
722 302 930 342 asserimus
960 301 1080 342 huius
1107 299 1296 342 vocabuli
1332 298 1633 351 notionemde-

171 363 379 399 monstrat.
1396 364 1399 367 ’

286 417 354 455 Συ
368 429 460 468 ριω
474 410 632 466 ἄννης
659 428 699 467 p·
723 418 806 458 328
826 427 866 456 v.
888 414 930 457 5.
988 415 1068 466 agit
1095 414 1145 453 de
1166 414 1314 454 Ioanne
1332 412 1432 452 duce
1451 412 1633 465 profecto

171 469 348 521 Thebas,
379 477 419 509 et
446 470 532 509 illic
557 471 778 522 reperiente
803 484 988 521 magnum
1017 472 1245 521 dominum,
1275 483 1391 522 quem
1411 468 1546 520 lingua
1563 483 1636 521 po-

169 527 371 580 pularium
398 526 455 565 ibi
484 527 743 579 Syrioannem
768 527 986 567 vocitatum
1011 528 1095 578 ait,
1135 533 1174 566 et
1200 533 1332 566 tamen
1363 526 1637 576 cognominem

172 583 252 636 ipsi
281 583 401 622 fuisse
429 583 571 622 Ioanni
595 583 700 625 duci.
756 585 865 624 unde
889 584 1128 635 intelligitur
1155 583 1398 622 additionem
1414 582 1526 622 illam
1548 582 1638 633 pri-

172 653 260 679 mae
286 640 462 692 syllabae
490 640 540 679 ad
568 654 711 680 nomen
738 640 851 680 istud
875 653 957 679 non
985 641 1183 692 pertinere
1199 671 1211 689 ,
1251 639 1321 679 sed
1346 638 1570 677 adiunctam
1599 638 1636 676 ei

173 696 465 735 consuetudine
493 697 653 735 illarum
677 698 851 748 gentium
876 697 1038 748 originis
1068 696 1304 746 Francicae,
1342 695 1408 734 vel
1437 708 1488 733 ex
1514 695 1634 745 longa

174 765 266 791 cum
284 752 446 791 Francis
465 754 772 804 consuetudine,
801 767 947 793 nomen
966 755 1085 804 Syre,
1116 753 1226 805 quod
1250 766 1300 791 ex
1318 751 1469 790 Graeco
1493 746 1636 804 κύριος

173 809 324 848 factum
356 815 543 862 putatur,
578 824 648 849 suo
674 810 848 863 principi
868 810 1266 849 accommodantium.
1323 808 1507 860 suspicor
1525 807 1634 845 idem

172 879 342 915 nomen,
370 866 466 904 licet
483 867 647 918 paulum
666 867 820 907 diverse
843 867 1036 920 scriptum
1049 897 1060 916 ‚
1090 867 1213 905 fuisse
1238 863 1504 918 Συργιάννης,
1526 862 1634 915 quod

175 921 335 960 cuidam
354 921 479 960 nobili
498 923 672 963 Cumano
694 923 738 962 in
759 923 960 978 baptismo
983 923 1156 962 inditum
1181 923 1304 962 refert
1334 922 1632 960 Cantacuzenus

173 978 202 1016 l.
220 981 242 1021 1
266 991 302 1019 c.
324 981 391 1020 11.

287 1036 515 1088 σφαῖρος
539 1031 945 1087 Ἐμπεδόκλειος
972 1033 1230 1089 p.203v.15.
1289 1034 1418 1086 primo
1441 1032 1539 1071 mihi
1553 1031 1632 1071 loci
1656 1033 1686 1068 P
1708 1031 1776 1068 417

173 1089 293 1129 huius
312 1103 482 1130 occursu
501 1091 614 1130 venit
628 1092 672 1130 in
689 1099 860 1132 mentem
880 1093 1035 1132 laudari
1052 1092 1119 1130 hic
1143 1091 1377 1130 sententiam
1400 1088 1635 1142 philosophi

173 1146 319 1185 veteris
338 1159 360 1185 e
380 1146 587 1201 discipulis
605 1154 675 1187 aut
703 1150 879 1188 sectariis
898 1149 1171 1202 Empedoclis,
1202 1147 1269 1186 cui
1287 1159 1435 1185 nomen
1458 1145 1634 1198 Sphaero

175 1209 292 1243 esset.
349 1204 492 1254 quidni
521 1204 624 1243 enim
652 1206 745 1244 talis
773 1206 1048 1258 appellationis
1073 1204 1271 1258 quispiam
1293 1203 1447 1242 dedisse
1476 1216 1639 1254 operam

174 1258 411 1312 Empedocli
429 1261 644 1313 potuisset,
675 1275 765 1300 cum
786 1262 984 1314 Sphaerus
1004 1261 1106 1300 alius
1125 1275 1146 1300 e
1165 1260 1369 1299 Cleanthis
1389 1258 1539 1309 schola,
1561 1272 1639 1298 no-

176 1322 240 1355 tus
269 1321 409 1354 auctor
436 1317 653 1357 multorum
688 1332 879 1370 operum,
921 1318 1082 1370 Diogeni
1106 1318 1262 1356 Laertio
1292 1321 1532 1355 memoratus
1553 1315 1639 1353 sit'?

177 1372 439 1411 animadverti
452 1379 593 1425 ‘postea
611 1374 787 1413 obortam
810 1374 1038 1428 opinionem
1058 1375 1222 1413 eandem
1237 1373 1481 1423 Hieronymo
1491 1370 1653 1410 Wolfio·

176 1428 286 1467 hunc
311 1429 444 1467 locum
471 1429 516 1467 in
548 1444 617 1469 sua
649 1432 845 1484 Excerpta
875 1432 1105 1470 conferenti.
1163 1429 1232 1468 sed
1260 1427 1528 1468 consideranti
1552 1440 1639 1466 rem

177 1485 366 1523 attentius
385 1486 498 1525 brevi
507 1487 637 1538 patuit
651 1492 824 1542 σφαῖραν
841 1487 906 1526 hic
924 1502 999 1541 pro
1019 1490 1170 1541 σφαῖρα
1188 1487 1364 1539 positum
1381 1485 1499 1537 plane
1516 1483 1639 1535 signi-

176 1541 296 1579 ficare
327 1541 464 1580 follem
489 1544 772 1593 orbicularem,
812 1545 948 1596 quales
977 1545 1157 1582 videmus
1174 1544 1275 1595 pilas
1303 1542 1469 1580 maiores
1491 1541 1639 1592 spiritu.

180 1598 399 1648 confertas,
435 1612 530 1650 quas
561 1601 649 1639 Itali
673 1602 859 1652 palloni,
897 1601 1002 1639 Galli
1028 1600 1171 1638 halon-s
1189 1599 1408 1637 nominant.
1466 1597 1639 1648 excipiat

179 1653 322 1705 aliquis
341 1660 481 1693 contra
508 1669 592 1694 non
617 1657 782 1709 reperiri
807 1670 952 1696 nomeu
980 1657 1088 1695 istud
1114 1656 1188 1694 hac
1209 1657 1358 1704 forma,
1389 1653 1458 1691 sed
1478 1654 1638 1691 femini-

179 1723 253 1748 nae
272 1710 418 1761 ubique
432 1713 721 1752 terminationis
737 1719 776 1751 et
790 1714 941 1764 generis
963 1714 1070 1764 apud
1098 1713 1312 1764 scriptores
1343 1710 1527 1749 classicos
1545 1709 1637 1760 legi.

181 1766 372 1806 concedo.
429 1769 523 1819 quid
552 1775 634 1808 tum
662 1771 827 1822 postea?
866 1785 916 1809 an
941 1776 998 1808 est
1025 1770 1122 1808 adeo
1143 1769 1314 1807 alienum
1335 1781 1355 1804 a
1382 1765 1635 1817 Pachymeris

181 1835 291 1861 more
319 1822 508 1874 quiddam
532 1825 575 1863 in
605 1826 749 1865 talibus
775 1826 1057 1878 καινοτομεΐνῖ)
1090 1831 1288 1877 praeterea
1316 1822 1511 1874 suspicari
1538 1823 1635 1860 licet

181 1879 313 1918 vis-um
342 1879 419 1931 ipsi
446 1881 617 1932 aliquem
641 1883 789 1921 librum
819 1883 952 1922 idonei
983 1882 1156 1920 auctoris
1183 1895 1231 1919 ex
1264 1881 1314 1919 iis
1339 1879 1478 1918 multis
1494 1878 1561 1929 qui
1581 1877 1635 1916 ad.

182 1948 256 1973 nos
285 1949 365 1973 non
392 1945 679 1988 pervenerunt,
719 1939 785 1977 ubi
812 1944 983 1992 σφαῖρος
1010 1953 1087 1992 pro
1110 1942 1260 1990 σφαῖρα
1279 1941 1504 1990 poneretur.
1564 1933 1634 1972 sed

183 1991 297 2031 verbi
326 1995 637 2033 controversiam
666 1996 1030 2048 prossigaverimus,
1068 2008 1111 2034 re
1144 1995 1264 2033 semel
1298 1994 1382 2045 ipsa
1404 1990 1632 2030 constituta.

185 2047 476 2100 demonstrato,
515 2051 698 2103 inquam,
737 2052 818 2090 loci
849 2066 966 2103 quem
992 2058 1209 2090 tractamus
1227 2047 1462 2088 sententiam
1481 2046 1638 2097 exigere

184 2109 233 2141 ut
251 2108 422 2159 waiqog
437 2107 570 2145 follem
589 2108 783 2147 rotundae
814 2109 963 2147 formae
997 2107 1209 2158 significet,
1248 2105 1367 2144 simul
1402 2102 1645 2142 evicerimus.

185 2159 304 2198 istain
329 2159 448 2200 huius
475 2164 659 2202 vocabuli
691 2164 768 2203 hoc
792 2166 886 2204 loco
925 2164 1129 2202 notionem
1163 2175 1245 2201 esse
1279 2160 1440 2200 minime
1462 2158 1639 2198 dubiam.

187 2228 280 2266 ergo
298 2216 349 2254 ad
363 2216 405 2255 id
425 2231 498 2255 nos
509 2219 769 2270 accingamus.
826 2221 881 2259 ait
909 2220 976 2259 hic
998 2219 1259 2271 Pachymeres
1278 2215 1545 2269 patriarcham
1559 2214 1641 2253 Ar-

187 2273 356 2322 senium,
385 2278 594 2325 postquam
613 2276 797 2315 Michaeli
818 2277 1048 2327 Palaeologo
1066 2274 1296 2327 imperatori
1316 2273 1366 2312 ob
1385 2277 1644 2310 excaecatum

187 2330 390 2383 pupillum
415 2335 455 2367 et
483 2331 671 2382 collegam
699 2346 813 2371 suum
841 2334 885 2372 in
909 2333 1076 2385 imperio
1105 2332 1293 2370 Ioannem
1319 2341 1488 2382 puerum
1515 2327 1644 2366 sacris

188 2386 467 2435 interdixerat,
502 2386 764 2428 dissimulasse
784 2395 935 2439 tamen,
967 2389 1061 2427 dum
1084 2387 1274 2439 quaedam
1290 2385 1378 2425 fieri
1393 2385 1546 2424 videret
1562 2384 1641 2422 mi-

189 2442 297 2481 nime
322 2442 570 2480 cohaerentia
597 2457 688 2483 cum
718 2445 964 2484 anathemate
992 2445 1069 2483 rite
1095 2445 1258 2482 intorto.
1315 2455 1406 2481 nam
1432 2454 1521 2479 cum
1548 2453 1639 2477 eum

192 2499 262 2551 qui
272 2498 374 2549 'tali,
404 2504 450 2537 ut
467 2500 587 2550 paulo
617 2507 706 2538 ante
729 2502 934 2552 loquitur,
959 2500 1105 2553 gladio
1124 2501 1302 2551 Spiritus
1321 2512 1344 2537 a
1366 2496 1643 2537 communione

189 2555 368 2595 fidelium
396 2555 513 2609 plane
531 2555 724 2594 abscissus
754 2558 912 2607 suisset,
941 2558 1050 2596 nefas
1079 2562 1178 2594 esset
1196 2555 1306 2594 iuxta
1323 2567 1454 2593 sacros
1470 2563 1641 2591 canones

192 2611 400 2650 admittere
417 2611 469 2649 ad
489 2612 610 2650 ullam
627 2612 972 2666 participationem
997 2626 1218 2663 sacrorum,
1246 2618 1379 2651 tamen
1409 2623 1460 2648 ex
1478 2622 1522 2647 eo
1541 2614 1641 2645 tem-

194 2681 293 2720 pore
309 2682 390 2706 non
411 2668 650 2707 destiterunt
669 2670 1094 2722 Constantinopolitani
1116 2668 1336 2708 sacerdotes
1354 2673 1393 2705 et
1414 2664 1547 2704 clerici
1567 2676 1639 2701 now

193 2724 372 2763 minatim
390 2737 606 2763 memorare
624 2725 666 2762 in
691 2739 803 2765 sacro
823 2726 945 2765 choro
974 2733 1092 2778 atque
1116 2725 1221 2764 inter
1234 2725 1319 2777 ipsa
1342 2721 1521 2773 liturgiae
1548 2732 1641 2770 my-

195 2780 314 2818 steria
340 2781 619 2834 imperatorem
649 2781 742 2820 licet
768 2783 1175 2833 excommunicatum,
1215 2779 1456 2820 connivente
1485 2776 1536 2815 ad
1559 2775 1639 2814 hoc

197 2849 328 2876 coram
351 2850 392 2876 se
415 2843 647 2891 usurpatum
676 2839 900 2891 patriarcha
932 2846 1040 2879 metu
1073 2838 1230 2878 maioris
1258 2835 1364 2877 mali.
1432 2832 1641 2876 verebatur
