1884 3262
452 137 530 180 DE
568 137 852 182 MICHAELE
887 139 1269 185 PALAEOLOGO·
1301 143 1352 185 L.
1392 143 1468 186 IV.
1610 143 1708 189 263

215 250 325 311 μένῳ
353 250 588 309 πρέποντα,
628 254 696 296 καὶ
724 254 970 312 δυσφορητὰ
997 262 1084 306 τοῖς
1108 254 1249 306 ἄλλοις
1271 254 1469 312 ἀκοῦσαι,
1506 255 1612 301 ὥστε
1630 260 1699 301 καὶ
1723 267 1755 303 E:

215 323 413 375 ε’παινεῖν,
427 322 455 342 '⁷
489 321 618 372 εὐθὺς
639 322 758 373 ἀετὸς
778 319 828 380 ἦν
847 324 980 367 λιπὼν
1000 326 1150 368 ἐκεῖνον
1170 327 1500 370 καταιδεσθέντα
1518 330 1586 371 καὶ
1603 327 1704 384 ἄφι-

214 388 444 444 πτάμενος,
483 393 551 434 καὶ
580 391 648 434 διὰ
682 397 758 448 τῆς
788 395 965 450 σιδηρᾶς
994 399 1070 437 τοῦ
1096 383 1303 451 τρικλίνου
1337 394 1470 452 πύλης
1498 394 1557 447 ὥς
1576 395 1702 453 τάχος

212 461 310 517 πεζῇ
331 461 537 513 διαθέων,
578 455 606 518 ᾗ
627 464 768 505 ποδῶν
791 460 891 517 εἶχεν
915 460 1055 519 ἐχώρει
1081 463 1187 519 πρὸς
1214 462 1467 519 θάλασσαν,
1505 467 1573 508 καὶ
1598 467 1699 518 νειὸς

176 529 361 584 ὄέπιβιὶς,
388 528 674 585 κατελάμβανε
701 531 754 574 τὰ
787 534 926 576 οῗκεῖα.
1000 530 1021 575 ὅ
1040 533 1180 586 μέντοι
1202 550 1246 587 γε
1266 534 1463 585 βασιλεὺς
1487 532 1697 592 ὖβριοπα-

207 597 350 653 θήσας
371 597 456 642 οἷον
476 601 542 642 καὶ
564 602 772 650 αἰδεσθεὶς
790 608 1071 656 προσποιεῖται
1091 597 1166 644 οὖν
1185 600 1299 656 ὅμως
1319 602 1367 645 τὸ
1384 602 1693 661 μεγαλόψυχον.

207 669 275 710 καὶ
296 668 379 711 ἐπεὶ
400 668 516 719 τέλος
538 669 612 724 τὴν
634 669 748 726 ἱερὰν
769 673 1021 727 λειτουργίαν
1050 668 1306 725 ἐλάμβανεν,
1346 669 1549 726 ἐξελθών,
1587 690 1694 717 στα-

205 739 297 787 θεὶς
327 739 369 780 ἐν
397 742 456 797 τῷ
481 737 699 798 Ἀλεξιακῷ
730 741 942 799 τρικλίνῳ,
970 737 1068 790 τούς
1097 757 1141 783 τε
1173 744 1256 783 τῶν
1279 741 1481 797 ἱεραρχῶν
1500 760 1691 800 παρατυ-

199 805 354 860 χόντας
373 810 442 850 καὶ
462 807 563 857 τοὺς
581 812 656 850 τοῦ
676 807 831 864 κλήρου
849 806 1240 863 μεταστειλάμενος,
1278 808 1504 854 ἓπενεκάλει
1527 816 1587 870 τῷ
1605 831 1687 854 πα-
1712 820 1741 854 Ρ
1770 822 1833 857 178

148 882 192 915 10
205 874 378 934 τριάρχῃ
398 875 685 933 σκληρότητα,
721 879 790 920 καὶ
827 878 974 922 “iiie-cs
987 879 1012 901 ''
1040 879 1167 934 λέγων
1198 885 1226 903 “
1239 877 1350 929 ὅπως
1370 878 1553 933 ἀμαθῶς
1575 880 1686 925 οὕτω

200 950 283 988 τῶν
300 944 509 1002 ἡμετέρων
527 951 677 1002 χειρῶν
700 946 986 1005 ἀπεδίδρασκε.
1039 950 1107 990 καὶ
1128 950 1162 990 εἷ
1182 947 1379 1005 λυπήσων
1402 946 1550 1005 ἐφάνη,
1578 951 1684 994 κατὰ

197 1017 242 1057 τί
255 1033 298 1072 γε
321 1017 388 1058 καὶ
407 1014 510 1071 παρ’
533 1013 646 1070 ἡμᾶς
666 1014 836 1073 ἀφῖκται
845 1036 862 1072 ‚-
900 1015 998 1059 ἀλλ’
1021 1015 1078 1068 ὥς
1096 1016 1198 1060 ἔοικε
1209 1050 1222 1070 ,
1260 1017 1357 1067 τούς
1379 1018 1567 1074 ἐλέγχους
1588 1021 1681 1062 δια-

195 1081 414 1141 φυγγάνειν
434 1082 844 1141 πραγματευόμενος,
883 1085 1035 1128 ἔλαθεν
1055 1085 1202 1130 ἑαυτὸν
1221 1083 1477 1141 συνωθήσας
1496 1086 1681 1142 μάλιστα

193 1154 298 1210 πρὸς
327 1154 402 1209 τὴν
432 1154 563 1208 δίκην.
631 1154 690 1210 μὴ
731 1159 832 1210 γοῦν
874 1156 938 1198 ἐπὶ
975 1156 1098 1198 πλέον
1136 1158 1391 1213 φευγοδικιῦν
1418 1157 1678 1213 κερδαινέτω,

138 1226 181 1262 15
195 1222 292 1266 ἀλλ’
315 1224 400 1266 ἐπεὶ
422 1222 469 1265 τὸ
492 1225 632 1280 τρίτον
657 1223 988 1268 ἔναπολέλειπται
1009 1222 1202 1281 μήνυμα,
1243 1225 1536 1281 συναχθέντων
1564 1227 1673 1284 γενέ·
1696 1239 1725 1273 Β

191 1297 288 1336 σθω
318 1294 385 1336 καὶ
413 1296 565 1345 τοῦτο,
602 1294 669 1335 καὶ
704 1295 740 1336 εἰ
770 1294 846 1347 μὲν
879 1293 1129 1350 ἀπαντήσει,
1168 1295 1401 1351 κρινέσθω,
1440 1297 1476 1337 εἴ
1506 1295 1550 1338 δ’
1586 1292 1673 1350 οὖν,

189 1362 298 1405 ἀλλὰ
323 1360 422 1417 ὖμΐν
448 1378 492 1417 γε
519 1360 683 1417 μελήσει
713 1367 803 1411 πῶς
833 1361 884 1405 ἂν
914 1366 1216 1420 φυγοὸικοῠντα
1243 1361 1552 1418 μετελεύσεσθε.
1623 1365 1672 1408 τὸ

188 1431 231 1473 δ’
254 1431 353 1485 ἐμὸν
374 1431 601 1474 ἀναθετέον
620 1436 733 1490 θεῷ,
773 1430 886 1482 ὅπως
906 1431 957 1474 ἂν
979 1430 1034 1482 ὥς
1058 1434 1195 1491 ἐκείνῳ
1213 1432 1423 1488 βουλητὸν
1451 1435 1672 1489 οῗκονομη-

186 1501 334 1556 θείη.”
405 1500 530 1544 ταῦτ’
555 1500 679 1554 εἰπὼν
710 1503 777 1543 καὶ
801 1503 1004 1556 προσθεὶς
1023 1499 1131 1544 κατά
1149 1519 1242 1544 τινα
1264 1500 1476 1556 πρόληψιν
1503 1502 1670 1545 κάκεῖνα

128 1576 175 1611 20
187 1567 449 1626 εὖμεθόὸως,
487 1568 551 1613 ὅτι
580 1572 647 1613 καὶ
677 1569 724 1613 τὸ
755 1568 931 1621 τούτους
949 1568 1145 1622 πολλάκις
1165 1570 1451 1629 ἀναφέροντας
1470 1573 1561 1629 περὶ
1583 1576 1667 1615 τῶν

274 1717 331 1750 20.
359 1713 426 1760 τὸ]
454 1713 556 1750 τοῦῩ

178 1842 349 1889 imperare
370 1841 487 1877 velle?
524 1841 608 1887 quid
630 1841 783 1876 homines
806 1840 922 1876 dicent
944 1841 1004 1876 ubi
1029 1840 1230 1877 audierint?
1261 1853 1304 1876 an
1330 1840 1472 1876 laudare
1495 1841 1581 1884 ista,
1617 1853 1660 1877 an

177 1890 299 1924 saltem
326 1889 382 1924 vel
404 1889 598 1924 tolerabilia
620 1901 761 1923 censere
787 1889 1004 1934 poterunt?”
1053 1894 1090 1923 et
1121 1888 1173 1923 his
1201 1894 1344 1934 repente
1375 1889 1478 1922 dictis
1509 1889 1661 1923 avolavit

175 1935 286 1970 instar
308 1936 465 1982 aquilae,
497 1936 629 1981 pudore
651 1937 827 1970 confusum
859 1935 1100 1980 imperatorem
1121 1935 1335 1981 relinquens;
1370 1946 1413 1969 ac
1436 1945 1500 1980 per
1521 1940 1657 1981 portam

174 1981 317 2017 triclinii
338 1984 505 2021 ferream,
532 1981 638 2027 pedes
661 1987 790 2027 quanta
813 1982 959 2016 maxima
980 1982 1096 2027 potuit
1118 1981 1323 2027 pernicitate
1345 1992 1507 2025 currens,
1531 1992 1657 2026 perve-

175 2029 226 2063 nit
249 2028 294 2062 ad
317 2040 430 2072 mare,
452 2028 569 2073 ibique
593 2040 680 2063 nave
705 2039 890 2062 conscensa
913 2028 1046 2062 domum
1070 2039 1109 2062 se
1130 2027 1262 2062 retulit.
1309 2031 1347 2062 at
1367 2027 1557 2073 imperator
1579 2027 1655 2073 ple-

174 2086 239 2110 nus
261 2074 343 2109 licet
365 2075 612 2117 contumeliae,
648 2086 689 2109 ac
711 2079 782 2109 tam
805 2075 994 2120 probrosae
1018 2075 1176 2119 repulsae
1201 2070 1303 2108 s'eusu
1326 2074 1443 2108 intimo
1467 2073 1653 2119 doloreque

173 2125 354 2163 aestuans,
393 2126 508 2156 tamen
546 2120 823 2166 magnanimitate
861 2121 1021 2156 simulata
1054 2120 1225 2155 sacrificio
1266 2119 1422 2166 perrexit
1454 2119 1650 2162 attendere,

172 2167 285 2212 quoad
318 2167 422 2202 missa
453 2174 596 2213 peracta
626 2178 804 2212 regressus
834 2172 999 2213 stansque
1027 2166 1062 2200 in
1090 2164 1250 2201 Aleiiaco
1274 2165 1438 2206 triclinio,
1472 2165 1563 2210 apud
1588 2176 1650 2199 eos

171 2224 259 2258 quos
280 2212 331 2247 ibi
360 2214 452 2248 sorte
484 2214 614 2259 reperit
636 2215 834 2259 episcopos,
868 2218 904 2248 et
925 2214 1011 2248 alios
1035 2224 1077 2247 ex
1100 2214 1192 2247 clero
1215 2224 1302 2258 quos
1325 2216 1528 2253 vocaverat,
1561 2222 1648 2257 que-

169 2264 246 2293 stus
269 2263 326 2294 est
346 2259 390 2294 de
407 2260 626 2305 patriarchae
649 2260 800 2303 duritia,
830 2260 1009 2294 “videte''
1042 2259 1200 2304 inquiens
1234 2262 1369 2304 “quam
1391 2257 1560 2292 inurbane
1581 2268 1646 2292 no-

169 2305 250 2340 stris
272 2317 311 2340 se
333 2307 487 2340 manibus
512 2307 730 2353 proripuerit.
768 2307 798 2340 si
820 2306 1014 2340 offensurus
1038 2305 1232 2351 prodierat,
1253 2304 1336 2350 quid
1352 2304 1523 2338 attinebat
1539 2303 1642 2338 etiam

168 2352 213 2386 ad
237 2363 299 2386 nos
325 2352 518 2387 accedere?
546 2364 668 2386 verum
689 2356 729 2386 ut
750 2357 915 2399 apparet,
943 2352 1098 2396 effugere
1119 2350 1280 2386 iudicium
1302 2350 1443 2384 moliens
1466 2349 1580 2384 induit
1601 2361 1641 2384 se

167 2398 296 2443 magis,
320 2398 566 2444 intricavitque
586 2398 654 2433 illis
676 2399 760 2444 ipsis
783 2410 869 2444 quos
892 2399 1064 2432 declinare
1090 2397 1183 2443 cupit
1207 2397 1339 2442 laqueis
1362 2396 1571 2442 quaestionis
1595 2396 1640 2430 de

166 2444 244 2490 ipso
277 2449 446 2490 coeptae;
479 2456 581 2490 quam
606 2456 728 2479 censeo
759 2445 834 2486 sine
859 2456 955 2479 mora
975 2443 1182 2489 urgendum,
1214 2454 1280 2476 nec
1302 2443 1577 2477 committendum
1599 2445 1639 2476 ut

166 2490 439 2534 cavillationum,
460 2490 584 2537 quibus
606 2491 744 2525 eludere
767 2490 864 2535 leges
887 2490 1028 2534 nititur,
1048 2491 1196 2524 fructum
1218 2493 1373 2535 optatum
1395 2500 1518 2523 secure
1541 2489 1641 2522 aufe-

165 2541 243 2580 rat,
274 2538 463 2583 quaesitam
484 2536 733 2583 impunitatem.
778 2537 936 2583 quoniam
959 2536 1068 2580 igitur
1089 2535 1196 2570 tertia
1216 2539 1349 2570 tantum
1372 2534 1491 2569 citatio
1514 2545 1637 2579 super·

165 2587 238 2625 est,
270 2595 335 2627 ea,
365 2583 468 2618 velim
482 2609 493 2626 ,
518 2583 735 2628 congregatis
756 2582 874 2617 statim
897 2582 999 2617 vobis
1022 2582 1227 2616 decernatur
1251 2585 1287 2616 et
1306 2581 1392 2624 fiat3
1426 2585 1462 2615 et
1484 2580 1517 2616 si
1539 2579 1637 2614 vadi-

162 2629 309 2664 monium
340 2631 467 2664 citatus
497 2629 645 2672 stiterit,
675 2629 835 2664 contiuuo
855 2628 1044 2663 iudicetur:
1079 2629 1134 2663 sin
1157 2628 1285 2672 minus,
1315 2633 1468 2662 vestrum
1491 2626 1558 2660 erit
1579 2625 1633 2659 vi-

163 2675 248 2710 dere
269 2675 351 2722 quid
374 2675 629 2711 de.c0nt11maci
649 2680 850 2710 recusatore
870 2675 988 2710 iudicii
1010 2685 1154 2720 aequum
1183 2674 1232 2709 sit
1259 2678 1428 2709 statuere.
1474 2672 1509 2706 id
1534 2671 1633 2717 equi-

162 2721 242 2756 dem·
260 2722 296 2756 in
319 2727 435 2757 vestro
456 2722 601 2757 arbitrio
623 2722 838 2768 relinquen5‚
859 2721 924 2756 deo
944 2721 1104 2767 permitto
1127 2724 1168 2755 ut
1188 2725 1292 2767 prout
1311 2720 1359 2754 illi
1383 2717 1554 2766 placuerit
1566 2728 1632 2762 gu-

162 2767 368 2803 bernetur.'²
417 2781 459 2803 ea
483 2781 558 2803 cum
581 2768 741 2811 dixisset,
762 2768 847 2803 illud
870 2774 1052 2814 praeterea
1073 2779 1139 2813 per
1161 2766 1339 2813 quamdam
1360 2766 1476 2800 utilem
1499 2764 1632 2798 intento

160 2814 498 2860 praeoccupationem
521 2815 698 2860 adiunxit,
730 2814 821 2862 quod
843 2814 1040 2862 plerumque
1064 2813 1282 2860 contingeret
1301 2813 1396 2859 ipsos
1419 2811 1463 2846 de
1485 2809 1634 2856 negotiis
