1846 3262
193 207 259 253 56
628 205 864 257 GEORGII
890 206 1243 251 PACHYMERIS

196 339 240 365 τε
267 322 336 364 καὶ
365 317 540 374 ξενικόν,
578 316 838 376 ἁρπάσαντες
857 320 929 364 τὸν
946 317 1112 378 καιρόν,
1149 321 1190 364 οἶ
1208 321 1284 376 μὲν
1305 317 1539 377 ἀμύνεσθαι
1565 320 1664 372 τούς

198 388 462 446 λυπήσαντας
501 387 760 445 ὀρεγόμενοι,
801 390 851 433 οἶ·
878 390 919 433 δ’
962 387 1207 447 ε’φηδόμενοι
1235 397 1346 444 τοῖς,
1392 392 1427 434 εἲ
1452 392 1664 446 δυνηθεῖεν

198 462 362 511 ἐκεῖνοι,
393 458 778 515 τολμηθησομένοις
813 456 931 520 (ταῖς
959 459 1036 516 γὰρ
1069 460 1347 514 καινοτομίαις
1367 458 1431 502 ἀεί
1457 476 1555 502 ποτε
1567 459 1664 514 χαί-

199 543 340 585 ρουσιν
360 525 577 584 ἄνθρωποι
588 561 601 581 ,
640 530 707 571 καὶ
728 526 830 589 ῥᾷόν
850 545 910 579 τις
927 528 1026 572 ἰδών
1048 528 1188 572 καινὸν
1204 527 1328 571 κακὸν
1348 529 1539 572 τελεσθὲν
1559 529 1664 585 ἐφη-

198 598 318 653 σθείη
352 603 440 648 τοῖς
466 601 676 640 παθοῦσιν
714 596 740 654 ἢ
780 597 942 654 ἀγαθὸν
982 598 1210 653 συνησθείη
1253 604 1339 647 τοῖς
1364 594 1697 653 ἀπολαύσασι),5

78 674 106 707 Ρ
132 673 176 708 32
200 672 412 722 συμμιγεῖς
447 670 506 726 τῷ
543 664 695 721 πλήθει
724 664 930 723 γενόμενοι
959 667 1099 723 φωνὰς
1129 666 1279 722 ἧφίουν
1310 665 1444 716 δεινὰς
1476 663 1666 709 κάτωθεν

201 734 286 778 &vab
315 736 382 778 καὶ
407 735 465 790 μὴ
498 736 732 795 φαινομένῳ
758 740 816 794 τῷ
843 739 1024 790 βασιλεῖ’,
1062 737 1129 779 καὶ
1161 733 1425 779 ἔπενεκάλουν
1455 734 1560 777 uacci
1583 738 1667 777 τῶν

200 806 332 860 δῆθεν
366 803 571 858 ἀπίστων,
618 805 718 855 τούς
754 803 1043 857 Μουζάλωνας
1076 802 1367 860 αἰνιττόμενοι,
1415 806 1535 859 ζῆλον
1564 801 1666 861 ὑπὲρ

202 872 332 917 αὐτοῦ
367 874 434 916 καὶ
466 878 540 917 τοῦ
569 873 708 930 γένους
733 874 1046 928 ε’νδεικνυμένοις
1066 871 1239 924 ἐοικότες
1260 870 1432 930 θερμόν.
1505 873 1571 915 καὶ
1595 873 1667 915 ἵνα

200 942 259 998 μὴ
282 939 491 999 φθάσειαν
510 943 649 986 ἐκεῖνοι
674 942 753 1000 πρὸ
774 946 848 986 τοῦ
871 947 1022 986 παθεῖν
1044 940 1293 999 δράσαντες,
1333 939 1509 991 δεδιότες
1539 943 1668 997 δῆθεν
1680 946 1724 980 10

203 1011 450 1056 ἐπέσπευδον
485 1011 559 1066 τὴν
599 1011 665 1055 ἐπ’
709 1013 885 1062 ἐκείνους
923 1016 997 1055 τοῦ
1043 1012 1244 1066 βασιλέως
1283 1009 1536 1068 ἓγχώρησιν,
1600 1011 1669 1052 καὶ

201 1078 278 1135 ἅμ’
301 1078 475 1135 ἐδήλουν
501 1079 557 1131 ὥς
575 1081 683 1138 εἴπερ
705 1078 971 1135 ὃβασιλεύων
993 1079 1154 1138 ἐφήσει·
1191 1084 1225 1124 εἲ
1247 1081 1287 1124 δ’
1314 1075 1406 1133 οὖν,
1445 1079 1541 1122 ἀλλ’
1566 1080 1668 1122 ἒκεΐ-

202 1166 265 1192 νοι
283 1151 349 1192 καὶ
372 1147 506 1200 οὕτως
523 1151 844 1206 ἐπιδραμοῦνται
866 1151 932 1192 καὶ
954 1147 1297 1207 καταπράξονται.
1368 1153 1500 1191 ταῦτα
1529 1146 1670 1204 λεγόν-

151 1223 181 1258 Β
207 1235 287 1262 των
318 1216 406 1273 ἅμα
437 1220 505 1261 καὶ
534 1216 857 1275 θορυβούντων,
906 1219 946 1262 οἳ
974 1219 1048 1274 τὴν
1077 1218 1294 1274 βασιλικὴν
1325 1217 1510 1275 φυλακὴν
1537 1218 1670 1259 ἐπιτε-

205 1286 455 1344 τραμμένοι,
492 1288 681 1344 δηλωθὲν
713 1287 906 1338 κάκείνοις
929 1287 976 1336 τὸ
1005 1285 1197 1343 τόλμημα
1206 1321 1220 1341 ,
1255 1286 1282 1343 ἢ
1314 1289 1381 1329 καὶ
1409 1286 1522 1343 παρὰ
1545 1290 1669 1328 τοῦτο
1683 1290 1726 1326 15

205 1353 426 1412 πρότερον,
472 1355 498 1411 ἢ
535 1357 616 1412 μὴν
643 1355 731 1411 ἅμα
760 1361 817 1415 τῷ
852 1361 1051 1413 θορυβεῖν
1083 1358 1257 1406 ἐκείνους
1287 1357 1493 1405 δείσαντες
1524 1357 1668 1410 δῆθεν,

207 1422 417 1481 ἐξάγουσιν
438 1424 566 1476 εὐθὺς
584 1424 630 1469 τὸ
652 1426 829 1478 παιδίον,
867 1425 971 1468 κατὰ
990 1427 1200 1468 δυσωπίαν
1216 1424 1472 1480 ἐλπιζομένην
1497 1422 1552 1474 ὥς
1565 1425 1672 1466 ἐ’κεί-

207 1510 303 1545 νους
324 1495 533 1552 ἐμφαίνειν
555 1498 775 1545 ποιοῦντας
794 1495 956 1553 ἐμφανῆ
978 1494 1049 1538 τὸν
1070 1498 1315 1552 κρατοῦντα.
1386 1491 1441 1544 ὡς
1462 1494 1506 1536 δὲ
1523 1492 1673 1550 φανέν·-

296 1604 331 1640 5.
347 1606 426 1646 τοῖς
442 1608 522 1639 ante
537 1605 633 1642 παθ,
649 1604 781 1640 deerat.
874 1607 908 1641 9.
925 1603 1002 1642 ἐνδ.
1018 1604 1081 1641 καὶ
1097 1601 1257 1645 ἐοικότες
1271 1603 1313 1639 P.
1406 1603 1462 1639 17.
1478 1600 1534 1648 τὰ]
1553 1601 1615 1638 καὶ
1632 1603 1673 1637 P.

211 1695 392 1730 dulcedine
424 1696 588 1732 novitatis
611 1699 647 1732 et
669 1697 868 1733 curiositate
897 1697 972 1743 spei
997 1697 1097 1732 mista
1120 1708 1197 1731 mox
1219 1695 1359 1731 videndi
1386 1694 1463 1740 quis
1487 1695 1675 1740 responde-

212 1747 266 1776 ret
299 1753 477 1777 successus
507 1744 715 1789 ancipitibus
743 1745 886 1779 aliorum
917 1744 1069 1790 coeptis,
1105 1749 1141 1777 et
1164 1754 1207 1777 an
1231 1754 1299 1778 non
1322 1743 1415 1777 forte
1438 1741 1566 1787 aliquid
1591 1741 1676 1786 ipsis

213 1788 296 1822 utile
320 1789 480 1833 privatim
504 1801 524 1823 e
546 1790 660 1824 statim
685 1790 992 1835 perturbandarum
1025 1789 1225 1824 confusione
1253 1800 1364 1823 rerum
1388 1788 1538 1822 oriretur
1572 1787 1676 1830 (ino-

210 1834 338 1880 pinatis
373 1835 462 1869 enim
495 1835 738 1871 mutationibus
770 1837 846 1871 fere
876 1848 1012 1882 semper
1034 1836 1250 1871 delectantur
1272 1834 1444 1876 homines3
1483 1838 1519 1868 et
1541 1833 1676 1868 facilius

210 1881 288 1926 quis
319 1879 439 1915 videns
469 1892 591 1916 novum
623 1882 805 1928 quodpiam
835 1882 870 1916 in
902 1883 1033 1928 aliquos
1073 1883 1194 1916 malum
1225 1881 1387 1925 ingruere
1417 1881 1599 1925 malignum
1631 1879 1676 1914 de

211 1927 324 1961 aliena
368 1927 560 1962 calamitate
599 1928 726 1964 sentiat
767 1929 929 1975 gaudium
964 1940 1064 1974 quam
1097 1929 1185 1962 bono
1218 1927 1414 1962 fruentibus
1446 1925 1675 1971 collaetetur)

210 1978 313 2015 tunc,
328 1973 497 2018 inquam,
521 1973 685 2009 militares
704 1975 883 2019 utriusque
905 1975 1041 2020 generis
1066 1974 1204 2020 copiae,
1229 1973 1352 2020 partim
1375 1974 1529 2008 furentes
1551 1972 1675 2018 partim

210 2019 372 2055 faventes
395 2020 608 2061 furentibus,
641 2021 732 2067 plebi
759 2022 863 2056 nihilo
887 2022 1001 2056 mitius
1025 2021 1194 2055 animatae
1215 2020 1337 2066 passim
1362 2019 1489 2053 mixtae
1503 2044 1514 2061 ,
1535 2019 1676 2053 insanos

212 2066 419 2101 attollebant
454 2067 617 2104 clamores
640 2079 684 2102 ex
707 2067 773 2103 imo
798 2073 834 2102 et
858 2068 956 2103 atriis
980 2068 1100 2113 palatii
1132 2078 1267 2101 sursum
1291 2070 1327 2100 et
1348 2066 1519 2099 fenestras
1542 2075 1677 2107 versus,

212 2113 272 2147 ubi
302 2112 563 2159 imperatorem,
596 2113 655 2159 qui
687 2125 754 2148 non
786 2115 998 2161 apparebat,
1034 2124 1110 2148 esse
1142 2114 1330 2159 putabant,
1369 2111 1597 2158 deposcentes
1633 2111 1678 2145 ad

211 2170 355 2204 poenam
379 2159 549 2205 perfidos,
585 2171 652 2205 quo
676 2159 808 2195 nomine
834 2161 1031 2196 Muzalones
1057 2160 1264 2200 innuebant,
1297 2158 1404 2192 zelum
1429 2158 1464 2192 in
1489 2159 1677 2202 Augustum

212 2209 248 2239 et
272 2217 379 2251 genus
403 2205 476 2240 eius
496 2210 708 2241 ostentantes
733 2211 769 2241 et
791 2206 933 2253 egregie
956 2207 1153 2241 simulantes
1176 2205 1352 2239 ardentem
1366 2230 1375 2248 ‚
1412 2216 1453 2238 ac
1477 2204 1678 2249 significan·

212 2257 266 2286 tes
290 2256 381 2286 metu
403 2264 441 2287 se
462 2252 624 2286 malorum
650 2253 802 2298 Augusto
827 2253 1064 2287 imminentium
1082 2251 1221 2297 impelli,
1245 2251 1396 2295 nihilque
1419 2250 1559 2285 studere
1583 2250 1677 2284 aliud

212 2298 277 2332 nisi
304 2309 557 2344 praeoccupare
581 2299 754 2334 destinata
777 2300 842 2333 iam
868 2300 911 2334 ab
934 2299 1009 2333 istis
1032 2298 1106 2332 dira
1130 2301 1166 2332 in
1192 2298 1378 2343 principem
1404 2296 1579 2338 facinora,
1614 2296 1679 2331 da-

213 2356 321 2389 reque
353 2356 491 2391 operam
521 2349 560 2379 ut
588 2345 711 2380 nefarii
740 2346 890 2380 latrones
923 2346 1016 2392 prius
1046 2345 1134 2379 iuste
1166 2345 1344 2390 patiantur
1365 2356 1407 2378 ea
1430 2344 1554 2388 quibus
1584 2342 1679 2387 digni

215 2395 312 2433 sunt,
347 2402 444 2436 quam
479 2391 672 2426 immaniter
705 2397 918 2438 exequantur
945 2403 1032 2438 quae
1054 2392 1089 2425 in
1115 2390 1278 2436 principis
1304 2395 1339 2424 et
1363 2389 1573 2434 reipublicae
1598 2399 1680 2434 per-

215 2436 335 2471 niciem
369 2437 537 2482 cogitant.
584 2437 647 2472 hac
678 2438 842 2473 benevola
875 2438 919 2472 de
949 2439 1061 2472 salute
1089 2436 1306 2482 imperatoris
1336 2434 1552 2471 solicitudine
1585 2445 1679 2468 mon-

216 2483 356 2518 stranda
383 2483 419 2517 id
451 2484 620 2529 agebant,
656 2490 695 2518 ut
727 2495 897 2519 assensum
930 2484 1005 2519 eius
1027 2485 1063 2518 in
1088 2484 1154 2517 vim
1182 2494 1283 2528 quam
1308 2482 1479 2528 parabant
1501 2481 1679 2522 elicerent,

216 2529 315 2574 quasi
347 2529 521 2575 cupientes
552 2542 625 2564 cum
652 2531 741 2565 bona
772 2531 846 2565 eius
867 2531 967 2566 venia
992 2530 1082 2576 quod
1106 2530 1333 2564 decreverant
1356 2528 1544 2573 perlicere,
1579 2527 1679 2561 simul

216 2575 493 2620 subindicantes,
527 2575 557 2610 si
589 2575 747 2621 princeps
775 2577 948 2611 remissior
977 2577 1011 2611 in
1043 2576 1256 2621 indulgentia
1280 2578 1471 2621 perstaret,
1506 2584 1544 2608 se
1566 2577 1680 2607 tamen

218 2633 438 2666 procursuros
463 2634 529 2668 quo
551 2621 788 2665 intenderent,
813 2629 850 2658 et
872 2623 1044 2658 destinata
1070 2627 1340 2668 perpetraturos.
1386 2619 1469 2654 talia
1492 2618 1560 2652 illis
1584 2618 1682 2653 voci·

217 2669 432 2713 ferentibus,
464 2668 563 2702 simul
587 2673 622 2703 et
644 2669 945 2711 tumultuantibus,
975 2669 1000 2703 ii
1026 2670 1148 2715 quibus
1177 2668 1353 2704 commissa
1377 2665 1542 2711 principis
1566 2669 1681 2699 custo·-

216 2714 273 2748 dia
299 2715 432 2758 tuerat,
466 2714 540 2750 sive
562 2726 583 2749 a
606 2714 766 2760 quopiam
790 2716 833 2750 de
856 2727 894 2750 re
918 2727 1005 2762 quae
1037 2716 1202 2760 agebatur
1224 2715 1323 2760 prius
1347 2712 1484 2754 edocti,
1518 2710 1592 2746 sive
1616 2709 1681 2744 sibi

217 2760 302 2805 ipsis
336 2760 371 2794 in
402 2765 499 2796 tanto
530 2762 673 2795 tumultu
704 2765 913 2804 metuentes,
947 2762 1096 2796 educunt
1129 2771 1267 2807 puerum
1293 2763 1500 2805 Augustum,
1536 2768 1621 2802 prae
1643 2767 1682 2791 se

217 2808 368 2841 serentes
392 2808 428 2842 id
451 2819 490 2842 se
512 2819 617 2852 agere
638 2817 701 2853 spe
725 2807 914 2852 placandae
936 2807 1113 2842 seditionis
1143 2811 1284 2853 aspectu
1309 2812 1346 2840 et
1365 2804 1563 2839 reverentia
1586 2802 1684 2848 prin-

218 2851 324 2899 cipis,
367 2853 657 2902 componendique
687 2858 772 2889 nutu
804 2853 878 2890 elus
909 2854 944 2889 in
975 2853 1172 2889 modestiam
1203 2852 1376 2900 inquietos
1407 2851 1542 2885 furores
1575 2848 1683 2896 plebis
