<?xml version="1.0" encoding="UTF-8"?>
<!DOCTYPE html PUBLIC "-//W3C//DTD XHTML 1.0 Transitional//EN"
    "http://www.w3.org/TR/xhtml1/DTD/xhtml1-transitional.dtd">
<html xmlns="http://www.w3.org/1999/xhtml" xml:lang="en" lang="en">
 <head>
  <title>
</title>
<meta http-equiv="Content-Type" content="text/html;charset=utf-8" />
  <meta name='ocr-system' content='tesseract 3.04.00' />
  <meta name='ocr-capabilities' content='ocr_page ocr_carea ocr_par ocr_line ocrx_word'/>
</head>
<body>
  <div class='ocr_page' id='page_1' title='image "./corpusscriptorum17niebuoft_0254.png"; bbox 0 0 1884 3262; ppageno 0'>
   <div class='ocr_carea' id='block_1_1' title="bbox 245 206 1287 261">
    <p class='ocr_par' dir='ltr' id='par_1_1' title="bbox 245 206 1287 261">
     <span class='ocr_line' id='line_1_1' title="bbox 245 206 1287 261; baseline -0.003 -4"><span class='ocrx_word' id='word_1_1' title='bbox 245 211 345 257; x_wconf 81' lang='lat'><strong>236</strong></span> <span class='ocrx_word' id='word_1_2' title='bbox 665 206 903 261; x_wconf 84' lang='lat' dir='ltr'>GEORGII</span> <span class='ocrx_word' id='word_1_3' title='bbox 934 206 1287 254; x_wconf 85' lang='lat' dir='ltr'>PACHYMERIS</span> 
     </span>
    </p>
   </div>
   <div class='ocr_carea' id='block_1_2' title="bbox 104 318 1776 1550">
    <p class='ocr_par' dir='ltr' id='par_1_2' title="bbox 104 318 1776 1550">
     <span class='ocr_line' id='line_1_2' title="bbox 244 318 1717 381; baseline -0.001 -13"><span class='ocrx_word' id='word_1_4' title='bbox 244 323 357 374; x_wconf 71' lang='grc' dir='ltr'><em>ὅντες</em></span> <span class='ocrx_word' id='word_1_5' title='bbox 376 321 431 373; x_wconf 84' lang='grc' dir='ltr'><strong>ὥς</strong></span> <span class='ocrx_word' id='word_1_6' title='bbox 451 318 684 365; x_wconf 78' lang='grc' dir='ltr'><em>ἀνάστατον</em></span> <span class='ocrx_word' id='word_1_7' title='bbox 701 319 953 378; x_wconf 80' lang='grc' dir='ltr'><em>ποιήσοντες.</em></span> <span class='ocrx_word' id='word_1_8' title='bbox 1024 321 1341 379; x_wconf 76' lang='grc' dir='ltr'><em>ἠκροβολίζοντο</em></span> <span class='ocrx_word' id='word_1_9' title='bbox 1360 327 1458 381; x_wconf 75' lang='grc' dir='ltr'><em>γοῦν</em></span> <span class='ocrx_word' id='word_1_10' title='bbox 1480 322 1590 368; x_wconf 73' lang='grc' dir='ltr'><em>καθ’</em></span> <span class='ocrx_word' id='word_1_11' title='bbox 1613 320 1717 379; x_wconf 75' lang='grc' dir='ltr'><em>ἦμέ-</em></span> 
     </span>
     <span class='ocr_line' id='line_1_3' title="bbox 242 389 1716 449; baseline -0.001 -14"><span class='ocrx_word' id='word_1_12' title='bbox 242 411 319 449; x_wconf 88' lang='grc' dir='ltr'><strong>ραν</strong></span> <span class='ocrx_word' id='word_1_13' title='bbox 338 395 671 447; x_wconf 85' lang='grc' dir='ltr'><em>περικυκλοῦντες</em></span> <span class='ocrx_word' id='word_1_14' title='bbox 690 391 736 434; x_wconf 85' lang='grc' dir='ltr'><strong>τὸ</strong></span> <span class='ocrx_word' id='word_1_15' title='bbox 758 389 982 449; x_wconf 84' lang='grc' dir='ltr'><em>φρούριον,</em></span> <span class='ocrx_word' id='word_1_16' title='bbox 1022 394 1089 434; x_wconf 80' lang='grc' dir='ltr'><em>καὶ</em></span> <span class='ocrx_word' id='word_1_17' title='bbox 1110 391 1304 447; x_wconf 78' lang='grc' dir='ltr'><em>ἠπείλουν</em></span> <span class='ocrx_word' id='word_1_18' title='bbox 1322 400 1408 443; x_wconf 83' lang='grc' dir='ltr'><em>τοῖς</em></span> <span class='ocrx_word' id='word_1_19' title='bbox 1428 391 1543 443; x_wconf 77' lang='grc' dir='ltr'><em>ἐντός</em></span> <span class='ocrx_word' id='word_1_20' title='bbox 1553 425 1567 446; x_wconf 85' lang='grc'>,</span> <span class='ocrx_word' id='word_1_21' title='bbox 1603 394 1639 435; x_wconf 75' lang='grc' dir='ltr'><strong>εἴ</strong></span> <span class='ocrx_word' id='word_1_22' title='bbox 1655 392 1716 448; x_wconf 78' lang='grc' dir='ltr'><strong>μὴ</strong></span> 
     </span>
     <span class='ocr_line' id='line_1_4' title="bbox 240 458 1717 520; baseline 0 -17"><span class='ocrx_word' id='word_1_23' title='bbox 240 462 457 518; x_wconf 78' lang='grc' dir='ltr'><em>προδοῖεν,</em></span> <span class='ocrx_word' id='word_1_24' title='bbox 495 459 548 502; x_wconf 81' lang='grc' dir='ltr'><strong>τὰ</strong></span> <span class='ocrx_word' id='word_1_25' title='bbox 565 461 763 517; x_wconf 86' lang='grc' dir='ltr'><em>χείριστα.</em></span> <span class='ocrx_word' id='word_1_26' title='bbox 838 461 877 503; x_wconf 80' lang='grc' dir='ltr'><strong>οἱ</strong></span> <span class='ocrx_word' id='word_1_27' title='bbox 906 462 952 503; x_wconf 79' lang='grc' dir='ltr'><strong>δὲ</strong></span> <span class='ocrx_word' id='word_1_28' title='bbox 974 458 1147 517; x_wconf 80' lang='grc' dir='ltr'><em>ὁρῶντες</em></span> <span class='ocrx_word' id='word_1_29' title='bbox 1171 461 1248 515; x_wconf 75' lang='grc' dir='ltr'><strong>μέν</strong></span> <span class='ocrx_word' id='word_1_30' title='bbox 1271 463 1338 503; x_wconf 84' lang='grc' dir='ltr'><em>καὶ</em></span> <span class='ocrx_word' id='word_1_31' title='bbox 1358 461 1411 504; x_wconf 78' lang='grc' dir='ltr'><strong>τὰ</strong></span> <span class='ocrx_word' id='word_1_32' title='bbox 1433 461 1544 505; x_wconf 81' lang='grc' dir='ltr'><em>δεινὰ</em></span> <span class='ocrx_word' id='word_1_33' title='bbox 1565 463 1607 504; x_wconf 71' lang='grc' dir='ltr'><strong>ἓν</strong></span> <span class='ocrx_word' id='word_1_34' title='bbox 1626 464 1717 520; x_wconf 71' lang='grc' dir='ltr'><strong>χρῷ</strong></span> 
     </span>
     <span class='ocr_line' id='line_1_5' title="bbox 208 526 1719 587; baseline 0.001 -15"><span class='ocrx_word' id='word_1_35' title='bbox 208 533 213 536; x_wconf 56' lang='grc'><em>“</em></span> <span class='ocrx_word' id='word_1_36' title='bbox 241 530 380 586; x_wconf 87' lang='grc' dir='ltr'><em>σφίσιν</em></span> <span class='ocrx_word' id='word_1_37' title='bbox 408 527 535 581; x_wconf 73' lang='grc' dir='ltr'><em>ὄντα,</em></span> <span class='ocrx_word' id='word_1_38' title='bbox 573 530 641 573; x_wconf 85' lang='grc' dir='ltr'><em>καὶ</em></span> <span class='ocrx_word' id='word_1_39' title='bbox 676 526 731 579; x_wconf 81' lang='grc' dir='ltr'><strong>ὥς</strong></span> <span class='ocrx_word' id='word_1_40' title='bbox 761 528 810 572; x_wconf 83' lang='grc' dir='ltr'><strong>οὗ</strong></span> <span class='ocrx_word' id='word_1_41' title='bbox 843 529 980 586; x_wconf 80' lang='grc' dir='ltr'><em>φυκτὰ</em></span> <span class='ocrx_word' id='word_1_42' title='bbox 1010 529 1062 572; x_wconf 76' lang='grc' dir='ltr'><strong>τὰ</strong></span> <span class='ocrx_word' id='word_1_43' title='bbox 1090 529 1195 572; x_wconf 77' lang='grc' dir='ltr'><em>κατὰ</em></span> <span class='ocrx_word' id='word_1_44' title='bbox 1226 533 1364 587; x_wconf 79' lang='grc' dir='ltr'><em>σφᾶς,</em></span> <span class='ocrx_word' id='word_1_45' title='bbox 1402 531 1438 572; x_wconf 75' lang='grc' dir='ltr'><strong>εἰ</strong></span> <span class='ocrx_word' id='word_1_46' title='bbox 1467 531 1719 587; x_wconf 73' lang='grc' dir='ltr'><em>ἐπιβρίσειαν</em></span> 
     </span>
     <span class='ocr_line' id='line_1_6' title="bbox 241 596 1753 655; baseline 0.001 -16"><span class='ocrx_word' id='word_1_47' title='bbox 241 601 408 653; x_wconf 77' lang='grc' dir='ltr'><em>πλῆθος</em></span> <span class='ocrx_word' id='word_1_48' title='bbox 442 596 555 647; x_wconf 72' lang='grc' dir='ltr'><em>ὄντες</em></span> <span class='ocrx_word' id='word_1_49' title='bbox 587 597 683 640; x_wconf 73' lang='grc' dir='ltr'><strong>οὐδ’</strong></span> <span class='ocrx_word' id='word_1_50' title='bbox 717 599 781 640; x_wconf 72' lang='grc' dir='ltr'><strong>ἐπὶ</strong></span> <span class='ocrx_word' id='word_1_51' title='bbox 809 598 956 655; x_wconf 84' lang='grc' dir='ltr'><em>μικρὸν</em></span> <span class='ocrx_word' id='word_1_52' title='bbox 985 597 1258 654; x_wconf 80' lang='grc' dir='ltr'><em>λογιζόμενοι,</em></span> <span class='ocrx_word' id='word_1_53' title='bbox 1308 596 1484 655; x_wconf 81' lang='grc' dir='ltr'><em>ὁρῶντες</em></span> <span class='ocrx_word' id='word_1_54' title='bbox 1516 600 1561 641; x_wconf 78' lang='grc' dir='ltr'><strong>δὲ</strong></span> <span class='ocrx_word' id='word_1_55' title='bbox 1581 600 1650 641; x_wconf 86' lang='grc' dir='ltr'><em>καὶ</em></span> <span class='ocrx_word' id='word_1_56' title='bbox 1669 597 1753 646; x_wconf 67' lang='grc' dir='ltr'><strong>τόὄ</strong></span> 
     </span>
     <span class='ocr_line' id='line_1_7' title="bbox 241 663 1719 724; baseline 0.001 -16"><span class='ocrx_word' id='word_1_57' title='bbox 241 664 442 724; x_wconf 79' lang='grc' dir='ltr'><em>φρούριον</em></span> <span class='ocrx_word' id='word_1_58' title='bbox 466 663 521 716; x_wconf 82' lang='grc' dir='ltr'><strong>ὥς</strong></span> <span class='ocrx_word' id='word_1_59' title='bbox 539 667 886 723; x_wconf 79' lang='grc' dir='ltr'><em>κατερηριμμένον</em></span> <span class='ocrx_word' id='word_1_60' title='bbox 910 669 977 710; x_wconf 84' lang='grc' dir='ltr'><em>καὶ</em></span> <span class='ocrx_word' id='word_1_61' title='bbox 1007 669 1187 711; x_wconf 77' lang='grc' dir='ltr'><em>ἒνὸῶσον</em></span> <span class='ocrx_word' id='word_1_62' title='bbox 1214 666 1362 709; x_wconf 82' lang='grc' dir='ltr'><em>αὐτίκα</em></span> <span class='ocrx_word' id='word_1_63' title='bbox 1393 669 1428 710; x_wconf 80' lang='grc' dir='ltr'><strong>εἴ</strong></span> <span class='ocrx_word' id='word_1_64' title='bbox 1449 664 1719 723; x_wconf 83' lang='grc' dir='ltr'><em>μηχανήμασι</em></span> 
     </span>
     <span class='ocr_line' id='line_1_8' title="bbox 191 732 1720 793; baseline -0.001 -13"><span class='ocrx_word' id='word_1_65' title='bbox 191 745 224 780; x_wconf 82' lang='lat' dir='ltr'>E</span> <span class='ocrx_word' id='word_1_66' title='bbox 249 739 574 793; x_wconf 74' lang='grc' dir='ltr'><em>προσκρουσθῇ,</em></span> <span class='ocrx_word' id='word_1_67' title='bbox 611 736 654 778; x_wconf 78' lang='grc' dir='ltr'><strong>ἐν</strong></span> <span class='ocrx_word' id='word_1_68' title='bbox 685 738 830 786; x_wconf 76' lang='grc' dir='ltr'><em>δεινοῖς</em></span> <span class='ocrx_word' id='word_1_69' title='bbox 863 732 982 791; x_wconf 78' lang='grc' dir='ltr'><em>ἦσαν.</em></span> <span class='ocrx_word' id='word_1_70' title='bbox 1054 736 1160 791; x_wconf 84' lang='grc' dir='ltr'><em>πλὴν</em></span> <span class='ocrx_word' id='word_1_71' title='bbox 1189 735 1284 779; x_wconf 74' lang='grc' dir='ltr'><strong>οὐδ’</strong></span> <span class='ocrx_word' id='word_1_72' title='bbox 1316 738 1359 779; x_wconf 77' lang='grc' dir='ltr'><strong>οἵ</strong></span> <span class='ocrx_word' id='word_1_73' title='bbox 1381 752 1425 792; x_wconf 80' lang='grc' dir='ltr'><strong>γε</strong></span> <span class='ocrx_word' id='word_1_74' title='bbox 1453 733 1720 792; x_wconf 53' lang='grc' dir='ltr'><em>κατερραθύα</em></span> 
     </span>
     <span class='ocr_line' id='line_1_9' title="bbox 242 803 1720 861; baseline -0.001 -14"><span class='ocrx_word' id='word_1_75' title='bbox 242 822 349 859; x_wconf 89' lang='grc' dir='ltr'><em>μουν</em></span> <span class='ocrx_word' id='word_1_76' title='bbox 372 804 431 860; x_wconf 88' lang='grc' dir='ltr'><strong>μὴ</strong></span> <span class='ocrx_word' id='word_1_77' title='bbox 451 806 519 846; x_wconf 82' lang='grc' dir='ltr'><em>καὶ</em></span> <span class='ocrx_word' id='word_1_78' title='bbox 539 811 726 860; x_wconf 78' lang='grc' dir='ltr'><em>προνοεῖν</em></span> <span class='ocrx_word' id='word_1_79' title='bbox 748 803 911 855; x_wconf 72' lang='grc' dir='ltr'><em>ἑαυτοῖς</em></span> <span class='ocrx_word' id='word_1_80' title='bbox 932 805 984 848; x_wconf 79' lang='grc' dir='ltr'><strong>τὰ</strong></span> <span class='ocrx_word' id='word_1_81' title='bbox 1010 805 1066 855; x_wconf 76' lang='grc' dir='ltr'><strong>εἷς</strong></span> <span class='ocrx_word' id='word_1_82' title='bbox 1098 806 1319 861; x_wconf 74' lang='grc' dir='ltr'><em>σωτηρίαν.</em></span> <span class='ocrx_word' id='word_1_83' title='bbox 1391 806 1433 847; x_wconf 69' lang='grc' dir='ltr'><strong>ἓν</strong></span> <span class='ocrx_word' id='word_1_84' title='bbox 1451 804 1565 861; x_wconf 83' lang='grc' dir='ltr'><em>με’ρει</em></span> <span class='ocrx_word' id='word_1_85' title='bbox 1585 805 1630 847; x_wconf 77' lang='grc' dir='ltr'><strong>δὲ</strong></span> <span class='ocrx_word' id='word_1_86' title='bbox 1650 805 1720 847; x_wconf 69' lang='grc' dir='ltr'><em>καὶ</em></span> 
     </span>
     <span class='ocr_line' id='line_1_10' title="bbox 244 868 1715 931; baseline 0 -16"><span class='ocrx_word' id='word_1_87' title='bbox 244 873 285 915; x_wconf 80' lang='grc' dir='ltr'><strong>οἳ</strong></span> <span class='ocrx_word' id='word_1_88' title='bbox 312 874 403 928; x_wconf 85' lang='grc' dir='ltr'><em>περὶ</em></span> <span class='ocrx_word' id='word_1_89' title='bbox 431 873 479 916; x_wconf 84' lang='grc' dir='ltr'><strong>τὸ</strong></span> <span class='ocrx_word' id='word_1_90' title='bbox 506 873 640 916; x_wconf 84' lang='grc' dir='ltr'><em>κοινὸν</em></span> <span class='ocrx_word' id='word_1_91' title='bbox 666 881 849 927; x_wconf 83' lang='grc' dir='ltr'><em>ταμιεῖον</em></span> <span class='ocrx_word' id='word_1_92' title='bbox 882 875 924 917; x_wconf 81' lang='grc' dir='ltr'><strong>ἒν</strong></span> <span class='ocrx_word' id='word_1_93' title='bbox 955 875 1127 924; x_wconf 75' lang='grc' dir='ltr'><em>ἐννοίαις</em></span> <span class='ocrx_word' id='word_1_94' title='bbox 1154 876 1334 928; x_wconf 83' lang='grc' dir='ltr'><em>μείζοσιν</em></span> <span class='ocrx_word' id='word_1_95' title='bbox 1366 871 1393 929; x_wconf 76' lang='grc' dir='ltr'><strong><em>ἢ</em></strong></span> <span class='ocrx_word' id='word_1_96' title='bbox 1423 873 1559 931; x_wconf 76' lang='grc' dir='ltr'><em>φέρειν</em></span> <span class='ocrx_word' id='word_1_97' title='bbox 1592 868 1715 928; x_wconf 76' lang='grc' dir='ltr'><em>ἦσαν,</em></span> 
     </span>
     <span class='ocr_line' id='line_1_11' title="bbox 244 940 1776 999; baseline 0 -15"><span class='ocrx_word' id='word_1_98' title='bbox 244 946 333 992; x_wconf 83' lang='grc' dir='ltr'><strong>πῶς</strong></span> <span class='ocrx_word' id='word_1_99' title='bbox 361 940 412 984; x_wconf 78' lang='grc' dir='ltr'><strong>ἂν</strong></span> <span class='ocrx_word' id='word_1_100' title='bbox 448 943 674 997; x_wconf 73' lang='grc' dir='ltr'><em>ὁιασωθείη</em></span> <span class='ocrx_word' id='word_1_101' title='bbox 707 941 831 993; x_wconf 87' lang='grc' dir='ltr'><em>τόσος</em></span> <span class='ocrx_word' id='word_1_102' title='bbox 858 943 994 999; x_wconf 83' lang='grc' dir='ltr'><em>σωρὸς</em></span> <span class='ocrx_word' id='word_1_103' title='bbox 1014 940 1242 999; x_wconf 79' lang='grc' dir='ltr'><em>χρημάτων</em></span> <span class='ocrx_word' id='word_1_104' title='bbox 1251 976 1265 996; x_wconf 84' lang='grc'>,</span> <span class='ocrx_word' id='word_1_105' title='bbox 1305 941 1403 992; x_wconf 80' lang='grc' dir='ltr'><em>ὅσος</em></span> <span class='ocrx_word' id='word_1_106' title='bbox 1433 944 1474 985; x_wconf 77' lang='grc' dir='ltr'><strong>ἓν</strong></span> <span class='ocrx_word' id='word_1_107' title='bbox 1494 943 1718 996; x_wconf 77' lang='grc' dir='ltr'><em>νομίσμασι</em></span> <span class='ocrx_word' id='word_1_108' title='bbox 1733 952 1776 988; x_wconf 76' lang='lat' dir='ltr'><strong>m</strong></span> 
     </span>
     <span class='ocr_line' id='line_1_12' title="bbox 245 1008 1722 1068; baseline 0 -15"><span class='ocrx_word' id='word_1_109' title='bbox 245 1013 314 1053; x_wconf 85' lang='grc' dir='ltr'><em>καὶ</em></span> <span class='ocrx_word' id='word_1_110' title='bbox 339 1009 435 1060; x_wconf 84' lang='grc' dir='ltr'><em>ὅσος</em></span> <span class='ocrx_word' id='word_1_111' title='bbox 453 1011 495 1054; x_wconf 77' lang='grc' dir='ltr'><strong>ἓν</strong></span> <span class='ocrx_word' id='word_1_112' title='bbox 516 1008 731 1068; x_wconf 82' lang='grc' dir='ltr'><em>διαφόροις</em></span> <span class='ocrx_word' id='word_1_113' title='bbox 747 1010 1035 1068; x_wconf 75' lang='grc' dir='ltr'><em>θεωρούμενος</em></span> <span class='ocrx_word' id='word_1_114' title='bbox 1053 1012 1189 1055; x_wconf 74' lang='grc' dir='ltr'><em>εἴδεσι.</em></span> <span class='ocrx_word' id='word_1_115' title='bbox 1235 1012 1308 1054; x_wconf 82' lang='grc' dir='ltr'><em>καί</em></span> <span class='ocrx_word' id='word_1_116' title='bbox 1319 1028 1362 1067; x_wconf 79' lang='grc' dir='ltr'><strong>γε</strong></span> <span class='ocrx_word' id='word_1_117' title='bbox 1382 1012 1450 1054; x_wconf 80' lang='grc' dir='ltr'><em>καὶ</em></span> <span class='ocrx_word' id='word_1_118' title='bbox 1469 1013 1560 1067; x_wconf 74' lang='grc' dir='ltr'><em>περὶ</em></span> <span class='ocrx_word' id='word_1_119' title='bbox 1581 1011 1722 1053; x_wconf 80' lang='grc' dir='ltr'><em>πλείο-</em></span> 
     </span>
     <span class='ocr_line' id='line_1_13' title="bbox 243 1077 1721 1137; baseline -0.001 -15"><span class='ocrx_word' id='word_1_120' title='bbox 243 1096 315 1129; x_wconf 81' lang='grc' dir='ltr'><strong>νος</strong></span> <span class='ocrx_word' id='word_1_121' title='bbox 330 1083 406 1134; x_wconf 86' lang='grc' dir='ltr'><strong>τῆς</strong></span> <span class='ocrx_word' id='word_1_122' title='bbox 428 1083 546 1136; x_wconf 82' lang='grc' dir='ltr'><em>σφῶν</em></span> <span class='ocrx_word' id='word_1_123' title='bbox 562 1081 771 1137; x_wconf 84' lang='grc' dir='ltr'><em>σωτηρίας</em></span> <span class='ocrx_word' id='word_1_124' title='bbox 800 1085 1035 1134; x_wconf 79' lang='grc' dir='ltr'><em>ποιοῦντες,</em></span> <span class='ocrx_word' id='word_1_125' title='bbox 1072 1080 1202 1123; x_wconf 79' lang='grc' dir='ltr'><em>δεινὸν</em></span> <span class='ocrx_word' id='word_1_126' title='bbox 1223 1078 1440 1136; x_wconf 77' lang='grc' dir='ltr'><em>ἡγούμενοι</em></span> <span class='ocrx_word' id='word_1_127' title='bbox 1468 1082 1534 1122; x_wconf 83' lang='grc' dir='ltr'><em>καὶ</em></span> <span class='ocrx_word' id='word_1_128' title='bbox 1570 1077 1721 1122; x_wconf 85' lang='grc' dir='ltr'><em>πεσόν-</em></span> 
     </span>
     <span class='ocr_line' id='line_1_14' title="bbox 243 1146 1722 1206; baseline -0.001 -15"><span class='ocrx_word' id='word_1_129' title='bbox 243 1165 329 1192; x_wconf 89' lang='grc' dir='ltr'><strong>των</strong></span> <span class='ocrx_word' id='word_1_130' title='bbox 357 1149 516 1192; x_wconf 78' lang='grc' dir='ltr'><em>ἐκείνων</em></span> <span class='ocrx_word' id='word_1_131' title='bbox 548 1151 583 1191; x_wconf 83' lang='grc' dir='ltr'><strong>εῗ</strong></span> <span class='ocrx_word' id='word_1_132' title='bbox 619 1147 754 1192; x_wconf 87' lang='grc' dir='ltr'><em>τόσων</em></span> <span class='ocrx_word' id='word_1_133' title='bbox 794 1149 842 1192; x_wconf 79' lang='grc' dir='ltr'><strong>τὸ</strong></span> <span class='ocrx_word' id='word_1_134' title='bbox 878 1149 1014 1193; x_wconf 85' lang='grc' dir='ltr'><em>κοινὸν</em></span> <span class='ocrx_word' id='word_1_135' title='bbox 1043 1156 1254 1206; x_wconf 83' lang='grc' dir='ltr'><em>στεροῖτο,</em></span> <span class='ocrx_word' id='word_1_136' title='bbox 1305 1146 1504 1206; x_wconf 87' lang='grc' dir='ltr'><em>πρόνοιαν</em></span> <span class='ocrx_word' id='word_1_137' title='bbox 1532 1151 1722 1205; x_wconf 80' lang='grc' dir='ltr'><em>φυλακῆς</em></span> 
     </span>
     <span class='ocr_line' id='line_1_15' title="bbox 242 1216 1720 1274; baseline -0.001 -14"><span class='ocrx_word' id='word_1_138' title='bbox 242 1218 421 1260; x_wconf 75' lang='grc' dir='ltr'><em>ἐποίουν.</em></span> <span class='ocrx_word' id='word_1_139' title='bbox 492 1219 559 1259; x_wconf 82' lang='grc' dir='ltr'><em>καὶ</em></span> <span class='ocrx_word' id='word_1_140' title='bbox 578 1217 629 1272; x_wconf 81' lang='grc' dir='ltr'><strong>δὴ</strong></span> <span class='ocrx_word' id='word_1_141' title='bbox 649 1219 798 1267; x_wconf 72' lang='grc' dir='ltr'><em>λίθους</em></span> <span class='ocrx_word' id='word_1_142' title='bbox 816 1218 891 1271; x_wconf 75' lang='grc' dir='ltr'><strong>μὲν</strong></span> <span class='ocrx_word' id='word_1_143' title='bbox 914 1219 1089 1268; x_wconf 75' lang='grc' dir='ltr'><em>ἐκείνους</em></span> <span class='ocrx_word' id='word_1_144' title='bbox 1106 1220 1174 1260; x_wconf 82' lang='grc' dir='ltr'><em>καὶ</em></span> <span class='ocrx_word' id='word_1_145' title='bbox 1193 1216 1434 1274; x_wconf 81' lang='grc' dir='ltr'><em>μαργάρους</em></span> <span class='ocrx_word' id='word_1_146' title='bbox 1452 1221 1535 1260; x_wconf 85' lang='grc' dir='ltr'><strong>τῶν</strong></span> <span class='ocrx_word' id='word_1_147' title='bbox 1555 1217 1720 1260; x_wconf 75' lang='grc' dir='ltr'><em>πέπλων</em></span> 
     </span>
     <span class='ocr_line' id='line_1_16' title="bbox 243 1283 1775 1343; baseline 0.001 -15"><span class='ocrx_word' id='word_1_148' title='bbox 243 1285 439 1329; x_wconf 77' lang='grc' dir='ltr'><em>ἀπέσπων</em></span> <span class='ocrx_word' id='word_1_149' title='bbox 463 1287 531 1328; x_wconf 85' lang='grc' dir='ltr'><em>καὶ</em></span> <span class='ocrx_word' id='word_1_150' title='bbox 553 1286 595 1328; x_wconf 77' lang='grc' dir='ltr'><strong>ἓν</strong></span> <span class='ocrx_word' id='word_1_151' title='bbox 615 1283 768 1342; x_wconf 78' lang='grc' dir='ltr'><em>ἀφανεῖ</em></span> <span class='ocrx_word' id='word_1_152' title='bbox 786 1285 1063 1343; x_wconf 72' lang='grc' dir='ltr'><em>κατέκρυπτον</em></span> <span class='ocrx_word' id='word_1_153' title='bbox 1083 1286 1171 1340; x_wconf 80' lang='grc' dir='ltr'><em>ἅμα</em></span> <span class='ocrx_word' id='word_1_154' title='bbox 1194 1288 1262 1329; x_wconf 84' lang='grc' dir='ltr'><em>καὶ</em></span> <span class='ocrx_word' id='word_1_155' title='bbox 1289 1293 1376 1336; x_wconf 87' lang='grc' dir='ltr'><em>τοῖς</em></span> <span class='ocrx_word' id='word_1_156' title='bbox 1397 1287 1620 1340; x_wconf 81' lang='grc' dir='ltr'><em>βασιλείοις</em></span> <span class='ocrx_word' id='word_1_157' title='bbox 1637 1294 1775 1342; x_wconf 65' lang='lat' dir='ltr'><strong>qiu-15</strong></span> 
     </span>
     <span class='ocr_line' id='line_1_17' title="bbox 104 1353 1718 1412; baseline 0.001 -17"><span class='ocrx_word' id='word_1_158' title='bbox 104 1358 133 1392; x_wconf 83' lang='grc' dir='ltr'>Ρ</span> <span class='ocrx_word' id='word_1_159' title='bbox 158 1360 224 1397; x_wconf 81' lang='grc'><strong>157</strong></span> <span class='ocrx_word' id='word_1_160' title='bbox 250 1354 411 1412; x_wconf 74' lang='grc' dir='ltr'><em>ρέμασι,</em></span> <span class='ocrx_word' id='word_1_161' title='bbox 449 1356 517 1397; x_wconf 86' lang='grc' dir='ltr'><em>καὶ</em></span> <span class='ocrx_word' id='word_1_162' title='bbox 535 1358 619 1398; x_wconf 81' lang='grc' dir='ltr'><strong>πᾶν</strong></span> <span class='ocrx_word' id='word_1_163' title='bbox 637 1354 678 1398; x_wconf 77' lang='grc' dir='ltr'><strong>εἴ</strong></span> <span class='ocrx_word' id='word_1_164' title='bbox 689 1372 728 1397; x_wconf 89' lang='grc' dir='ltr'><strong>τι</strong></span> <span class='ocrx_word' id='word_1_165' title='bbox 745 1355 936 1411; x_wconf 83' lang='grc' dir='ltr'><em>λαμπρὸν</em></span> <span class='ocrx_word' id='word_1_166' title='bbox 956 1357 1023 1398; x_wconf 84' lang='grc' dir='ltr'><em>καὶ</em></span> <span class='ocrx_word' id='word_1_167' title='bbox 1043 1357 1176 1410; x_wconf 82' lang='grc' dir='ltr'><em>τίμιον</em></span> <span class='ocrx_word' id='word_1_168' title='bbox 1196 1359 1509 1412; x_wconf 81' lang='grc' dir='ltr'><em>παραβυοῦντες</em></span> <span class='ocrx_word' id='word_1_169' title='bbox 1529 1353 1718 1411; x_wconf 75' lang='grc' dir='ltr'><em>ἐτήρουν,</em></span> 
     </span>
     <span class='ocr_line' id='line_1_18' title="bbox 241 1419 1720 1482; baseline -0.001 -16"><span class='ocrx_word' id='word_1_170' title='bbox 241 1423 359 1466; x_wconf 79' lang='grc' dir='ltr'><em>αὐτοὶ</em></span> <span class='ocrx_word' id='word_1_171' title='bbox 381 1423 426 1466; x_wconf 77' lang='grc' dir='ltr'><strong>δὲ</strong></span> <span class='ocrx_word' id='word_1_172' title='bbox 444 1422 547 1480; x_wconf 83' lang='grc' dir='ltr'><em>πρὸς</em></span> <span class='ocrx_word' id='word_1_173' title='bbox 566 1427 626 1482; x_wconf 79' lang='grc' dir='ltr'><strong>τῷ</strong></span> <span class='ocrx_word' id='word_1_174' title='bbox 656 1427 844 1477; x_wconf 80' lang='grc' dir='ltr'><em>πολεμεῖν</em></span> <span class='ocrx_word' id='word_1_175' title='bbox 873 1419 980 1479; x_wconf 81' lang='grc' dir='ltr'><em>ἦσαν</em></span> <span class='ocrx_word' id='word_1_176' title='bbox 1007 1424 1084 1467; x_wconf 75' lang='grc' dir='ltr'><strong>σὺν</strong></span> <span class='ocrx_word' id='word_1_177' title='bbox 1112 1430 1200 1473; x_wconf 88' lang='grc' dir='ltr'><em>τοῖς</em></span> <span class='ocrx_word' id='word_1_178' title='bbox 1220 1427 1400 1475; x_wconf 79' lang='grc' dir='ltr'><em>λοιποῖς,</em></span> <span class='ocrx_word' id='word_1_179' title='bbox 1437 1425 1505 1466; x_wconf 81' lang='grc' dir='ltr'><em>καὶ</em></span> <span class='ocrx_word' id='word_1_180' title='bbox 1528 1423 1596 1480; x_wconf 77' lang='grc' dir='ltr'><strong>ἐφ’</strong></span> <span class='ocrx_word' id='word_1_181' title='bbox 1620 1421 1720 1466; x_wconf 85' lang='grc' dir='ltr'><em>ὅσον</em></span> 
     </span>
     <span class='ocr_line' id='line_1_19' title="bbox 239 1489 1719 1550; baseline -0.001 -14"><span class='ocrx_word' id='word_1_182' title='bbox 239 1491 383 1549; x_wconf 76' lang='grc' dir='ltr'><em>ἴσχυον</em></span> <span class='ocrx_word' id='word_1_183' title='bbox 406 1490 780 1550; x_wconf 81' lang='grc' dir='ltr'><em>παρεσκευάζοντο,</em></span> <span class='ocrx_word' id='word_1_184' title='bbox 821 1492 993 1537; x_wconf 68' lang='grc' dir='ltr'><em>ἔνδοθεν</em></span> <span class='ocrx_word' id='word_1_185' title='bbox 1017 1491 1242 1548; x_wconf 79' lang='grc' dir='ltr'><em>βάλλοντες</em></span> <span class='ocrx_word' id='word_1_186' title='bbox 1271 1489 1407 1545; x_wconf 78' lang='grc' dir='ltr'><em>τόξοις</em></span> <span class='ocrx_word' id='word_1_187' title='bbox 1430 1509 1474 1536; x_wconf 86' lang='grc' dir='ltr'><strong>τε</strong></span> <span class='ocrx_word' id='word_1_188' title='bbox 1501 1493 1570 1536; x_wconf 84' lang='grc' dir='ltr'><em>καὶ</em></span> <span class='ocrx_word' id='word_1_189' title='bbox 1591 1508 1719 1549; x_wconf 73' lang='grc' dir='ltr'><em>σφεν-</em></span> 
     </span>
    </p>
   </div>
   <div class='ocr_carea' id='block_1_3' title="bbox 335 1613 629 1655">
    <p class='ocr_par' dir='ltr' id='par_1_3' title="bbox 335 1613 629 1655">
     <span class='ocr_line' id='line_1_20' title="bbox 335 1613 629 1655; baseline -0.01 -4"><span class='ocrx_word' id='word_1_190' title='bbox 335 1616 390 1651; x_wconf 84' lang='lat'><strong>11.</strong></span> <span class='ocrx_word' id='word_1_191' title='bbox 414 1613 564 1655; x_wconf 84' lang='grc' dir='ltr'><em>πλείους</em></span> <span class='ocrx_word' id='word_1_192' title='bbox 585 1613 629 1648; x_wconf 89' lang='grc' dir='ltr'><strong>Ρ.</strong></span> 
     </span>
    </p>
   </div>
   <div class='ocr_carea' id='block_1_4' title="bbox 242 1704 1765 2906">
    <p class='ocr_par' dir='ltr' id='par_1_4' title="bbox 242 1704 1765 2906">
     <span class='ocr_line' id='line_1_21' title="bbox 242 1704 1720 1752; baseline -0.001 -12"><span class='ocrx_word' id='word_1_193' title='bbox 242 1706 347 1752; x_wconf 82' lang='lat' dir='ltr'>dique</span> <span class='ocrx_word' id='word_1_194' title='bbox 378 1717 419 1740; x_wconf 91' lang='lat' dir='ltr'><strong>ac</strong></span> <span class='ocrx_word' id='word_1_195' title='bbox 456 1704 577 1740; x_wconf 83' lang='lat' dir='ltr'><strong>iaculis</strong></span> <span class='ocrx_word' id='word_1_196' title='bbox 612 1715 674 1750; x_wconf 88' lang='lat' dir='ltr'><strong>per</strong></span> <span class='ocrx_word' id='word_1_197' title='bbox 716 1704 806 1739; x_wconf 88' lang='lat' dir='ltr'><strong>diem</strong></span> <span class='ocrx_word' id='word_1_198' title='bbox 842 1705 999 1740; x_wconf 80' lang='lat' dir='ltr'>continue</span> <span class='ocrx_word' id='word_1_199' title='bbox 1028 1707 1216 1751; x_wconf 84' lang='lat' dir='ltr'><strong>petebant,</strong></span> <span class='ocrx_word' id='word_1_200' title='bbox 1249 1710 1286 1741; x_wconf 88' lang='lat' dir='ltr'><strong>et</strong></span> <span class='ocrx_word' id='word_1_201' title='bbox 1317 1705 1532 1742; x_wconf 84' lang='lat' dir='ltr'><strong>atrocissima</strong></span> <span class='ocrx_word' id='word_1_202' title='bbox 1561 1715 1720 1751; x_wconf 86' lang='lat' dir='ltr'><strong>quaeque</strong></span> 
     </span>
     <span class='ocr_line' id='line_1_22' title="bbox 243 1750 1717 1798; baseline -0.001 -12"><span class='ocrx_word' id='word_1_203' title='bbox 243 1751 498 1798; x_wconf 85' lang='lat' dir='ltr'><strong>praesidiariis,</strong></span> <span class='ocrx_word' id='word_1_204' title='bbox 521 1752 557 1785; x_wconf 89' lang='lat' dir='ltr'><strong>ni</strong></span> <span class='ocrx_word' id='word_1_205' title='bbox 579 1762 616 1785; x_wconf 89' lang='lat' dir='ltr'><strong>se</strong></span> <span class='ocrx_word' id='word_1_206' title='bbox 641 1750 825 1793; x_wconf 85' lang='lat' dir='ltr'><strong>dederent,</strong></span> <span class='ocrx_word' id='word_1_207' title='bbox 848 1752 1073 1786; x_wconf 84' lang='lat' dir='ltr'><strong>minabantur.</strong></span> <span class='ocrx_word' id='word_1_208' title='bbox 1120 1753 1180 1798; x_wconf 90' lang='lat' dir='ltr'><strong>qui</strong></span> <span class='ocrx_word' id='word_1_209' title='bbox 1205 1758 1318 1787; x_wconf 89' lang='lat' dir='ltr'><strong>autem</strong></span> <span class='ocrx_word' id='word_1_210' title='bbox 1340 1753 1433 1786; x_wconf 85' lang='lat' dir='ltr'><strong>intus</strong></span> <span class='ocrx_word' id='word_1_211' title='bbox 1456 1754 1556 1786; x_wconf 89' lang='lat' dir='ltr'><strong>erant</strong></span> <span class='ocrx_word' id='word_1_212' title='bbox 1579 1751 1615 1787; x_wconf 84' lang='lat' dir='ltr'><strong>in</strong></span> <span class='ocrx_word' id='word_1_213' title='bbox 1640 1756 1717 1785; x_wconf 79' lang='lat' dir='ltr'><strong>arto</strong></span> 
     </span>
     <span class='ocr_line' id='line_1_23' title="bbox 243 1796 1720 1842; baseline -0.002 -10"><span class='ocrx_word' id='word_1_214' title='bbox 243 1810 282 1833; x_wconf 85' lang='lat' dir='ltr'><strong>se</strong></span> <span class='ocrx_word' id='word_1_215' title='bbox 305 1798 556 1842; x_wconf 88' lang='lat' dir='ltr'><strong>deprehensos,</strong></span> <span class='ocrx_word' id='word_1_216' title='bbox 582 1797 719 1831; x_wconf 83' lang='lat' dir='ltr'><strong>admota</strong></span> <span class='ocrx_word' id='word_1_217' title='bbox 742 1798 891 1831; x_wconf 87' lang='lat' dir='ltr'><strong>cominus</strong></span> <span class='ocrx_word' id='word_1_218' title='bbox 912 1803 948 1832; x_wconf 90' lang='lat' dir='ltr'><strong>et</strong></span> <span class='ocrx_word' id='word_1_219' title='bbox 969 1798 1036 1833; x_wconf 80' lang='lat' dir='ltr'><strong>iam</strong></span> <span class='ocrx_word' id='word_1_220' title='bbox 1059 1802 1171 1832; x_wconf 91' lang='lat' dir='ltr'><strong>cutem</strong></span> <span class='ocrx_word' id='word_1_221' title='bbox 1195 1810 1319 1834; x_wconf 86' lang='lat' dir='ltr'><strong>exorsa</strong></span> <span class='ocrx_word' id='word_1_222' title='bbox 1354 1810 1457 1833; x_wconf 90' lang='lat' dir='ltr'><strong>urere</strong></span> <span class='ocrx_word' id='word_1_223' title='bbox 1487 1796 1720 1831; x_wconf 75' lang='lat' dir='ltr'><strong>ineluctabilis</strong></span> 
     </span>
     <span class='ocr_line' id='line_1_24' title="bbox 244 1843 1717 1889; baseline -0.001 -12"><span class='ocrx_word' id='word_1_224' title='bbox 244 1844 283 1878; x_wconf 81' lang='lat' dir='ltr'><strong>vi</strong></span> <span class='ocrx_word' id='word_1_225' title='bbox 308 1844 406 1886; x_wconf 85' lang='lat' dir='ltr'><strong>mali,</strong></span> <span class='ocrx_word' id='word_1_226' title='bbox 430 1843 638 1884; x_wconf 82' lang='lat' dir='ltr'><strong>sentientes,</strong></span> <span class='ocrx_word' id='word_1_227' title='bbox 657 1844 861 1878; x_wconf 80' lang='lat' dir='ltr'><strong>aestuabant</strong></span> <span class='ocrx_word' id='word_1_228' title='bbox 884 1844 975 1877; x_wconf 87' lang='lat' dir='ltr'><strong>anxii</strong></span> <span class='ocrx_word' id='word_1_229' title='bbox 997 1849 1034 1878; x_wconf 89' lang='lat' dir='ltr'><strong>et</strong></span> <span class='ocrx_word' id='word_1_230' title='bbox 1060 1847 1192 1878; x_wconf 89' lang='lat' dir='ltr'><strong>tantum</strong></span> <span class='ocrx_word' id='word_1_231' title='bbox 1215 1857 1281 1879; x_wconf 95' lang='lat' dir='ltr'><strong>non</strong></span> <span class='ocrx_word' id='word_1_232' title='bbox 1295 1844 1551 1889; x_wconf 85' lang='lat' dir='ltr'><strong>despondebant</strong></span> <span class='ocrx_word' id='word_1_233' title='bbox 1574 1843 1717 1886; x_wconf 85' lang='lat' dir='ltr'><strong>animos,</strong></span> 
     </span>
     <span class='ocr_line' id='line_1_25' title="bbox 243 1888 1717 1936; baseline -0.002 -12"><span class='ocrx_word' id='word_1_234' title='bbox 243 1893 444 1935; x_wconf 84' lang='lat' dir='ltr'><strong>reputantes</strong></span> <span class='ocrx_word' id='word_1_235' title='bbox 475 1890 736 1934; x_wconf 78' lang='lat' dir='ltr'><strong>haudquaquam</strong></span> <span class='ocrx_word' id='word_1_236' title='bbox 768 1899 844 1923; x_wconf 88' lang='lat' dir='ltr'><strong>sese</strong></span> <span class='ocrx_word' id='word_1_237' title='bbox 872 1901 976 1935; x_wconf 87' lang='lat' dir='ltr'><strong>pares</strong></span> <span class='ocrx_word' id='word_1_238' title='bbox 1005 1890 1209 1936; x_wconf 82' lang='lat' dir='ltr'><strong>repellendis</strong></span> <span class='ocrx_word' id='word_1_239' title='bbox 1247 1891 1431 1925; x_wconf 79' lang='lat' dir='ltr'><strong>assultibus</strong></span> <span class='ocrx_word' id='word_1_240' title='bbox 1471 1888 1638 1930; x_wconf 88' lang='lat' dir='ltr'><strong>hostium,</strong></span> <span class='ocrx_word' id='word_1_241' title='bbox 1671 1889 1717 1931; x_wconf 81' lang='lat' dir='ltr'><strong>si,</strong></span> 
     </span>
     <span class='ocr_line' id='line_1_26' title="bbox 247 1935 1715 1982; baseline -0.002 -12"><span class='ocrx_word' id='word_1_242' title='bbox 247 1936 340 1981; x_wconf 87' lang='lat' dir='ltr'><strong>quod</strong></span> <span class='ocrx_word' id='word_1_243' title='bbox 364 1947 442 1970; x_wconf 84' lang='lat' dir='ltr'><strong>mox</strong></span> <span class='ocrx_word' id='word_1_244' title='bbox 464 1937 616 1970; x_wconf 84' lang='lat' dir='ltr'><strong>futurum</strong></span> <span class='ocrx_word' id='word_1_245' title='bbox 640 1935 841 1979; x_wconf 79' lang='lat' dir='ltr'><strong>apparebat,</strong></span> <span class='ocrx_word' id='word_1_246' title='bbox 865 1936 947 1970; x_wconf 87' lang='lat' dir='ltr'><strong>totis</strong></span> <span class='ocrx_word' id='word_1_247' title='bbox 970 1936 1100 1970; x_wconf 89' lang='lat' dir='ltr'><strong>viribus</strong></span> <span class='ocrx_word' id='word_1_248' title='bbox 1122 1936 1307 1980; x_wconf 86' lang='lat' dir='ltr'><strong>irruerent,</strong></span> <span class='ocrx_word' id='word_1_249' title='bbox 1330 1936 1459 1982; x_wconf 80' lang='lat' dir='ltr'><strong>quippe</strong></span> <span class='ocrx_word' id='word_1_250' title='bbox 1482 1935 1542 1979; x_wconf 91' lang='lat' dir='ltr'><strong>qui</strong></span> <span class='ocrx_word' id='word_1_251' title='bbox 1564 1946 1602 1968; x_wconf 88' lang='lat' dir='ltr'><strong>se</strong></span> <span class='ocrx_word' id='word_1_252' title='bbox 1618 1936 1715 1968; x_wconf 82' lang='lat' dir='ltr'><strong>tauto</strong></span> 
     </span>
     <span class='ocr_line' id='line_1_27' title="bbox 245 1981 1718 2027; baseline -0.001 -12"><span class='ocrx_word' id='word_1_253' title='bbox 245 1982 333 2027; x_wconf 84' lang='lat' dir='ltr'><strong>ipsis</strong></span> <span class='ocrx_word' id='word_1_254' title='bbox 355 1981 535 2016; x_wconf 87' lang='lat' dir='ltr'><strong>inferiores</strong></span> <span class='ocrx_word' id='word_1_255' title='bbox 558 1992 696 2015; x_wconf 91' lang='lat' dir='ltr'><strong>numero</strong></span> <span class='ocrx_word' id='word_1_256' title='bbox 719 1981 898 2022; x_wconf 87' lang='lat' dir='ltr'><strong>viderent,</strong></span> <span class='ocrx_word' id='word_1_257' title='bbox 923 1982 966 2015; x_wconf 92' lang='lat' dir='ltr'><strong>ad</strong></span> <span class='ocrx_word' id='word_1_258' title='bbox 988 1982 1075 2016; x_wconf 88' lang='lat' dir='ltr'><strong>haec</strong></span> <span class='ocrx_word' id='word_1_259' title='bbox 1098 1994 1179 2017; x_wconf 86' lang='lat' dir='ltr'><strong>arce</strong></span> <span class='ocrx_word' id='word_1_260' title='bbox 1201 1983 1348 2016; x_wconf 80' lang='lat' dir='ltr'><strong>inclusos</strong></span> <span class='ocrx_word' id='word_1_261' title='bbox 1381 1993 1420 2016; x_wconf 88' lang='lat' dir='ltr'><strong>se</strong></span> <span class='ocrx_word' id='word_1_262' title='bbox 1441 1981 1577 2015; x_wconf 88' lang='lat' dir='ltr'><strong>infirma</strong></span> <span class='ocrx_word' id='word_1_263' title='bbox 1600 1984 1637 2014; x_wconf 87' lang='lat' dir='ltr'><strong>et</strong></span> <span class='ocrx_word' id='word_1_264' title='bbox 1658 1991 1718 2015; x_wconf 76' lang='lat' dir='ltr'><strong>se-</strong></span> 
     </span>
     <span class='ocr_line' id='line_1_28' title="bbox 245 2026 1718 2073; baseline -0.001 -12"><span class='ocrx_word' id='word_1_265' title='bbox 245 2028 428 2071; x_wconf 87' lang='lat' dir='ltr'><strong>midiruta,</strong></span> <span class='ocrx_word' id='word_1_266' title='bbox 453 2027 548 2062; x_wconf 88' lang='lat' dir='ltr'><strong>cuius</strong></span> <span class='ocrx_word' id='word_1_267' title='bbox 569 2039 658 2073; x_wconf 86' lang='lat' dir='ltr'><strong>quae</strong></span> <span class='ocrx_word' id='word_1_268' title='bbox 683 2028 860 2061; x_wconf 72' lang='lat' dir='ltr'><strong>restabant</strong></span> <span class='ocrx_word' id='word_1_269' title='bbox 882 2027 1018 2072; x_wconf 86' lang='lat' dir='ltr'><strong>integra</strong></span> <span class='ocrx_word' id='word_1_270' title='bbox 1048 2028 1140 2062; x_wconf 80' lang='lat' dir='ltr'><strong>haud</strong></span> <span class='ocrx_word' id='word_1_271' title='bbox 1173 2035 1288 2063; x_wconf 88' lang='lat' dir='ltr'><strong>essent</strong></span> <span class='ocrx_word' id='word_1_272' title='bbox 1325 2033 1396 2062; x_wconf 88' lang='lat' dir='ltr'><strong>tam</strong></span> <span class='ocrx_word' id='word_1_273' title='bbox 1419 2027 1519 2062; x_wconf 89' lang='lat' dir='ltr'><strong>solidi</strong></span> <span class='ocrx_word' id='word_1_274' title='bbox 1541 2026 1655 2071; x_wconf 87' lang='lat' dir='ltr'><strong>operis</strong></span> <span class='ocrx_word' id='word_1_275' title='bbox 1677 2028 1718 2060; x_wconf 77' lang='lat' dir='ltr'><strong>ut</strong></span> 
     </span>
     <span class='ocr_line' id='line_1_29' title="bbox 243 2073 1717 2120; baseline -0.001 -13"><span class='ocrx_word' id='word_1_276' title='bbox 243 2077 388 2120; x_wconf 87' lang='lat' dir='ltr'><strong>possent</strong></span> <span class='ocrx_word' id='word_1_277' title='bbox 409 2074 638 2108; x_wconf 86' lang='lat' dir='ltr'><strong>machinarum</strong></span> <span class='ocrx_word' id='word_1_278' title='bbox 660 2084 739 2107; x_wconf 86' lang='lat' dir='ltr'><strong>mox</strong></span> <span class='ocrx_word' id='word_1_279' title='bbox 762 2073 910 2119; x_wconf 90' lang='lat' dir='ltr'><strong>undique</strong></span> <span class='ocrx_word' id='word_1_280' title='bbox 933 2075 1219 2108; x_wconf 78' lang='lat' dir='ltr'><strong>admovendarum</strong></span> <span class='ocrx_word' id='word_1_281' title='bbox 1249 2074 1419 2109; x_wconf 88' lang='lat' dir='ltr'><strong>sustinere</strong></span> <span class='ocrx_word' id='word_1_282' title='bbox 1441 2074 1614 2118; x_wconf 87' lang='lat' dir='ltr'><strong>impetum.</strong></span> <span class='ocrx_word' id='word_1_283' title='bbox 1660 2077 1717 2106; x_wconf 74' lang='lat' dir='ltr'><strong>ta-</strong></span> 
     </span>
     <span class='ocr_line' id='line_1_30' title="bbox 245 2119 1717 2165; baseline -0.002 -11"><span class='ocrx_word' id='word_1_284' title='bbox 245 2131 323 2154; x_wconf 87' lang='lat' dir='ltr'><strong>men</strong></span> <span class='ocrx_word' id='word_1_285' title='bbox 345 2120 380 2154; x_wconf 87' lang='lat' dir='ltr'><strong>in</strong></span> <span class='ocrx_word' id='word_1_286' title='bbox 401 2121 506 2154; x_wconf 87' lang='lat' dir='ltr'><strong>tantis</strong></span> <span class='ocrx_word' id='word_1_287' title='bbox 530 2120 625 2154; x_wconf 88' lang='lat' dir='ltr'><strong>malis</strong></span> <span class='ocrx_word' id='word_1_288' title='bbox 649 2130 811 2154; x_wconf 87' lang='lat' dir='ltr'><strong>memores</strong></span> <span class='ocrx_word' id='word_1_289' title='bbox 843 2119 982 2154; x_wconf 86' lang='lat' dir='ltr'><strong>virtutis</strong></span> <span class='ocrx_word' id='word_1_290' title='bbox 1021 2121 1146 2154; x_wconf 87' lang='lat' dir='ltr'><strong>nullam</strong></span> <span class='ocrx_word' id='word_1_291' title='bbox 1179 2121 1377 2165; x_wconf 82' lang='lat' dir='ltr'><strong>diligentiae</strong></span> <span class='ocrx_word' id='word_1_292' title='bbox 1408 2119 1717 2165; x_wconf 78' lang='lat' dir='ltr'><strong>providentiaeque</strong></span> 
     </span>
     <span class='ocr_line' id='line_1_31' title="bbox 244 2165 1718 2213; baseline -0.001 -13"><span class='ocrx_word' id='word_1_293' title='bbox 244 2171 381 2211; x_wconf 88' lang='lat' dir='ltr'><strong>partem</strong></span> <span class='ocrx_word' id='word_1_294' title='bbox 404 2166 621 2207; x_wconf 86' lang='lat' dir='ltr'><strong>omittebant,</strong></span> <span class='ocrx_word' id='word_1_295' title='bbox 644 2166 732 2200; x_wconf 90' lang='lat' dir='ltr'><strong>omni</strong></span> <span class='ocrx_word' id='word_1_296' title='bbox 754 2165 885 2200; x_wconf 86' lang='lat' dir='ltr'><strong>ratione</strong></span> <span class='ocrx_word' id='word_1_297' title='bbox 907 2170 1104 2211; x_wconf 84' lang='lat' dir='ltr'><strong>satagentes</strong></span> <span class='ocrx_word' id='word_1_298' title='bbox 1123 2173 1160 2200; x_wconf 88' lang='lat' dir='ltr'><strong>et</strong></span> <span class='ocrx_word' id='word_1_299' title='bbox 1183 2178 1220 2201; x_wconf 91' lang='lat' dir='ltr'><strong>se</strong></span> <span class='ocrx_word' id='word_1_300' title='bbox 1244 2169 1336 2213; x_wconf 88' lang='lat' dir='ltr'><strong>ipsos</strong></span> <span class='ocrx_word' id='word_1_301' title='bbox 1359 2171 1395 2201; x_wconf 88' lang='lat' dir='ltr'><strong>et</strong></span> <span class='ocrx_word' id='word_1_302' title='bbox 1416 2166 1483 2200; x_wconf 87' lang='lat' dir='ltr'><strong>sibi</strong></span> <span class='ocrx_word' id='word_1_303' title='bbox 1506 2165 1718 2199; x_wconf 84' lang='lat' dir='ltr'><strong>commissam</strong></span> 
     </span>
     <span class='ocr_line' id='line_1_32' title="bbox 244 2211 1717 2258; baseline -0.002 -12"><span class='ocrx_word' id='word_1_304' title='bbox 244 2223 385 2246; x_wconf 88' lang='lat' dir='ltr'><strong>servare</strong></span> <span class='ocrx_word' id='word_1_305' title='bbox 408 2223 532 2246; x_wconf 87' lang='lat' dir='ltr'><strong>arcem.</strong></span> <span class='ocrx_word' id='word_1_306' title='bbox 579 2211 762 2258; x_wconf 85' lang='lat' dir='ltr'><strong>peculiaris</strong></span> <span class='ocrx_word' id='word_1_307' title='bbox 782 2211 871 2245; x_wconf 90' lang='lat' dir='ltr'><strong>inter</strong></span> <span class='ocrx_word' id='word_1_308' title='bbox 895 2212 980 2246; x_wconf 90' lang='lat' dir='ltr'><strong>haec</strong></span> <span class='ocrx_word' id='word_1_309' title='bbox 1011 2213 1191 2247; x_wconf 84' lang='lat' dir='ltr'><strong>solicitudo</strong></span> <span class='ocrx_word' id='word_1_310' title='bbox 1225 2220 1302 2247; x_wconf 86' lang='lat' dir='ltr'><strong>erat</strong></span> <span class='ocrx_word' id='word_1_311' title='bbox 1334 2213 1511 2247; x_wconf 86' lang='lat' dir='ltr'><strong>custodum</strong></span> <span class='ocrx_word' id='word_1_312' title='bbox 1533 2211 1717 2256; x_wconf 81' lang='lat' dir='ltr'><strong>imperato-</strong></span> 
     </span>
     <span class='ocr_line' id='line_1_33' title="bbox 244 2256 1716 2304; baseline -0.001 -13"><span class='ocrx_word' id='word_1_313' title='bbox 244 2258 321 2292; x_wconf 85' lang='lat' dir='ltr'><strong>riae</strong></span> <span class='ocrx_word' id='word_1_314' title='bbox 359 2258 604 2304; x_wconf 88' lang='lat' dir='ltr'><strong>suppellectilis</strong></span> <span class='ocrx_word' id='word_1_315' title='bbox 638 2270 680 2292; x_wconf 88' lang='lat' dir='ltr'><strong>ac</strong></span> <span class='ocrx_word' id='word_1_316' title='bbox 714 2258 879 2304; x_wconf 86' lang='lat' dir='ltr'><strong>pecuniae</strong></span> <span class='ocrx_word' id='word_1_317' title='bbox 911 2259 1087 2304; x_wconf 88' lang='lat' dir='ltr'><strong>publicae,</strong></span> <span class='ocrx_word' id='word_1_318' title='bbox 1119 2271 1186 2304; x_wconf 88' lang='lat' dir='ltr'><strong>quo</strong></span> <span class='ocrx_word' id='word_1_319' title='bbox 1215 2261 1349 2293; x_wconf 86' lang='lat' dir='ltr'><strong>ferrent</strong></span> <span class='ocrx_word' id='word_1_320' title='bbox 1380 2263 1416 2293; x_wconf 88' lang='lat' dir='ltr'><strong>et</strong></span> <span class='ocrx_word' id='word_1_321' title='bbox 1445 2257 1504 2292; x_wconf 88' lang='lat' dir='ltr'><strong>ubi</strong></span> <span class='ocrx_word' id='word_1_322' title='bbox 1526 2258 1656 2292; x_wconf 86' lang='lat' dir='ltr'><strong>salvum</strong></span> <span class='ocrx_word' id='word_1_323' title='bbox 1678 2256 1716 2290; x_wconf 76' lang='lat' dir='ltr'><strong>in</strong></span> 
     </span>
     <span class='ocr_line' id='line_1_34' title="bbox 244 2301 1718 2350; baseline 0 -14"><span class='ocrx_word' id='word_1_324' title='bbox 244 2306 319 2338; x_wconf 85' lang='lat' dir='ltr'><strong>tuto</strong></span> <span class='ocrx_word' id='word_1_325' title='bbox 343 2304 554 2349; x_wconf 87' lang='lat' dir='ltr'><strong>deponerent</strong></span> <span class='ocrx_word' id='word_1_326' title='bbox 576 2308 707 2339; x_wconf 86' lang='lat' dir='ltr'><strong>tantum</strong></span> <span class='ocrx_word' id='word_1_327' title='bbox 730 2315 889 2338; x_wconf 87' lang='lat' dir='ltr'><strong>acervum</strong></span> <span class='ocrx_word' id='word_1_328' title='bbox 912 2316 1025 2339; x_wconf 84' lang='lat' dir='ltr'><strong>rerum</strong></span> <span class='ocrx_word' id='word_1_329' title='bbox 1047 2306 1386 2350; x_wconf 84' lang='lat' dir='ltr'><strong>pretiosissimarum,</strong></span> <span class='ocrx_word' id='word_1_330' title='bbox 1417 2308 1581 2350; x_wconf 86' lang='lat' dir='ltr'><strong>quantum</strong></span> <span class='ocrx_word' id='word_1_331' title='bbox 1610 2303 1644 2337; x_wconf 83' lang='lat' dir='ltr'><strong>in</strong></span> <span class='ocrx_word' id='word_1_332' title='bbox 1667 2301 1718 2336; x_wconf 79' lang='lat' dir='ltr'><strong>ci·</strong></span> 
     </span>
     <span class='ocr_line' id='line_1_35' title="bbox 244 2350 1714 2398; baseline -0.001 -15"><span class='ocrx_word' id='word_1_333' title='bbox 244 2350 307 2383; x_wconf 86' lang='lat' dir='ltr'><strong>stis</strong></span> <span class='ocrx_word' id='word_1_334' title='bbox 338 2351 509 2385; x_wconf 90' lang='lat' dir='ltr'><strong>conditum</strong></span> <span class='ocrx_word' id='word_1_335' title='bbox 543 2362 717 2385; x_wconf 89' lang='lat' dir='ltr'><strong>numerum</strong></span> <span class='ocrx_word' id='word_1_336' title='bbox 749 2351 908 2385; x_wconf 86' lang='lat' dir='ltr'><strong>serebant</strong></span> <span class='ocrx_word' id='word_1_337' title='bbox 936 2351 1060 2396; x_wconf 86' lang='lat' dir='ltr'><strong>partim</strong></span> <span class='ocrx_word' id='word_1_338' title='bbox 1103 2363 1229 2386; x_wconf 85' lang='lat' dir='ltr'><strong>aureae</strong></span> <span class='ocrx_word' id='word_1_339' title='bbox 1264 2357 1515 2398; x_wconf 79' lang='lat' dir='ltr'><strong>argenteaeque</strong></span> <span class='ocrx_word' id='word_1_340' title='bbox 1546 2353 1714 2391; x_wconf 71' lang='lat' dir='ltr'><strong>monetae,</strong></span> 
     </span>
     <span class='ocr_line' id='line_1_36' title="bbox 244 2395 1716 2444; baseline -0.001 -15"><span class='ocrx_word' id='word_1_341' title='bbox 244 2395 371 2440; x_wconf 86' lang='lat' dir='ltr'><strong>partim</strong></span> <span class='ocrx_word' id='word_1_342' title='bbox 402 2408 560 2430; x_wconf 85' lang='lat' dir='ltr'><strong>vasorum</strong></span> <span class='ocrx_word' id='word_1_343' title='bbox 593 2409 635 2431; x_wconf 85' lang='lat' dir='ltr'><strong>ac</strong></span> <span class='ocrx_word' id='word_1_344' title='bbox 664 2396 810 2431; x_wconf 84' lang='lat' dir='ltr'><strong>vestium</strong></span> <span class='ocrx_word' id='word_1_345' title='bbox 843 2398 1043 2442; x_wconf 84' lang='lat' dir='ltr'><strong>conspicuae</strong></span> <span class='ocrx_word' id='word_1_346' title='bbox 1076 2398 1161 2431; x_wconf 89' lang='lat' dir='ltr'><strong>artis</strong></span> <span class='ocrx_word' id='word_1_347' title='bbox 1185 2410 1227 2432; x_wconf 85' lang='lat' dir='ltr'><strong>ac</strong></span> <span class='ocrx_word' id='word_1_348' title='bbox 1250 2399 1363 2444; x_wconf 85' lang='lat' dir='ltr'><strong>pretii.</strong></span> <span class='ocrx_word' id='word_1_349' title='bbox 1407 2397 1544 2431; x_wconf 87' lang='lat' dir='ltr'><strong>tandem</strong></span> <span class='ocrx_word' id='word_1_350' title='bbox 1563 2395 1620 2430; x_wconf 74' lang='lat' dir='ltr'><strong>rei</strong></span> <span class='ocrx_word' id='word_1_351' title='bbox 1641 2405 1716 2428; x_wconf 74' lang='lat' dir='ltr'><strong>no-</strong></span> 
     </span>
     <span class='ocr_line' id='line_1_37' title="bbox 244 2441 1714 2489; baseline -0.001 -14"><span class='ocrx_word' id='word_1_352' title='bbox 244 2445 358 2476; x_wconf 87' lang='lat' dir='ltr'><strong>mento</strong></span> <span class='ocrx_word' id='word_1_353' title='bbox 383 2445 419 2476; x_wconf 87' lang='lat' dir='ltr'><strong>et</strong></span> <span class='ocrx_word' id='word_1_354' title='bbox 448 2443 500 2476; x_wconf 91' lang='lat' dir='ltr'><strong>sui</strong></span> <span class='ocrx_word' id='word_1_355' title='bbox 522 2443 672 2488; x_wconf 89' lang='lat' dir='ltr'><strong>ipsorum</strong></span> <span class='ocrx_word' id='word_1_356' title='bbox 703 2443 810 2477; x_wconf 77' lang='lat' dir='ltr'><strong>officii</strong></span> <span class='ocrx_word' id='word_1_357' title='bbox 841 2443 957 2478; x_wconf 89' lang='lat' dir='ltr'><strong>debito</strong></span> <span class='ocrx_word' id='word_1_358' title='bbox 980 2455 1169 2489; x_wconf 89' lang='lat' dir='ltr'><strong>perpenso,</strong></span> <span class='ocrx_word' id='word_1_359' title='bbox 1204 2454 1447 2479; x_wconf 73' lang='lat' dir='ltr'><strong>suarumesse</strong></span> <span class='ocrx_word' id='word_1_360' title='bbox 1470 2441 1616 2488; x_wconf 89' lang='lat' dir='ltr'><strong>partium</strong></span> <span class='ocrx_word' id='word_1_361' title='bbox 1640 2444 1714 2474; x_wconf 71' lang='lat' dir='ltr'><strong>sta-</strong></span> 
     </span>
     <span class='ocr_line' id='line_1_38' title="bbox 246 2486 1714 2535; baseline -0.001 -14"><span class='ocrx_word' id='word_1_362' title='bbox 246 2492 388 2522; x_wconf 84' lang='lat' dir='ltr'><strong>tuerunt</strong></span> <span class='ocrx_word' id='word_1_363' title='bbox 410 2488 521 2522; x_wconf 83' lang='lat' dir='ltr'><strong>vitam</strong></span> <span class='ocrx_word' id='word_1_364' title='bbox 554 2488 668 2534; x_wconf 86' lang='lat' dir='ltr'><strong>potius</strong></span> <span class='ocrx_word' id='word_1_365' title='bbox 691 2490 898 2534; x_wconf 84' lang='lat' dir='ltr'><strong>profundere</strong></span> <span class='ocrx_word' id='word_1_366' title='bbox 922 2501 1023 2535; x_wconf 84' lang='lat' dir='ltr'><strong>quam</strong></span> <span class='ocrx_word' id='word_1_367' title='bbox 1058 2494 1155 2524; x_wconf 89' lang='lat' dir='ltr'><strong>tanto</strong></span> <span class='ocrx_word' id='word_1_368' title='bbox 1177 2492 1339 2525; x_wconf 81' lang='lat' dir='ltr'><strong>thesauro</strong></span> <span class='ocrx_word' id='word_1_369' title='bbox 1370 2490 1407 2524; x_wconf 89' lang='lat' dir='ltr'><strong>in</strong></span> <span class='ocrx_word' id='word_1_370' title='bbox 1430 2498 1546 2524; x_wconf 84' lang='lat' dir='ltr'><strong>manus</strong></span> <span class='ocrx_word' id='word_1_371' title='bbox 1567 2486 1714 2521; x_wconf 85' lang='lat' dir='ltr'><strong>hostium</strong></span> 
     </span>
     <span class='ocr_line' id='line_1_39' title="bbox 245 2534 1714 2581; baseline -0.001 -14"><span class='ocrx_word' id='word_1_372' title='bbox 245 2534 414 2568; x_wconf 84' lang='lat' dir='ltr'><strong>tradendo</strong></span> <span class='ocrx_word' id='word_1_373' title='bbox 446 2534 666 2579; x_wconf 83' lang='lat' dir='ltr'><strong>irreparabili</strong></span> <span class='ocrx_word' id='word_1_374' title='bbox 701 2535 822 2569; x_wconf 86' lang='lat' dir='ltr'><strong>damno</strong></span> <span class='ocrx_word' id='word_1_375' title='bbox 866 2536 1108 2581; x_wconf 85' lang='lat' dir='ltr'><strong>rempublicam</strong></span> <span class='ocrx_word' id='word_1_376' title='bbox 1139 2537 1304 2581; x_wconf 80' lang='lat' dir='ltr'><strong>affligere.</strong></span> <span class='ocrx_word' id='word_1_377' title='bbox 1359 2535 1444 2571; x_wconf 87' lang='lat' dir='ltr'><strong>certi</strong></span> <span class='ocrx_word' id='word_1_378' title='bbox 1475 2545 1557 2578; x_wconf 83' lang='lat' dir='ltr'><strong>ergo</strong></span> <span class='ocrx_word' id='word_1_379' title='bbox 1589 2535 1714 2566; x_wconf 78' lang='lat' dir='ltr'><strong>conatu</strong></span> 
     </span>
     <span class='ocr_line' id='line_1_40' title="bbox 248 2577 1713 2628; baseline -0.002 -14"><span class='ocrx_word' id='word_1_380' title='bbox 248 2580 338 2614; x_wconf 75' lang='lat' dir='ltr'><strong>omni</strong></span> <span class='ocrx_word' id='word_1_381' title='bbox 361 2584 467 2625; x_wconf 85' lang='lat' dir='ltr'><strong>atque</strong></span> <span class='ocrx_word' id='word_1_382' title='bbox 488 2580 654 2615; x_wconf 90' lang='lat' dir='ltr'><strong>industria</strong></span> <span class='ocrx_word' id='word_1_383' title='bbox 677 2582 881 2616; x_wconf 85' lang='lat' dir='ltr'><strong>contendere</strong></span> <span class='ocrx_word' id='word_1_384' title='bbox 903 2582 940 2616; x_wconf 90' lang='lat' dir='ltr'><strong>in</strong></span> <span class='ocrx_word' id='word_1_385' title='bbox 963 2583 1183 2617; x_wconf 90' lang='lat' dir='ltr'><strong>custodiendo</strong></span> <span class='ocrx_word' id='word_1_386' title='bbox 1204 2583 1295 2618; x_wconf 85' lang='lat' dir='ltr'><strong>tanti</strong></span> <span class='ocrx_word' id='word_1_387' title='bbox 1316 2581 1418 2628; x_wconf 88' lang='lat' dir='ltr'><strong>pretii</strong></span> <span class='ocrx_word' id='word_1_388' title='bbox 1438 2579 1592 2625; x_wconf 80' lang='lat' dir='ltr'><strong>deposito</strong></span> <span class='ocrx_word' id='word_1_389' title='bbox 1605 2604 1616 2621; x_wconf 87' lang='lat'><strong>,</strong></span> <span class='ocrx_word' id='word_1_390' title='bbox 1639 2577 1713 2624; x_wconf 87' lang='lat' dir='ltr'><strong>pri-</strong></span> 
     </span>
     <span class='ocr_line' id='line_1_41' title="bbox 247 2624 1714 2675; baseline -0.002 -15"><span class='ocrx_word' id='word_1_391' title='bbox 247 2637 336 2660; x_wconf 85' lang='lat' dir='ltr'><strong>mum</strong></span> <span class='ocrx_word' id='word_1_392' title='bbox 358 2626 618 2672; x_wconf 79' lang='lat' dir='ltr'><strong>pretiosissimas</strong></span> <span class='ocrx_word' id='word_1_393' title='bbox 642 2638 791 2671; x_wconf 81' lang='lat' dir='ltr'><strong>gemmas</strong></span> <span class='ocrx_word' id='word_1_394' title='bbox 813 2633 850 2661; x_wconf 86' lang='lat' dir='ltr'><strong>et</strong></span> <span class='ocrx_word' id='word_1_395' title='bbox 874 2629 1078 2673; x_wconf 83' lang='lat' dir='ltr'><strong>margaritas</strong></span> <span class='ocrx_word' id='word_1_396' title='bbox 1100 2629 1186 2663; x_wconf 85' lang='lat' dir='ltr'><strong>velis</strong></span> <span class='ocrx_word' id='word_1_397' title='bbox 1210 2630 1332 2675; x_wconf 83' lang='lat' dir='ltr'><strong>quibus</strong></span> <span class='ocrx_word' id='word_1_398' title='bbox 1355 2630 1454 2663; x_wconf 77' lang='lat' dir='ltr'><strong>erant</strong></span> <span class='ocrx_word' id='word_1_399' title='bbox 1474 2626 1627 2659; x_wconf 77' lang='lat' dir='ltr'><strong>intextae</strong></span> <span class='ocrx_word' id='word_1_400' title='bbox 1647 2624 1714 2658; x_wconf 86' lang='lat' dir='ltr'><strong>de-</strong></span> 
     </span>
     <span class='ocr_line' id='line_1_42' title="bbox 248 2671 1713 2722; baseline -0.002 -16"><span class='ocrx_word' id='word_1_401' title='bbox 248 2673 425 2707; x_wconf 83' lang='lat' dir='ltr'><strong>trahentes</strong></span> <span class='ocrx_word' id='word_1_402' title='bbox 438 2699 448 2716; x_wconf 90' lang='lat'>,</span> <span class='ocrx_word' id='word_1_403' title='bbox 473 2683 540 2707; x_wconf 85' lang='lat' dir='ltr'><strong>una</strong></span> <span class='ocrx_word' id='word_1_404' title='bbox 563 2683 638 2706; x_wconf 91' lang='lat' dir='ltr'><strong>cum</strong></span> <span class='ocrx_word' id='word_1_405' title='bbox 661 2674 866 2708; x_wconf 81' lang='lat' dir='ltr'><strong>ornamentis</strong></span> <span class='ocrx_word' id='word_1_406' title='bbox 889 2674 1118 2719; x_wconf 86' lang='lat' dir='ltr'><strong>imperatoriis</strong></span> <span class='ocrx_word' id='word_1_407' title='bbox 1140 2680 1177 2710; x_wconf 90' lang='lat' dir='ltr'><strong>et</strong></span> <span class='ocrx_word' id='word_1_408' title='bbox 1198 2688 1240 2710; x_wconf 90' lang='lat' dir='ltr'><strong>eo</strong></span> <span class='ocrx_word' id='word_1_409' title='bbox 1262 2675 1354 2722; x_wconf 90' lang='lat' dir='ltr'><strong>quod</strong></span> <span class='ocrx_word' id='word_1_410' title='bbox 1375 2674 1413 2708; x_wconf 89' lang='lat' dir='ltr'><strong>in</strong></span> <span class='ocrx_word' id='word_1_411' title='bbox 1433 2676 1508 2706; x_wconf 83' lang='lat' dir='ltr'><strong>tota</strong></span> <span class='ocrx_word' id='word_1_412' title='bbox 1529 2682 1621 2716; x_wconf 84' lang='lat' dir='ltr'><strong>penu</strong></span> <span class='ocrx_word' id='word_1_413' title='bbox 1636 2671 1713 2704; x_wconf 81' lang='lat' dir='ltr'><strong>erat</strong></span> 
     </span>
     <span class='ocr_line' id='line_1_43' title="bbox 249 2717 1716 2764; baseline -0.001 -13"><span class='ocrx_word' id='word_1_414' title='bbox 249 2718 479 2763; x_wconf 80' lang='lat' dir='ltr'><strong>exquisitioris</strong></span> <span class='ocrx_word' id='word_1_415' title='bbox 513 2718 639 2764; x_wconf 89' lang='lat' dir='ltr'><strong>pretii,</strong></span> <span class='ocrx_word' id='word_1_416' title='bbox 681 2719 940 2754; x_wconf 75' lang='lat' dir='ltr'><strong>abstrusissimis</strong></span> <span class='ocrx_word' id='word_1_417' title='bbox 974 2721 1180 2756; x_wconf 79' lang='lat' dir='ltr'><strong>infodientes</strong></span> <span class='ocrx_word' id='word_1_418' title='bbox 1210 2723 1273 2756; x_wconf 90' lang='lat' dir='ltr'><strong>sub</strong></span> <span class='ocrx_word' id='word_1_419' title='bbox 1313 2725 1409 2754; x_wconf 84' lang='lat' dir='ltr'><strong>terra</strong></span> <span class='ocrx_word' id='word_1_420' title='bbox 1437 2717 1716 2753; x_wconf 80' lang='lat' dir='ltr'><strong>commendarunt</strong></span> 
     </span>
     <span class='ocr_line' id='line_1_44' title="bbox 249 2762 1714 2811; baseline -0.002 -13"><span class='ocrx_word' id='word_1_421' title='bbox 249 2764 400 2799; x_wconf 85' lang='lat' dir='ltr'><strong>latebris.</strong></span> <span class='ocrx_word' id='word_1_422' title='bbox 447 2764 512 2811; x_wconf 85' lang='lat' dir='ltr'><strong>ipsi</strong></span> <span class='ocrx_word' id='word_1_423' title='bbox 534 2765 584 2799; x_wconf 83' lang='lat' dir='ltr'><strong>sic</strong></span> <span class='ocrx_word' id='word_1_424' title='bbox 606 2765 756 2810; x_wconf 84' lang='lat' dir='ltr'><strong>expediti</strong></span> <span class='ocrx_word' id='word_1_425' title='bbox 777 2766 997 2800; x_wconf 82' lang='lat' dir='ltr'><strong>accinxerunt</strong></span> <span class='ocrx_word' id='word_1_426' title='bbox 1022 2779 1061 2801; x_wconf 82' lang='lat' dir='ltr'><strong>se</strong></span> <span class='ocrx_word' id='word_1_427' title='bbox 1083 2779 1158 2801; x_wconf 84' lang='lat' dir='ltr'><strong>cum</strong></span> <span class='ocrx_word' id='word_1_428' title='bbox 1181 2766 1328 2802; x_wconf 82' lang='lat' dir='ltr'><strong>caeteris</strong></span> <span class='ocrx_word' id='word_1_429' title='bbox 1349 2766 1393 2800; x_wconf 83' lang='lat' dir='ltr'><strong>ad</strong></span> <span class='ocrx_word' id='word_1_430' title='bbox 1411 2775 1512 2810; x_wconf 86' lang='lat' dir='ltr'><strong>quam</strong></span> <span class='ocrx_word' id='word_1_431' title='bbox 1527 2762 1714 2798; x_wconf 78' lang='lat' dir='ltr'><strong>fortissime</strong></span> 
     </span>
     <span class='ocr_line' id='line_1_45' title="bbox 248 2810 1714 2859; baseline -0.001 -16"><span class='ocrx_word' id='word_1_432' title='bbox 248 2811 485 2855; x_wconf 83' lang='lat' dir='ltr'><strong>pugnandum,</strong></span> <span class='ocrx_word' id='word_1_433' title='bbox 515 2810 703 2846; x_wconf 83' lang='lat' dir='ltr'><strong>iaculantes</strong></span> <span class='ocrx_word' id='word_1_434' title='bbox 733 2811 831 2846; x_wconf 86' lang='lat' dir='ltr'><strong>simul</strong></span> <span class='ocrx_word' id='word_1_435' title='bbox 860 2822 976 2846; x_wconf 85' lang='lat' dir='ltr'><strong>omnes</strong></span> <span class='ocrx_word' id='word_1_436' title='bbox 998 2825 1019 2846; x_wconf 89' lang='lat' dir='ltr'><strong>e</strong></span> <span class='ocrx_word' id='word_1_437' title='bbox 1051 2814 1157 2848; x_wconf 87' lang='lat' dir='ltr'><strong>muris</strong></span> <span class='ocrx_word' id='word_1_438' title='bbox 1177 2814 1212 2847; x_wconf 90' lang='lat' dir='ltr'><strong>in</strong></span> <span class='ocrx_word' id='word_1_439' title='bbox 1236 2815 1487 2859; x_wconf 80' lang='lat' dir='ltr'><strong>oppugnatores</strong></span> <span class='ocrx_word' id='word_1_440' title='bbox 1508 2810 1656 2845; x_wconf 82' lang='lat' dir='ltr'><strong>arcubus</strong></span> <span class='ocrx_word' id='word_1_441' title='bbox 1675 2811 1714 2842; x_wconf 73' lang='lat' dir='ltr'><strong>et</strong></span> 
     </span>
     <span class='ocr_line' id='line_1_46' title="bbox 249 2854 1765 2906; baseline 0 -17"><span class='ocrx_word' id='word_1_442' title='bbox 249 2856 382 2902; x_wconf 75' lang='lat' dir='ltr'><strong>fundis3</strong></span> <span class='ocrx_word' id='word_1_443' title='bbox 406 2869 607 2904; x_wconf 82' lang='lat' dir='ltr'><strong>quamquam</strong></span> <span class='ocrx_word' id='word_1_444' title='bbox 636 2857 673 2892; x_wconf 85' lang='lat' dir='ltr'><strong>in</strong></span> <span class='ocrx_word' id='word_1_445' title='bbox 706 2857 771 2892; x_wconf 84' lang='lat' dir='ltr'><strong>hoo</strong></span> <span class='ocrx_word' id='word_1_446' title='bbox 801 2857 936 2903; x_wconf 86' lang='lat' dir='ltr'><strong>quidem</strong></span> <span class='ocrx_word' id='word_1_447' title='bbox 968 2859 1194 2904; x_wconf 79' lang='lat' dir='ltr'><strong>proficiebant</strong></span> <span class='ocrx_word' id='word_1_448' title='bbox 1214 2870 1351 2906; x_wconf 84' lang='lat' dir='ltr'><strong>parum,</strong></span> <span class='ocrx_word' id='word_1_449' title='bbox 1376 2859 1541 2893; x_wconf 83' lang='lat' dir='ltr'><strong>obruente</strong></span> <span class='ocrx_word' id='word_1_450' title='bbox 1561 2854 1715 2891; x_wconf 61' lang='lat' dir='ltr'><strong>multitu».</strong></span> <span class='ocrx_word' id='word_1_451' title='bbox 1763 2873 1765 2875; x_wconf 97' lang='lat'>·</span> 
     </span>
    </p>
   </div>
  </div>
 </body>
</html>
