1846 3262
420 232 498 276 DE
532 229 810 275 MICHAELE
844 225 1222 271 PALAEOLOGO
1259 226 1305 268 L.
1340 224 1394 268 Π.
1547 226 1642 271 115

169 361 307 396 σειαν,
345 341 390 385 ἓν
422 340 634 405 ἀμηχανίᾳ
660 348 737 388 τοῦ
771 339 964 400 πράττειν
994 359 1033 385 τι
1061 343 1129 384 καὶ
1154 338 1290 385 ἀνύειν
1307 341 1488 398 ἐγένοντο
1498 375 1512 395 ,
1545 339 1643 397 ὅπερ

160 412 278 469 εἶχον
298 409 359 453 δι’
382 409 629 468 ἀπορρήτων
647 411 863 469 πράττειν,
895 412 959 453 ἐπὶ
976 409 1137 461 τούτοις
1155 411 1376 468 ἐξέφαινον.
1447 412 1514 454 καὶ
1534 412 1644 462 ἔξαι-

171 480 355 525 τούντων
374 479 534 523 ἐκείνων
555 483 804 539 παραίτησιν
821 480 952 530 εὐθὺς
972 486 1206 537 παρῃτεῖτο.
1244 480 1254 487 ’
1281 478 1337 530 ὦς
1364 479 1408 523 δ’
1437 479 1516 523 ἔδει
1543 497 1645 523 συν-

172 549 402 594 τάττεσθαι
426 547 582 606 ταύτην
613 553 681 594 καὶ
713 547 979 593 συνετάττετο
1009 554 1083 592 τοῦ
1101 547 1346 605 Ἡρακλείας
1366 546 1645 606 ὑπαγορεύον-

139 637 161 671 5
174 637 259 672 τος,
280 617 326 661 τι)
343 615 511 668 ἀνάξιον
531 620 761 677 προστεθὲν
779 622 853 674 τῆς
875 615 1098 675 ἱερωσύνης
1123 619 1178 668 εἷς
1197 618 1244 661 τὸ
1267 622 1342 672 τῆς
1362 616 1648 673 παραιτήσεως

172 688 340 744 εὔλογον
361 687 544 743 ἰ”γρίαινέ
559 705 601 732 τε
618 688 689 732 τὸν
707 686 862 744 ἄνδρα,
897 688 963 729 καὶ
982 686 1143 743 ταραχὴ
1162 682 1227 741 ἦν.
1299 689 1367 729 καὶ
1406 692 1434 712 “
1442 688 1486 730 τί
1505 686 1548 730 δ’
1572 687 1647 730 οὐκ
1669 687 1698 721 Β

174 754 454 816 ἇρκούμενοι”
495 755 601 814 ἔλεγε
638 761 727 814 ((τῇ
762 758 805 799 ἐκ
834 753 964 812 λόγων
989 755 1016 811 ἢ
1045 756 1127 810 μὴν
1149 758 1215 798 καὶ
1236 753 1422 812 πράξεως
1443 754 1650 813 παραιτή-

175 844 260 880 σει,
295 825 364 867 καὶ
398 825 547 874 αἰτίαις
574 825 648 868 οὐκ
677 825 858 882 ἀγαθαῖς
877 825 1119 880 συμπλέκειν
1137 822 1248 879 ἡμᾶς
1264 824 1495 879 βούλεσθε,·
1532 824 1651 869 ἑκόν-

175 912 243 945 τες
272 890 526 953 έξιστάμεθα
554 899 637 937 τῶν
665 892 943 952 πραγμάτων,
981 894 1099 938 οὐδέν
1121 892 1219 948 ἡμῖν
1239 895 1364 948 μέλον
1383 893 1458 936 κᾶν
1482 892 1504 936 ὅ
1526 912 1565 937 τι
1584 895 1652 951 γέ-

122 961 348 1020 1ονηται.”
419 961 530 1006 οὕτω
565 966 702 1006 τοίνυν
733 963 1088 1021 ἀποκρουσθέντες
1119 963 1335 1020 ἕμβριθῶς
1357 962 1652 1018 ἀποπεμπομέ-

177 1050 278 1085 νου,
312 1030 380 1073 διὰ
399 1032 555 1087 ταχέων
574 1033 620 1076 τὸ
640 1033 794 1088 μεταξὺ
815 1031 1081 1081 διανύσαντες
1110 1032 1214 1089 πρὸς
1233 1032 1305 1076 τόν
1328 1037 1561 1089 κρατοῦντα
1584 1034 1653 1075 καὶ

176 1102 253 1156 τὴν
273 1098 450 1144 σύνοδον
484 1102 721 1154 ἀπαντῶσι,
755 1104 823 1145 καὶ
853 1101 1151 1158 ἀπαγγέλλουσι
1168 1102 1244 1156 μέν
1263 1101 1317 1144 τὰ
1338 1106 1396 1160 τῷ
1418 1099 1653 1159 πατριάρχῃ

179 1170 407 1225 λεχθέντα,
437 1169 554 1219 τέλος
583 1172 628 1213 δὲ
659 1173 726 1214 καὶ
746 1171 799 1214 τὰ
821 1175 897 1227 τῆς
918 1169 1203 1227 παραιτήσεως
1224 1172 1529 1227 παρενείροντες
1550 1170 1651 1225 ἅμε-
1675 1174 1707 1208 C

172 1237 361 1283 >ἐάθετον
394 1238 470 1292 τὴν
497 1240 648 1283 ἐκείνου
679 1238 845 1297 γνώμην
877 1241 1158 1294 διεβεβαίουν·
1194 1238 1491 1296 ἀπολήψεσθαι
1517 1241 1563 1282 δέ
1588 1241 1657 1282 καὶ

126 1324 169 1360 15
181 1309 256 1365 τὴν
286 1315 430 1365 πεῖραν
463 1308 797 1366 ἀσφαλεστέραν,
843 1309 884 1352 εἷ’
903 1326 1026 1352 τινων
1056 1308 1288 1352 σταλέντων
1317 1309 1393 1363 τὴν
1424 1310 1656 1364 βακτηρίαν

182 1380 251 1422 καὶ
273 1378 319 1420 τὸ
346 1380 643 1432 λαμπαδοῦχον
675 1378 895 1432 ἀναλαβεῖν
924 1378 1050 1428 αὐτὸς
1076 1378 1232 1428 εὐθέως
1260 1375 1481 1435 παράσχοι.
1554 1377 1577 1420 ὃ
1604 1378 1656 1432 δὴ

184 1449 252 1490 καὶ
271 1445 430 1502 γέγονε,
459 1448 527 1489 καὶ
547 1445 772 1503 παρεχώρει
791 1444 1038 1501 λαμβάνειν,
1070 1449 1105 1489 εἴ
1121 1444 1354 1501 βούλοιντο.
1425 1444 1446 1489 ὃ
1463 1446 1659 1499 βασιλεὺς

185 1516 231 1558 δ’
266 1517 330 1557 ἐπὶ
362 1512 522 1565 τούτοις
556 1515 689 1558 οὐκέτι
720 1516 884 1558 ἀνεκτὸν
914 1513 1138 1571 ἡγούμενος
1168 1515 1401 1569 ἀναμένειν,
1438 1516 1494 1564 εἷς
1515 1515 1657 1570 ἱκανὴν

186 1584 411 1640 ἀπολογίαν
435 1589 494 1644 τῷ
519 1581 751 1642 πατριάρχῃ
774 1589 857 1628 τῶν
882 1585 1224 1640 έπιγενησομένων
1243 1586 1311 1627 καὶ
1335 1583 1410 1639 τὴν
1431 1583 1535 1635 παρ’
1560 1581 1658 1627 ἔαυ-

129 1675 176 1710 20
189 1659 262 1697 τοῦ
283 1652 461 1710 λιπαρὰν
492 1655 666 1709 νομίσας
697 1654 885 1708 ἀξίωσιν,
921 1653 1055 1704 ἄλλως
1072 1671 1114 1697 τε
1134 1654 1179 1698 δὲ
1198 1655 1266 1698 καὶ
1284 1657 1358 1697 τοῦ
1372 1652 1545 1710 Ἐφέσου
1570 1655 1615 1696 Ν
1630 1680 1650 1688 -
1674 1652 1706 1687 D

186 1846 231 1870 ex
263 1846 304 1869 eo
339 1833 468 1880 aliquid
502 1836 641 1882 saepius
675 1838 831 1871 conatum
866 1847 1002 1883 semper
1033 1837 1194 1873 Nicetam
1227 1837 1496 1873 constantissime
1519 1837 1656 1884 repulit.

185 1887 270 1916 tunc
302 1881 332 1915 is
344 1882 409 1915 hab
433 1882 483 1916 ito
515 1883 654 1917 consilio
684 1894 760 1917 cum
792 1883 882 1926 suis,
917 1888 1099 1930 postquam
1129 1885 1258 1919 frustra
1289 1896 1328 1918 se
1360 1885 1565 1919 contendere
1595 1896 1660 1919 nec

187 1939 283 1974 spem
305 1927 450 1973 relinqui
477 1929 578 1963 ullam
603 1929 750 1964 melioris
773 1941 972 1972 successus,
1002 1931 1031 1965 si
1061 1935 1245 1976 pergerent
1276 1930 1423 1972 instare,
1459 1930 1544 1966 satis
1576 1942 1659 1966 con-

188 1975 301 2016 stitit,
325 1976 368 2007 ad
393 1985 434 2008 ea
457 1986 545 2020 quae
566 1976 600 2009 in
624 1976 757 2010 arcanis
780 1977 939 2011 mandata
962 1981 1132 2022 postremo
1155 1982 1357 2023 acceperant
1379 1978 1471 2012 circa
1488 1976 1658 2023 optionem

188 2021 400 2055 offerendam
423 2021 644 2057 devenerunt.
691 2033 733 2056 ea
758 2034 797 2057 re
820 2023 938 2057 audita
961 2023 1156 2068 patriarcha
1190 2024 1303 2058 statim
1326 2035 1365 2058 se
1387 2023 1461 2059 loco
1485 2035 1661 2058 cessurum

188 2067 286 2101 dixit.
334 2077 374 2100 ac
406 2067 488 2112 quia
520 2068 668 2103 libellum
700 2070 862 2103 cessionis
894 2069 1040 2104 indicem
1071 2070 1285 2104 conscribere
1318 2071 1523 2116 oportebat,
1553 2080 1660 2115 opera

187 2113 226 2147 in
249 2114 286 2146 id
310 2113 468 2147 continuo
492 2115 616 2149 collata
637 2118 701 2149 est.
748 2116 811 2150 sed
846 2127 920 2150 cum
952 2120 1154 2161 suggereret
1176 2116 1414 2151 Heracleensis
1446 2115 1573 2150 addere
1596 2126 1660 2161 pa-

188 2159 377 2193 triarcham
411 2160 558 2203 debere,
593 2166 632 2195 ut
660 2161 835 2196 videretur
857 2162 980 2197 idonea
1004 2163 1163 2197 cessionis
1186 2173 1313 2204 causa,
1344 2162 1516 2205 indignum
1540 2173 1578 2196 se
1599 2161 1662 2196 tali

189 2205 384 2240 sacerdotio
408 2207 532 2249 fuisse,
555 2211 776 2252 exasperatus
799 2220 840 2243 ea
863 2209 1030 2243 mentione
1052 2209 1216 2243 Arsenius
1238 2208 1392 2243 turbavit
1414 2212 1557 2249 cuncta,
1580 2219 1661 2241 coe-

189 2258 355 2298 ptumque
377 2253 579 2298 abrumpens
612 2257 791 2298 “nempe”
824 2255 938 2300 inquit
970 2255 1098 2290 “vobis
1121 2266 1188 2290 non
1210 2254 1339 2289 sufficit
1361 2258 1398 2288 et
1420 2255 1524 2288 verbo
1548 2257 1584 2287 et
1606 2254 1662 2287 fa-

190 2302 248 2332 cto
272 2299 467 2332 renuntiare
489 2310 542 2333 me
565 2299 746 2345 dignitati,
782 2302 841 2335 sed
875 2301 986 2336 causis
1010 2307 1190 2347 praeterea
1215 2300 1389 2347 probrosis
1410 2300 1586 2345 implicare
1607 2311 1664 2333 me

189 2342 381 2389 quaeritis?
410 2344 565 2379 volentes
589 2348 739 2381 cedimus
762 2347 1053 2382 administratione
1073 2359 1204 2386 rerum,
1231 2358 1295 2381 nec
1318 2356 1473 2381 curamus
1496 2344 1663 2391 quidquid

189 2389 272 2424 inde
306 2395 501 2424 secuturum
532 2392 589 2426 sit.
598 2394 618 2408 '’
667 2393 717 2428 sic
738 2395 946 2428 tractatione
969 2395 1186 2438 indignanter
1215 2393 1361 2438 abrupta
1395 2391 1551 2426 dimissus
1573 2391 1663 2426 inci-

189 2436 306 2470 viliter
331 2437 492 2479 moetas,
517 2449 710 2484 summaque
732 2440 910 2475 celeritate
934 2451 1106 2474 remensus
1129 2440 1237 2481 viam,
1264 2440 1309 2473 ad
1332 2439 1522 2484 Augustum
1545 2443 1581 2472 et
1602 2448 1662 2481 sy-

191 2482 317 2516 nodum
341 2483 466 2525 rediit‚
491 2485 677 2529 retulitque
700 2485 843 2531 primum
867 2486 948 2532 quid
971 2487 1114 2520 dixisset
1135 2484 1352 2532 patriarcha:
1385 2484 1509 2519 deinde
1533 2484 1662 2521 cessio-

191 2528 246 2562 nis
269 2529 440 2574 negotium
464 2541 531 2574 quo
553 2530 589 2564 in
612 2531 701 2565 nodo
722 2532 896 2573 stetisset,
921 2538 958 2567 et
979 2544 1080 2578 quam
1103 2533 1232 2567 frustra
1254 2536 1449 2576 speraretur
1470 2529 1568 2564 flecti
1586 2540 1663 2563 eum

191 2574 237 2608 ad
260 2576 439 2620 quidquam
463 2587 580 2610 eorum
603 2588 692 2622 quae
715 2582 909 2612 recusasset
929 2590 1031 2624 posse
1055 2578 1181 2613 docuit.
1227 2577 1383 2612 adiunxit
1412 2580 1547 2611 restare
1570 2575 1663 2610 viam

192 2621 305 2655 adhuc
334 2623 432 2656 aliam
463 2623 693 2668 explorandae
722 2624 828 2668 ipsius
851 2625 945 2659 circa
968 2624 1155 2659 cessionem
1186 2624 1396 2667 sententiae,
1430 2623 1460 2657 si
1482 2622 1594 2656 missis
1618 2620 1663 2654 ad

194 2677 271 2701 eum
295 2669 399 2702 certis
422 2669 482 2714 qui
505 2669 715 2715 pontificium
737 2670 857 2704 lituum
878 2673 913 2705 et
934 2671 1172 2705 candelabrum
1186 2671 1230 2706 ab
1247 2682 1288 2705 eo
1304 2670 1510 2716 reciperent,
1532 2673 1664 2701 utrum-

193 2724 263 2758 que
296 2715 490 2759 praeberet.
537 2727 697 2750 successu
731 2717 903 2751 consilium
934 2729 1000 2752 non
1033 2717 1163 2752 caruit=
1195 2716 1394 2763 petentibus
1416 2714 1504 2749 enim
1526 2713 1586 2747 illa
1609 2724 1664 2747 re-

195 2761 334 2803 spondit
357 2761 565 2806 patriarcha,
589 2766 773 2803 sumerent,
796 2762 827 2797 si
849 2763 994 2798 vellent:
1018 2775 1056 2798 se
1077 2763 1214 2809 quidem
1237 2763 1325 2798 haud
1349 2761 1542 2808 probibere.
1587 2758 1664 2804 qui-

194 2804 261 2838 bus
293 2805 479 2852 imperator
510 2809 656 2854 cognitis
690 2808 772 2842 nihil
806 2809 849 2843 ad
882 2809 934 2843 sui
968 2809 1220 2844 excusationem
1250 2808 1341 2854 apud
1374 2817 1490 2842 omnes
1513 2808 1549 2839 et
1572 2804 1663 2850 apud

193 2849 303 2895 ipsum
326 2854 576 2898 patriarcham,
600 2854 631 2889 si
653 2854 734 2900 quid
758 2854 791 2888 ei
813 2855 923 2890 minus
945 2862 1080 2901 gratum
1104 2855 1293 2897 accideret,
1317 2852 1460 2899 amplius
1478 2856 1663 2896 expectan-

195 2899 276 2932 dum
298 2904 415 2943 ratus,
446 2912 522 2936 cum
544 2900 748 2948 praesertim
770 2901 987 2949 Nicephorus
1009 2901 1139 2948 Ephesi
1161 2901 1341 2948 episcopus
1364 2899 1551 2935 affirmaret
1572 2896 1670 2932 mini-
