1884 3262
237 197 333 241 278
648 193 798 236 GEOR
804 191 882 234 GII
926 190 1276 234 PACHYMERIS

243 304 398 359 στάζων
417 304 470 354 ὥς
491 305 546 358 μὴ
571 305 698 359 ζητεῖν
722 308 869 358 στῆσαι
886 304 960 357 τὴν
980 300 1140 360 ῥύμην,
1177 303 1251 358 ἐγὼ
1270 304 1344 357 μὲν
1370 300 1442 347 οὖν
1466 299 1695 346 διακελεύο-

243 393 317 430 μαι
338 374 403 416 καὶ
423 372 537 427 ἀνδρὶ
556 374 621 414 καὶ
639 373 816 427 γυναικί,
854 373 920 414 καὶ
940 369 1147 428 πρεσβύτῃ
1167 372 1232 413 καὶ
1251 371 1327 428 νέῳ
1338 404 1350 423 ,
1389 372 1539 429 ἀστικῷ
1565 389 1607 413 τε
1641 365 1692 412 αὖ

194 447 226 480 D
250 443 315 485 καὶ
348 440 546 498 ἀγροίκῳ,
583 438 805 495 δοκιμάζειν
832 444 994 494 πρῶτον
1021 439 1118 488 τούς
1139 437 1457 494 πλησιάζοντας,
1494 441 1560 481 καὶ
1587 437 1695 481 οὕτω

242 513 441 564 χρῆσθαι.
511 507 557 549 τὸ
579 508 656 563 γὰρ
676 512 823 550 νοσοῢν
845 510 888 550 ἐκ
905 512 986 550 τῶν
1009 505 1269 563 ὑγιαινόντων
1290 507 1365 561 ἔχει
1383 507 1456 556 τὰς
1474 509 1694 562 βοηθείας·

247 579 280 619 εἴ
311 576 355 618 δ’
392 575 507 617 αὐτοὶ
535 576 611 625 τὰς
642 574 805 631 γνώμας
836 583 1013 628 νοσοῖεν,
1050 577 1092 618 τί
1113 574 1161 617 ἂν
1184 580 1269 624 τοῖς
1291 574 1428 624 ἄλλοις
1453 573 1729 630 παράσχοιενό

246 641 431 698 ἀγαθόν,·
470 643 574 684 ἀλλὰ
594 644 644 685 τὰ
665 645 739 698 μὲν
760 645 916 687 ἐκείνων
936 642 956 686 ὃ
978 644 1114 699 καιρὸς
1135 644 1234 692 ἴσως
1258 644 1395 692 δείξει*
1431 640 1524 695 ὖμῖν
1551 643 1595 684 δὲ
1622 642 1698 697 τὴν

247 713 405 755 ἐκείνων
434 712 576 753 κακίαν
611 711 981 768 ἀπομοργνυμένοις
1009 714 1074 754 καὶ
1103 716 1176 754 τοῦ
1211 710 1343 766 ὀρθοῦ
1373 712 1618 753 ἐκκλίνουσιν
1650 709 1698 752 οὗ

248 780 435 824 συνοίσει.
503 778 578 821 κᾶν
598 780 735 823 ἐκεῖνοι
755 778 1098 835 διαδιδράσκοιεν,
1131 778 1227 831 ὖμῖν
1246 779 1293 822 τὸ
1316 778 1492 834 ἔγκλημα
1511 775 1700 834 περιστή-

198 852 230 885 Ε
255 865 380 892 σεται.
449 846 551 902 με’γα
579 849 652 902 μὲν
682 850 783 904 ε’ριῦν
807 847 920 900 οῗὸα,
963 847 1073 902 ὅμως
1095 848 1139 889 δὲ
1159 849 1223 888 καὶ
1243 845 1339 901 ὑμῖν
1365 849 1535 899 δοκοῦν,
1572 844 1633 888 ὅτι
1654 845 1701 887 τὸ

249 920 322 959 τοῦ
354 915 578 969 σχίσματος
609 916 785 971 ἔγκλημα
816 917 857 958 ἐν
883 917 958 974 ἴσῳ
980 918 1045 958 καὶ
1065 915 1253 964 ἀπιστίας
1272 913 1490 970 τεθήσεται
1513 915 1578 956 καὶ
1597 912 1618 956 ὅ
1637 914 1702 969 ἐγ·
1715 924 1759 957 10

248 986 414 1038 κληθεὶς
451 985 516 1025 ἐπὶ
546 981 676 1042 τούτῳ
711 982 892 1033 κολάσεις
922 983 1057 1040 ὑφέξει
1089 981 1389 1033 καθοσιώσεως.
1460 980 1574 1036 ὑμεῖς
1606 985 1704 1037 γοῦν

251 1053 387 1094 οἷ’δατε
409 1049 518 1100 ὅπως
540 1051 643 1102 ἕξετε
665 1052 765 1108 πρὸς
783 1052 835 1094 τὰ
854 1051 1052 1107 παρόντα,
1092 1050 1146 1101 ὥς
1168 1050 1188 1105 ἢ
1207 1056 1263 1109 τῷ
1284 1049 1496 1106 ἡσυχάζειν
1515 1050 1580 1092 ἐπ’
1601 1050 1704 1105 ἀγα-

250 1125 345 1169 θοῖς
367 1116 569 1172 ἐσόμενοι,
599 1119 624 1175 ἢ
645 1125 702 1176 τῷ
721 1125 890 1163 τοιαῦτα
913 1121 1039 1175 ζητεῖν
1058 1121 1185 1175 μηδὲν
1206 1118 1310 1169 ὅλως
1329 1117 1426 1174 ύμῖν
1445 1116 1705 1175 προσήκοντα

250 1185 646 1244 τιμωρηθησόμενοι.
662 1189 687 1208 ’⁷

383 1254 431 1298 ‘O
466 1255 540 1309 μὲν
570 1252 642 1299 οὖν
671 1257 861 1310 βασιλεὺς
889 1255 1048 1306 τούτοις
1077 1273 1118 1298 τε
1149 1257 1214 1298 καὶ
1242 1255 1379 1305 ἄλλοις
1411 1253 1608 1304 τοιούτοις
1632 1254 1761 1304 τὰς15

253 1321 615 1381 προαναφωνήσεις
642 1325 738 1373 δοὺς
763 1329 821 1383 τῷ
852 1329 961 1382 λαῷ,
1003 1322 1168 1366 ἀπολύει
1200 1323 1265 1364 ἐπ’
1299 1323 1420 1365 οἷ’κων
1458 1322 1708 1379 πορεύεσθαι

112 1398 139 1430 P
168 1399 230 1433 188
257 1396 337 1435 τῶν
368 1392 519 1434 οἰκείων
552 1392 744 1435 ἕκαστον·
817 1391 934 1450 (12)
972 1393 1009 1435 οἱ
1041 1393 1235 1447 ἀρχιερεῖς
1265 1392 1309 1433 δὲ
1332 1391 1377 1434 τὸ
1399 1389 1611 1445 ἐνδόσιμον
1633 1395 1708 1434 λα-

253 1458 395 1514 βόντες
413 1459 669 1515 ψηφίζεσθαι
690 1461 760 1503 τὸν
779 1462 976 1503 δοκοῦντα
998 1462 1113 1517 σφίσι
1135 1461 1198 1501 ἐπὶ
1217 1463 1266 1515 τῇ
1287 1460 1455 1516 μεγίστῃ
1480 1461 1710 1518 προστασίᾳ

256 1529 326 1571 τὸν
351 1526 595 1581 ἐπιτήδειον,
633 1530 673 1572 ἓν
695 1529 831 1587 ταύτῷ
853 1530 1012 1571 συνίασι
1031 1526 1177 1577 πάντες
1200 1527 1304 1570 κατὰ
1326 1527 1372 1569 τὸ
1392 1527 1495 1583 ἱερὸν
1520 1529 1586 1568 καὶ
1609 1527 1711 1583 μέγα

257 1601 338 1639 τῶν
368 1599 609 1652 Βλαχερνιῦν
640 1597 823 1650 τέμενος,
861 1599 927 1639 καὶ
947 1596 1070 1639 ἄλλον
1090 1595 1215 1638 ἄλλον
1238 1595 1572 1650 προβαλλομένου
1599 1595 1712 1645 τέλος
1724 1601 1767 1635 20

260 1664 329 1721 ἐφ’
353 1662 408 1706 ἑνὶ
430 1663 576 1713 πάντες
597 1669 883 1722 συμφωνοῦσι,
919 1670 978 1725 τῷ
991 1662 1361 1723 Ἀδριανουπόλεως
1381 1667 1421 1705 Γ
1418 1667 1577 1723 ερμανῷ
1586 1697 1600 1716 ,
1639 1664 1712 1706 ἇν-

354 1775 406 1808 12.
431 1774 504 1819 τῷ]
531 1773 571 1809 τὸ
596 1775 633 1811 P.
775 1776 829 1810 13.
853 1774 929 1823 τῷ]
954 1773 995 1811 τὸ
1018 1775 1058 1809 Ρ.

262 1863 483 1898 multitudinis
506 1863 690 1898 incautae?
737 1877 799 1909 ego
822 1865 926 1909 igitur
949 1865 1077 1899 diserte
1094 1865 1293 1899 denuntians
1315 1864 1487 1911 praecipio
1510 1864 1585 1898 viro
1609 1864 1716 1898 cuivis

265 1914 301 1944 et
333 1908 485 1950 mulieri,
515 1910 586 1944 seni
607 1910 701 1944 iuxta
723 1911 922 1955 iuvenique,
955 1912 1084 1945 urbano
1113 1912 1241 1955 pariter
1264 1917 1299 1946 et
1322 1911 1447 1945 rustico
1461 1937 1470 1951 ,
1501 1914 1540 1943 ut
1563 1911 1717 1955 exploret

265 1955 360 2000 prius
392 1955 510 1999 quales
545 1955 613 1989 sint
644 1956 701 2001 qni
738 1956 780 1989 ad
803 1968 840 1990 se
867 1957 1054 1999 accedunt,
1090 1960 1158 1990 tum
1182 1958 1210 1990 si
1240 1958 1343 1991 bonos
1366 1956 1552 2001 repererit,
1587 1961 1716 1990 utatur.

265 2011 342 2034 nam
374 2011 478 2044 aeger
509 2012 529 2034 a
561 2000 651 2034 sanis
685 2001 839 2035 iuvetur:
875 2002 903 2035 si
930 2008 1039 2036 autem
1074 2003 1182 2036 animo
1206 2003 1412 2036 laborantem
1435 2009 1546 2035 mente
1569 2002 1719 2046 corrupti

266 2044 422 2087 adierint,
446 2045 526 2090 quid
549 2058 591 2080 ex
612 2046 656 2080 iis
679 2052 860 2092 expectare
882 2048 962 2081 boni
984 2049 1112 2092 queat?
1135 2048 1195 2081 sed
1218 2049 1355 2081 istorum
1379 2048 1516 2092 quidem
1534 2048 1719 2092 nequitiam

266 2091 339 2125 dies
362 2090 505 2125 forsitan
528 2091 675 2135 deteget.
723 2093 821 2127 vobis
844 2098 954 2126 autem
972 2105 1086 2127 eorum
1109 2093 1270 2127 malitiam
1285 2091 1500 2127 imitantibus
1523 2098 1559 2127 et
1581 2105 1601 2127 a
1624 2097 1718 2127 recto

268 2135 532 2180 declinantibus,
572 2149 654 2172 vere
677 2150 716 2171 ac
740 2139 831 2172 clare
856 2138 1034 2183 praedico,
1056 2150 1123 2172 non
1146 2139 1256 2172 abibit
1277 2140 1380 2172 stulta
1402 2138 1551 2173 facilitas
1571 2139 1719 2182 impune.

271 2193 311 2215 ac
333 2181 383 2215 illi
406 2182 495 2216 forte
527 2194 667 2228 poenam
696 2184 778 2228 fuga
807 2183 1036 2218 lucrifacient:
1069 2195 1131 2218 vos
1163 2184 1474 2230 deprehendemini;
1507 2184 1664 2218 haerebit
1685 2184 1719 2218 in

271 2226 369 2262 vobis
392 2227 546 2261 luendum
570 2228 703 2262 crimen.
749 2241 902 2273 magnum
925 2231 993 2263 scio
1017 2241 1092 2264 esse
1115 2230 1204 2275 quod
1228 2230 1320 2264 edico
1346 2230 1566 2271 comminans,
1589 2231 1650 2265 sed
1664 2234 1722 2263 ta-

219 2273 222 2278 ’
270 2283 347 2306 men
383 2272 449 2305 tale
478 2273 567 2318 quod
599 2275 694 2308 vobis
725 2278 855 2309 attente
884 2275 1175 2310 considerantibus
1207 2287 1349 2321 aequum
1381 2276 1512 2310 confido
1534 2275 1641 2310 viuum
1663 2275 1719 2318 iri,

272 2316 461 2351 schismatis
484 2319 610 2352 crimen
633 2319 706 2364 pari
729 2332 802 2354 cum
826 2321 998 2366 apostasia
1019 2333 1128 2366 poena
1150 2322 1363 2355 multandum.
1411 2325 1446 2355 et
1467 2320 1527 2366 qui
1549 2320 1722 2355 convictus

271 2361 346 2396 eius
368 2363 473 2396 suerit
486 2390 496 2405 ‚
519 2363 636 2398 debita
658 2366 844 2409 sacrilegae
865 2366 1048 2401 defectioni
1069 2367 1233 2412 supplicia
1255 2369 1417 2412 perferet.
1462 2378 1526 2400 vos
1547 2377 1629 2410 ergo
1653 2365 1722 2399 cir-

270 2408 463 2452 'cumspecto
493 2420 603 2443 rerum
634 2412 861 2454 praesentium
892 2416 1004 2454 statu,
1039 2413 1122 2457 quid
1153 2418 1302 2446 vestrum
1333 2412 1514 2457 unicuique
1544 2411 1720 2454 conducat,

271 2452 453 2487 decernite.
500 2454 632 2497 videte,
663 2456 816 2501 inquam,
852 2469 896 2491 au
928 2469 992 2491 non
1015 2458 1060 2491 sit
1083 2458 1200 2492 melius
1224 2459 1338 2503 quiete
1359 2458 1503 2492 vivendo
1533 2457 1630 2490 bonis
1653 2457 1721 2490 frui

272 2509 374 2543 quam
395 2497 583 2534 intricando
605 2511 643 2534 se
664 2503 765 2536 rebus
788 2503 832 2537 ad
854 2513 915 2538 vos
936 2503 1017 2537 nihil
1039 2503 1258 2539 attinentibus
1280 2504 1316 2539 in
1339 2514 1464 2550 poenas
1481 2502 1630 2537 incidere
1645 2513 1721 2546 gra-

272 2543 438 2578 vissimas.
452 2546 471 2559 '’

364 2589 461 2642 Haec
483 2589 669 2635 imperator
690 2595 726 2626 et
749 2592 911 2628 eiusmodi
933 2594 1001 2628 alia
1032 2594 1162 2628 locutus
1193 2594 1375 2636 conticuit,
1407 2594 1517 2635 locum
1547 2591 1632 2626 dans
1663 2602 1723 2625 ac-

276 2634 529 2668 clamationibus
564 2636 677 2681 populi
709 2638 835 2679 solitis,
881 2641 1107 2686 concinneque
1138 2640 1247 2675 soluta
1280 2639 1409 2674 remisit
1440 2639 1570 2672 domum
1604 2648 1725 2671 unum-

275 2690 451 2725 quemque.
499 2681 590 2725 (12)
627 2686 663 2715 at
696 2683 844 2728 episcopi
873 2685 1036 2719 facultate
1064 2690 1206 2731 accepta
1235 2684 1379 2730 eligendi
1410 2683 1528 2718 liberis
1550 2682 1725 2726 suffragiis

275 2736 374 2770 quem
397 2724 540 2760 omnium
562 2726 767 2772 aptissimum
789 2728 978 2764 iudicarent
1000 2732 1043 2765 ad
1064 2743 1252 2776 supremam
1273 2729 1437 2765 ecclesiae
1461 2730 1726 2775 praefecturam,

278 2773 399 2804 coeunt
422 2782 535 2806 omnes
555 2771 590 2806 in
611 2783 743 2807 sacrum
766 2785 806 2808 ac
829 2786 982 2818 maguum
1005 2777 1165 2821 templum
1187 2777 1470 2817 Blachernarum‚
1495 2777 1530 2808 et
1547 2779 1726 2819 postquam

272 2814 360 2850 alius
382 2815 483 2851 alium
507 2819 762 2864 proposuisset,
800 2819 842 2853 ad
867 2825 1048 2856 extremum
1072 2822 1223 2857 universi
1246 2825 1474 2856 convenerunt
1494 2819 1530 2853 in
1554 2820 1727 2854 Germano
