1884 3262
249 207 356 254 678·
390 220 393 222 ·
644 205 964 250 OBSERVAT.·
991 205 1305 251 PACHYMER.

247 315 446 355 chronico
469 314 647 353 Corsicae
673 314 822 365 tradit,
849 315 891 354 in
916 314 1167 368 expeditione
1195 317 1236 356 S.
1265 313 1454 356 Ludoviei
1485 326 1564 369 qua
1595 317 1701 369 cepit

246 372 464 419 Pelusium,
495 385 618 409 unum
636 384 687 409 ex
708 371 842 411 eadem
866 373 988 424 stirpe
1008 373 1269 410 Cataneorum
1292 372 1341 410 de
1362 373 1478 412 volta
1495 375 1600 413 inter
1621 375 1701 413 du—

247 441 310 466 ces
329 427 525 465 exereitus
540 428 670 467 fuisse.
716 442 819 467 anno
839 428 934 467 item
951 428 1101 467 Christi.
1117 431 1224 472 1396
1238 458 1248 478 ‚
1277 438 1368 466 cu'm
1397 430 1610 468 Genuensis
1637 443 1704 469 res

246 483 402 537 publica
429 484 470 522 in
500 484 610 535 gravi
635 494 712 522 suo'
736 485 909 537 periculo
935 486 1193 524 necessarium
1217 486 1426 523 censuisset
1450 487 1637 525 subiicere
1661 498 1704 524 se

247 540 412 592 imperio
434 540 565 578 Caroli
580 541 632 579 Vl
650 541 748 593 regis
768 542 936 591 Galliae,
965 542 1102 580 missus
1125 541 1176 579 ad
1194 541 1305 580 illum
1324 542 1521 581 communi
1543 543 1703 581 consilio

250 596 463 635 Damianus
490 598 681 635 cataneus
713 611 864 636 summa
890 599 1103 650 prudentia
1125 598 1287 650 parique
1306 598 1488 636 felicitate
1504 599 1705 650 negotium

251 653 445 700 confecit,
472 654 595 692 relato
618 654 780 692 domum
803 668 851 692 ex
870 656 974 706 regia
991 655 1114 706 gratia
1134 654 1251 693 titulo
1271 661 1388 704 atque
1404 654 1555 693 honore
1574 667 1707 693 mare-

249 709 389 747 schalli
417 710 616 749 Franciae.
674 713 1018 762 perseveravitque
1048 711 1208 749 affectus
1233 711 1276 749 in
1304 712 1470 763 posteris
1504 725 1586 749 non
1623 711 1709 749 sine

249 772 415 805 mutuae
441 779 576 817 regum
600 767 895 806 benevolentiae
929 768 1046 819 signis
1079 768 1317 817 illustribus;
1346 769 1459 819 quale
1492 768 1567 806 fuit
1598 767 1709 818 quod

250 822 475 861 Ludovicus
496 824 591 872 XII,
621 824 782 862 solemni
801 838 943 876 pompa
963 826 1139 862 Genuam
1157 825 1354 871 invectus,
1383 825 1516 864 villam
1531 825 1710 862 Lauren-

249 879 301 917 tii
327 880 487 918 Catanei
513 880 594 918 eius
617 879 792 918 invitatu
816 880 1092 919 humanissime
1111 880 1223 929 visit,
1254 880 1492 920 delectatum
1512 894 1552 918 se
1571 880 1712 932 hospi-a

250 935 312 974 iio
339 935 555 986 gratissime
582 937 833 986 praeferens..
872 950 994 988 quare
1017 937 1059 975 in
1084 937 1286 975 occasione
1313 937 1552 989 legationum
1575 937 1627 974 ad
1643 949 1712 975 re-

253 1004 319 1042 ges
343 992 532 1030 Franciae
563 993 724 1031 Catanei
751 1007 774 1031 a
801 994 1072 1032 Genuensibus
1097 994 1347 1044 plerumque,
1385 1000 1433 1033 ut
1458 994 1512 1032 ibi
1538 993 1712 1044 gratiosi,

251 1047 496 1099 legebantur.
551 1049 606 1087 sic
634 1063 738 1087 anno
771 1050 877 1091 1499
907 1049 1235 1100 Chr-istophorus‚
1274 1063 1378 1088 anno
1407 1051 1512 1093 1511
1541 1049 1713 1089 Thomas

254 1105 438 1155 Catanei,
469 1118 572 1143 anno
612 1106 718 1148 1513
750 1106 848 1144 alius
880 1106 973 1144 item
1006 1107 1221 1156 cataneus,
1248 1106 1365 1158 legati
1394 1106 1533 1144 Genua
1552 1106 1595 1144 in
1614 1105 1713 1144 Gal-

252 1160 348 1200 liam
372 1161 523 1201 venisse
544 1162 812 1213 reperiuntur.

367 1231 408 1259 v.
422 1221 486 1261 12.
534 1218 730 1255 aluminis
738 1217 927 1268 fodinae.
961 1218 1048 1269 quis
1066 1218 1131 1256 hic
1148 1218 1260 1257 labor
1280 1224 1380 1257 esset
1397 1224 1438 1256 et
1456 1224 1649 1269 quantum
1663 1231 1715 1257 ex

255 1287 303 1313 eo
327 1274 504 1322 lucrum,
535 1273 719 1312 discimus
739 1288 789 1313 ex
804 1276 930 1324 Duea,
959 1275 1029 1325 qui
1055 1274 1297 1313 domicilium
1315 1288 1354 1312 se
1375 1274 1557 1312 hahuisse
1576 1275 1618 1313 in
1640 1276 1717 1314 ista

255 1344 362 1371 nova
378 1329 555 1368 Phocaea
575 1330 786 1382 profitens,
816 1343 915 1382 quae
934 1332 1058 1369 refert
1076 1337 1269 1402 syectasse
1289 1331 1410 1370 oculis
1429 1330 1614 1372 creditur.
1671 1330 1722 1374 ἐν,

258 1389 311 1442 τῇ
333 1387 486 1427 Φωκίδι
505 1389 557 1443 τῇ
577 1384 677 1427 κατοέ
703 1385 777 1439 τήν
791 1382 947 1428 Ἰωνίαν
968 1385 1064 1441 ὅρος
1082 1403 1136 1440 ην
1157 1387 1200 1429 ἕν
1220 1383 1253 1444 ᾧ
1267 1386 1457 1440 μέταλλον
1479 1387 1720 1441 στυπτηρίας

257 1440 447 1496 ὑπάρχει·
487 1443 556 1483 καὶ
582 1442 607 1484 ό
629 1444 746 1490 λίθος
775 1439 882 1491 ἅπας
913 1446 984 1495 τῆς
1019 1440 1240 1497 ἀκρωρείας
1270 1443 1370 1497 πυρὶ
1407 1440 1719 1497 προσομιλήσας,

261 1496 348 1540 εἶτα
366 1497 501 1548 ὕδατι,
533 1498 588 1547 ω”ς
605 1495 773 1552 ψάμμος
791 1501 951 1552 γίνεται.
1006 1497 1078 1552 τήν
1098 1498 1141 1540 δὲ
1159 1496 1241 1541 eino*
1268 1503 1342 1541 τοῦ
1360 1499 1482 1540 λίθου
1500 1499 1727 1553 γενομένην.

261 1552 436 1608 ψάμμον
468 1556 524 1604 εἰς
552 1554 696 1608 λέβητα
719 1554 930 1608 βάλλοντες
957 1553 1033 1597 σῦν
1058 1552 1194 1606 ὕδατι,
1224 1555 1293 1598 καὶ
1307 1553 1567 1609 καχλᾶζοντος
1586 1553 1636 1596 οὔ
1655 1552 1724 1597 τό-

261 1623 360 1661 σον,
389 1611 419 1662 ‘¹2‘
439 1612 634 1663 βληθεῖσα
650 1608 819 1664 ψάμμος
839 1607 1062 1653 διαλύεται·
1090 1612 1158 1653 καὶ
1180 1610 1225 1654 τό
1250 1610 1323 1665 μὲν
1342 1610 1449 1665 παχύ
1478 1611 1547 1653 καὶ
1571 1609 1724 1654 οὐσιῶ-

264 1669 334 1717 δες
353 1664 477 1720 αὐτῆς
497 1669 540 1709 ἐν
560 1671 614 1724 τῷ
632 1670 747 1724 ζωμῷ
763 1668 884 1722 μένον
906 1667 960 1716 οἷς
981 1665 1083 1722 γάλα
1098 1670 1291 1723 τυρῶδες,
1319 1666 1362 1710 τὸ
1393 1667 1511 1722 ξηρὸν
1535 1668 1604 1709 καὶ
1622 1671 1723 1722 γεοῖ-

266 1725 333 1772 ὃες
360 1721 485 1776 αὐτῆς
513 1724 587 1773 ἔξω
616 1725 827 1778 ῥίπτουσιν
851 1724 906 1773 ὦς
929 1722 1145 1778 ἄχρηστον·
1174 1723 1241 1766 τόν
1263 1723 1305 1766 δὲ
1337 1723 1466 1778 ζωμᾶν
1486 1724 1543 1774 εἰς
1563 1722 1724 1777 σκάφας

264 1776 511 1829 κενώσαντες
536 1779 649 1834 ἄχρις
678 1779 842 1834 η’μερῶν
869 1778 1071 1835 τεσσάρων
1104 1777 1392 1835 παραδρομήν,
1422 1779 1643 1834 εὑρίσκεται
1677 1781 1724 1823 ἐν

264 1841 351 1883 τοῖς
369 1834 506 1889 ι’ίκροις
524 1839 606 1877 τῶν
623 1834 832 1889 ὁποδόχων
850 1833 1019 1891 ἀγγείων
1035 1837 1309 1891 πεπαγομένος
1327 1836 1352 1878 ὁ
1369 1835 1496 1890 ζωμός
1515 1837 1583 1878 καὶ
1599 1837 1725 1890 ὕπερ-

270 1893 442 1945 αυγίζων
463 1891 612 1945 ὁμοίως
630 1890 857 1947 κρυστάλλῳ
874 1899 946 1932 eto.
1001 1892 1080 1931 hoc
1103 1900 1162 1932 est
1182 1907 1231 1932 ex
1256 1893 1436 1933 versione
1455 1894 1646 1934 Bulialdi=
1680 1896 1725 1932 in

269 1947 450 1988 Phocide
464 1978 475 1998 ‚
506 1963 609 2000 quae
636 1949 775 1987 Ioniae
800 1947 985 1999 adiacet,
1014 1963 1129 1990 mons
1156 1957 1242 1987 erat
1264 1950 1420 1988 metalli
1443 1950 1643 1988 aluminis
1652 1950 1727 2001 fe-

216 2005 221 2010 ’
271 2018 349 2046 rax
358 2020 372 2053 ;
401 2006 611 2057 cunctique
626 2004 794 2057 lapides,
824 2006 894 2058 qui
913 2007 957 2043 in
973 2007 1116 2043 vertice
1132 2007 1292 2055 montis,
1321 2007 1364 2044 in
1385 2007 1517 2057 ignem
1529 2008 1727 2058 primum,

268 2060 529 2113 postmodum
549 2063 595 2099 in
613 2075 768 2113 aquam-
785 2063 902 2099 missi
920 2063 965 2099 in
984 2075 1152 2100 arenam
1170 2063 1510 2101 comminuuntur.
1564 2062 1664 2100 haec
1682 2076 1727 2101 ex

273 2118 369 2156 istis
402 2115 611 2169 lapidibus
637 2118 804 2156 collecta
837 2120 880 2156 in
911 2118 1106 2156 cacabum
1126 2132 1237 2171 aqua
1259 2120 1386 2156 mixta
1402 2117 1646 2168 demittitur,
1676 2133 1730 2162 ao

276 2173 348 2212 uhi·
363 2187 514 2224 parum
537 2188 647 2225 aqua
668 2176 815 2212 iniecta
828 2174 1015 2226 ferbuit,
1043 2189 1168 2213 arena
1195 2175 1363 2226 liquefit.
1421 2173 1534 2227 quod
1560 2173 1729 2214 densum

278 2236 337 2267 est
355 2231 460 2278 eius,
489 2230 594 2282 offae
612 2231 754 2282 simile,
782 2230 843 2269 ad
857 2230 1020 2275 modum
1035 2231 1156 2270 lactis
1171 2233 1215 2269 in
1238 2245 1399 2269 caseum
1417 2231 1628 2283 coagulati
1646 2245 1730 2270 ser-

277 2294 402 2324 vatur
416 2300 429 2324 t
458 2285 571 2338 quod
586 2285 736 2324 durum
757 2294 794 2324 et
810 2295 1009 2338 terrestre,
1038 2295 1085 2325 ut
1101 2288 1245 2326 inutile
1265 2287 1469 2327 abiicitur.
1527 2287 1612 2341 offa
1636 2302 1731 2326 vero

280 2343 360 2380 illa
379 2344 423 2380 in
439 2356 544 2381 vasa
563 2341 720 2395 diffusa
737 2357 809 2395 per
831 2352 1008 2396 quatuor
1027 2343 1111 2382 dies
1132 2346 1176 2383 in
1201 2345 1257 2381 eis
1280 2342 1483 2395 subsiditj
1506 2351 1731 2396 posteaque

281 2399 393 2436 cirea
414 2412 508 2436 oras
527 2413 709 2437 summas
725 2414 915 2439 vasorum
928 2408 1108 2439 concreta
1122 2399 1410 2452 splendensque
1425 2399 1483 2438 ad
1495 2401 1626 2439 instar
1642 2413 1732 2451 cry-

283 2454 398 2494 stalli
421 2457 613 2505 reperitur
639 2462 712 2498 etc.
770 2456 864 2495 satis
893 2457 995 2495 enim
1023 2456 1120 2495 haec
1147 2462 1243 2495 sunt
1269 2456 1319 2495 ad
1340 2456 1596 2495 iudicandum
1619 2457 1732 2496 istius

283 2508 351 2548 hic
385 2511 590 2549 memorati
623 2512 766 2551 laboris
803 2513 978 2552 modum.
1036 2519 1289 2564 quaestuosae
1315 2526 1435 2564 porro
1468 2511 1732 2552 distractionis

285 2565 404 2605 huius
433 2566 570 2605 mercis
595 2581 750 2607 causam
780 2569 908 2608 Ducas
927 2583 1022 2608 mox
1040 2575 1251 2618 memorat,
1279 2569 1387 2620 quod
1407 2569 1562 2607 alumen
1580 2569 1732 2607 tincto-

286 2623 396 2661 ribus
414 2622 670 2662 necessarium
689 2625 751 2664 sit.
791 2624 871 2667 ἔστι
889 2624 932 2667 δὲ
949 2622 1167 2679 ἀναγκαῖον
1186 2628 1318 2679 χρῆμα
1337 2626 1595 2673 δευσοποιοῖς·
1631 2636 1733 2674 quae

289 2677 526 2717 confirmant
552 2678 595 2717 id
621 2680 729 2730 quod
756 2687 890 2721 noster
914 2682 1031 2734 paulo
1057 2683 1219 2721 inferius
1241 2681 1399 2720 scribit:
1425 2679 1518 2718 inde
1533 2679 1734 2732 siquidem

290 2736 376 2773 vim
403 2737 551 2786 inferre
579 2748 770 2787 magnam
797 2738 864 2776 illi
892 2737 1163 2791 (Genuenses)
1194 2743 1431 2776 consuerant
1457 2738 1579 2774 istius
1595 2738 1736 2774 mercis

293 2790 526 2844 (aluminis)
555 2791 767 2830 vendibilis
792 2794 837 2830 in
857 2796 1029 2845 primis,
1059 2795 1253 2847 quoniam
1261 2794 1487 2846 plurimus,
1507 2799 1635 2844 prout
1657 2792 1736 2830 Ιιο·

292 2845 448 2898 ‘dieque
465 2846 662 2898 cernitur,
689 2849 778 2887 eius
794 2862 896 2888 usus
913 2858 970 2889 est
994 2853 1037 2889 in
1053 2851 1210 2903 pannis
1229 2865 1250 2889 e
1269 2850 1370 2888 lana
1387 2855 1495 2887 texta
1512 2848 1640 2887 colore
1658 2859 1736 2887 να·-4
