1884 3262
252 178 350 225 568
644 173 956 219 OBSERVAT.
994 172 1301 219 PACHYMER.

254 290 353 328 tiens
380 283 523 336 abripit
551 283 720 323 aviditas
750 281 801 320 ad
826 282 922 320 fines
953 293 1231 332 successusque
1262 280 1699 334 praevorandos.11ie

253 343 445 397 agendum
472 340 566 378 mihi
598 347 696 392 puto
718 339 768 377 de
795 338 952 376 nomine
981 334 1210 389 ἰχνηλάτης,
1247 339 1356 389 quod
1377 353 1467 378 cum
1498 345 1700 388 tamquam

253 399 459 464 proprium
483 397 596 435 istius
613 397 679 435 vel
701 394 871 433 auctoris
892 395 955 433 vel
977 394 1103 446 operis
1121 401 1322 445 ponatm,
1351 395 1481 434 neutri
1497 401 1629 433 tamen
1651 406 1702 432 ex

256 471 302 494 οι
305 467 403 506 igme
422 454 628 503 convenit;
657 465 756 503 quae
783 450 880 489 mihi
908 451 983 489 suit
1013 464 1127 488 causa
1147 451 1247 489 illud
1265 451 1312 488 ab
1331 451 1413 489 eius
1431 451 1574 489 titulo'
1564 465 1606 489 m
1624 451 1704 488 La·-

257 513 345 551 tina
366 510 688 560 interpretatione
708 507 949 546 removendi.
1003 508 1154 559 primus
1174 507 1412 546 vocabulum
1430 503 1638 559 ἰχνηλάτης
1653 506 1706 544 ad

256 569 366 607 hunc
378 566 522 604 librum
540 564 816 618 appellandum
832 563 1012 602 adhibuit
1029 565 1085 603 Gi
1086 577 1200 602 aecus
1210 564 1314 602 illius
1327 564 1520 615 interpres
1537 565 1708 613 Symeon

256 623 376 672 Seth,
405 621 600 671 imitatus,
630 630 675 661 ut
692 622 773 673 ipse
794 621 870 669 ait,
899 621 967 658 sed
989 633 1038 659 ex
1059 627 1170 673 parte
1188 620 1419 668 dumtaxat,
1457 620 1653 658 Arabem
1643 633 1707 658 m-

257 679 527 727 nominatum‚
568 679 635 728 qui
664 691 714 716 ex
741 677 894 715 Persica
918 677 1083 715 dialecto
1101 707 1111 725 ,
1151 677 1193 715 in
1224 690 1341 727 quam
1370 675 1442 714 has
1467 675 1708 728 parabolicus

261 735 553 776 dissertationes
570 736 733 773 Perzo'es
752 733 964 771 ex.1ndicis
994 733 1206 785 originibus
1233 734 1516 781 transtulerat,
1544 731 1709 770 Arabice

258 793 346 831 illas
371 791 539 830 reddens
554 820 565 840 ‚
599 791 710 842 operi
737 790 901 828 titulum
926 790 1112 842 imposuit
1139 789 1396 840 compositum
1419 802 1469 827 ex
1488 787 1710 827 nominibus

261 849 434 887 duarum
463 861 740 900 personarum,
780 860 947 898 quarum
981 847 1155 898 dialogus
1180 846 1367 884 maiorem
1399 845 1535 897 implet
1558 849 1711 897 partem

262 904 544 944 dissertationis
572 904 720 955 primae
747 910 787 941 et
819 903 870 941 ad
896 903 1108 941 secundam
1134 903 1251 941 etiam
1279 901 1520 941 extenditur.
1577 914 1712 939 earum

260 961 397 999 Indica
415 961 606 1000 vocabula
625 973 722 1011 quae
743 960 892 998 suerint
904 988 915 1008 ‚
952 960 1145 997 nescimus
1153 973 1164 1009 3
1204 973 1372 1009 quorum
1393 965 1527 996 tamen
1541 963 1591 996 ut
1615 970 1714 1009 pro-

261 1019 442 1069 priorum
459 1017 619 1056 retineri
635 1029 753 1054 sonus
781 1022 821 1054 et
842 1016 1006 1054 aliarum
1024 1016 1147 1054 literis
1163 1015 1328 1067 exprimi
1348 1015 1538 1053 debuerat
1557 1015 1713 1065 lingua-

262 1087 366 1112 rum.
423 1087 468 1111 ac
492 1086 540 1111 ne
559 1073 624 1111 illa
644 1072 800 1123 quidem
829 1078 1097 1111 memorantur
1116 1084 1213 1122 quae
1235 1073 1276 1109 in
1295 1085 1366 1110 sua
1387 1071 1713 1123 interpretatione

263 1129 416 1167 Persica
440 1130 571 1181 posuit
592 1130 765 1167 medicus
783 1129 959 1167 Perzoes.
1015 1129 1165 1181 primus
1184 1127 1329 1176 Arabs,
1353 1127 1420 1178 qui
1436 1127 1630 1165 secundus
1645 1127 1719 1164 in-.

124 1188 152 1222 P
175 1188 243 1224 390
268 1193 418 1238 terpres
434 1187 555 1224 fuisse
579 1186 746 1235 dicitur3
775 1199 856 1223 non
878 1185 1003 1223 solum
1025 1185 1124 1223 duos
1142 1184 1237 1222 istos
1254 1184 1555 1222 interlocutores
1571 1182 1715 1222 Arabi-

267 1243 322 1281 cis
347 1255 398 1280 ex
428 1242 575 1293 origine
601 1242 764 1280 vocibus
788 1241 1012 1291 indigitavit
1039 1241 1145 1278 hisce
1169 1240 1293 1291 Cylile
1314 1246 1354 1278 et
1371 1242 1545 1288 Bimae,
1573 1251 1716 1278 verum

268 1299 388 1337 etiarn
408 1299 517 1350 operi
540 1297 761 1348 quindecim
782 1297 901 1335 dissei
904 1297 1097 1335 tationum
1128 1296 1313 1334 univeiso
1331 1296 1485 1334 easdem
1501 1308 1576 1347 pro
1598 1294 1721 1333 titulov

267 1356 506 1411 praeposuit.
562 1354 604 1391 id
634 1359 788 1392 constat
816 1366 864 1391 ex
895 1352 1229 1392 admonitiuncula
1245 1351 1440 1390 Allatiano
1462 1351 1587 1390 codici
1601 1363 1720 1403 prae-

268 1409 373 1460 fixa,
403 1424 522 1461 quam
545 1409 611 1448 hic
638 1409 932 1448 describendam
950 1409 1058 1448 duxi.
1115 1409 1271 1462 βιβλίον
1301 1405 1580 1473 φυσιολαγικόν
1607 1422 1720 1460 μετα-

268 1465 464 1533 xom6ffiv
484 1466 526 1507 ἐκ
545 1469 618 1517 τῆς
633 1463 770 1513 Ἰνδίας
795 1481 863 1506 και
890 1464 1014 1506 δοθὲν
1036 1468 1093 1520 τῷ
1123 1466 1279 1517 βασιλεῖ
1308 1461 1469 1519 Χοσρόῃ
1492 1464 1535 1506 ἐν
1555 1464 1723 1516 Περσιδι

270 1518 378 1574 παρά
404 1538 512 1591 τινος
532 1520 690 1573 Περζωὲ
711 1525 843 1573 σοφοῦ
860 1521 928 1562 καὶ
950 1522 1090 1573 ἰατρου
1111 1537 1186 1573 την
1206 1520 1345 1573 τέχνην
1358 1549 1367 1566 ,
1404 1521 1472 1561 καὶ
1489 1517 1723 1586 μετενεχθὲν

273 1595 332 1627 εις
347 1576 421 1631 τήν
434 1573 619 1631 Ἀράβων
639 1581 833 1646 γλῶσσαν,
863 1594 970 1630 παρα
992 1577 1034 1618 δὲ
1051 1574 1219 1630 Συμεών
1238 1577 1452 1630 μαγίστραυ
1469 1576 1537 1617 καὶ
1559 1571 1723 1627 φιλοσό-

273 1650 357 1686 <pov
379 1637 452 1675 τοῦ
470 1632 564 1686 Σήθ
585 1635 640 1682 εἰς
655 1629 940 1686 τήνἙλλήνων
960 1630 1164 1674 διαλεκτον
1180 1634 1445 1686 μεταβληθέν,
1475 1628 1724 1684 καλούμενον

272 1689 486 1762 Ἀραβιστὶ
523 1688 596 1743 μὲν
621 1692 767 1730 Κυλίλε
794 1689 862 1730 καὶ
886 1690 1034 1742 Διμνέ,
1071 1687 1290 1741 Ἑλληνιστὶ
1321 1687 1364 1729 δὲ
1387 1689 1650 1754 Στεφανίτης
1655 1687 1724 1728 καὶ

272 1743 504 1800 ’.[χνηλάτης.
541 1745 618 1800 ἔχει
632 1745 676 1787 δὲ
692 1742 853 1799 μύθους
869 1743 1125 1800 παμπόλλους
1141 1745 1209 1786 καὶ
1225 1748 1348 1786 πᾶσιν
1364 1741 1601 1799 ἀνθρώποις
1619 1738 1726 1796 ὤφε-

274 1808 426 1855 λὶμυυς,
481 1803 579 1840 haec
595 1803 682 1840 ibi·
660 1831 672 1852 ,
698 1816 796 1853 quae
812 1803 867 1840 sic
886 1803 1022 1840 Latine
1038 1808 1200 1840 sonant:
1228 1802 1326 1840 liber
1337 1801 1638 1853 physiologicas
1656 1799 1726 1838 de·-

277 1861 307 1896 l
300 1867 389 1896 tias
418 1873 462 1896 ex
489 1858 611 1897 India
639 1866 675 1896 et
702 1858 828 1896 datm
854 1860 939 1910 regi
968 1859 1165 1897 Clzosroi
1149 1873 1192 1896 m
1206 1857 1411 1896 Persidea
1437 1857 1613 1909 quodam
1629 1854 1727 1895 Per-

278 1920 347 1953 zoe'
373 1916 551 1966 sapiente
577 1922 614 1952 et
646 1913 821 1964 medico,
850 1915 1079 1952 translatus·
1100 1916 1222 1952 etiam
1247 1916 1290 1952 in
1317 1913 1502 1952 Arabum
1525 1914 1724 1964 linguam,

279 1985 308 2010 a
337 1972 521 2022 Symeone
547 1985 638 2009 vero
667 1972 862 2022 magistro
892 1978 928 2008 et
957 1971 1198 2022 philosopho
1235 1972 1514 2022 cognominato
1549 1968 1644 2008 Setlz
1682 1970 1726 2007 in

285 2028 533 2065 Graecorum
552 2026 770 2065 dialectum
788 2041 1014 2076 conversae,
1043 2035 1210 2066 vocatus·
1223 2026 1398 2066 Arabica·
1413 2024 1575 2077 quidem
1601 2025 1728 2076 Cylile

283 2090 320 2120 et
341 2085 491 2122 Dimne
505 2111 515 2130 ‚
549 2084 697 2121 Graece
715 2097 804 2122 vero
829 2083 1078 2135 Stephanites
1109 2091 1144 2120 et
1170 2083 1399 2123 Iclznelates.
1456 2082 1576 2119 hahet
1592 2087 1728 2119 autem

272 2139 455 2190 fabulas
474 2140 700 2190 permultas
724 2147 760 2177 et
784 2140 966 2177 omnibus
990 2140 1222 2187 hominibus
1253 2140 1384 2177 utiles.
1447 2138 1564 2177 video
1593 2150 1643 2176 ex
1666 2136 1729 2175 his

285 2195 416 2232 verbis
430 2202 577 2233 restare
610 2195 773 2234 dubium
799 2196 959 2244 lectori,
988 2210 1038 2234 an
1057 2196 1206 2234 Persica
1230 2201 1270 2233 et
1288 2195 1476 2244 Arabica,
1504 2207 1599 2245 quas
1613 2193 1731 2232 fuisse

285 2250 460 2289 diversas
477 2252 668 2303 ponimus,
696 2265 778 2290 non
800 2265 877 2290 una
893 2265 1030 2290 revera
1049 2259 1089 2290 et
1107 2252 1240 2290 eadem
1255 2252 1374 2291 suerit
1389 2251 1529 2290 versio.
1585 2250 1732 2288 dicitur

287 2306 391 2345 enim
415 2307 481 2345 hic
506 2314 662 2346 tantum
685 2308 832 2346 librum
862 2307 969 2346 hunc
996 2323 1046 2347 ex
1072 2309 1185 2346 India
1211 2308 1265 2347 in,
1282 2308 1481 2347 Persidem
1508 2306 1683 2344 delatum
1707 2318 1732 2342 a

288 2362 452 2411 Perzo'e,
480 2364 536 2401 ita
555 2370 602 2402 ut
622 2365 729 2414 quod
747 2365 908 2403 additur
926 2365 974 2402 de
993 2366 1246 2412 translatione
1263 2365 1303 2403 in
1323 2365 1493 2415 linguam
1513 2362 1729 2411 Arabicam,

288 2419 411 2456 tribui
433 2419 556 2458 eidem
571 2421 705 2458 Perzoi
723 2427 839 2471 queat
857 2427 896 2459 et
922 2421 1083 2471 intelligi
1103 2435 1261 2460 versum
1282 2422 1331 2459 ab
1358 2434 1403 2459 eo
1426 2420 1590 2458 Arabice
1606 2418 1732 2457 Chos-

289 2475 351 2513 roi
370 2475 545 2513 oblatum
574 2483 614 2513 et
639 2477 843 2528 vulgatum
871 2478 913 2514 in
932 2478 1088 2516 Perside
1106 2479 1241 2526 fuisse,
1271 2478 1339 2516 ubi
1355 2478 1458 2515 forte
1480 2476 1610 2526 lingua
1629 2473 1732 2512 Ara-

282 2529 377 2568 bica
396 2544 476 2569 non
494 2532 690 2582 incognita
708 2533 824 2584 vulgo
841 2534 972 2572 suerit.
1014 2547 1154 2573 verum
1172 2547 1326 2572 omnem
1345 2532 1630 2583 ambiguitatem
1650 2529 1732 2567 tol·-

293 2587 342 2625 lit
369 2587 475 2637 quod
498 2587 548 2624 ad
573 2588 716 2626 calcem
746 2589 873 2640 operis
901 2590 1149 2641 subiungitur
1166 2591 1214 2628 ab
1241 2591 1324 2642 ipso
1353 2590 1501 2627 Graeco
1518 2588 1733 2637 interprete

297 2644 486 2694 Symeone
509 2642 622 2691 Seth,
652 2650 742 2694 post
760 2646 935 2694 quintam
955 2646 1143 2685 decimam
1166 2646 1480 2685 Dissertationem
1497 2642 1735 2692 adscriptum

298 2698 360 2737 his
378 2700 492 2751 plane
507 2699 657 2738 verbisz
686 2702 807 2739 ταῦτα
822 2698 870 2740 τὰ
892 2716 926 2741 ιε
944 2699 1126 2754 τμήματα
1147 2701 1170 2744 ὁ
1190 2700 1316 2753 σοφος
1335 2698 1467 2754 ἰατρός
1487 2696 1646 2751 Περζωδ
1666 2712 1735 2750 με’·

300 2755 458 2808 τέβαλεν
487 2755 530 2795 ἐκ
549 2757 618 2806 τῆς
641 2750 808 2807 Ἰνδικῆς
839 2756 894 2803 εἰς
914 2772 987 2807 την
1008 2760 1184 2825 Περσίδα
1206 2757 1409 2798 διαλεκτον
1425 2785 1437 2804 ,
1476 2754 1738 2820 μετακομίσας

300 2809 343 2851 ἐκ
368 2814 437 2864 τῆς
461 2809 602 2860 Ἰνδίας
626 2826 678 2866 τω
712 2812 867 2862 βασιλεῖ
894 2810 1063 2868 Χοσρόῃ.
1120 2814 1163 2855 ἐκ
1197 2812 1240 2854 δὲ
1259 2817 1330 2865 τῆς
1353 2813 1553 2866 Περσικῆς
1578 2811 1635 2859 εἷς
1661 2822 1738 2861 την
