1884 3262
708 192 1145 240 Llss.›11.NoTAE.i
1207 224 1209 226 -
1549 197 1644 242 631

199 321 327 358 τυχων
344 304 469 346 ἐκεῖσε
487 303 563 346 σῦν
586 305 714 371 ἴκανω
733 302 1010 374 στρατεύματι,
1041 305 1118 349 καὶ
1127 304 1369 358 συμπλακεὶς
1388 308 1443 362 τῷ
1474 304 1644 361 πολέμῳ,
1669 314 1698 348 P
1719 314 1786 348 440

197 378 246 402 τα
269 365 404 415 πρῶτα
422 360 495 414 μὲν
524 359 643 413 ὁμόσε
663 360 855 415 χωρήσας
879 366 933 417 τῷ
954 359 1119 416 ἡγεμόνι
1141 366 1196 418 τῷ
1222 360 1347 416 κόπῳ
1378 367 1556 403 συνωθεῖ
1576 362 1644 403 καὶ

198 419 328 467 ῥίπτει
357 424 430 460 etc,
487 418 601 456 addit
630 432 652 455 a
689 420 874 457 restituto
902 419 944 456 in
970 419 1126 468 sellam,
1163 419 1269 457 unde
1294 403 1424 457 fuerat
1460 418 1644 467 deiectus,

195 475 423 525 Palaeologo
441 474 609 513 nothum
626 474 826 513 Michaelis
850 474 1034 526 despotae
1051 475 1176 513 filium
1200 475 1307 513 letali
1320 488 1546 525 percussum
1563 475 1645 514 ictu

194 531 414 581 nequivisse
432 544 566 582 parem
582 543 794 583 reponere5
820 544 920 582 quae
938 531 1157 582 significant
1172 545 1292 569 manu
1309 537 1348 568 et
1363 532 1467 569 ferro
1485 532 1643 570 Palaeo-

192 587 272 638 logi
292 588 473 625 cecidisse
490 587 743 626 Theodorum
765 588 847 626 sive
870 587 1088 625 manuelem
1115 587 1235 625 istum
1249 585 1430 625 nothum.
1485 587 1528 624 id
1547 601 1643 626 vero

194 644 422 695 pernegabit
451 644 519 694 qui
551 656 705 682 mecum
735 644 1018 683 existimaverit
1046 643 1296 694 Acropolitae
1324 645 1457 693 potius
1478 643 1645 682 creden-

195 700 316 751 dum,
337 705 492 738 tantum
519 714 602 738 non
625 699 688 738 his
707 700 919 752 praesenti,
953 699 1096 751 quippe
1117 699 1235 737 huius
1254 698 1358 737 socio
1382 699 1555 738 militiae.
1611 700 1657 748 is¹

194 756 299 794 enim
318 756 463 795 diserte
484 756 658 794 affirmat
674 769 881 795 excussum
904 756 996 794 sella
1022 755 1275 794 Theodorum
1304 768 1474 805 moxque
1495 768 1515 792 e
1530 756 1652 806 lapsu,

191 813 442 852 sublevatum
471 813 686 851 accurrisse
713 813 765 851 ad
795 814 1037 851 Comnenum
1064 818 1104 851 et
1131 811 1357 863 suppliciter
1392 811 1645 863 deprecatum

192 881 339 908 necem.
396 870 639 907 Comnenum
659 876 790 908 autem
815 871 1060 920 ignorantem
1089 869 1175 919 quis
1201 867 1268 907 hic
1286 873 1407 915 esset,
1435 868 1642 906 tradidisse

190 925 338 994 ipsum
348 926 479 964 'rm-oo
509 925 700 976 cuipiam,
730 926 799 976 qui
830 939 918 964 eum
943 925 1153 967 interfecit.
1207 927 1280 965 τοῦ,
1309 939 1515 975 πτωματος
1540 938 1640 978 γουν

192 979 366 1030 αναστὰς
386 984 504 1029 οὑτος
522 980 780 1033 (Theodmus
799 980 972 1033 nothus)
991 979 1245 1051 προσέδραμε
1255 983 1308 1034 τῷ
1327 983 1530 1034 Κομνηνῷ
1551 983 1654 1033 ΖΡΗ-Ἰ

191 1034 308 1105 χαήλ,
337 1038 407 1078 και,
425 1034 623 1078 ἐδυσωπει
634 1053 690 1104 μη
711 1040 980 1089 φονευθῆναι.
1035 1032 1176 1088 ηγνόει
1205 1033 1249 1075 δὲ
1266 1037 1408 1076 τοῦτον
1427 1035 1452 1076 o‘
1474 1040 1640 1100 Κομνη-

189 1110 282 1142 νος,
312 1090 420 1134 nain
396 1106 504 1142 οστις
521 1088 574 1145 ἦν
595 1109 670 1134 ουκ
686 1090 889 1145 ἠπίστατο.
945 1093 1194 1144 παραδίδωσι
1208 1094 1315 1157 γοῦν
1331 1106 1454 1132 αυτον
1477 1087 1640 1146 Τούρκῳ

188 1151 291 1198 τινί,
326 1149 394 1190 καὶ
420 1147 467 1198 ὃς
497 1146 720 1200 πεφόνευκε
744 1153 899 1190 τοῦτον.
955 1162 1077 1202 porro
1111 1147 1219 1199 quod
1244 1143 1403 1188 σκότιον
1430 1133 1640 1186 obscuru1‘n

187 1205 296 1244 hunc
313 1205 510 1244 Michaelis
530 1206 712 1257 despotae
729 1205 857 1244 filium
879 1211 1014 1243 noster
1033 1205 1150 1252 dicit,
1186 1203 1239 1242 ad
1255 1203 1547 1253 illegitimarum
1566 1218 1641 1242 na·-

187 1263 327 1300 talium
350 1262 599 1313 ignominiam
620 1263 811 1312 pertinet,
837 1261 1089 1311 quam-idem
1118 1266 1157 1298 et
1186 1259 1298 1307 alibi,
1327 1266 1373 1296 ut
1400 1260 1500 1297 infra
1523 1273 1562 1310 p.
1584 1260 1639 1301 85

186 1331 226 1357 v.
246 1319 274 1361 4
302 1319 401 1356 solet
421 1319 493 1356 ista
509 1318 760 1357 tenebrarum
787 1318 984 1355 mentione
1005 1317 1228 1368 designare,
1256 1315 1432 1355 alludens
1445 1345 1454 1362 ‚
1486 1317 1649 1367 opinor,

187 1374 350 1414 Homeii
366 1375 498 1413 locum
517 1374 627 1412 Iliad.
646 1376 666 1422 ζ
682 1375 731 1413 de
758 1374 971 1412 Bucolione
991 1372 1263 1411 Laomedontis
1280 1371 1362 1409 filio
1380 1371 1528 1410 notho:

402 1431 632 1471 Βουκολίων
646 1428 686 1471 δ’
702 1426 756 1483 ἦν
775 1427 866 1478 υἷος
886 1426 1039 1495 οἶγανοῦ
1058 1428 1338 1480 Λαομέδοντος
1375 1458 1379 1460 »

403 1483 671 1539 πρεσβύτατος
698 1489 828 1540 γενεῇ.
882 1482 1043 1526 σκότιον
1066 1484 1145 1526 δέ
1126 1501 1145 1525 ε
1166 1485 1320 1537 γείνατο
1339 1479 1480 1536 μήτηρ.

186 1542 238 1580 ad
255 1555 371 1593 quem
398 1543 530 1581 locum
549 1549 664 1582 vetus
690 1543 934 1581 scholiastes.
962 1537 1118 1582 σκότιον
1143 1557 1186 1581 εκ
1200 1540 1397 1592 λαθραίας
1413 1540 1554 1607 μίξεως
1568 1536 1640 1580 vo'v

184 1595 319 1650 λάθρα
337 1599 600 1665 γεγενημένον
617 1615 686 1640 και
704 1595 779 1640 οὐκ
799 1599 840 1639 ἐκ
862 1601 934 1649 τῆς
953 1594 1053 1640 aare*
1071 1593 1199 1648 νόμον
1217 1596 1483 1649 γαμηθείσης,
1513 1592 1580 1635 τὸν
1597 1595 1638 1644 ἐξ

185 1651 466 1710 αδαδουχήτων
491 1671 644 1707 γαμων.
698 1655 768 1694 ubi
792 1655 987 1706 eleganter
1012 1667 1168 1692 causam
1196 1652 1363 1691 innuens
1386 1665 1458 1689 cur
1481 1651 1638 1689 obscuri

186 1711 370 1749 dicantur
388 1712 598 1762 illegitimi,
627 1711 670 1749 id
686 1704 833 1750 indicat
857 1724 907 1748 ex
923 1723 970 1748 eo
989 1711 1136 1748 factum
1157 1708 1264 1759 quod
1284 1722 1364 1746 non
1390 1720 1440 1745 ex
1458 1707 1634 1758 coniugio

183 1767 346 1805 solemni
366 1769 497 1806 facum
514 1741 721 1818 genialium
739 1767 978 1820 praelatione
999 1767 1192 1804 illustrato
1211 1765 1281 1802 sed
1303 1763 1455 1804 furtivo
1473 1762 1636 1829 captatis

182 1824 357 1862 tenebris
383 1825 598 1862 concubitu
631 1826 714 1863 nati
746 1825 836 1861 siut.
892 1823 1007 1860 istius
1039 1821 1303 1873 miginationis
1331 1820 1443 1859 verbi
1478 1815 1636 1868 σκότιος

181 1879 387 1931 illegitimis
414 1881 559 1931 aptati,
599 1881 707 1930 quod
731 1879 770 1928 ἐξ
802 1876 1087 1934 ἆδαδουχήτων
1108 1893 1247 1930 γαμων
1264 1876 1342 1915 orti
1361 1876 1461 1924 sint,
1475 1880 1632 1916 aucto-

109 1935 117 1946 *
181 1948 265 1974 rem
284 1936 515 1975 Eustathius
542 1950 581 1987 p.
601 1940 683 1979 622
706 1936 768 1976 ed.
788 1920 902 1974 Rm‘n.
928 1935 1066 1986 allegat
1091 1934 1280 1987 Apionem
1306 1939 1482 1972 veterem
1500 1933 1631 1983 magni

180 1992 348 2031 nominis
364 1993 674 2042 grammaticum.

293 2063 326 2088 c.
357 2052 420 2089 11.
478 2051 589 2096 Quae
612 2049 691 2088 hoc
716 2049 842 2099 eapite
870 2052 1085 2085 narrantur
1116 2045 1164 2083 de
1192 2051 1306 2108 capto
1326 2044 1540 2092 vinctoque
1555 2054 1627 2093 per

181 2105 410 2144 Chadenum
435 2105 684 2157 Palaeologo,
729 2105 855 2155 deque
880 2102 1085 2155 praesagiis
1112 2101 1265 2151 imperii
1290 2112 1333 2136 ea
1352 2098 1552 2137 occasione
1570 2097 1627 2136 illi

181 2161 347 2210 oblatis,
376 2174 512 2199 eorum
540 2174 613 2200 nee
645 2162 735 2200 vola
766 2174 839 2198 nec
865 2159 1069 2209 vestigium
1096 2157 1269 2195 ceinitur
1297 2154 1403 2207 apud
1422 2153 1628 2205 Acropoli-

182 2223 280 2265 tam,
309 2193 449 2267 opinor
467 2217 558 2255 ideo
568 2218 678 2267 quod
703 2218 768 2255 ille
794 2229 876 2268 per.
874 2216 926 2253 id
942 2221 1095 2265 tempus
1118 2215 1161 2251 in
1179 2212 1462 2264 expugnatione
1481 2210 1626 2261 Prilnpi

180 2273 298 2315 ¹castri
318 2279 456 2323 captus
472 2278 511 2310 et
531 2273 645 2324 longo
670 2280 846 2323 tempore
870 2271 1049 2309 custodia
1068 2269 1247 2307 detentus
1278 2268 1328 2305 ab
1344 2267 1543 2315 hostibus,
1575 2272 1624 2306 ut

179 2329 262 2380 ipse
281 2329 398 2367 docet
418 2329 521 2366 Hist.
541 2342 573 2366 c.
602 2332 669 2377 62,
697 2329 771 2367 ista
790 2342 870 2366 non
892 2327 1049 2366 viderit.
1109 2326 1164 2362 G1
1167 2338 1298 2375 egoras
1322 2336 1476 2374 quoque
1495 2323 1543 2361 de
1560 2322 1621 2359 his

179 2391 309 2432 tacet,
337 2384 464 2423 multo
490 2384 650 2431 leviori,
677 2391 726 2422 ut
755 2398 805 2422 ex
836 2383 998 2421 caeteris
1028 2388 1208 2434 apparet,
1238 2381 1382 2418 tinctus
1399 2381 1537 2418 notitia
1553 2391 1621 2416 re-

178 2455 271 2480 rum
290 2413 501 2479 Michaelis
507 2440 742 2492 Palaeologi‚
770 2454 867 2491 quas
891 2440 959 2490 qui
978 2439 1129 2491 plenius
1151 2438 1228 2476 hoc
1244 2443 1380 2475 nostro
1398 2435 1621 2484 tradiderit,

178 2499 326 2537 frustra
339 2502 563 2547 quaeretur.

292 2567 324 2591 c.
347 2557 410 2595 12.
443 2553 501 2591 De
518 2552 655 2591 morbo
674 2557 714 2588 et
730 2549 857 2589 morte
867 2550 1064 2589 Theodori
1084 2564 1208 2602 pauca
1218 2561 1338 2602 paene
1350 2546 1616 2600 perfunctorie

178 2610 315 2648 scribit
337 2610 473 2648 absens
489 2615 588 2647 tunc
603 2608 652 2645 ab
674 2608 763 2645 aula
787 2607 975 2658 Georgius
999 2607 1242 2659 Acropolita,
1269 2609 1310 2643 iu
1334 2604 1427 2642 his·
1416 2601 1616 2641 immorari

176 2666 420 2716 potissimum
449 2666 587 2704 solitus
615 2677 716 2715 quae
744 2666 932 2716 spectavit
952 2676 1145 2716 praesens.
1199 2661 1423 2701 brevissime
1452 2660 1547 2697 item
1571 2655 1616 2694 id

178 2722 358 2773 transigit
372 2723 576 2773 Gregoras.

288 2792 328 2829 p.
346 2782 400 2821 33
419 2792 460 2817 V.
480 2781 521 2820 7.
577 2779 623 2815 in
650 2778 816 2814 innoxia
838 2776 1146 2827 pertractatione
1160 2776 1270 2827 firmi
1297 2770 1516 2810 candenti-s.
1571 2757 1613 2806 id

174 2807 352 2873 'ferrum
340 2848 383 2882 ln
411 2835 561 2874 Graeco
580 2839 698 2873 xocat
715 2832 972 2885 Pachymeres
991 2829 1142 2886 μυδρον
1167 2831 1210 2873 ἐκ
1228 2827 1352 2881 πυρὸς
1370 2826 1448 2879 ἤδη
1470 2825 1615 2875 ζέοντα
