1884 3262
538 178 645 223 ΠΒ.
674 177 750 224 111.
801 175 1284 222 CHRONOLOGICUS.
1539 177 1637 222 719

288 283 359 327 ‘Ex
391 287 507 326 dictis
534 287 772 339 intelligitur
797 301 897 340 quae
923 287 1021 326 fides
1044 285 1231 326 habenda
1256 285 1310 339 sit
1351 284 1637 335 astrologorum

182 344 291 396 genti
311 344 417 382 circa
438 344 646 396 eclipsium
661 345 861 383 diritatem
880 350 918 382 et
935 344 1149 383 effectuum
1168 357 1217 383 ex
1242 342 1290 380 iis
1312 344 1637 393 consequentium

180 400 476 451 malignitatem.
531 406 624 439 sunt
648 400 718 452 qui
733 401 929 439 maleficas
948 414 1082 439 earum
1101 400 1206 439 vires
1225 398 1443 451 provinciis
1463 404 1501 436 et
1520 398 1638 436 urbi-

180 457 253 496 bus
268 457 492 509 specialiter
513 457 770 507 adscribunt,
801 463 841 495 et
861 457 1067 495 duodecim
1089 455 1244 494 zodiaci
1264 455 1384 505 signis
1398 454 1442 492 in
1469 462 1638 505 quatuor

181 514 420 565 quadrantes
441 513 661 551 distributis
681 527 826 552 nocere
845 514 988 552 volunt
1005 513 1171 565 eclipses
1192 512 1240 550 iis
1256 511 1471 563 praecipue
1497 511 1640 549 mundi

178 569 384 621 partibus,
413 583 512 620 quae
539 570 736 608 subiectae
757 576 848 609 sunt
876 570 987 621 signo
1006 569 1118 608 cuius
1135 569 1176 607 in
1195 569 1357 619 regione
1381 568 1537 619 eclipsis
1554 567 1638 618 fiat,

179 631 219 664 et
237 625 449 664 effectuum
477 625 576 664 vitia
594 640 668 678 pro
691 627 847 679 eclipsis
872 626 1143 678 magnitudine
1169 625 1221 664 ad
1240 625 1375 677 plures
1403 637 1554 663 menses
1575 631 1638 663 at-

179 695 256 733 que
275 682 392 720 etiam
412 696 535 720 annos
555 683 790 723 extendunt.

236 771 240 774 .
290 740 394 776 Sunt
413 739 480 790 qui
503 739 547 777 in
567 739 778 791 eclipsibus
804 736 1000 778 rationem
1019 737 1269 792 planetarum
1289 737 1543 790 praecipuam
1560 736 1639 774 ha·-

176 793 262 833 beri
283 794 443 844 volunt,
473 801 512 833 et
531 795 580 833 iis
600 797 772 835 maxime
790 795 1014 834 hominibus
1036 796 1163 834 labem
1190 795 1404 833 timendam
1424 795 1637 844 affirmant,

175 862 345 902 quorum
366 851 410 888 in
432 848 658 904 horoscopo
684 853 804 890 iidem
833 852 903 904 qui
933 851 1143 904 eclipsibus
1163 851 1419 889 dominantur
1438 851 1632 903 planetae,
1656 852 1686 888 P
1713 852 1779 888 508

174 907 406 959 praesertim
433 906 467 945 si
496 909 739 959 malignioris
759 915 922 947 naturae
943 915 1056 959 sunt,
1094 914 1142 946 ut
1163 907 1267 946 Mars
1288 909 1330 946 et
1348 909 1565 957 Saturnus,
1596 915 1637 946 et

176 978 201 1003 a
222 964 318 1003 Iove
339 963 491 1002 Venere
525 970 564 1002 et
589 965 790 1004 Mercurio
817 964 880 1003 vis
911 978 1048 1004 eorum
1072 964 1249 1019 malefica
1268 978 1352 1002 non
1377 964 1635 1014 refringatur.

289 1021 391 1058 Sunt
410 1019 478 1070 qui
495 1034 571 1072 pro
591 1021 712 1060 variis
735 1020 917 1059 domibus
946 1021 1201 1070 coelestibus,
1241 1020 1283 1058 in
1304 1020 1447 1071 quibus
1468 1020 1633 1071 eclipses

173 1075 297 1125 fiunt,
327 1075 576 1126 distinguunt
603 1078 798 1116 malorum
823 1077 933 1116 varia
953 1089 1093 1128 genera
1113 1082 1152 1115 et
1175 1089 1456 1128 personarum,
1487 1076 1629 1128 quibus

175 1145 220 1170 ea
238 1131 341 1170 mala
358 1131 600 1184 impendent.
658 1133 698 1172 in
716 1147 820 1171 nona
838 1133 958 1172 domo
975 1133 1302 1184 significationem
1332 1132 1570 1171 seditionum
1589 1138 1630 1171 et

172 1189 411 1226 mutationes
431 1189 670 1240 religionum
696 1189 783 1228 fieri
809 1195 1010 1238 asserunt;
1043 1189 1086 1227 in
1111 1189 1249 1240 quinta
1275 1201 1459 1239 agrorum
1481 1189 1630 1227 sterili-

172 1250 296 1294 tates,
326 1245 445 1283 fames
463 1250 502 1282 et
528 1251 656 1296 pestes
677 1246 887 1297 portendi,
917 1245 1056 1283 aulicis
1076 1246 1261 1283 fortunae
1287 1245 1480 1294 ludibria,
1510 1258 1629 1298 prae-

172 1298 382 1351 gnantibus
408 1300 564 1339 feminis
593 1307 732 1353 partus
759 1301 1034 1340 infelicitatem
1056 1301 1234 1340 nuntiari
1243 1315 1254 1351 ;
1285 1301 1327 1338 in
1350 1308 1488 1353 quarta
1509 1302 1628 1340 domo

172 1358 344 1395 Saturno
364 1362 403 1394 et
419 1357 542 1395 Marte
562 1370 653 1396 cum
673 1358 813 1410 eclipsi
831 1357 1159 1397 convenientibus
1179 1358 1383 1396 vastitates
1411 1358 1570 1396 urbium
1590 1364 1630 1397 et

174 1411 423 1451 dominorum
439 1414 696 1452 mutationem
716 1414 942 1465 significari.
999 1420 1040 1453 et
1055 1413 1154 1452 haec
1170 1414 1341 1466 quidem,
1373 1414 1525 1465 aliaque
1548 1427 1631 1452 non

173 1469 366 1519 meliora,
396 1475 506 1507 tanta
534 1470 772 1509 confidentia
799 1470 959 1522 quidam
985 1471 1272 1523 pronuntiant,
1303 1471 1415 1522 quasi
1438 1477 1547 1509 certo
1568 1472 1632 1509 fu-

172 1528 263 1564 tura
285 1531 437 1576 essent,
467 1531 505 1564 et
525 1532 606 1564 tam
627 1533 755 1565 certae
777 1539 913 1566 eorum
933 1540 1071 1566 causae
1090 1528 1140 1565 iis
1157 1528 1395 1576 creduntur,
1424 1533 1470 1565 ut
1490 1541 1630 1578 perso-²

171 1595 244 1621 nas
268 1582 383 1620 etiam
415 1582 631 1633 singulares
659 1597 756 1622 sexu
782 1583 1026 1636 professione
1053 1590 1092 1622 et
1118 1584 1307 1635 dignitate
1337 1583 1504 1635 aliisque
1532 1598 1632 1637 pro-

171 1639 270 1691 priis
294 1638 589 1678 conditionibus
622 1640 850 1691 designent,
887 1644 926 1679 et
959 1639 1059 1693 ipsis
1085 1640 1313 1679 nominibus
1345 1640 1568 1693 appellare,
1596 1639 1631 1679 si

170 1699 259 1734 tuto
277 1700 455 1748 possent,
484 1696 757 1747 profiteantur.

284 1750 407 1790 XVII.
464 1752 508 1789 ln
528 1750 608 1791 hoc
625 1762 766 1803 genere
785 1751 1063 1805 praesidentiae
1085 1758 1225 1806 peccat
1245 1752 1286 1791 in
1308 1751 1448 1806 primis
1466 1752 1630 1805 Cypria-

171 1820 248 1847 nus
266 1807 464 1846 Leovitius
492 1808 535 1846 in
564 1809 827 1862 descriptione
849 1816 888 1849 et
908 1807 1064 1862 pictura
1099 1810 1298 1862 eclipseon
1324 1823 1424 1862 quae
1449 1811 1495 1848 ab
1524 1820 1627 1847 anno

175 1863 284 1906 1554
314 1877 440 1915 usque
469 1864 520 1902 ad
553 1866 661 1908 1605
698 1867 980 1917 contigerunt,
1019 1866 1092 1904 ubi
1124 1879 1258 1905 earum
1299 1865 1627 1917 significationem

171 1921 291 1972 plane
316 1920 536 1959 secundum
564 1922 717 1972 regulas
746 1923 894 1961 astrolo
920 1923 978 1960 iae
1006 1922 1233 1962 iudiciariae
1257 1922 1457 1961 describit.
1517 1922 1627 1974 quod

172 1983 212 2015 et
229 1982 431 2027 praestant
463 1983 555 2030 post
586 1979 850 2017 Ptolemaeum
914 1979 1108 2028 ardanus,
1144 1979 1376 2029 Iunctinus,
1415 1979 1625 2029 Origanus,

172 2039 212 2071 et
236 2033 303 2071 alii
330 2032 625 2085 ephemeridum
654 2036 893 2087 scriptores,
927 2041 973 2073 ut
1002 2035 1097 2074 artis
1121 2035 1350 2073 iudiciariae
1379 2036 1624 2085 professores

170 2089 350 2140 plerique
369 2100 514 2132 omnes,
573 2098 710 2129 contra
730 2100 826 2142 quos
847 2090 951 2129 nihil
970 2101 1041 2141 ego
1061 2091 1192 2129 modo.
1249 2090 1422 2129 sufficiat
1443 2091 1552 2142 quod
1573 2091 1623 2129 de

171 2145 382 2196 eclipsibus
408 2145 477 2183 hic
501 2148 775 2198 pronuntiavi,
805 2161 867 2186 eas
893 2161 943 2185 ex
969 2147 1186 2185 necessario
1221 2153 1259 2184 et
1288 2161 1310 2184 a
1331 2147 1404 2185 deo
1435 2148 1620 2185 ordinato

172 2201 268 2239 solis
288 2206 327 2238 et
344 2201 459 2239 lunae
480 2215 647 2241 occursu
667 2205 733 2241 vel
751 2203 1002 2256 oppositione
1022 2202 1223 2241 innocenti
1240 2203 1422 2255 prodire3
1455 2218 1622 2255 quarum

171 2264 375 2295 auctorem
403 2265 590 2296 accusant
612 2260 641 2296 ii
667 2260 788 2311 impie
817 2260 886 2311 qui
913 2272 974 2297 eas
1001 2265 1063 2298 tot
1092 2260 1287 2298 malorum
1317 2272 1451 2298 causas
1486 2260 1622 2299 haberi

171 2313 313 2352 volunt
327 2343 339 2363 ,
375 2320 413 2351 et
431 2327 472 2352 se
494 2313 601 2366 ipsos
618 2315 820 2367 impietate
843 2316 938 2354 artis
961 2315 1117 2356 infamis
1136 2323 1174 2355 et
1195 2315 1377 2355 humanis
1397 2316 1622 2369 divinisque

166 2368 322 2420 legibus
340 2369 574 2408 interdictae
589 2371 870 2411 contaminant.
1418 2407 1421 2410 .

282 2426 416 2464 Liceat
432 2426 678 2479 infidelibus,
706 2435 773 2466 aut
801 2428 898 2479 quid
924 2428 976 2467 sit
997 2429 1152 2482 eclipsis
1175 2429 1460 2482 ignorantibus,
1488 2431 1622 2482 lunae,

171 2486 220 2519 ut
239 2488 404 2532 putant,
440 2482 641 2524 laboribus
663 2485 862 2535 opitulari.
918 2484 1036 2523 liceat
1049 2486 1326 2527 tintinnabulis
1345 2493 1385 2526 et
1404 2487 1503 2526 aeris
1521 2502 1619 2526 sono

170 2551 288 2589 quam
312 2544 481 2589 possunt
505 2538 850 2579 vehementissimo
875 2547 1024 2580 terrere
1050 2542 1280 2593 draconem,
1319 2544 1388 2595 qui
1417 2558 1510 2582 cum
1525 2545 1620 2581 luna

166 2594 438 2645 congreditur.
494 2594 611 2634 liceat
641 2596 886 2635 mulierculis
914 2597 1014 2648 sagis
1047 2604 1088 2636 et
1119 2600 1330 2647 maleficis,
1373 2613 1473 2651 quae
1503 2600 1620 2638 lunae

168 2663 324 2689 amores
354 2650 532 2689 ambiunt
560 2658 630 2691 aut
649 2652 829 2692 vendunt
861 2654 1038 2700 favores,
1067 2668 1153 2694 eam
1184 2670 1206 2694 e
1228 2656 1400 2695 tenebris
1417 2669 1622 2706 emergens-

171 2712 255 2746 tem
277 2707 343 2748 vel
362 2708 533 2746 salutare
547 2709 775 2748 redeuntem
791 2710 864 2749 'vel
878 2711 1124 2762 proclamare
1151 2713 1370 2751 victricem.
1429 2711 1621 2749 Christia-

166 2762 235 2800 nis
253 2769 294 2802 et
313 2763 427 2802 deum
444 2763 675 2803 timentibus
695 2771 734 2804 et
758 2766 922 2805 eruditis
941 2768 1050 2806 nefas
1073 2781 1257 2807 accusare
1283 2768 1403 2807 deum
1427 2767 1472 2805 in
1493 2769 1621 2819 operi-

171 2817 246 2858 bus
265 2825 343 2862 tam
361 2821 573 2875 praeclaris
591 2827 630 2861 et
650 2822 834 2862 beneficis
853 2822 948 2863 solis
965 2829 1004 2864 et
1021 2824 1162 2877 lunae,
1193 2823 1454 2865 existimando
1472 2830 1620 2864 temere
