1846 3262
232 185 326 234 142
648 189 884 234 GEORGII
919 192 1275 238 PACHYMERIS

229 303 304 352 τὰς
346 302 545 356 κλίμακας
585 304 885 358 προσπαίουσιν
916 305 1046 356 εὐθὺς
1076 314 1161 356 τοῖς
1195 315 1392 364 φρουροῖς
1418 311 1696 367 κοιμωμένοις,

226 373 399 420 Ἰταλοῖς
430 388 472 426 γε
503 366 593 413 οὖσι
605 403 618 423 ,
658 374 729 414 καί
747 389 844 428 σφιν
868 374 906 416 οἷ
925 373 1104 424 ἐπιόντες
1125 375 1226 432 ὄναρ
1248 378 1475 434 ἐπέστησαν
1496 379 1696 437 φοβερόν·

231 440 360 488 εὐθὺς
378 439 456 494 γοὶρ
477 439 576 489 τοὺς
594 440 668 494 μὲν
695 441 799 496 μηδ’
833 444 1108 497 αἰσθομένους
1129 445 1311 488 ἐκποδὼν
1336 446 1608 502 κατασχόντες
1631 451 1699 506 ε’ρ-
1744 487 1746 490 ,

230 510 413 565 ρίπτουν,
449 506 701 564 σφάττοντες
724 508 935 566 πρότερον,
973 512 1070 562 τοὺς
1090 514 1134 555 δὲ
1154 515 1220 556 καὶ
1240 518 1313 569 τῆς
1334 522 1516 570 ταραχῆς
1535 517 1700 560 ἐπαΐον-

228 594 303 627 τας
328 578 393 618 καὶ
427 577 530 631 πρὸς
559 578 691 633 φυγὴν
721 580 993 635 τρεπομένους
1022 579 1256 637 φθάνοντες
1279 583 1605 638 κατεσπάθιζον,
1644 585 1732 637 (ὅς-5

229 648 314 701 μηδ
321 645 333 661 ³
356 644 522 701 ἄγγελον
544 650 625 689 τῶν
652 648 868 702 δρωμένων
888 647 1185 706 ὑπολελεῖφθαι
1198 684 1210 702 ,
1244 649 1347 694 ὅπου
1369 669 1411 708 γε
1437 655 1503 694 καὶ
1525 653 1596 696 τὸν
1618 655 1700 698 ἀπὸ

178 723 208 758 Β
233 719 311 759 τοῦ·
334 713 590 764 κωλύσοντος
615 714 748 771 φόβον
771 718 909 760 ἐνίκων
930 706 981 760 ἀἱ
1003 721 1256 772 προθυμίαι,
1289 722 1355 762 καὶ
1385 712 1500 775 δῆλοι
1522 717 1627 775 ἦσαν
1650 723 1701 778 ἦν

231 801 293 834 τις
311 784 523 838 ἀντισταίη
545 782 808 838 μαχούμενοι.
882 784 1075 837 ἐλθόντες
1095 788 1140 830 δὲ
1160 788 1261 844 πρὸς
1282 789 1357 843 τὴν
1376 794 1450 843 τῆς
1471 795 1601 846 πηγῆς
1622 790 1702 834 πύ-

233 858 308 908 λην
336 855 402 896 καὶ
432 851 585 907 ταύτην
617 853 982 910 ἀναπεφραγμένην
1016 854 1200 911 εὖρόντες
1231 859 1367 907 λίθοις
1397 858 1609 901 κατέσπων
1633 859 1702 902 εὖ·-

234 922 359 974 θέως,
392 921 468 964 κάκ
487 921 614 975 μέσου
637 928 847 973 ποιοῦντες
866 924 959 973 τοὺς
979 926 1123 974 λίθους
1145 927 1283 968 δίοδον
1302 931 1353 982 τῇ
1384 931 1556 986 στρατιᾷ
1584 926 1700 982 ἡτοί-
1715 939 1758 973 10

235 993 364 1046 μαζον
386 990 567 1045 εὐμαρῆ,
605 989 689 1033 εἶτα
709 992 754 1033 δὲ
773 994 839 1034 καὶ
859 995 985 1048 σφησὶ
1000 994 1187 1047 χαλκέοις
1207 994 1307 1043 τούς
1323 995 1500 1051 θαιρούς
1521 1000 1603 1038 τῶν
1623 1015 1703 1039 πυ-

238 1064 320 1103 λῶν
353 1057 642 1114 ἐκκρούσαντες
673 1065 927 1104 κατασπῶσι.
999 1063 1065 1102 καὶ
1097 1061 1249 1114 εὐθύς,
1299 1063 1412 1117 ἔτυχε
1446 1063 1524 1120 γὰρ
1557 1065 1703 1121 παρών

240 1130 362 1172 ἐκεῖσε
386 1129 453 1170 καὶ
480 1132 563 1170 τῶν
592 1128 816 1184 ἱερωμένων
841 1127 862 1171 ὃ
884 1131 1106 1186 Λακερᾶς,
1138 1132 1181 1172 ἐκ
1202 1136 1283 1173 τῶν
1303 1134 1622 1189 θεληματαρίιον
1645 1132 1703 1177 ὧν

188 1206 219 1240 C
243 1199 310 1240 καὶ
329 1196 452 1245 αὐτὸς
471 1198 536 1238 καὶ
556 1201 761 1252 συνεργῶν
782 1197 1002 1251 ἀνδρικῶς,
1032 1197 1302 1251 ὖπαναβαίνει
1323 1201 1369 1243 τὸ
1391 1208 1520 1255 τεΐχος
1538 1200 1704 1256 συνάμα

237 1263 445 1322 Γλαβάτῳ
466 1267 542 1307 τινὶ
567 1266 632 1307 καὶ
654 1269 810 1314 λοιποῖς
838 1263 1000 1320 ἑτέροις.
1072 1267 1167 1309 οὐδὲ
1194 1268 1271 1324 γὰρ
1295 1268 1351 1310 ἔτι
1372 1267 1547 1323 ε’τόλμα,
1583 1272 1651 1312 καὶ
1674 1268 1758 1325 ἧ15
1799 1283 1805 1287 “

240 1334 356 1392 φωνὴ
387 1333 720 1386 συναπεσβέσθαι
750 1338 808 1391 τῷ
836 1333 912 1375 δέει
945 1334 1058 1389 ἐγγὺς
1078 1335 1346 1389 ἐκινδύνευεν,
1384 1336 1486 1380 ὅπου
1505 1355 1548 1393 γε
1569 1339 1702 1381 καὶ·τὸ

240 1410 370 1458 τεῖχος
391 1403 522 1444 δοκεῖν
546 1399 565 1444 ὃ
590 1399 722 1458 φόβος
742 1402 879 1444 ἐδίδου
900 1403 1219 1459 κραδαίνεσθαι,
1258 1402 1314 1454 ὥς
1344 1406 1411 1447 καὶ
1439 1407 1705 1450 καταπίπτειν

240 1615 374 1651 gnaque
407 1602 539 1638 vitandi
571 1602 734 1648 strepitus
765 1614 868 1648 cura,
913 1603 1107 1648 singillatim
1140 1604 1331 1639 conscensis
1360 1605 1484 1647 scalis,
1526 1604 1705 1641 offendunt

241 1651 358 1686 statim
388 1650 545 1683 custodes
574 1649 777 1684 dormientes
812 1649 919 1694 (Itali
954 1650 989 1683 hi
1027 1652 1151 1694 erant)
1194 1654 1229 1684 et
1261 1650 1415 1684 terribile
1447 1651 1512 1685 illis
1542 1653 1705 1686 somnium

240 1699 391 1751 portant:
430 1695 541 1730 subito
565 1696 651 1729 enim
676 1707 734 1730 eos
758 1707 820 1730 nec
842 1695 1027 1730 sentientes
1058 1696 1244 1741 corripiunt
1267 1708 1308 1730 ac
1331 1697 1514 1731 deturbant
1535 1697 1705 1740 deorsum,

241 1743 411 1787 rugulatos
435 1742 538 1786 prius.
587 1741 696 1776 socios
720 1753 802 1775 vero
826 1742 986 1787 quosdam
1010 1741 1180 1788 ipsorum,
1214 1742 1273 1788 qui
1297 1743 1441 1776 tumultu
1465 1743 1567 1777 exciti
1590 1745 1705 1788 fugam

243 1788 488 1833 expediebant,
521 1792 812 1833 praeoccupantes
845 1788 1024 1822 concidunt
1057 1788 1198 1833 gladiis,
1232 1793 1270 1822 ut
1303 1800 1398 1822 nemo
1431 1793 1626 1834 superesset
1648 1789 1706 1834 qui

246 1833 422 1869 nuntiaret
444 1845 532 1879 quae
555 1834 772 1877 gerebantur.
818 1845 938 1879 nempe
961 1834 1027 1868 iam
1050 1841 1193 1875 metum,
1232 1845 1298 1879 quo
1332 1835 1463 1868 moenia
1485 1835 1601 1868 timide
1624 1836 1707 1868 sub-

247 1886 367 1914 euntes
397 1882 658 1921 aestuaverunt,
689 1891 731 1913 ne
764 1891 831 1924 qua
861 1880 895 1913 vi
927 1880 1053 1913 maiore
1077 1881 1120 1914 ab
1143 1880 1278 1924 incepto
1302 1880 1584 1924 prohiberentur,
1618 1892 1707 1915 nunc

246 1926 391 1970 denique
414 1926 591 1959 alacritate
615 1925 799 1959 animorum
822 1937 863 1959 ac
887 1926 1084 1960 fortitudine
1113 1937 1270 1960 successu
1292 1930 1392 1960 aucta
1415 1926 1572 1960 vicerant
1595 1926 1707 1961 extin-

245 1977 451 2017 xerantque,
485 1974 653 2016 planeque
685 1983 768 2017 prae
798 1983 835 2005 se
865 1972 1023 2005 ferebant
1047 1983 1084 2006 se
1106 1971 1279 2017 quemvis,
1312 1972 1369 2016 qui
1405 1972 1646 2006 adversaturus
1668 1983 1707 2007 se

248 2017 436 2058 obiiceret,
467 2017 568 2051 armis
591 2017 679 2051 ultro
703 2017 827 2051 adoriri
850 2029 917 2051 non
941 2018 1163 2052 dubitaturos.
1209 2017 1382 2062 Progressi
1406 2018 1451 2051 ad
1474 2021 1607 2063 portam
1630 2019 1708 2052 fon-

249 2064 314 2104 tis,
349 2068 385 2097 et
415 2063 500 2097 banc
530 2064 674 2098 maceria
705 2068 799 2097 retro
829 2065 1035 2098 obstructam
1067 2062 1298 2109 reperientes,
1334 2063 1471 2097 diruunt
1495 2075 1568 2098 eam
1593 2065 1708 2098 statim

251 2109 431 2144 abstractis
460 2109 676 2155 disiectisque
706 2109 877 2155 lapidibus
899 2109 1023 2153 raptim
1043 2109 1212 2153 congestis
1236 2120 1277 2142 ac
1299 2113 1428 2142 temere
1451 2110 1707 2154 superstructis,

251 2156 373 2201 quibus
397 2156 593 2198 constabat,
627 2155 815 2200 ingressum
835 2155 1008 2200 irrupturo
1031 2167 1108 2189 mox
1133 2154 1298 2188 exercitui
1321 2154 1427 2188 latum
1449 2159 1484 2189 et
1505 2155 1707 2190 inoffensum

252 2213 294 2235 ea
329 2212 436 2245 opera
467 2201 663 2246 pandentes.
709 2202 830 2236 deinde
854 2206 966 2234 autem
990 2202 1103 2235 cuneis
1134 2201 1250 2234 aeneis
1274 2200 1430 2234 cardines
1451 2201 1624 2235 valvarum
1646 2202 1709 2236 de-

252 2246 426 2281 molientes
463 2247 636 2281 revellunt.
683 2248 772 2282 forte
809 2257 970 2291 praesens
1006 2247 1116 2280 adfuit
1154 2247 1229 2280 hoc·
1251 2246 1318 2279 illis
1344 2247 1525 2290 agentibus
1547 2247 1708 2281 sacerdos

252 2293 388 2337 quidam
412 2293 543 2326 nomine
566 2293 733 2335 Laceras,
756 2307 775 2328 e
798 2298 900 2338 gente
924 2297 961 2326 et
982 2292 1056 2337 ipse
1079 2292 1362 2334 voluntariorum3
1397 2291 1455 2338 qui
1477 2292 1536 2326 ubi
1560 2292 1602 2326 ad
1628 2303 1709 2337 por-

252 2342 310 2372 tae
341 2338 587 2372 demolitionem
618 2339 760 2374 viriliter
790 2342 990 2384 cooperatus
1011 2338 1095 2384 ipsis
1119 2342 1231 2380 esset,
1261 2349 1390 2372 murum
1414 2338 1611 2372 conscendit
1634 2349 1710 2372 cum

253 2383 397 2429 quodam
421 2385 568 2418 Glabato
591 2385 721 2420 nomine
744 2391 781 2419 et
803 2385 877 2419 aliis
898 2384 1048 2429 reliquis.
1086 2384 1147 2418 sed
1169 2389 1282 2418 terror
1306 2395 1380 2417 eum
1403 2387 1518 2418 tantus
1541 2383 1709 2418 constrin—

253 2435 354 2464 xerat
374 2432 413 2463 ut
436 2429 492 2463 vix
515 2431 677 2475 expedire
707 2435 822 2477 posset
851 2442 989 2472 vocem3
1022 2440 1206 2475 parumque
1234 2430 1357 2463 aberat
1380 2429 1458 2475 quin
1483 2440 1522 2463 ea
1543 2429 1579 2462 in
1601 2429 1712 2463 fauci-

254 2476 317 2509 bus
351 2480 442 2509 metu
474 2475 626 2509 extincta
659 2478 834 2511 condictae
864 2475 1113 2510 acclamationis
1147 2476 1278 2520 signum
1301 2475 1402 2509 edere
1425 2475 1597 2520 nequiret:
1633 2485 1711 2508 nam

219 2546 227 2551 .
254 2521 357 2555 etiam
380 2532 514 2564 murus,
540 2527 716 2566 postquam
738 2524 773 2557 in
796 2533 868 2556 eum
893 2522 1068 2565 ascendit,
1097 2526 1244 2555 tremere
1265 2521 1330 2566 ipsi
1353 2520 1471 2566 utique
1497 2522 1634 2555 turbato
1657 2519 1712 2555 vi-

254 2567 398 2601 debatur
421 2572 456 2600 et
477 2570 570 2601 totus
593 2568 735 2602 concuti.
783 2579 888 2614 quare
908 2572 1116 2612 opportunus
1140 2567 1172 2601 ei
1195 2566 1422 2601 confirmando
1445 2567 1509 2600 fuit
1531 2567 1710 2601 comitatus

254 2613 415 2654 aliorum,
446 2613 503 2657 qui
531 2612 652 2648 misere
680 2614 912 2648 formidantem
935 2625 996 2656 ne,
1031 2613 1127 2647 simul
1152 2625 1269 2648 vocem
1295 2612 1466 2647 attolleret
1487 2612 1521 2646 in
1544 2612 1711 2646 constitu-

253 2663 325 2692 tam
356 2658 626 2693 acclamationem
658 2662 903 2705 Augustorum,
937 2659 981 2692 de
1012 2670 1105 2693 muro
1131 2659 1246 2693 statim
1280 2669 1444 2705 praeceps
1467 2659 1627 2700 caderet,
1659 2657 1711 2691 sic

257 2704 545 2738 adhortationibus
567 2705 713 2751 undique
734 2706 899 2739 instantes
921 2704 1143 2747 animarunt,·
1162 2705 1280 2750 sicque
1302 2704 1524 2749 amplexando
1547 2703 1711 2737 tenendo-

257 2761 324 2794 que
347 2761 368 2783 a
395 2762 483 2784 vano
507 2750 655 2796 periculo
678 2751 800 2786 ruendi
832 2763 874 2785 ex
900 2750 968 2784 alto
996 2761 1150 2785 securum
1172 2751 1347 2791 fecerunt,
1377 2754 1416 2784 ut
1438 2749 1554 2783 conari
1576 2749 1712 2782 tandem

259 2795 422 2838 auderet,
456 2807 497 2830 ac
528 2799 692 2831 tremente
726 2797 854 2843 quidem
887 2796 1175 2842 intermortuaque
1195 2808 1301 2838 voce,
1333 2795 1511 2830 solemnem
1535 2794 1712 2829 formulam

258 2841 346 2876 bene
375 2841 538 2888 precandi
567 2842 729 2889 Augustis
757 2848 927 2889 utcunque
956 2843 1202 2890 pronuntiaret.
1248 2841 1497 2888 responderunt
1518 2840 1633 2876 statim
1655 2838 1713 2886 qui
