1884 3262
292 197 391 247 574
686 194 999 248 OBSERVAT.
1033 193 1343 240 PAGHYMER.

290 322 390 361 que,
418 305 528 359 quod
553 305 649 345 hinc
675 304 872 356 sequitur,
901 304 942 342 in
968 303 1125 369 palatio
1133 304 1396 356 diversatum,
1424 306 1558 357 utique
1577 319 1658 345 non
1674 319 1742 345 so-

291 367 397 405 lum:
426 377 518 402 nam
542 369 582 401 et
609 363 666 400 illi
686 361 905 400 adhaesisse
927 361 987 399 sui
1014 360 1189 399 instituti
1207 362 1367 400 comites
1385 376 1555 414 pronum
1574 369 1634 401 est
1653 375 1745 401 cre-

291 423 403 469 ditu,
446 426 486 458 et
510 419 702 458 fratribus
732 424 801 456 aut
829 417 918 456 filiis
944 417 1192 469 imperatoris
1223 418 1318 456 alios
1345 418 1554 458 monachos
1579 419 1744 459 similem

289 490 451 530 operam
467 488 629 515 navasse
646 489 727 514 non
746 481 805 513 est
821 474 1084 515 inverisimile.
1144 474 1238 524 quid
1265 474 1296 512 si
1327 475 1530 526 opinemur
1546 475 1619 514 hos
1634 476 1745 526 quasi

289 533 485 587 palatinos
520 531 756 581 monachos,
795 531 914 569 etiam
943 536 990 569 ut
1019 536 1192 569 caeteros
1227 530 1366 569 domus
1390 531 1518 582 regiae
1544 531 1745 570 ministros

290 591 459 630 vestitus
486 589 661 640 aliquot,
642 600 778 626 ‹renere
797 593 866 625 aut
883 587 1012 625 colore
1029 601 1051 624 a
1067 587 1228 625 caeteris
1250 587 1457 636 discretos,
1485 584 1652 637 κόκκους
1669 603 1746 640 μο-

291 643 442 698 ναχούς
465 651 648 694 vocatos,
678 645 843 683 forsitan
866 643 974 694 quod
1000 644 1224 682 coccineum
1248 644 1396 694 aliquid
1415 649 1618 694 gestarent.
1675 657 1745 695 ego

292 709 426 741 tamen
457 701 602 754 ἐπέχω,
630 702 718 753 plus
741 700 871 740 lucis
861 714 903 739 m
929 700 1006 739 1130
1035 700 1196 752 caligine
1225 700 1425 751 alicunde,
1455 700 1487 739 si
1508 701 1613 740 forte
1629 700 1746 742 afful-

293 766 403 812 geat,
433 756 713 810 opperiens*).

408 831 433 855 κ
445 812 465 855 ό
480 819 535 855 λυ
547 816 573 867 β
583 831 618 855 α.
657 814 684 853 1.
696 817 722 856 6
739 813 880 852 titulus
895 827 929 852 c.
946 810 1063 883 12(p.
1078 812 1146 866 10.)
1160 813 1213 851 sic
1229 812 1359 863 habet,
1379 809 1428 853 τοῖ
1445 809 1654 880 συμβάντα
1668 827 1750 854 πα·-

296 868 460 927 τριάρχῃ
494 871 559 911 &toi
590 869 665 923 τήν
693 873 773 910 τῶν
802 868 988 923 κολύβων
1008 867 1248 923 ἀποστολήν.
1305 869 1519 909 Vaticanus
1537 865 1750 922 κολυμβων

297 929 409 979 legit3
439 929 506 978 qui
533 928 694 978 quidem
721 925 800 965 hoc
825 927 911 965 loco
935 941 1018 965 non
1044 927 1272 965 describens
1298 932 1522 976 auctorem,
1550 926 1620 965 sed
1640 937 1750 964 more

299 999 371 1023 suo
398 984 593 1023 liberrime
621 979 915 1050 παραφραζων,
945 983 1000 1021 310
1024 983 1179 1022 scribit:
1208 983 1252 1024 ἐν
1273 986 1356 1030 τοῖς
1382 978 1631 1036 ἐκπώμασιν,
1661 978 1752 1023 οἷον

298 1044 382 1081 τῶν
402 1043 557 1093 χαλκῶν
574 1055 779 1087 πινακων,
809 1041 851 1079 αἳ
873 1037 940 1080 τὸν
968 1037 1102 1090 ἑφθόν
1134 1043 1243 1080 σῖτον
1267 1040 1480 1092 φέρουσιν,
1513 1038 1567 1087 ως
1594 1038 1754 1090 (legen-

299 1097 397 1135 dum
419 1103 517 1148 puto
544 1094 612 1146 ον)
641 1095 671 1148 ἠ’
697 1091 883 1147 συνήθης
910 1098 1057 1149 γλῶττα
1075 1093 1256 1162 κόλυμβα
1276 1095 1390 1147 λέγει.
1446 1094 1541 1133 111110
1563 1094 1752 1133 habemus

298 1151 431 1206 ἑφθὸν
458 1158 566 1193 σῖτον
592 1153 722 1203 lingua
752 1152 899 1190 Graeca
926 1152 1080 1203 vulgari
1103 1148 1284 1204 κόλυμβα
1314 1151 1474 1190 dictum.
1530 1150 1599 1189 sed
1618 1150 1753 1189 multis

299 1209 576 1261 experimentis
595 1214 795 1260 comperta
812 1207 910 1247 mihi
929 1207 1046 1246 11111113
1071 1221 1143 1271 pai
1145 1207 1351 1258 aphrastae
1377 1207 1642 1258 indiligentia,
1669 1220 1754 1246 11011

299 1267 392 1304 satis
409 1266 467 1303 illi
484 1265 605 1303 fidere
624 1278 802 1316 possum,
831 1270 879 1302 ut
897 1264 1067 1302 auctoris
1082 1264 1203 1315 ipsius
1230 1263 1355 1301 nostri
1379 1263 1540 1306 duobus,
1554 1263 1754 1315 exempla-

297 1322 408 1361 ribus
427 1321 584 1373 optimis
602 1322 633 1359 B
650 1327 690 1360 et
705 1320 739 1358 A
756 1321 962 1372 probatam
981 1319 1188 1358 lectionem
1205 1319 1323 1357 huius
1339 1319 1523 1358 vocabuli
1539 1333 1619 1358 non
1637 1332 1756 1371 prae-

297 1379 441 1426 seram,
470 1378 697 1429 praesertim
729 1390 819 1415 cum
846 1377 882 1414 ei
907 1376 1037 1428 palam
1067 1376 1297 1427 suffragetur
1323 1376 1473 1415 Suidas.
1529 1376 1613 1428 lego
1637 1375 1755 1427 igitur

300 1432 509 1486 κολύβων,
546 1447 627 1472 11011
651 1430 882 1499 κολύμβων,
919 1439 959 1470 et
989 1446 1087 1472 voce
1112 1429 1261 1485 κόλυβα
1283 1433 1478 1484 intelligo,
1506 1432 1562 1471 sic
1589 1432 1755 1473 docente

300 1491 444 1538 Suida,
474 1494 583 1530 σῖτον
613 1486 766 1540 ἑψητόν
780 1491 1043 1539 frumentum
1066 1497 1230 1526 coctum.
1286 1488 1572 1540 thymeres
1561 1503 1603 1527 m
1623 1488 1703 1527 1100
1719 1501 1757 1529 0.

301 1551 411 1588 σῖτον
441 1543 575 1595 ἑφθόν
602 1552 740 1593 vocat,
769 1546 894 1594 idem,
924 1546 967 1584 ni
992 1545 1128 1584 fallor.
1159 1544 1267 1596 quod
1295 1545 1446 1596 antiqui
1473 1545 1619 1583 molam
1633 1558 1756 1584 voca·-

301 1604 420 1652 bant,
450 1603 564 1641 farris
585 1615 723 1653 nempe
743 1603 868 1640 moliti
886 1603 1082 1640 farinam
1071 1601 1239 1653 inspergi
1256 1600 1393 1639 hostiis
1409 1599 1578 1641 solitam.
1635 1602 1756 1652 signi-

301 1660 398 1698 ficut
426 1671 518 1710 ergo
545 1659 611 1697 hic
634 1659 744 1697 locus
771 1659 927 1696 solitum
962 1665 1060 1698 tunc
1087 1658 1423 1710 Constantinopoli
1446 1658 1564 1697 fuisse
1590 1657 1632 1696 in
1655 1660 1756 1697 sesto

302 1715 561 1768 Hypapantes
586 1715 714 1754 offerri
744 1715 989 1766 patriarchae
1019 1715 1138 1753 sacris
1158 1715 1336 1766 operanti
1356 1715 1508 1766 patinas
1528 1715 1662 1765 plenas
1678 1714 1756 1755 isto

304 1773 410 1811 san-e
435 1777 539 1810 tosto
553 1801 564 1820 ,
594 1772 735 1822 quibus
756 1784 844 1809 cum
864 1772 962 1809 bene
984 1778 1167 1823 precatus
1188 1771 1349 1809 solemni
1366 1771 1633 1810 benedictione
1655 1769 1758 1809 fuis—

306 1834 367 1866 set
383 1829 558 1876 antistes,
587 1841 653 1865 eae
671 1833 716 1866 ut
734 1841 844 1866 sacra
862 1827 1104 1879 apophoreta
1121 1827 1457 1866 distribuebantur
1474 1826 1758 1878 praesentibus,

307 1891 350 1923 et
373 1897 454 1922 una
479 1897 613 1922 earum
640 1884 869 1922 mittebatur
898 1884 948 1921 ad
975 1884 1214 1934 Augustum,
1242 1897 1359 1933 quam
1376 1897 1462 1922 mos
1482 1889 1568 1922 erat
1583 1883 1619 1920 ei
1633 1895 1758 1934 pran-

309 1941 421 1979 denti
451 1940 583 1978 offerri
609 1940 680 1978 sub
713 1940 924 1978 secundam
952 1953 1125 1978 memsam
1153 1940 1257 1978 inter
1279 1940 1450 1978 bellaria.
1506 1938 1584 1977 hoc
1615 1943 1758 1977 sonant

306 1996 406 2036 haec
426 1996 551 2035 nostri
569 1997 708 2035 verba:
739 1999 796 2036 ὠν
825 1996 1072 2065 (patinarum
1092 1995 1278 2034 nimirum
1301 2009 1436 2034 earum
1458 2008 1554 2046 quas
1574 1990 1758 2061 ἔκπωμά-

306 2068 388 2094 των
406 2053 590 2101 πλατείας
607 2054 755 2104 vocat)
789 2051 842 2101 ὥς
866 2048 1024 2105 ἆπαρχη
1047 2068 1105 2100 τις
1120 2051 1150 2105 ἦ
1167 2052 1353 2104 κρείττων
1371 2055 1425 2107 τῷ
1441 2053 1596 2104 βασιλεῖ
1606 2046 1759 2119 προσή-

306 2124 396 2164 γετο
418 2105 660 2179 ἐπιδόρπιος.
716 2109 809 2149 vide
825 2122 924 2160 quae
941 2109 1103 2147 dicimus
1121 2109 1243 2147 verbo
1262 2112 1440 2149 πλατεῖαι
1455 2104 1710 2172 ἐκπωμάτων.

169 2177 199 2209 P
222 2167 288 2209 39'5
427 2181 506 2206 απο
536 2164 743 2214 κοιλίας
769 2170 920 2216 φωνεῖν
947 2179 985 2217 Ρ.
1004 2168 1085 2207 379
1108 2178 1147 2204 v.
1167 2168 1204 2207 6.
1261 2171 1380 2203 vocat
1405 2165 1566 2217 propria
1583 2162 1758 2203 auctori-

308 2228 392 2262 tate
413 2222 496 2260 sine
514 2221 656 2260 idoneo
680 2221 901 2260 testimonio
918 2223 960 2260 in
976 2235 1093 2260 causa
1111 2235 1181 2260 sua
1198 2221 1306 2272 loqui
1325 2218 1405 2262 ἄπο
1422 2221 1575 2270 κοιλίας
1595 2224 1761 2270 φωνεῖν,

308 2278 549 2332 pioverbiali
577 2278 718 2330 opinor
746 2279 916 2317 formula
946 2291 995 2317 ex
1020 2279 1066 2316 iis
1097 2278 1216 2316 ducta
1247 2291 1378 2316 sacrae
1405 2278 1633 2329 Scripturae
1663 2276 1760 2315 locis

309 2347 411 2386 quae
437 2334 762 2386 Pythonissarum
784 2336 991 2374 mulierum
1015 2335 1356 2386 ventriloquamm
1381 2334 1645 2373 meminerunt
1671 2331 1759 2373 Act.

312 2393 365 2433 16
387 2393 439 2432 16
467 2396 507 2429 et
537 2393 558 2432 1
588 2392 680 2442 Reg.
700 2394 776 2440 28,
805 2392 875 2430 ubi
894 2405 966 2443 pro
988 2404 1034 2430 eo
1054 2391 1163 2443 quod
1183 2391 1365 2442 vulgatus
1383 2389 1500 2429 habet
1515 2403 1555 2430 v.
1578 2393 1626 2439 3,
1655 2388 1762 2428 Saul

310 2446 481 2485 abstulit
500 2461 643 2498 mago-5·
662 2455 698 2485 et
712 2449 866 2486 ariolos
887 2448 935 2486 de
950 2456 1006 2486 tet
1007 2462 1056 2487 ra
1063 2477 1075 2498 ,
1104 2449 1215 2486 LXX
1240 2448 1375 2498 legunt
1395 2449 1563 2500 περιεῖλε
1585 2461 1681 2494 τους
1696 2444 1759 2498 ἐγ-

310 2499 630 2559 γαστριμύθους,
658 2505 826 2542 sustulit
847 2506 1127 2557 ventriloquos,
1185 2510 1224 2541 et
1252 2504 1304 2542 ib.
1323 2517 1362 2545 v.
1384 2506 1434 2552 7,
1463 2502 1642 2554 dixitque
1657 2500 1761 2539 Saul

312 2561 438 2598 servis
453 2561 566 2597 suis.-
595 2563 775 2610 quaerite
797 2561 899 2599 mihi
917 2563 1060 2600 mulcet
1062 2576 1120 2599 em
1140 2560 1348 2598 habentem
1361 2559 1593 2611 Pythonem.
1648 2556 1759 2594 Lxx

315 2612 503 2668 ζητῆσατὲ
525 2630 594 2668 μοι
619 2620 787 2668 γυναῖκα
814 2617 1138 2671 ἐγγαστρίμυθον.
1195 2617 1354 2668 spiritus
1372 2617 1498 2655 11131113
1515 2613 1583 2665 qui
1600 2612 1759 2664 Python

313 2672 531 2712 vocabatur
546 2672 702 2710 nomine
724 2672 844 2711 ducto
868 2688 890 2711 a
915 2675 1064 2713 Graeco
1083 2674 1204 2713 verbo
1226 2672 1433 2714 πυθέσθαι
1450 2684 1500 2709 ex
1517 2665 1757 2717 πυνθᾶνέῦν,

314 2729 422 2780 quod
442 2741 628 2781 responsa
653 2728 810 2780 ederet,
839 2730 1025 2770 Hebraeis
1055 2731 1142 2770 loco
1168 2730 1235 2768 illo
1260 2743 1293 2769 0.
1311 2731 1366 2772 28
1389 2732 1410 2771 1
1449 2726 1541 2767 libri
1568 2725 1759 2765 Samuelis

402 2849 450 2897 *)
495 2852 539 2888 cf.
563 2852 717 2891 elezaar.
739 2851 836 2890 alter.
861 2863 894 2889 v.
918 2851 1055 2892 κόκκοι.
