1846 3262
440 218 517 260 DE
550 199 831 260 MIcHAELE
864 213 1242 259 PALAEOLoGo
1277 215 1325 257 L.
1354 212 1388 258 1.
1585 211 1652 258 89

175 329 445 390 πράττοντος.
517 329 618 374 ὅθεν
650 332 718 374 καὶ
753 332 811 381 εἷς
843 329 891 373 τὸ
926 329 1141 384 μετέπειτα
1169 335 1347 384 συνεχεῖς
1377 328 1447 371 καὶ
1479 324 1650 384 μεγάλοι

177 402 296 459 σφίσι
339 402 406 443 καὶ
447 399 700 458 ἀμφοτέροις
745 396 1000 457 ἀνερρώγασι
1044 396 1227 452 πόλεμοι.
1299 399 1367 441 καὶ
1407 401 1540 441 ταῦτα
1576 397 1651 453 μέν

177 467 398 528 ἐπράττετο
427 471 538 526 τῇδε.

321 539 398 583 32.
466 536 515 581 ‘O
533 536 675 592 με’ντοι
694 534 896 591 δεσπότης
915 535 1093 591 Μιχαὴλ
1111 539 1185 578 νῦν
1203 535 1278 589 μὲν
1299 536 1366 578 καὶ
1383 534 1466 578 ἀπὸ
1493 530 1653 578 τούτων

144 609 396 657 5κολουθεὶς
413 611 489 662 τῆς
512 605 723 662 δυνάμεως
758 607 954 664 (πλείστῃ
971 605 1050 662 γὰρ
1075 605 1223 661 ε’χρᾶτο
1251 605 1320 647 καὶ
1343 604 1458 661 παρὰ
1482 608 1556 647 τοῦ
1580 608 1655 659 τῆς

174 677 340 732 Ἀχαΐας
361 678 574 733 πρίγκιπος
593 680 643 733 τῇ
666 673 908 735 συμμαχία)
919 707 932 728 ,
970 674 1029 717 ἔτι
1050 674 1095 716 δὲ
1115 674 1182 716 καὶ
1209 673 1324 730 παρὰ
1344 677 1428 716 τῶν
1454 672 1562 730 ἀμφὶ
1582 673 1654 717 τὸν

177 743 272 789 τότε
301 743 668 802 σεβαστοκράτορα
692 742 887 799 Ἰωάννην
919 742 992 786 τᾶν
1021 740 1312 798 Παλαιολόγον
1342 742 1446 798 μεθ’
1479 741 1654 799 ὕστερον

179 814 232 858 τὰ
252 814 386 858 πολλὰ
407 815 634 867 κακωθείς,
674 811 730 864 ὥς
747 814 814 856 καὶ
835 813 878 855 ἐν
898 816 1026 871 στενῷ
1045 815 1299 866 καταστῆναι
1316 809 1488 867 πάμπαν
1506 815 1590 855 τῶν
1608 829 1653 855 τε

176 887 327 939 χωρῶν
358 885 426 926 καὶ
458 881 615 938 ταύτης
641 886 718 938 τῆς
742 885 1039 940 στρατιωτικῆς
1073 878 1306 935 δυνάμεως,
1352 880 1521 936 πέμψας
1549 881 1653 938 πρὸς

127 961 172 995 10
183 954 345 1010 Μαφρὲ
377 952 451 995 τὸν
481 956 556 1007 τῆς
578 953 766 1002 Πουλίας
784 952 890 1008 ῥῆγα
907 952 979 994 καί
992 950 1032 1007 y'
1058 950 1122 994 ἐπὶ
1140 951 1322 1007 θυγατρὶ
1340 950 1530 1007 γαμβρὸν
1551 948 1649 993 ἕαυ-
1672 958 1703 993 Β

180 1026 282 1075 τοῦ,
318 1022 387 1064 καὶ
411 1022 604 1074 πλείστην
622 1022 860 1076 συμμαχίαν
882 1018 1044 1074 λαβών,
1083 1021 1343 1076 παραδίδωσι
1362 1019 1438 1070 τὰς
1458 1017 1651 1074 δυνάμεις

179 1094 239 1149 τῷ
255 1091 334 1149 υἱῷ
354 1088 484 1133 αὐτοῦ’
501 1088 731 1150 Νικηφόρῳ
751 1088 1058 1146 συμπράττοντι
1080 1088 1249 1148 κάκείνῳ
1261 1122 1274 1142 ,
1312 1087 1358 1139 ὃς
1383 1090 1451 1132 καὶ
1482 1093 1649 1144 συμβα-

179 1158 264 1203 λὼν
292 1161 384 1216 περὶ
413 1158 490 1214 τὴν
523 1163 566 1201 Τ
564 1157 788 1217 ρικόρυφον
815 1166 902 1210 τοῖς
933 1158 1041 1216 ἀμφὶ
1066 1158 1137 1201 τὸν
1165 1160 1386 1216 Καίσαρα,
1424 1159 1492 1201 καὶ
1510 1156 1649 1214 μάχην

179 1226 390 1286 συρράξας
410 1226 566 1283 δεινήν,
598 1230 812 1279 πλείστους
829 1245 871 1271 τε
891 1234 1027 1271 πεσεῖν
1045 1232 1127 1271 τῶν
1145 1227 1334 1271 Νικαέων
1354 1225 1646 1284 παρεσκεύασε,

127 1305 170 1342 15
182 1299 397 1348 πλείστους
426 1315 471 1341 τε
500 1299 568 1341 καὶ
596 1297 748 1349 ἄλλους
780 1297 858 1350 οὓς,
877 1298 952 1352 μὲν
980 1295 1184 1354 φονεύσας
1204 1296 1276 1348 οὓς
1297 1298 1343 1340 δὲ
1361 1297 1561 1353 περισχὼν
1582 1298 1650 1340 καὶ

180 1366 308 1410 αὐτὸν
337 1367 447 1424 αἱρεῖ
467 1367 677 1423 Καίσαρα.
751 1365 807 1418 ὥς
830 1366 871 1409 δ’
893 1362 1019 1416 αὖθις
1043 1368 1232 1410 σπονδῶν
1251 1366 1474 1423 γενομένων
1492 1364 1645 1420 ἐλύετο,
1671 1375 1703 1410 C

179 1432 272 1479 τότε
291 1437 366 1491 μὲν
386 1435 440 1478 τὰ
459 1435 564 1478 κατὰ
586 1436 662 1492 τὴν
679 1433 798 1479 πόλιν
819 1432 1098 1492 συμπράττει,
1137 1437 1229 1492 περὶ
1259 1429 1314 1479 ὧν
1345 1435 1491 1478 αὐτίκα
1512 1433 1652 1494 ῥηθή-

181 1521 317 1559 σεται,
347 1503 521 1562 ῧστερον
554 1504 596 1548 δ’
635 1501 760 1556 αὖθις
786 1512 873 1554 τοῖς
897 1507 1075 1555 δυτικοῖς
1093 1506 1159 1547 καὶ
1180 1503 1453 1562 προσβάλλων
1476 1505 1652 1560 αἱρεῖται

180 1572 303 1616 πάλιν
336 1575 404 1616 καὶ
439 1571 533 1616 τότε
565 1574 678 1631 παρὰ
708 1578 783 1617 τοῦ
814 1571 1014 1617 δεσπότου
1035 1572 1236 1630 Μιχαήλ,
1274 1576 1340 1617 καὶ
1362 1574 1651 1617 ἀποστέλλεται

127 1643 287 1699 ΞΟπρὸς
314 1642 387 1685 τὸν
413 1641 517 1700 ῥῆγα
546 1644 734 1693 Πουλιάς
760 1642 832 1686 τὸν
866 1643 1049 1700 Μαφρέ,
1089 1644 1160 1685 καί
1173 1661 1215 1700 γε
1230 1648 1281 1701 τῇ
1303 1643 1406 1699 παρ’
1429 1644 1563 1701 ἐκείνῳ
1586 1644 1650 1686 δι’-

183 1713 302 1756 δοται
330 1715 518 1768 φυλακῇ,
551 1711 688 1772 χρόνῳ
718 1710 762 1755 δ’
782 1710 956 1769 ὕστερον
979 1716 1054 1768 τῆς
1075 1714 1288 1768 δεσποίνης
1300 1712 1444 1767 Ἄννης
1467 1712 1649 1769 ἀδελφῆς

182 1779 308 1836 οὔσης
331 1781 492 1838 Μαφρὲ
510 1780 812 1837 ἀνταμείβεται.
860 1781 965 1825 ἀλλὰ
980 1785 1114 1826 ταῦτα
1130 1782 1205 1838 μὲν
1222 1784 1395 1833 ἐσαῦθις
1412 1783 1593 1840 ἐροῦμεν.

271 1890 306 1924 6.
329 1888 396 1927 τὸν
417 1889 551 1926 deerat.

181 1981 239 2015 trii
262 1986 417 2028 compote
439 1994 528 2028 quae
551 1981 812 2028 requirebantur
835 1983 879 2019 ad
902 1982 967 2018 hoc
989 1986 1028 2018 ut
1051 1983 1230 2019 conventio
1244 1986 1324 2019 rata
1338 1983 1519 2030 validaque
1533 1988 1645 2026 esset3

180 2028 273 2062 unde
308 2029 498 2064 consecutis
529 2028 607 2063 inde
639 2030 848 2075 temporibus
871 2030 1029 2064 continua
1051 2035 1087 2065 et
1108 2042 1230 2077 magna
1250 2031 1339 2066 inter
1361 2034 1526 2077 utrosque
1547 2041 1646 2065 arse-

180 2082 262 2108 runt
282 2075 384 2111 bella.
431 2078 467 2109 et
489 2087 531 2109 ea
553 2075 688 2120 quidem
711 2076 762 2110 sic
784 2087 823 2110 se
844 2077 1047 2111 habuerunt.

273 2121 330 2156 32.
375 2122 423 2156 At
447 2121 591 2167 despota
613 2122 763 2156 Michael
785 2126 820 2157 in
846 2134 1009 2169 praesens
1031 2122 1164 2170 quidem
1195 2123 1240 2158 ob
1267 2126 1389 2158 eventa
1417 2127 1556 2156 narrata
1578 2119 1644 2154 mi-

179 2170 283 2206 nutus
316 2167 442 2213 copiis,
479 2179 568 2213 quae
589 2168 639 2202 illi
662 2168 847 2215 pleraeque
876 2175 1095 2204 accesserant
1115 2169 1278 2204 societate
1300 2168 1464 2215 principis
1484 2167 1646 2208 Achaiae,

179 2217 364 2259 praeterea
386 2225 408 2248 a
430 2214 703 2250 sebastocratore
725 2215 853 2250 Ioanne
874 2215 1075 2261 Palaeologo
1098 2215 1248 2261 plurimis
1272 2221 1390 2262 postea
1411 2213 1541 2248 damnis
1557 2212 1645 2247 affe-

181 2264 274 2300 ctus,
296 2259 382 2294 adeo
405 2265 444 2294 ut
466 2260 604 2294 multum
626 2261 660 2295 in
683 2266 758 2295 arto
781 2261 847 2308 ipsi
869 2273 926 2296 res
948 2267 1061 2297 essent
1084 2274 1159 2296 cum
1181 2262 1426 2307 provinciarum
1450 2265 1521 2294 tum
1545 2270 1645 2293 exer-

182 2305 290 2347 citus,
329 2305 439 2341 missis
469 2317 511 2340 ea
534 2309 575 2340 de
598 2319 638 2342 re
659 2307 780 2352 legatis
804 2308 849 2343 ad
871 2319 987 2353 regem
1009 2308 1154 2354 Apuliae
1176 2308 1390 2343 Manfredum
1419 2318 1516 2341 suum
1540 2317 1646 2351 gene-

180 2362 278 2393 rum,
314 2356 350 2385 et
379 2363 519 2398 magnas
548 2353 592 2387 ab
617 2365 658 2388 eo
681 2354 862 2388 auxiliares
894 2355 1008 2400 copias
1039 2355 1205 2400 adeptus,
1239 2366 1300 2390 eas
1322 2353 1466 2389 tradidit
1487 2364 1549 2387 suo
1573 2352 1645 2386 filio

179 2396 396 2443 Nicephoro,
428 2409 508 2432 suas
540 2403 678 2434 strenue
708 2399 743 2433 in
774 2401 863 2435 idem
895 2401 1106 2446 propositum
1136 2405 1172 2435 et
1204 2412 1286 2447 opes
1309 2403 1345 2434 et
1366 2410 1505 2446 operam
1529 2399 1646 2432 confe-

178 2443 280 2478 renti.
326 2444 383 2479 hic
407 2455 482 2478 cum
508 2444 658 2481 Caesare
681 2445 772 2480 cirea
795 2445 1043 2493 Tricoryphum
1066 2447 1140 2482 acri
1161 2448 1290 2493 praelio
1314 2457 1518 2491 congressus
1538 2443 1647 2479 maxi-

178 2500 267 2524 mam
297 2492 447 2535 stragem
478 2490 715 2526 Nicaeensium
746 2492 860 2536 dedit,
896 2493 982 2527 alios
1014 2493 1176 2539 plurimos
1206 2493 1332 2540 partim
1365 2493 1495 2527 occidit.
1520 2491 1646 2537 partim

179 2535 293 2581 cepit,
316 2536 426 2581 ipsum
450 2536 595 2583 denique
618 2538 787 2584 captivum
811 2538 953 2573 abduxit
976 2538 1181 2582 Caesarem3
1217 2540 1277 2586 qui
1299 2551 1386 2586 pace
1408 2538 1529 2574 deinde
1550 2538 1646 2572 facta

178 2581 266 2616 liber
301 2582 457 2618 dimissus
488 2595 530 2618 ea
559 2596 648 2630 quae
669 2596 745 2619 mox
770 2585 956 2619 referemus
979 2586 1023 2620 ad
1046 2586 1162 2620 urbem
1210 2586 1315 2628 essit,
1347 2589 1384 2620 et
1414 2595 1546 2619 rursum
1570 2594 1645 2617 cum

180 2627 462 2664 Occidentalibus
509 2641 599 2674 ugna
620 2630 708 2666 inita
739 2636 859 2676 captus
882 2631 1005 2666 iterum
1031 2635 1086 2666 est
1108 2643 1129 2666 a
1152 2632 1321 2668 Mmhaele
1344 2632 1505 2678 despota,
1539 2633 1575 2664 et
1598 2629 1644 2663 ad

179 2684 296 2718 regem
317 2675 461 2721 Apuliae
523 2676 698 2711 anfredum
728 2676 850 2712 missus
871 2677 916 2712 ab
940 2689 981 2712 eo
1005 2678 1180 2713 custodiae
1201 2679 1348 2714 traditus
1380 2681 1455 2722 est,
1487 2677 1643 2710 insecuto

178 2718 302 2773 deiude
322 2726 474 2766 tempore
498 2734 573 2757 cum
596 2723 731 2758 domina
750 2723 848 2759 Anna
869 2734 988 2760 sorore
1007 2724 1181 2761 Manfredi
1202 2728 1427 2772 permutatus.
1472 2722 1535 2758 sed
1558 2722 1644 2757 haec

180 2775 252 2801 ama
271 2765 356 2803 locis
374 2767 498 2805 deinde
517 2770 716 2805 referemus.

758 2904 1031 2912 ᾖ
