<?xml version="1.0" encoding="UTF-8"?>
<!DOCTYPE html PUBLIC "-//W3C//DTD XHTML 1.0 Transitional//EN"
    "http://www.w3.org/TR/xhtml1/DTD/xhtml1-transitional.dtd">
<html xmlns="http://www.w3.org/1999/xhtml" xml:lang="en" lang="en">
 <head>
  <title>
</title>
<meta http-equiv="Content-Type" content="text/html;charset=utf-8" />
  <meta name='ocr-system' content='tesseract 3.04.00' />
  <meta name='ocr-capabilities' content='ocr_page ocr_carea ocr_par ocr_line ocrx_word'/>
</head>
<body>
  <div class='ocr_page' id='page_1' title='image "./corpusscriptorum17niebuoft_0738.png"; bbox 0 0 1884 3262; ppageno 0'>
   <div class='ocr_carea' id='block_1_1' title="bbox 282 191 1366 260">
    <p class='ocr_par' dir='ltr' id='par_1_1' title="bbox 282 191 1366 260">
     <span class='ocr_line' id='line_1_1' title="bbox 282 191 1366 260; baseline 0 -22"><span class='ocrx_word' id='word_1_1' title='bbox 282 193 380 238; x_wconf 82' lang='lat'><strong>720</strong></span> <span class='ocrx_word' id='word_1_2' title='bbox 658 229 662 232; x_wconf 89' lang='lat'><strong>.</strong></span> <span class='ocrx_word' id='word_1_3' title='bbox 684 191 995 236; x_wconf 81' lang='lat' dir='ltr'>OBSERVAT.</span> <span class='ocrx_word' id='word_1_4' title='bbox 1010 232 1012 234; x_wconf 76' lang='grc'><strong>,</strong></span> <span class='ocrx_word' id='word_1_5' title='bbox 1027 193 1339 260; x_wconf 67' lang='grc'>1101111133.</span> <span class='ocrx_word' id='word_1_6' title='bbox 1361 234 1366 238; x_wconf 73' lang='grc'>,</span> 
     </span>
    </p>
   </div>
   <div class='ocr_carea' id='block_1_2' title="bbox 281 300 1731 412">
    <p class='ocr_par' dir='ltr' id='par_1_2' title="bbox 281 300 1731 412">
     <span class='ocr_line' id='line_1_2' title="bbox 281 300 1731 367; baseline 0.003 -25"><span class='ocrx_word' id='word_1_7' title='bbox 281 302 455 367; x_wconf 80' lang='lat' dir='ltr'>synodos</span> <span class='ocrx_word' id='word_1_8' title='bbox 481 314 616 339; x_wconf 84' lang='lat' dir='ltr'><strong>eorum</strong></span> <span class='ocrx_word' id='word_1_9' title='bbox 639 300 755 340; x_wconf 86' lang='lat' dir='ltr'><strong>etiam</strong></span> <span class='ocrx_word' id='word_1_10' title='bbox 771 302 976 355; x_wconf 86' lang='lat' dir='ltr'><strong>eclipticos</strong></span> <span class='ocrx_word' id='word_1_11' title='bbox 990 303 1056 342; x_wconf 81' lang='lat' dir='ltr'><strong>vel</strong></span> <span class='ocrx_word' id='word_1_12' title='bbox 1074 302 1230 343; x_wconf 86' lang='lat' dir='ltr'><strong>efficere</strong></span> <span class='ocrx_word' id='word_1_13' title='bbox 1247 304 1314 343; x_wconf 88' lang='lat' dir='ltr'><strong>vel</strong></span> <span class='ocrx_word' id='word_1_14' title='bbox 1329 305 1512 346; x_wconf 89' lang='lat' dir='ltr'><strong>nuntiare</strong></span> <span class='ocrx_word' id='word_1_15' title='bbox 1531 307 1731 346; x_wconf 85' lang='lat' dir='ltr'><strong>calamita-</strong></span> 
     </span>
     <span class='ocr_line' id='line_1_3' title="bbox 282 357 1509 412; baseline 0.002 -13"><span class='ocrx_word' id='word_1_16' title='bbox 282 367 341 399; x_wconf 89' lang='lat' dir='ltr'><strong>tes</strong></span> <span class='ocrx_word' id='word_1_17' title='bbox 358 357 462 397; x_wconf 90' lang='lat' dir='ltr'><strong>orbis</strong></span> <span class='ocrx_word' id='word_1_18' title='bbox 491 363 710 409; x_wconf 85' lang='lat' dir='ltr'><strong>terrarum,</strong></span> <span class='ocrx_word' id='word_1_19' title='bbox 739 359 807 397; x_wconf 89' lang='lat' dir='ltr'><strong>vel</strong></span> <span class='ocrx_word' id='word_1_20' title='bbox 828 372 962 398; x_wconf 86' lang='lat' dir='ltr'><strong>omnes</strong></span> <span class='ocrx_word' id='word_1_21' title='bbox 979 359 1047 399; x_wconf 84' lang='lat' dir='ltr'><strong>vel</strong></span> <span class='ocrx_word' id='word_1_22' title='bbox 1067 360 1234 399; x_wconf 83' lang='lat' dir='ltr'><strong>maxime</strong></span> <span class='ocrx_word' id='word_1_23' title='bbox 1255 361 1509 412; x_wconf 83' lang='lat' dir='ltr'><strong>perniciosas.</strong></span> 
     </span>
    </p>
   </div>
   <div class='ocr_carea' id='block_1_3' title="bbox 279 412 1734 762">
    <p class='ocr_par' dir='ltr' id='par_1_3' title="bbox 279 412 1734 762">
     <span class='ocr_line' id='line_1_4' title="bbox 384 412 1734 478; baseline 0.006 -16.054"><span class='ocrx_word' id='word_1_24' title='bbox 384 425 470 463; x_wconf 90' lang='lat' dir='ltr'><strong>Sed</strong></span> <span class='ocrx_word' id='word_1_25' title='bbox 489 423 622 476; x_wconf 87' lang='lat' dir='ltr'><strong>negari</strong></span> <span class='ocrx_word' id='word_1_26' title='bbox 641 438 724 463; x_wconf 89' lang='lat' dir='ltr'><strong>non</strong></span> <span class='ocrx_word' id='word_1_27' title='bbox 740 431 872 478; x_wconf 89' lang='lat' dir='ltr'><strong>potest</strong></span> <span class='ocrx_word' id='word_1_28' title='bbox 889 425 986 478; x_wconf 90' lang='lat' dir='ltr'><strong>quin</strong></span> <span class='ocrx_word' id='word_1_29' title='bbox 1003 419 1119 466; x_wconf 86' lang='lat' dir='ltr'><strong>multi</strong></span> <span class='ocrx_word' id='word_1_30' title='bbox 1135 427 1310 466; x_wconf 83' lang='lat' dir='ltr'><strong>desectus</strong></span> <span class='ocrx_word' id='word_1_31' title='bbox 1331 428 1425 466; x_wconf 89' lang='lat' dir='ltr'><strong>solis</strong></span> <span class='ocrx_word' id='word_1_32' title='bbox 1443 435 1483 468; x_wconf 90' lang='lat' dir='ltr'><strong>et</strong></span> <span class='ocrx_word' id='word_1_33' title='bbox 1499 430 1618 469; x_wconf 90' lang='lat' dir='ltr'><strong>lunae</strong></span> <span class='ocrx_word' id='word_1_34' title='bbox 1639 412 1734 470; x_wconf 79' lang='lat' dir='ltr'><strong>cum</strong></span> 
     </span>
     <span class='ocr_line' id='line_1_5' title="bbox 281 479 1734 537; baseline 0.002 -16"><span class='ocrx_word' id='word_1_35' title='bbox 281 481 568 522; x_wconf 81' lang='lat' dir='ltr'><strong>calamitatibus</strong></span> <span class='ocrx_word' id='word_1_36' title='bbox 605 482 778 534; x_wconf 84' lang='lat' dir='ltr'><strong>publicis</strong></span> <span class='ocrx_word' id='word_1_37' title='bbox 819 488 859 521; x_wconf 87' lang='lat' dir='ltr'><strong>et</strong></span> <span class='ocrx_word' id='word_1_38' title='bbox 897 488 1023 521; x_wconf 86' lang='lat' dir='ltr'><strong>morte</strong></span> <span class='ocrx_word' id='word_1_39' title='bbox 1058 483 1285 536; x_wconf 85' lang='lat' dir='ltr'><strong>principum</strong></span> <span class='ocrx_word' id='word_1_40' title='bbox 1326 498 1440 537; x_wconf 85' lang='lat' dir='ltr'><strong>saepe</strong></span> <span class='ocrx_word' id='word_1_41' title='bbox 1479 479 1734 527; x_wconf 85' lang='lat' dir='ltr'><strong>concurrant.</strong></span> 
     </span>
     <span class='ocr_line' id='line_1_6' title="bbox 281 537 1734 592; baseline 0.001 -14"><span class='ocrx_word' id='word_1_42' title='bbox 281 539 351 578; x_wconf 83' lang='lat' dir='ltr'><strong>sed</strong></span> <span class='ocrx_word' id='word_1_43' title='bbox 371 537 640 576; x_wconf 86' lang='lat' dir='ltr'><strong>confitendum</strong></span> <span class='ocrx_word' id='word_1_44' title='bbox 669 550 824 591; x_wconf 89' lang='lat' dir='ltr'><strong>quoque</strong></span> <span class='ocrx_word' id='word_1_45' title='bbox 848 538 965 590; x_wconf 87' lang='lat' dir='ltr'><strong>longe</strong></span> <span class='ocrx_word' id='word_1_46' title='bbox 991 540 1128 592; x_wconf 87' lang='lat' dir='ltr'><strong>plures</strong></span> <span class='ocrx_word' id='word_1_47' title='bbox 1155 546 1194 579; x_wconf 89' lang='lat' dir='ltr'><strong>et</strong></span> <span class='ocrx_word' id='word_1_48' title='bbox 1219 539 1386 592; x_wconf 84' lang='lat' dir='ltr'><strong>eclipses</strong></span> <span class='ocrx_word' id='word_1_49' title='bbox 1408 541 1492 580; x_wconf 91' lang='lat' dir='ltr'><strong>sine</strong></span> <span class='ocrx_word' id='word_1_50' title='bbox 1513 541 1561 580; x_wconf 90' lang='lat' dir='ltr'><strong>iis</strong></span> <span class='ocrx_word' id='word_1_51' title='bbox 1579 543 1734 581; x_wconf 83' lang='lat' dir='ltr'><strong>casibus</strong></span> 
     </span>
     <span class='ocr_line' id='line_1_7' title="bbox 281 595 1733 649; baseline 0.003 -16"><span class='ocrx_word' id='word_1_52' title='bbox 281 602 320 634; x_wconf 88' lang='lat' dir='ltr'><strong>et</strong></span> <span class='ocrx_word' id='word_1_53' title='bbox 343 595 521 633; x_wconf 83' lang='lat' dir='ltr'><strong>infelices</strong></span> <span class='ocrx_word' id='word_1_54' title='bbox 538 607 670 632; x_wconf 89' lang='lat' dir='ltr'><strong>rerum</strong></span> <span class='ocrx_word' id='word_1_55' title='bbox 699 602 862 635; x_wconf 89' lang='lat' dir='ltr'><strong>eventus</strong></span> <span class='ocrx_word' id='word_1_56' title='bbox 889 596 974 635; x_wconf 89' lang='lat' dir='ltr'><strong>sine</strong></span> <span class='ocrx_word' id='word_1_57' title='bbox 1000 596 1208 649; x_wconf 86' lang='lat' dir='ltr'><strong>eclipsibus</strong></span> <span class='ocrx_word' id='word_1_58' title='bbox 1237 597 1462 647; x_wconf 86' lang='lat' dir='ltr'><strong>contigisse.</strong></span> <span class='ocrx_word' id='word_1_59' title='bbox 1518 605 1733 637; x_wconf 78' lang='lat' dir='ltr'><strong>concursus</strong></span> 
     </span>
     <span class='ocr_line' id='line_1_8' title="bbox 279 651 1734 706; baseline 0.003 -17"><span class='ocrx_word' id='word_1_60' title='bbox 279 651 505 690; x_wconf 83' lang='lat' dir='ltr'><strong>admittitur</strong></span> <span class='ocrx_word' id='word_1_61' title='bbox 532 651 575 689; x_wconf 88' lang='lat' dir='ltr'><strong>in</strong></span> <span class='ocrx_word' id='word_1_62' title='bbox 595 651 818 703; x_wconf 85' lang='lat' dir='ltr'><strong>aliquibus,</strong></span> <span class='ocrx_word' id='word_1_63' title='bbox 856 651 899 690; x_wconf 88' lang='lat' dir='ltr'><strong>in</strong></span> <span class='ocrx_word' id='word_1_64' title='bbox 927 653 1047 691; x_wconf 87' lang='lat' dir='ltr'><strong>nullis</strong></span> <span class='ocrx_word' id='word_1_65' title='bbox 1079 667 1195 691; x_wconf 90' lang='lat' dir='ltr'><strong>causa</strong></span> <span class='ocrx_word' id='word_1_66' title='bbox 1223 653 1440 706; x_wconf 86' lang='lat' dir='ltr'><strong>probatur,</strong></span> <span class='ocrx_word' id='word_1_67' title='bbox 1478 653 1522 692; x_wconf 87' lang='lat' dir='ltr'><strong>in</strong></span> <span class='ocrx_word' id='word_1_68' title='bbox 1552 654 1734 694; x_wconf 82' lang='lat' dir='ltr'><strong>omnibus</strong></span> 
     </span>
     <span class='ocr_line' id='line_1_9' title="bbox 282 707 1310 762; baseline 0.004 -16"><span class='ocrx_word' id='word_1_69' title='bbox 282 707 573 759; x_wconf 76' lang='lat' dir='ltr'><strong>contingentia,</strong></span> <span class='ocrx_word' id='word_1_70' title='bbox 604 714 644 747; x_wconf 84' lang='lat' dir='ltr'><strong>et</strong></span> <span class='ocrx_word' id='word_1_71' title='bbox 660 721 792 748; x_wconf 86' lang='lat' dir='ltr'><strong>merus</strong></span> <span class='ocrx_word' id='word_1_72' title='bbox 817 722 929 747; x_wconf 90' lang='lat' dir='ltr'><strong>casus</strong></span> <span class='ocrx_word' id='word_1_73' title='bbox 951 710 1219 760; x_wconf 88' lang='lat' dir='ltr'><strong>agnoscendus</strong></span> <span class='ocrx_word' id='word_1_74' title='bbox 1241 716 1310 762; x_wconf 86' lang='lat' dir='ltr'><strong>est.</strong></span> 
     </span>
    </p>
   </div>
   <div class='ocr_carea' id='block_1_4' title="bbox 144 786 1738 2192">
    <p class='ocr_par' dir='ltr' id='par_1_4' title="bbox 279 786 1738 1964">
     <span class='ocr_line' id='line_1_10' title="bbox 392 786 1735 840; baseline 0.001 -14"><span class='ocrx_word' id='word_1_75' title='bbox 392 787 535 827; x_wconf 88' lang='lat' dir='ltr'>XVIII.</span> <span class='ocrx_word' id='word_1_76' title='bbox 593 786 646 825; x_wconf 89' lang='lat' dir='ltr'><strong>At</strong></span> <span class='ocrx_word' id='word_1_77' title='bbox 667 787 762 838; x_wconf 91' lang='lat' dir='ltr'><strong>quid</strong></span> <span class='ocrx_word' id='word_1_78' title='bbox 788 786 975 840; x_wconf 77' lang='lat' dir='ltr'><strong>prohibet</strong></span> <span class='ocrx_word' id='word_1_79' title='bbox 1003 787 1120 826; x_wconf 87' lang='lat' dir='ltr'><strong>deum</strong></span> <span class='ocrx_word' id='word_1_80' title='bbox 1153 788 1201 826; x_wconf 92' lang='lat' dir='ltr'><strong>ad</strong></span> <span class='ocrx_word' id='word_1_81' title='bbox 1219 787 1493 826; x_wconf 88' lang='lat' dir='ltr'><strong>incutiendum</strong></span> <span class='ocrx_word' id='word_1_82' title='bbox 1510 786 1735 827; x_wconf 86' lang='lat' dir='ltr'><strong>hominibus</strong></span> 
     </span>
     <span class='ocr_line' id='line_1_11' title="bbox 280 843 1737 896; baseline 0 -13"><span class='ocrx_word' id='word_1_83' title='bbox 280 857 372 883; x_wconf 84' lang='lat' dir='ltr'><strong>suae</strong></span> <span class='ocrx_word' id='word_1_84' title='bbox 391 843 604 882; x_wconf 85' lang='lat' dir='ltr'><strong>maiestatis</strong></span> <span class='ocrx_word' id='word_1_85' title='bbox 626 844 838 882; x_wconf 88' lang='lat' dir='ltr'><strong>salutarem</strong></span> <span class='ocrx_word' id='word_1_86' title='bbox 866 845 1127 883; x_wconf 86' lang='lat' dir='ltr'><strong>reverentiam</strong></span> <span class='ocrx_word' id='word_1_87' title='bbox 1160 845 1324 896; x_wconf 86' lang='lat' dir='ltr'><strong>eclipses</strong></span> <span class='ocrx_word' id='word_1_88' title='bbox 1353 843 1558 894; x_wconf 86' lang='lat' dir='ltr'><strong>adhibere,</strong></span> <span class='ocrx_word' id='word_1_89' title='bbox 1596 858 1737 896; x_wconf 87' lang='lat' dir='ltr'><strong>easque</strong></span> 
     </span>
     <span class='ocr_line' id='line_1_12' title="bbox 279 899 1735 953; baseline -0.001 -14"><span class='ocrx_word' id='word_1_90' title='bbox 279 902 392 940; x_wconf 84' lang='lat' dir='ltr'><strong>velut</strong></span> <span class='ocrx_word' id='word_1_91' title='bbox 408 901 511 938; x_wconf 86' lang='lat' dir='ltr'><strong>faces</strong></span> <span class='ocrx_word' id='word_1_92' title='bbox 533 899 714 939; x_wconf 88' lang='lat' dir='ltr'><strong>funereas</strong></span> <span class='ocrx_word' id='word_1_93' title='bbox 741 906 949 950; x_wconf 85' lang='lat' dir='ltr'><strong>ostentare,</strong></span> <span class='ocrx_word' id='word_1_94' title='bbox 979 901 1013 939; x_wconf 91' lang='lat' dir='ltr'><strong>si</strong></span> <span class='ocrx_word' id='word_1_95' title='bbox 1036 914 1117 939; x_wconf 88' lang='lat' dir='ltr'><strong>non</strong></span> <span class='ocrx_word' id='word_1_96' title='bbox 1139 914 1287 950; x_wconf 82' lang='lat' dir='ltr'><strong>causas,</strong></span> <span class='ocrx_word' id='word_1_97' title='bbox 1319 901 1456 939; x_wconf 87' lang='lat' dir='ltr'><strong>saltem</strong></span> <span class='ocrx_word' id='word_1_98' title='bbox 1483 901 1735 953; x_wconf 88' lang='lat' dir='ltr'><strong>praenuntias</strong></span> 
     </span>
     <span class='ocr_line' id='line_1_13' title="bbox 282 955 1738 1008; baseline 0 -13"><span class='ocrx_word' id='word_1_99' title='bbox 282 957 457 996; x_wconf 87' lang='lat' dir='ltr'><strong>cladium</strong></span> <span class='ocrx_word' id='word_1_100' title='bbox 482 957 743 1007; x_wconf 87' lang='lat' dir='ltr'><strong>generalium,</strong></span> <span class='ocrx_word' id='word_1_101' title='bbox 770 955 821 995; x_wconf 64' lang='lat' dir='ltr'><strong>&gt;et</strong></span> <span class='ocrx_word' id='word_1_102' title='bbox 862 957 974 995; x_wconf 82' lang='lat' dir='ltr'><strong>tubas</strong></span> <span class='ocrx_word' id='word_1_103' title='bbox 1000 957 1216 1005; x_wconf 81' lang='lat' dir='ltr'><strong>bellorum,</strong></span> <span class='ocrx_word' id='word_1_104' title='bbox 1246 957 1389 1008; x_wconf 87' lang='lat' dir='ltr'><strong>quibus</strong></span> <span class='ocrx_word' id='word_1_105' title='bbox 1420 957 1612 995; x_wconf 88' lang='lat' dir='ltr'><strong>mundum</strong></span> <span class='ocrx_word' id='word_1_106' title='bbox 1632 956 1738 995; x_wconf 81' lang='lat' dir='ltr'><strong>affli-</strong></span> 
     </span>
     <span class='ocr_line' id='line_1_14' title="bbox 283 1012 1737 1078; baseline -0.001 -26.998"><span class='ocrx_word' id='word_1_107' title='bbox 283 1027 375 1064; x_wconf 83' lang='lat' dir='ltr'><strong>gere</strong></span> <span class='ocrx_word' id='word_1_108' title='bbox 400 1019 439 1052; x_wconf 91' lang='lat' dir='ltr'><strong>et</strong></span> <span class='ocrx_word' id='word_1_109' title='bbox 464 1012 660 1063; x_wconf 85' lang='lat' dir='ltr'><strong>corrigere</strong></span> <span class='ocrx_word' id='word_1_110' title='bbox 681 1013 917 1052; x_wconf 74' lang='lat' dir='ltr'><strong>constituit?</strong></span> <span class='ocrx_word' id='word_1_111' title='bbox 948 1013 1007 1051; x_wconf 90' lang='lat' dir='ltr'><strong>nil</strong></span> <span class='ocrx_word' id='word_1_112' title='bbox 1025 1013 1180 1065; x_wconf 87' lang='lat' dir='ltr'><strong>quidem</strong></span> <span class='ocrx_word' id='word_1_113' title='bbox 1197 1013 1240 1051; x_wconf 88' lang='lat' dir='ltr'><strong>id</strong></span> <span class='ocrx_word' id='word_1_114' title='bbox 1261 1013 1347 1052; x_wconf 86' lang='lat' dir='ltr'><strong>fieri</strong></span> <span class='ocrx_word' id='word_1_115' title='bbox 1368 1012 1574 1078; x_wconf 76' lang='lat' dir='ltr'><strong>prohibet,</strong></span> <span class='ocrx_word' id='word_1_116' title='bbox 1603 1012 1673 1051; x_wconf 88' lang='lat' dir='ltr'><strong>sed</strong></span> <span class='ocrx_word' id='word_1_117' title='bbox 1696 1017 1737 1051; x_wconf 87' lang='grc'><strong>81</strong></span> 
     </span>
     <span class='ocr_line' id='line_1_15' title="bbox 283 1068 1734 1125; baseline -0.001 -17"><span class='ocrx_word' id='word_1_118' title='bbox 283 1069 389 1108; x_wconf 84' lang='lat' dir='ltr'><strong>nihil</strong></span> <span class='ocrx_word' id='word_1_119' title='bbox 406 1069 641 1125; x_wconf 71' lang='lat' dir='ltr'><strong>peisuadet3</strong></span> <span class='ocrx_word' id='word_1_120' title='bbox 673 1074 711 1107; x_wconf 87' lang='lat' dir='ltr'><strong>et</strong></span> <span class='ocrx_word' id='word_1_121' title='bbox 743 1068 776 1107; x_wconf 88' lang='lat' dir='ltr'><strong>si</strong></span> <span class='ocrx_word' id='word_1_122' title='bbox 806 1069 964 1122; x_wconf 89' lang='lat' dir='ltr'><strong>quando</strong></span> <span class='ocrx_word' id='word_1_123' title='bbox 988 1069 1031 1107; x_wconf 86' lang='lat' dir='ltr'><strong>id</strong></span> <span class='ocrx_word' id='word_1_124' title='bbox 1064 1069 1160 1107; x_wconf 87' lang='lat' dir='ltr'><strong>(leus</strong></span> <span class='ocrx_word' id='word_1_125' title='bbox 1189 1069 1346 1120; x_wconf 87' lang='lat' dir='ltr'><strong>fecerit,</strong></span> <span class='ocrx_word' id='word_1_126' title='bbox 1377 1069 1466 1120; x_wconf 90' lang='lat' dir='ltr'><strong>quis</strong></span> <span class='ocrx_word' id='word_1_127' title='bbox 1491 1068 1631 1108; x_wconf 85' lang='lat' dir='ltr'><strong>audeat</strong></span> <span class='ocrx_word' id='word_1_128' title='bbox 1650 1068 1734 1119; x_wconf 90' lang='lat' dir='ltr'><strong>ubi,</strong></span> 
     </span>
     <span class='ocr_line' id='line_1_16' title="bbox 285 1124 1735 1178; baseline -0.001 -14"><span class='ocrx_word' id='word_1_129' title='bbox 285 1126 443 1178; x_wconf 86' lang='lat' dir='ltr'><strong>quando</strong></span> <span class='ocrx_word' id='word_1_130' title='bbox 465 1132 503 1163; x_wconf 90' lang='lat' dir='ltr'><strong>et</strong></span> <span class='ocrx_word' id='word_1_131' title='bbox 519 1124 673 1176; x_wconf 89' lang='lat' dir='ltr'><strong>quoties</strong></span> <span class='ocrx_word' id='word_1_132' title='bbox 693 1125 789 1163; x_wconf 91' lang='lat' dir='ltr'><strong>deus</strong></span> <span class='ocrx_word' id='word_1_133' title='bbox 806 1124 849 1163; x_wconf 89' lang='lat' dir='ltr'><strong>id</strong></span> <span class='ocrx_word' id='word_1_134' title='bbox 872 1124 1017 1163; x_wconf 83' lang='lat' dir='ltr'><strong>efficiat</strong></span> <span class='ocrx_word' id='word_1_135' title='bbox 1038 1125 1244 1177; x_wconf 75' lang='lat' dir='ltr'><strong>profiteri?</strong></span> <span class='ocrx_word' id='word_1_136' title='bbox 1284 1126 1349 1163; x_wconf 91' lang='lat' dir='ltr'><strong>cui</strong></span> <span class='ocrx_word' id='word_1_137' title='bbox 1369 1125 1465 1164; x_wconf 90' lang='lat' dir='ltr'><strong>deus</strong></span> <span class='ocrx_word' id='word_1_138' title='bbox 1493 1139 1605 1164; x_wconf 91' lang='lat' dir='ltr'><strong>suum</strong></span> <span class='ocrx_word' id='word_1_139' title='bbox 1625 1138 1668 1163; x_wconf 91' lang='lat' dir='ltr'><strong>ea</strong></span> <span class='ocrx_word' id='word_1_140' title='bbox 1686 1125 1735 1163; x_wconf 87' lang='lat' dir='ltr'><strong>de</strong></span> 
     </span>
     <span class='ocr_line' id='line_1_17' title="bbox 283 1175 1734 1233; baseline -0.002 -11"><span class='ocrx_word' id='word_1_141' title='bbox 283 1196 328 1223; x_wconf 86' lang='lat' dir='ltr'><strong>re</strong></span> <span class='ocrx_word' id='word_1_142' title='bbox 347 1181 554 1220; x_wconf 89' lang='lat' dir='ltr'><strong>consilium</strong></span> <span class='ocrx_word' id='word_1_143' title='bbox 578 1180 758 1233; x_wconf 69' lang='lat' dir='ltr'><strong>aperuit?</strong></span> <span class='ocrx_word' id='word_1_144' title='bbox 788 1194 850 1219; x_wconf 87' lang='lat' dir='ltr'><strong>res</strong></span> <span class='ocrx_word' id='word_1_145' title='bbox 878 1175 994 1232; x_wconf 84' lang='lat' dir='ltr'><strong>plane</strong></span> <span class='ocrx_word' id='word_1_146' title='bbox 1014 1181 1134 1231; x_wconf 86' lang='lat' dir='ltr'><strong>mira,</strong></span> <span class='ocrx_word' id='word_1_147' title='bbox 1163 1194 1237 1219; x_wconf 91' lang='lat' dir='ltr'><strong>nec</strong></span> <span class='ocrx_word' id='word_1_148' title='bbox 1257 1181 1394 1220; x_wconf 86' lang='lat' dir='ltr'><strong>divino</strong></span> <span class='ocrx_word' id='word_1_149' title='bbox 1417 1182 1582 1220; x_wconf 91' lang='lat' dir='ltr'><strong>consilio</strong></span> <span class='ocrx_word' id='word_1_150' title='bbox 1601 1187 1734 1232; x_wconf 82' lang='lat' dir='ltr'><strong>vacat,</strong></span> 
     </span>
     <span class='ocr_line' id='line_1_18' title="bbox 286 1236 1734 1290; baseline 0 -14"><span class='ocrx_word' id='word_1_151' title='bbox 286 1237 431 1290; x_wconf 88' lang='lat' dir='ltr'><strong>quod</strong></span> <span class='ocrx_word' id='word_1_152' title='bbox 420 1251 463 1274; x_wconf 90' lang='lat' dir='ltr'><strong>m</strong></span> <span class='ocrx_word' id='word_1_153' title='bbox 488 1242 570 1274; x_wconf 84' lang='lat' dir='ltr'><strong>tota</strong></span> <span class='ocrx_word' id='word_1_154' title='bbox 595 1250 704 1274; x_wconf 89' lang='lat' dir='ltr'><strong>sacra</strong></span> <span class='ocrx_word' id='word_1_155' title='bbox 733 1236 931 1288; x_wconf 86' lang='lat' dir='ltr'><strong>scriptura</strong></span> <span class='ocrx_word' id='word_1_156' title='bbox 956 1237 1106 1275; x_wconf 90' lang='lat' dir='ltr'><strong>nullius</strong></span> <span class='ocrx_word' id='word_1_157' title='bbox 1137 1237 1298 1275; x_wconf 77' lang='lat' dir='ltr'><strong>omnino</strong></span> <span class='ocrx_word' id='word_1_158' title='bbox 1328 1237 1485 1289; x_wconf 83' lang='lat' dir='ltr'><strong>eclipsis</strong></span> <span class='ocrx_word' id='word_1_159' title='bbox 1505 1237 1654 1276; x_wconf 86' lang='lat' dir='ltr'><strong>mentio</strong></span> <span class='ocrx_word' id='word_1_160' title='bbox 1674 1237 1734 1286; x_wconf 88' lang='lat' dir='ltr'><strong>fit,</strong></span> 
     </span>
     <span class='ocr_line' id='line_1_19' title="bbox 285 1291 1736 1345; baseline -0.001 -13"><span class='ocrx_word' id='word_1_161' title='bbox 285 1308 376 1333; x_wconf 89' lang='lat' dir='ltr'><strong>cum</strong></span> <span class='ocrx_word' id='word_1_162' title='bbox 392 1299 522 1331; x_wconf 87' lang='lat' dir='ltr'><strong>tamen</strong></span> <span class='ocrx_word' id='word_1_163' title='bbox 540 1292 583 1329; x_wconf 93' lang='lat' dir='ltr'><strong>in</strong></span> <span class='ocrx_word' id='word_1_164' title='bbox 599 1293 754 1345; x_wconf 86' lang='lat' dir='ltr'><strong>populo</strong></span> <span class='ocrx_word' id='word_1_165' title='bbox 774 1291 838 1330; x_wconf 87' lang='lat' dir='ltr'><strong>dei</strong></span> <span class='ocrx_word' id='word_1_166' title='bbox 855 1304 930 1331; x_wconf 89' lang='lat' dir='ltr'><strong>nec</strong></span> <span class='ocrx_word' id='word_1_167' title='bbox 946 1299 1094 1331; x_wconf 86' lang='lat' dir='ltr'><strong>mortes</strong></span> <span class='ocrx_word' id='word_1_168' title='bbox 1109 1293 1338 1345; x_wconf 85' lang='lat' dir='ltr'><strong>principum</strong></span> <span class='ocrx_word' id='word_1_169' title='bbox 1352 1306 1425 1331; x_wconf 89' lang='lat' dir='ltr'><strong>nec</strong></span> <span class='ocrx_word' id='word_1_170' title='bbox 1437 1293 1540 1332; x_wconf 87' lang='lat' dir='ltr'><strong>bella</strong></span> <span class='ocrx_word' id='word_1_171' title='bbox 1550 1307 1622 1332; x_wconf 90' lang='lat' dir='ltr'><strong>nec</strong></span> <span class='ocrx_word' id='word_1_172' title='bbox 1634 1293 1736 1331; x_wconf 90' lang='lat' dir='ltr'><strong>cala-</strong></span> 
     </span>
     <span class='ocr_line' id='line_1_20' title="bbox 283 1348 1738 1399; baseline 0 -11"><span class='ocrx_word' id='word_1_173' title='bbox 283 1351 441 1389; x_wconf 86' lang='lat' dir='ltr'><strong>mitates</strong></span> <span class='ocrx_word' id='word_1_174' title='bbox 459 1349 648 1389; x_wconf 85' lang='lat' dir='ltr'><strong>deessent.</strong></span> <span class='ocrx_word' id='word_1_175' title='bbox 677 1363 760 1387; x_wconf 87' lang='lat' dir='ltr'><strong>non</strong></span> <span class='ocrx_word' id='word_1_176' title='bbox 780 1348 914 1387; x_wconf 90' lang='lat' dir='ltr'><strong>deerat</strong></span> <span class='ocrx_word' id='word_1_177' title='bbox 934 1361 1069 1387; x_wconf 86' lang='lat' dir='ltr'><strong>sensus</strong></span> <span class='ocrx_word' id='word_1_178' title='bbox 1089 1349 1347 1399; x_wconf 80' lang='lat' dir='ltr'><strong>miseriarum,</strong></span> <span class='ocrx_word' id='word_1_179' title='bbox 1365 1362 1443 1387; x_wconf 91' lang='lat' dir='ltr'><strong>non</strong></span> <span class='ocrx_word' id='word_1_180' title='bbox 1456 1350 1618 1388; x_wconf 80' lang='lat' dir='ltr'><strong>deerant</strong></span> <span class='ocrx_word' id='word_1_181' title='bbox 1629 1348 1738 1389; x_wconf 90' lang='lat' dir='ltr'><strong>oculi</strong></span> 
     </span>
     <span class='ocr_line' id='line_1_21' title="bbox 285 1402 1738 1457; baseline 0 -13"><span class='ocrx_word' id='word_1_182' title='bbox 285 1407 336 1444; x_wconf 87' lang='lat' dir='ltr'><strong>ad</strong></span> <span class='ocrx_word' id='word_1_183' title='bbox 362 1406 528 1457; x_wconf 85' lang='lat' dir='ltr'><strong>eclipses</strong></span> <span class='ocrx_word' id='word_1_184' title='bbox 555 1405 746 1444; x_wconf 88' lang='lat' dir='ltr'><strong>videndas</strong></span> <span class='ocrx_word' id='word_1_185' title='bbox 770 1418 862 1443; x_wconf 91' lang='lat' dir='ltr'><strong>cum</strong></span> <span class='ocrx_word' id='word_1_186' title='bbox 890 1404 1060 1457; x_wconf 85' lang='lat' dir='ltr'><strong>publicis</strong></span> <span class='ocrx_word' id='word_1_187' title='bbox 1089 1405 1266 1443; x_wconf 86' lang='lat' dir='ltr'><strong>cladibus</strong></span> <span class='ocrx_word' id='word_1_188' title='bbox 1299 1406 1543 1445; x_wconf 86' lang='lat' dir='ltr'><strong>coniunctas.</strong></span> <span class='ocrx_word' id='word_1_189' title='bbox 1602 1402 1738 1445; x_wconf 77' lang='lat' dir='ltr'><strong>deerat</strong></span> 
     </span>
     <span class='ocr_line' id='line_1_22' title="bbox 282 1460 1737 1514; baseline -0.001 -12"><span class='ocrx_word' id='word_1_190' title='bbox 282 1464 387 1502; x_wconf 88' lang='lat' dir='ltr'><strong>sorte</strong></span> <span class='ocrx_word' id='word_1_191' title='bbox 406 1460 679 1514; x_wconf 82' lang='lat' dir='ltr'><strong>providentia,</strong></span> <span class='ocrx_word' id='word_1_192' title='bbox 709 1468 748 1500; x_wconf 90' lang='lat' dir='ltr'><strong>et</strong></span> <span class='ocrx_word' id='word_1_193' title='bbox 764 1475 856 1499; x_wconf 89' lang='lat' dir='ltr'><strong>suae</strong></span> <span class='ocrx_word' id='word_1_194' title='bbox 876 1462 1001 1512; x_wconf 88' lang='lat' dir='ltr'><strong>gentis</strong></span> <span class='ocrx_word' id='word_1_195' title='bbox 1019 1462 1157 1500; x_wconf 77' lang='lat' dir='ltr'><strong>salutis</strong></span> <span class='ocrx_word' id='word_1_196' title='bbox 1180 1461 1380 1512; x_wconf 85' lang='lat' dir='ltr'><strong>negligens</strong></span> <span class='ocrx_word' id='word_1_197' title='bbox 1400 1475 1483 1500; x_wconf 89' lang='lat' dir='ltr'><strong>non</strong></span> <span class='ocrx_word' id='word_1_198' title='bbox 1501 1462 1737 1500; x_wconf 88' lang='lat' dir='ltr'><strong>admonebat</strong></span> 
     </span>
     <span class='ocr_line' id='line_1_23' title="bbox 282 1517 1735 1570; baseline -0.001 -13"><span class='ocrx_word' id='word_1_199' title='bbox 282 1519 484 1557; x_wconf 88' lang='lat' dir='ltr'><strong>attendere</strong></span> <span class='ocrx_word' id='word_1_200' title='bbox 512 1517 563 1556; x_wconf 87' lang='lat' dir='ltr'><strong>ad</strong></span> <span class='ocrx_word' id='word_1_201' title='bbox 594 1517 703 1568; x_wconf 85' lang='lat' dir='ltr'><strong>signa</strong></span> <span class='ocrx_word' id='word_1_202' title='bbox 730 1524 813 1556; x_wconf 90' lang='lat' dir='ltr'><strong>tam</strong></span> <span class='ocrx_word' id='word_1_203' title='bbox 833 1517 1026 1568; x_wconf 83' lang='lat' dir='ltr'><strong>visibilia,</strong></span> <span class='ocrx_word' id='word_1_204' title='bbox 1058 1531 1156 1570; x_wconf 87' lang='lat' dir='ltr'><strong>quae</strong></span> <span class='ocrx_word' id='word_1_205' title='bbox 1183 1524 1264 1556; x_wconf 87' lang='lat' dir='ltr'><strong>tam</strong></span> <span class='ocrx_word' id='word_1_206' title='bbox 1282 1524 1464 1570; x_wconf 90' lang='lat' dir='ltr'><strong>patenter</strong></span> <span class='ocrx_word' id='word_1_207' title='bbox 1478 1532 1596 1570; x_wconf 86' lang='lat' dir='ltr'><strong>quam</strong></span> <span class='ocrx_word' id='word_1_208' title='bbox 1626 1524 1735 1557; x_wconf 85' lang='lat' dir='ltr'><strong>certo</strong></span> 
     </span>
     <span class='ocr_line' id='line_1_24' title="bbox 283 1573 1737 1628; baseline -0.001 -14"><span class='ocrx_word' id='word_1_209' title='bbox 283 1589 376 1614; x_wconf 91' lang='lat' dir='ltr'><strong>suae</strong></span> <span class='ocrx_word' id='word_1_210' title='bbox 392 1573 620 1613; x_wconf 84' lang='lat' dir='ltr'><strong>iracundiae</strong></span> <span class='ocrx_word' id='word_1_211' title='bbox 640 1580 679 1612; x_wconf 89' lang='lat' dir='ltr'><strong>et</strong></span> <span class='ocrx_word' id='word_1_212' title='bbox 696 1574 906 1613; x_wconf 86' lang='lat' dir='ltr'><strong>hominum</strong></span> <span class='ocrx_word' id='word_1_213' title='bbox 925 1574 1169 1626; x_wconf 84' lang='lat' dir='ltr'><strong>castigationi</strong></span> <span class='ocrx_word' id='word_1_214' title='bbox 1187 1574 1492 1627; x_wconf 69' lang='lat' dir='ltr'><strong>praemittebat?</strong></span> <span class='ocrx_word' id='word_1_215' title='bbox 1519 1574 1737 1628; x_wconf 81' lang='lat' dir='ltr'><strong>profuisset</strong></span> 
     </span>
     <span class='ocr_line' id='line_1_25' title="bbox 281 1630 1736 1683; baseline -0.001 -13"><span class='ocrx_word' id='word_1_216' title='bbox 281 1632 324 1670; x_wconf 90' lang='lat' dir='ltr'><strong>id</strong></span> <span class='ocrx_word' id='word_1_217' title='bbox 342 1631 501 1683; x_wconf 86' lang='lat' dir='ltr'><strong>quidem</strong></span> <span class='ocrx_word' id='word_1_218' title='bbox 520 1630 756 1669; x_wconf 88' lang='lat' dir='ltr'><strong>Iudaeorum</strong></span> <span class='ocrx_word' id='word_1_219' title='bbox 775 1631 896 1681; x_wconf 84' lang='lat' dir='ltr'><strong>genti,</strong></span> <span class='ocrx_word' id='word_1_220' title='bbox 922 1637 963 1669; x_wconf 91' lang='lat' dir='ltr'><strong>et</strong></span> <span class='ocrx_word' id='word_1_221' title='bbox 981 1630 1212 1669; x_wconf 84' lang='lat' dir='ltr'><strong>Christianis</strong></span> <span class='ocrx_word' id='word_1_222' title='bbox 1229 1644 1311 1669; x_wconf 91' lang='lat' dir='ltr'><strong>non</strong></span> <span class='ocrx_word' id='word_1_223' title='bbox 1328 1631 1491 1670; x_wconf 83' lang='lat' dir='ltr'><strong>obesset.</strong></span> <span class='ocrx_word' id='word_1_224' title='bbox 1546 1631 1615 1669; x_wconf 88' lang='lat' dir='ltr'><strong>sed</strong></span> <span class='ocrx_word' id='word_1_225' title='bbox 1634 1644 1736 1669; x_wconf 87' lang='lat' dir='ltr'><strong>con-</strong></span> 
     </span>
     <span class='ocr_line' id='line_1_26' title="bbox 282 1686 1735 1740; baseline 0 -14"><span class='ocrx_word' id='word_1_226' title='bbox 282 1687 416 1727; x_wconf 84' lang='lat' dir='ltr'><strong>silium</strong></span> <span class='ocrx_word' id='word_1_227' title='bbox 437 1687 500 1726; x_wconf 82' lang='lat' dir='ltr'><strong>dei</strong></span> <span class='ocrx_word' id='word_1_228' title='bbox 518 1686 788 1725; x_wconf 88' lang='lat' dir='ltr'><strong>absconditum</strong></span> <span class='ocrx_word' id='word_1_229' title='bbox 813 1701 835 1725; x_wconf 89' lang='lat' dir='ltr'><strong>a</strong></span> <span class='ocrx_word' id='word_1_230' title='bbox 853 1687 1016 1726; x_wconf 89' lang='lat' dir='ltr'><strong>saeculis</strong></span> <span class='ocrx_word' id='word_1_231' title='bbox 1030 1717 1041 1737; x_wconf 94' lang='lat'><strong>,</strong></span> <span class='ocrx_word' id='word_1_232' title='bbox 1072 1693 1111 1726; x_wconf 88' lang='lat' dir='ltr'><strong>et</strong></span> <span class='ocrx_word' id='word_1_233' title='bbox 1137 1687 1234 1740; x_wconf 87' lang='lat' dir='ltr'><strong>ipsis</strong></span> <span class='ocrx_word' id='word_1_234' title='bbox 1253 1687 1457 1740; x_wconf 86' lang='lat' dir='ltr'><strong>prophetis</strong></span> <span class='ocrx_word' id='word_1_235' title='bbox 1484 1701 1567 1725; x_wconf 88' lang='lat' dir='ltr'><strong>non</strong></span> <span class='ocrx_word' id='word_1_236' title='bbox 1581 1688 1735 1726; x_wconf 81' lang='lat' dir='ltr'><strong>revela-</strong></span> 
     </span>
     <span class='ocr_line' id='line_1_27' title="bbox 281 1743 1737 1796; baseline 0 -14"><span class='ocrx_word' id='word_1_237' title='bbox 281 1750 393 1795; x_wconf 83' lang='lat' dir='ltr'><strong>tum,</strong></span> <span class='ocrx_word' id='word_1_238' title='bbox 431 1758 492 1782; x_wconf 88' lang='lat' dir='ltr'><strong>ars</strong></span> <span class='ocrx_word' id='word_1_239' title='bbox 511 1743 721 1782; x_wconf 85' lang='lat' dir='ltr'><strong>iudiciaria</strong></span> <span class='ocrx_word' id='word_1_240' title='bbox 747 1743 970 1795; x_wconf 88' lang='lat' dir='ltr'><strong>penetravit</strong></span> <span class='ocrx_word' id='word_1_241' title='bbox 985 1743 1156 1794; x_wconf 88' lang='lat' dir='ltr'><strong>scilicet,</strong></span> <span class='ocrx_word' id='word_1_242' title='bbox 1187 1750 1225 1781; x_wconf 89' lang='lat' dir='ltr'><strong>et</strong></span> <span class='ocrx_word' id='word_1_243' title='bbox 1252 1744 1295 1781; x_wconf 87' lang='lat' dir='ltr'><strong>in</strong></span> <span class='ocrx_word' id='word_1_244' title='bbox 1316 1744 1426 1782; x_wconf 88' lang='lat' dir='ltr'><strong>coelo</strong></span> <span class='ocrx_word' id='word_1_245' title='bbox 1448 1745 1641 1796; x_wconf 88' lang='lat' dir='ltr'><strong>scriptum</strong></span> <span class='ocrx_word' id='word_1_246' title='bbox 1658 1744 1737 1782; x_wconf 84' lang='lat' dir='ltr'><strong>do-</strong></span> 
     </span>
     <span class='ocr_line' id='line_1_28' title="bbox 282 1799 1734 1852; baseline -0.001 -13"><span class='ocrx_word' id='word_1_247' title='bbox 282 1807 368 1848; x_wconf 85' lang='lat' dir='ltr'><strong>cet,</strong></span> <span class='ocrx_word' id='word_1_248' title='bbox 398 1802 467 1839; x_wconf 89' lang='lat' dir='ltr'><strong>sed</strong></span> <span class='ocrx_word' id='word_1_249' title='bbox 496 1800 692 1839; x_wconf 83' lang='lat' dir='ltr'><strong>duntaxat</strong></span> <span class='ocrx_word' id='word_1_250' title='bbox 719 1799 965 1839; x_wconf 88' lang='lat' dir='ltr'><strong>intellectum</strong></span> <span class='ocrx_word' id='word_1_251' title='bbox 988 1801 1116 1852; x_wconf 81' lang='lat' dir='ltr'><strong>legere</strong></span> <span class='ocrx_word' id='word_1_252' title='bbox 1147 1799 1396 1838; x_wconf 77' lang='lat' dir='ltr'><strong>scientibus?</strong></span> <span class='ocrx_word' id='word_1_253' title='bbox 1437 1813 1563 1850; x_wconf 80' lang='lat' dir='ltr'><strong>nugae</strong></span> <span class='ocrx_word' id='word_1_254' title='bbox 1593 1812 1734 1844; x_wconf 73' lang='lat' dir='ltr'><strong>merae,</strong></span> 
     </span>
     <span class='ocr_line' id='line_1_29' title="bbox 282 1852 1735 1908; baseline -0.001 -14"><span class='ocrx_word' id='word_1_255' title='bbox 282 1856 328 1894; x_wconf 88' lang='lat' dir='ltr'><strong>in</strong></span> <span class='ocrx_word' id='word_1_256' title='bbox 353 1856 431 1895; x_wconf 90' lang='lat' dir='ltr'><strong>hoc</strong></span> <span class='ocrx_word' id='word_1_257' title='bbox 469 1869 560 1907; x_wconf 87' lang='lat' dir='ltr'><strong>ergo</strong></span> <span class='ocrx_word' id='word_1_258' title='bbox 602 1856 726 1908; x_wconf 89' lang='lat' dir='ltr'><strong>pietas</strong></span> <span class='ocrx_word' id='word_1_259' title='bbox 758 1862 798 1894; x_wconf 87' lang='lat' dir='ltr'><strong>et</strong></span> <span class='ocrx_word' id='word_1_260' title='bbox 837 1856 1028 1907; x_wconf 82' lang='lat' dir='ltr'><strong>sapientia</strong></span> <span class='ocrx_word' id='word_1_261' title='bbox 1061 1855 1282 1894; x_wconf 84' lang='lat' dir='ltr'><strong>Christiana</strong></span> <span class='ocrx_word' id='word_1_262' title='bbox 1321 1852 1587 1907; x_wconf 88' lang='lat' dir='ltr'><strong>conquiescit,</strong></span> <span class='ocrx_word' id='word_1_263' title='bbox 1625 1857 1735 1907; x_wconf 84' lang='lat' dir='ltr'><strong>quod</strong></span> 
     </span>
     <span class='ocr_line' id='line_1_30' title="bbox 285 1911 1736 1964; baseline -0.002 -12"><span class='ocrx_word' id='word_1_264' title='bbox 285 1913 451 1964; x_wconf 85' lang='lat' dir='ltr'><strong>eclipses</strong></span> <span class='ocrx_word' id='word_1_265' title='bbox 470 1912 551 1950; x_wconf 88' lang='lat' dir='ltr'><strong>sint</strong></span> <span class='ocrx_word' id='word_1_266' title='bbox 573 1911 750 1950; x_wconf 83' lang='lat' dir='ltr'><strong>defectus</strong></span> <span class='ocrx_word' id='word_1_267' title='bbox 780 1911 979 1950; x_wconf 83' lang='lat' dir='ltr'><strong>naturales</strong></span> <span class='ocrx_word' id='word_1_268' title='bbox 1015 1912 1110 1950; x_wconf 88' lang='lat' dir='ltr'><strong>solis</strong></span> <span class='ocrx_word' id='word_1_269' title='bbox 1130 1918 1168 1949; x_wconf 92' lang='lat' dir='ltr'><strong>et</strong></span> <span class='ocrx_word' id='word_1_270' title='bbox 1193 1912 1335 1961; x_wconf 89' lang='lat' dir='ltr'><strong>lunae,</strong></span> <span class='ocrx_word' id='word_1_271' title='bbox 1367 1925 1466 1963; x_wconf 85' lang='lat' dir='ltr'><strong>quae</strong></span> <span class='ocrx_word' id='word_1_272' title='bbox 1482 1912 1632 1950; x_wconf 88' lang='lat' dir='ltr'><strong>nnllam</strong></span> <span class='ocrx_word' id='word_1_273' title='bbox 1652 1911 1736 1949; x_wconf 87' lang='lat' dir='ltr'><strong>ha·-</strong></span> 
     </span>
    </p>

    <p class='ocr_par' dir='ltr' id='par_1_5' title="bbox 144 1966 1736 2192">
     <span class='ocr_line' id='line_1_31' title="bbox 144 1966 1736 2019; baseline -0.001 -12"><span class='ocrx_word' id='word_1_274' title='bbox 144 1974 174 2007; x_wconf 85' lang='lat' dir='ltr'>P</span> <span class='ocrx_word' id='word_1_275' title='bbox 197 1971 263 2007; x_wconf 87' lang='lat'><strong>509</strong></span> <span class='ocrx_word' id='word_1_276' title='bbox 286 1969 405 2008; x_wconf 89' lang='lat' dir='ltr'><strong>beant</strong></span> <span class='ocrx_word' id='word_1_277' title='bbox 431 1982 512 2007; x_wconf 90' lang='lat' dir='ltr'><strong>non</strong></span> <span class='ocrx_word' id='word_1_278' title='bbox 536 1967 656 2005; x_wconf 90' lang='lat' dir='ltr'><strong>modo</strong></span> <span class='ocrx_word' id='word_1_279' title='bbox 690 1972 836 2005; x_wconf 87' lang='lat' dir='ltr'><strong>certam</strong></span> <span class='ocrx_word' id='word_1_280' title='bbox 857 1966 925 2005; x_wconf 88' lang='lat' dir='ltr'><strong>sed</strong></span> <span class='ocrx_word' id='word_1_281' title='bbox 952 1980 1003 2005; x_wconf 91' lang='lat' dir='ltr'><strong>ne</strong></span> <span class='ocrx_word' id='word_1_282' title='bbox 1031 1967 1189 2019; x_wconf 88' lang='lat' dir='ltr'><strong>quidem</strong></span> <span class='ocrx_word' id='word_1_283' title='bbox 1216 1967 1456 2018; x_wconf 85' lang='lat' dir='ltr'><strong>probabilem</strong></span> <span class='ocrx_word' id='word_1_284' title='bbox 1485 1967 1736 2017; x_wconf 77' lang='lat' dir='ltr'><strong>efficientiae,</strong></span> 
     </span>
     <span class='ocr_line' id='line_1_32' title="bbox 286 2022 1736 2076; baseline -0.001 -12"><span class='ocrx_word' id='word_1_285' title='bbox 286 2026 355 2066; x_wconf 86' lang='lat' dir='ltr'><strong>vel</strong></span> <span class='ocrx_word' id='word_1_286' title='bbox 373 2023 669 2076; x_wconf 84' lang='lat' dir='ltr'><strong>significationis</strong></span> <span class='ocrx_word' id='word_1_287' title='bbox 681 2036 769 2061; x_wconf 89' lang='lat' dir='ltr'><strong>cum</strong></span> <span class='ocrx_word' id='word_1_288' title='bbox 786 2022 955 2075; x_wconf 87' lang='lat' dir='ltr'><strong>publicis</strong></span> <span class='ocrx_word' id='word_1_289' title='bbox 976 2023 1259 2061; x_wconf 82' lang='lat' dir='ltr'><strong>calamitatibus</strong></span> <span class='ocrx_word' id='word_1_290' title='bbox 1279 2029 1345 2061; x_wconf 83' lang='lat' dir='ltr'><strong>aut</strong></span> <span class='ocrx_word' id='word_1_291' title='bbox 1364 2029 1491 2062; x_wconf 88' lang='lat' dir='ltr'><strong>morte</strong></span> <span class='ocrx_word' id='word_1_292' title='bbox 1509 2024 1736 2075; x_wconf 88' lang='lat' dir='ltr'><strong>principum</strong></span> 
     </span>
     <span class='ocr_line' id='line_1_33' title="bbox 288 2079 1735 2131; baseline -0.001 -11"><span class='ocrx_word' id='word_1_293' title='bbox 288 2081 600 2131; x_wconf 86' lang='lat' dir='ltr'><strong>connexionem,</strong></span> <span class='ocrx_word' id='word_1_294' title='bbox 628 2080 834 2131; x_wconf 80' lang='lat' dir='ltr'><strong>multoque</strong></span> <span class='ocrx_word' id='word_1_295' title='bbox 859 2079 990 2118; x_wconf 88' lang='lat' dir='ltr'><strong>minus</strong></span> <span class='ocrx_word' id='word_1_296' title='bbox 1016 2093 1105 2119; x_wconf 88' lang='lat' dir='ltr'><strong>cum</strong></span> <span class='ocrx_word' id='word_1_297' title='bbox 1131 2081 1292 2119; x_wconf 82' lang='lat' dir='ltr'><strong>fortuna</strong></span> <span class='ocrx_word' id='word_1_298' title='bbox 1322 2085 1362 2118; x_wconf 88' lang='lat' dir='ltr'><strong>et</strong></span> <span class='ocrx_word' id='word_1_299' title='bbox 1378 2080 1583 2119; x_wconf 88' lang='lat' dir='ltr'><strong>eventibus</strong></span> <span class='ocrx_word' id='word_1_300' title='bbox 1601 2079 1735 2119; x_wconf 86' lang='lat' dir='ltr'><strong>liberis</strong></span> 
     </span>
     <span class='ocr_line' id='line_1_34' title="bbox 285 2139 546 2192; baseline -0.004 -14"><span class='ocrx_word' id='word_1_301' title='bbox 285 2139 546 2192; x_wconf 84' lang='lat' dir='ltr'><strong>privatorum.</strong></span> 
     </span>
    </p>
   </div>
   <div class='ocr_carea' id='block_1_5' title="bbox 289 2213 1736 2873">
    <p class='ocr_par' dir='ltr' id='par_1_6' title="bbox 289 2213 1736 2872">
     <span class='ocr_line' id='line_1_35' title="bbox 402 2213 1735 2266; baseline -0.002 -12"><span class='ocrx_word' id='word_1_302' title='bbox 402 2215 490 2254; x_wconf 92' lang='lat' dir='ltr'><strong>Hoc</strong></span> <span class='ocrx_word' id='word_1_303' title='bbox 516 2220 646 2254; x_wconf 86' lang='lat' dir='ltr'><strong>autem</strong></span> <span class='ocrx_word' id='word_1_304' title='bbox 676 2227 860 2266; x_wconf 85' lang='lat' dir='ltr'><strong>magnum</strong></span> <span class='ocrx_word' id='word_1_305' title='bbox 899 2213 1147 2253; x_wconf 88' lang='lat' dir='ltr'><strong>commodum</strong></span> <span class='ocrx_word' id='word_1_306' title='bbox 1182 2214 1347 2266; x_wconf 89' lang='lat' dir='ltr'><strong>eclipses</strong></span> <span class='ocrx_word' id='word_1_307' title='bbox 1374 2213 1468 2252; x_wconf 89' lang='lat' dir='ltr'><strong>solis</strong></span> <span class='ocrx_word' id='word_1_308' title='bbox 1496 2219 1535 2252; x_wconf 90' lang='lat' dir='ltr'><strong>et</strong></span> <span class='ocrx_word' id='word_1_309' title='bbox 1553 2213 1702 2251; x_wconf 88' lang='lat' dir='ltr'><strong>lunae&#39;</strong></span> <span class='ocrx_word' id='word_1_310' title='bbox 1690 2226 1735 2252; x_wconf 87' lang='lat' dir='ltr'><strong>m</strong></span> 
     </span>
     <span class='ocr_line' id='line_1_36' title="bbox 289 2269 1735 2324; baseline -0.003 -13"><span class='ocrx_word' id='word_1_311' title='bbox 289 2271 496 2311; x_wconf 85' lang='lat' dir='ltr'><strong>historiam</strong></span> <span class='ocrx_word' id='word_1_312' title='bbox 516 2278 738 2324; x_wconf 90' lang='lat' dir='ltr'><strong>temporum</strong></span> <span class='ocrx_word' id='word_1_313' title='bbox 757 2271 996 2323; x_wconf 83' lang='lat' dir='ltr'><strong>important,</strong></span> <span class='ocrx_word' id='word_1_314' title='bbox 1027 2270 1150 2323; x_wconf 89' lang='lat' dir='ltr'><strong>quod</strong></span> <span class='ocrx_word' id='word_1_315' title='bbox 1150 2284 1198 2309; x_wconf 86' lang='lat' dir='ltr'><strong>ex</strong></span> <span class='ocrx_word' id='word_1_316' title='bbox 1220 2283 1352 2309; x_wconf 82' lang='lat' dir='ltr'><strong>earum</strong></span> <span class='ocrx_word' id='word_1_317' title='bbox 1374 2270 1543 2308; x_wconf 83' lang='lat' dir='ltr'><strong>tenebris</strong></span> <span class='ocrx_word' id='word_1_318' title='bbox 1563 2283 1632 2308; x_wconf 88' lang='lat' dir='ltr'><strong>sua</strong></span> <span class='ocrx_word' id='word_1_319' title='bbox 1649 2269 1735 2321; x_wconf 76' lang='lat' dir='ltr'><strong>ipsa</strong></span> 
     </span>
     <span class='ocr_line' id='line_1_37' title="bbox 293 2325 1734 2392; baseline -0.002 -25"><span class='ocrx_word' id='word_1_320' title='bbox 293 2329 532 2367; x_wconf 86' lang='lat' dir='ltr'><strong>obscuritate</strong></span> <span class='ocrx_word' id='word_1_321' title='bbox 552 2327 768 2366; x_wconf 83' lang='lat' dir='ltr'><strong>manifestis</strong></span> <span class='ocrx_word' id='word_1_322' title='bbox 794 2327 882 2366; x_wconf 83' lang='lat' dir='ltr'><strong>lux</strong></span> <span class='ocrx_word' id='word_1_323' title='bbox 886 2341 1025 2392; x_wconf 79' lang='lat' dir='ltr'><strong>magna</strong></span> <span class='ocrx_word' id='word_1_324' title='bbox 1045 2338 1158 2378; x_wconf 80' lang='lat' dir='ltr'><strong>saepe</strong></span> <span class='ocrx_word' id='word_1_325' title='bbox 1176 2327 1293 2366; x_wconf 89' lang='lat' dir='ltr'><strong>rebus</strong></span> <span class='ocrx_word' id='word_1_326' title='bbox 1313 2327 1429 2377; x_wconf 86' lang='lat' dir='ltr'><strong>gestis</strong></span> <span class='ocrx_word' id='word_1_327' title='bbox 1447 2326 1621 2367; x_wconf 87' lang='lat' dir='ltr'><strong>accedat.</strong></span> <span class='ocrx_word' id='word_1_328' title='bbox 1661 2325 1734 2364; x_wconf 79' lang='lat' dir='ltr'><strong>vix</strong></span> 
     </span>
     <span class='ocr_line' id='line_1_38' title="bbox 291 2381 1735 2445; baseline -0.002 -23"><span class='ocrx_word' id='word_1_329' title='bbox 291 2385 395 2423; x_wconf 88' lang='lat' dir='ltr'><strong>enim</strong></span> <span class='ocrx_word' id='word_1_330' title='bbox 413 2385 639 2423; x_wconf 88' lang='lat' dir='ltr'><strong>melioribus</strong></span> <span class='ocrx_word' id='word_1_331' title='bbox 665 2383 822 2422; x_wconf 88' lang='lat' dir='ltr'><strong>indiciis</strong></span> <span class='ocrx_word' id='word_1_332' title='bbox 849 2383 960 2421; x_wconf 90' lang='lat' dir='ltr'><strong>initia</strong></span> <span class='ocrx_word' id='word_1_333' title='bbox 980 2396 1211 2434; x_wconf 88' lang='lat' dir='ltr'><strong>regnorum,</strong></span> <span class='ocrx_word' id='word_1_334' title='bbox 1246 2383 1471 2421; x_wconf 85' lang='lat' dir='ltr'><strong>nativitates</strong></span> <span class='ocrx_word' id='word_1_335' title='bbox 1493 2381 1735 2445; x_wconf 81' lang='lat' dir='ltr'><strong>principum,</strong></span> 
     </span>
     <span class='ocr_line' id='line_1_39' title="bbox 289 2437 1736 2491; baseline -0.002 -13"><span class='ocrx_word' id='word_1_336' title='bbox 289 2440 482 2479; x_wconf 88' lang='lat' dir='ltr'><strong>victoriae</strong></span> <span class='ocrx_word' id='word_1_337' title='bbox 504 2441 700 2491; x_wconf 87' lang='lat' dir='ltr'><strong>illustres,</strong></span> <span class='ocrx_word' id='word_1_338' title='bbox 737 2440 890 2491; x_wconf 89' lang='lat' dir='ltr'><strong>aliaque</strong></span> <span class='ocrx_word' id='word_1_339' title='bbox 923 2439 1027 2477; x_wconf 89' lang='lat' dir='ltr'><strong>scitu</strong></span> <span class='ocrx_word' id='word_1_340' title='bbox 1061 2445 1100 2478; x_wconf 90' lang='lat' dir='ltr'><strong>et</strong></span> <span class='ocrx_word' id='word_1_341' title='bbox 1127 2438 1462 2478; x_wconf 89' lang='lat' dir='ltr'><strong>commendatione</strong></span> <span class='ocrx_word' id='word_1_342' title='bbox 1493 2437 1736 2489; x_wconf 82' lang='lat' dir='ltr'><strong>posteritatis</strong></span> 
     </span>
     <span class='ocr_line' id='line_1_40' title="bbox 291 2492 1736 2548; baseline -0.003 -14"><span class='ocrx_word' id='word_1_343' title='bbox 291 2492 409 2547; x_wconf 84' lang='lat' dir='ltr'><strong>digna</strong></span> <span class='ocrx_word' id='word_1_344' title='bbox 438 2497 680 2548; x_wconf 88' lang='lat' dir='ltr'><strong>probantur,</strong></span> <span class='ocrx_word' id='word_1_345' title='bbox 719 2509 836 2547; x_wconf 88' lang='lat' dir='ltr'><strong>quam</strong></span> <span class='ocrx_word' id='word_1_346' title='bbox 870 2495 1093 2546; x_wconf 87' lang='lat' dir='ltr'><strong>eclipsibus.</strong></span> <span class='ocrx_word' id='word_1_347' title='bbox 1151 2494 1403 2545; x_wconf 86' lang='lat' dir='ltr'><strong>chronologia</strong></span> <span class='ocrx_word' id='word_1_348' title='bbox 1437 2507 1572 2544; x_wconf 82' lang='lat' dir='ltr'><strong>regum</strong></span> <span class='ocrx_word' id='word_1_349' title='bbox 1602 2493 1736 2532; x_wconf 86' lang='lat' dir='ltr'><strong>Persa-</strong></span> 
     </span>
     <span class='ocr_line' id='line_1_41' title="bbox 289 2547 1735 2603; baseline -0.003 -12"><span class='ocrx_word' id='word_1_350' title='bbox 289 2566 400 2603; x_wconf 86' lang='lat' dir='ltr'><strong>rum,</strong></span> <span class='ocrx_word' id='word_1_351' title='bbox 441 2552 535 2603; x_wconf 84' lang='lat' dir='ltr'><strong>Cyri</strong></span> <span class='ocrx_word' id='word_1_352' title='bbox 560 2559 598 2591; x_wconf 88' lang='lat' dir='ltr'><strong>et</strong></span> <span class='ocrx_word' id='word_1_353' title='bbox 629 2552 845 2591; x_wconf 86' lang='lat' dir='ltr'><strong>Alexandri</strong></span> <span class='ocrx_word' id='word_1_354' title='bbox 875 2551 1123 2602; x_wconf 89' lang='lat' dir='ltr'><strong>monarchia,</strong></span> <span class='ocrx_word' id='word_1_355' title='bbox 1160 2557 1198 2590; x_wconf 89' lang='lat' dir='ltr'><strong>et</strong></span> <span class='ocrx_word' id='word_1_356' title='bbox 1235 2550 1430 2589; x_wconf 86' lang='lat' dir='ltr'><strong>connexio</strong></span> <span class='ocrx_word' id='word_1_357' title='bbox 1455 2550 1648 2602; x_wconf 82' lang='lat' dir='ltr'><strong>profanae</strong></span> <span class='ocrx_word' id='word_1_358' title='bbox 1670 2547 1735 2587; x_wconf 78' lang='lat' dir='ltr'><strong>hi-</strong></span> 
     </span>
     <span class='ocr_line' id='line_1_42' title="bbox 289 2607 1734 2659; baseline -0.003 -13"><span class='ocrx_word' id='word_1_359' title='bbox 289 2609 435 2647; x_wconf 85' lang='lat' dir='ltr'><strong>storiae</strong></span> <span class='ocrx_word' id='word_1_360' title='bbox 455 2621 544 2646; x_wconf 91' lang='lat' dir='ltr'><strong>cum</strong></span> <span class='ocrx_word' id='word_1_361' title='bbox 564 2622 673 2647; x_wconf 88' lang='lat' dir='ltr'><strong>sacra</strong></span> <span class='ocrx_word' id='word_1_362' title='bbox 689 2608 855 2647; x_wconf 86' lang='lat' dir='ltr'><strong>maxime</strong></span> <span class='ocrx_word' id='word_1_363' title='bbox 872 2608 1097 2647; x_wconf 88' lang='lat' dir='ltr'><strong>illustratur</strong></span> <span class='ocrx_word' id='word_1_364' title='bbox 1113 2612 1184 2659; x_wconf 88' lang='lat' dir='ltr'><strong>per</strong></span> <span class='ocrx_word' id='word_1_365' title='bbox 1203 2607 1402 2658; x_wconf 86' lang='lat' dir='ltr'><strong>eelipseon</strong></span> <span class='ocrx_word' id='word_1_366' title='bbox 1419 2612 1544 2644; x_wconf 84' lang='grc'>081103</span> <span class='ocrx_word' id='word_1_367' title='bbox 1558 2609 1734 2646; x_wconf 87' lang='lat' dir='ltr'><strong>eventus.</strong></span> 
     </span>
     <span class='ocr_line' id='line_1_43' title="bbox 289 2660 1731 2713; baseline -0.004 -10"><span class='ocrx_word' id='word_1_368' title='bbox 289 2671 374 2703; x_wconf 87' lang='lat' dir='ltr'><strong>tota</strong></span> <span class='ocrx_word' id='word_1_369' title='bbox 391 2665 506 2704; x_wconf 89' lang='lat' dir='ltr'><strong>series</strong></span> <span class='ocrx_word' id='word_1_370' title='bbox 522 2663 710 2703; x_wconf 90' lang='lat' dir='ltr'><strong>historiae</strong></span> <span class='ocrx_word' id='word_1_371' title='bbox 733 2665 985 2712; x_wconf 88' lang='lat' dir='ltr'><strong>Graecorum,</strong></span> <span class='ocrx_word' id='word_1_372' title='bbox 1013 2670 1052 2703; x_wconf 87' lang='lat' dir='ltr'><strong>et</strong></span> <span class='ocrx_word' id='word_1_373' title='bbox 1071 2663 1250 2702; x_wconf 83' lang='lat' dir='ltr'><strong>fundatio</strong></span> <span class='ocrx_word' id='word_1_374' title='bbox 1266 2665 1464 2702; x_wconf 83' lang='lat' dir='ltr'><strong>Romanae</strong></span> <span class='ocrx_word' id='word_1_375' title='bbox 1478 2660 1731 2713; x_wconf 83' lang='lat' dir='ltr'><strong>reipublicae,</strong></span> 
     </span>
     <span class='ocr_line' id='line_1_44' title="bbox 290 2715 1734 2772; baseline -0.003 -13"><span class='ocrx_word' id='word_1_376' title='bbox 290 2727 337 2759; x_wconf 88' lang='lat' dir='ltr'><strong>ut</strong></span> <span class='ocrx_word' id='word_1_377' title='bbox 354 2725 393 2758; x_wconf 87' lang='lat' dir='ltr'><strong>et</strong></span> <span class='ocrx_word' id='word_1_378' title='bbox 414 2726 518 2771; x_wconf 85' lang='lat' dir='ltr'><strong>gesta</strong></span> <span class='ocrx_word' id='word_1_379' title='bbox 542 2720 634 2758; x_wconf 90' lang='lat' dir='ltr'><strong>Iulii</strong></span> <span class='ocrx_word' id='word_1_380' title='bbox 655 2720 847 2770; x_wconf 86' lang='lat' dir='ltr'><strong>Caesaris,</strong></span> <span class='ocrx_word' id='word_1_381' title='bbox 877 2720 1045 2771; x_wconf 85' lang='lat' dir='ltr'><strong>Augusti</strong></span> <span class='ocrx_word' id='word_1_382' title='bbox 1078 2727 1117 2758; x_wconf 89' lang='lat' dir='ltr'><strong>et</strong></span> <span class='ocrx_word' id='word_1_383' title='bbox 1141 2720 1309 2759; x_wconf 89' lang='lat' dir='ltr'><strong>aliorum</strong></span> <span class='ocrx_word' id='word_1_384' title='bbox 1329 2719 1611 2772; x_wconf 86' lang='lat' dir='ltr'><strong>imperatorum</strong></span> <span class='ocrx_word' id='word_1_385' title='bbox 1631 2715 1734 2769; x_wconf 83' lang='lat' dir='ltr'><strong>nihil</strong></span> 
     </span>
     <span class='ocr_line' id='line_1_45' title="bbox 290 2774 1734 2842; baseline -0.001 -29"><span class='ocrx_word' id='word_1_386' title='bbox 290 2776 439 2814; x_wconf 84' lang='lat' dir='ltr'><strong>habent</strong></span> <span class='ocrx_word' id='word_1_387' title='bbox 468 2776 614 2816; x_wconf 86' lang='lat' dir='ltr'><strong>certius</strong></span> <span class='ocrx_word' id='word_1_388' title='bbox 653 2789 770 2830; x_wconf 78' lang='lat' dir='ltr'><strong>quam</strong></span> <span class='ocrx_word' id='word_1_389' title='bbox 797 2776 904 2842; x_wconf 84' lang='lat' dir='ltr'><strong>quod</strong></span> <span class='ocrx_word' id='word_1_390' title='bbox 934 2776 1220 2816; x_wconf 86' lang='lat' dir='ltr'><strong>defectionibus</strong></span> <span class='ocrx_word' id='word_1_391' title='bbox 1251 2775 1345 2815; x_wconf 87' lang='lat' dir='ltr'><strong>solis</strong></span> <span class='ocrx_word' id='word_1_392' title='bbox 1372 2780 1442 2815; x_wconf 78' lang='lat' dir='ltr'><strong>aut</strong></span> <span class='ocrx_word' id='word_1_393' title='bbox 1475 2774 1594 2812; x_wconf 89' lang='lat' dir='ltr'><strong>lunae</strong></span> <span class='ocrx_word' id='word_1_394' title='bbox 1629 2785 1734 2812; x_wconf 88' lang='grc'>0011-</span> 
     </span>
     <span class='ocr_line' id='line_1_46' title="bbox 292 2832 1678 2873; baseline -0.001 -3"><span class='ocrx_word' id='word_1_395' title='bbox 292 2832 487 2873; x_wconf 85' lang='lat' dir='ltr'><strong>stituitur.</strong></span> <span class='ocrx_word' id='word_1_396' title='bbox 1675 2847 1678 2851; x_wconf 93' lang='grc'><em>·</em></span> 
     </span>
    </p>
   </div>
  </div>
 </body>
</html>
