1884 3262
298 209 397 258 540
693 209 1002 254 OBSERVAT.
1034 209 1344 266 PACHTYMER.

293 319 568 360 risimillimam
597 317 761 366 reddat,
791 317 858 369 qui
887 317 1096 370 panifices,
1123 318 1292 371 pistores
1302 334 1316 368 ,·
1342 324 1617 371 opsonatores,
1645 331 1746 363 calb,

292 390 437 428 pones,
470 387 639 425 coquos,
667 374 879 426 propolas,
908 374 1139 426 pincernas,
1169 381 1385 414 castrorum
1410 376 1598 414 frumenti
1626 388 1742 415 men-

291 432 391 470 strui
419 430 682 476 dimenwres,
715 437 753 469 et
783 437 958 470 caeteros
977 431 1019 469 id
1039 444 1159 482 genus
1178 431 1228 469 ad
1243 431 1538 470 inserviendum
1559 431 1747 478 militm-A

290 487 398 525 tibus
416 492 664 536 auctoratos,
693 485 736 525 in
757 486 878 525 istum
898 500 1105 526 numerum
1126 486 1380 539 compegerit.
1436 500 1509 539 ego
1532 501 1628 526 vero
1657 500 1740 526 non

288 557 454 596 parvam
481 542 621 582 talium
647 543 919 582 ministrorum
941 549 1091 595 partem
1113 540 1240 582 fuissev
1257 543 1430 582 arbitror
1451 557 1652 594 aegrorum
1671 549 1742 582 aut

290 601 429 638 morbo
463 605 532 637 aut
559 599 724 638 vulnere
753 613 965 651 corporum
997 606 1220 647 curatores,
1250 599 1476 650 chirurgos,
1504 598 1740 651 pharmaco-

288 670 408 708 poeos
420 685 432 704 ,
453 655 787 704 valetudinarios3
814 656 989 707 qualium
1009 657 1194 695 assectari
1211 656 1368 695 solitam
1384 656 1579 695 exercitus
1593 656 1741 700 Rom&

289 726 364 751 nos
393 711 748 750 numerosissimam
773 713 1068 752 multitudinem
1087 726 1135 752 ex
1153 712 1286 751 officio
1307 718 1347 752 et
1364 711 1535 764 publicis
1551 711 1740 763 impensis

290 775 403 807 extra
431 781 588 806 omnem
619 768 873 806 dubitationis
899 769 1022 808 aleam
1054 775 1124 808 est.
1182 775 1299 820 atque
1321 768 1418 807 adeo
1439 782 1488 807 ex
1507 767 1583 806 hac
1604 768 1741 807 obser-

289 826 449 862 vatione
476 831 575 876 puto
605 824 734 863 lucem
766 824 918 863 afl'undi
937 826 987 864 ad
1003 825 1304 876 intelligendum
1323 825 1455 864 locum
1476 824 1673 876 quendam
1696 824 1742 862 in

289 881 457 920 Novella
474 881 683 919 Iustiniani
704 894 835 931 cxvii,
865 882 933 920 ubi
955 882 1225 934 praescribens
1244 881 1460 933 imperator
1481 894 1558 932 qua
1579 880 1742 919 certitu-

293 938 385 975 dine
411 937 550 975 debeat
574 938 731 976 mulieri
758 952 865 977 mors
890 938 968 977 viri
997 938 1081 977 eius
1106 938 1318 977 militatum
1346 938 1516 990 profecti
1548 942 1741 986 constare,

291 1000 337 1032 ut
354 994 428 1032 rite
446 995 572 1045 possit
593 993 643 1031 ad
664 994 806 1032 alteras
828 994 988 1046 nuptias
1016 995 1208 1045 transire,
1237 993 1440 1044 decernit,
1469 991 1667 1045 siquidem
1697 994 1742 1034 in

290 1050 584 1088 scholariorum
609 1050 737 1088 classe
757 1052 822 1089 vir
838 1052 907 1089 ille
927 1053 1133 1099 meruerit,
1165 1065 1193 1088 a
1206 1052 1357 1103 pra'mis
1375 1050 1535 1088 scholae
1553 1051 1596 1087 in
1617 1062 1743 1101 quam

292 1109 469 1157 scriptus·
480 1108 652 1156 fuerat,
679 1113 716 1144 et
747 1108 909 1159 insuper
936 1107 987 1145 ab
1013 1106 1212 1156 actuario,
1241 1107 1319 1145 hoc
1343 1113 1424 1156 est,
1452 1112 1499 1144 ut
1524 1106 1688 1158 opinor,
1715 1117 1742 1142 a

293 1162 477 1213 chirurgo
498 1163 562 1201 vel
581 1162 869 1202 valetudinario
889 1163 1090 1212 ministro,
1120 1164 1190 1215 qui
1208 1163 1395 1202 videlicet
1413 1163 1447 1201 ei
1465 1161 1651 1201 morienti
1671 1160 1741 1199 ad-

289 1219 452 1267 stiterit,
482 1220 753 1257 testimonium
774 1218 1036 1258 iureiurando
1053 1220 1272 1271 firmatum
1290 1218 1408 1257 reddi
1430 1217 1477 1256 de
1497 1220 1582 1256 eius
1605 1224 1747 1255 morte.v

288 1276 408 1314 verba
428 1275 524 1325 legis
540 1275 647 1313 ,haec
670 1281 783 1314 sunt:
814 1276 850 1316 εἰ
872 1274 916 1317 δὲ
940 1273 1145 1329 σχολᾶριος
1162 1276 1223 1327 εἴη
1242 1275 1394 1323 ἐκεῖνος
1419 1269 1469 1315 οὗ
1493 1273 1585 1324 περὶ
1609 1276 1741 1314 velav-

290 1334 362 1383 τῆς
401 1329 432 1383 ἦ
466 1328 765 1384 ἀμφισβήτησίς
808 1332 910 1380 ἐστι,
947 1329 1056 1383 παραὶ
1093 1335 1173 1372 τῶν
1209 1328 1378 1385 πρώτων
1404 1333 1476 1383 τῆς
1503 1327 1643 1383 offlam
1672 1328 1742 1370 καὶ

289 1384 531 1439 οἶκτουαρίου
562 1394 636 1426 etc.
695 1387 814 1426 hosce
849 1388 1062 1438 generatim
1088 1388 1287 1426 actuarios
1321 1386 1550 1426 militarium
1578 1385 1742 1425 nomine

289 1444 512 1491 designatos
532 1458 552 1481 a
573 1443 767 1483 Trebellio
786 1444 964 1482 Pollione
984 1444 1216 1483 crediderim
1239 1444 1430 1495 equidem,
1462 1443 1556 1482 dum
1575 1442 1619 1480 in
1632 1442 1747 1480 libro,

289 1501 338 1538 de
368 1500 544 1550 Triginta
576 1500 774 1552 Tyrannis
803 1501 853 1539 de
884 1500 1111 1551 Victorino,
1154 1500 1267 1539 cuius
1301 1513 1423 1552 supra
1453 1499 1636 1549 memini,
1678 1498 1740 1539 sic

286 1556 443 1595 scribit:
473 1557 586 1594 solus
610 1558 841 1595 Victorinus
860 1558 902 1595 in
922 1558 1087 1609 imperio
1106 1557 1320 1605 remansit,
1355 1558 1425 1608 qui
1441 1562 1477 1593 et
1492 1557 1598 1607 ipse,
1629 1552 1741 1606 quod

289 1614 560 1650 matrimoniis
588 1614 767 1651 militum
788 1620 823 1651 et
842 1614 1086 1651 militarium
1115 1612 1417 1664 corrumpendis
1433 1625 1592 1664 operam
1609 1610 1737 1660 daret,

289 1684 317 1706 a
343 1668 522 1720 quodam
549 1672 761 1720 actuario,
792 1671 911 1708 cuius
938 1684 1097 1708 uxorem
1118 1676 1400 1722 stupraverat,
1430 1668 1750 1720 compositafar

289 1727 418 1763 ctione
437 1725 692 1777 Agrippinae
708 1740 923 1778 percussus
943 1732 1018 1766 etc.
1072 1726 1115 1765 in
1142 1727 1204 1765 his
1221 1725 1410 1765 ‘trebellii
1438 1724 1567 1764 verbis
1586 1725 1745 1762 alterum

289 1788 392 1820 tram
420 1781 585 1820 istarum
610 1796 748 1821 vocem
776 1784 952 1821 militum
971 1790 1008 1820 et
1026 1784 1269 1821 militarium
1296 1781 1537 1834 superfluam
1555 1793 1644 1819 esse
1658 1776 1753 1832 pil-2v

288 1838 391 1875 tavit
411 1838 687 1888 casaubonus,
716 1839 805 1877 iure
826 1840 869 1876 in
888 1839 967 1877 hoc
980 1852 1002 1876 a
1021 1839 1210 1878 Salmasio
1233 1838 1508 1890 reprehensus.
1562 1837 1631 1887 qui
1651 1835 1746 1887 ipse.

289 1894 504 1932 Salmasius
534 1894 627 1933 dum
655 1895 814 1933 subiicit
829 1896 1027 1932 militares·
1050 1895 1129 1934 dici
1152 1905 1219 1934 eos
1237 1894 1303 1946 qui
1319 1894 1542 1932 missionem
1557 1906 1580 1930 a
1594 1891 1748 1931 militia,

290 1956 544 2001 acceperant,
573 1956 617 1989 ut
645 1951 868 1989 consulares
896 1951 1085 1989 dicuntur
1111 1951 1181 2002 qui
1209 1950 1392 2003 consules
1419 1950 1599 1998 fuerant,
1635 1947 1739 1986 mihi

291 2006 451 2058 quidem
470 2020 550 2044 non
574 2007 781 2059 persuadet
807 2020 891 2046 rem
913 2007 969 2046 ita
990 2020 1144 2059 semper
1167 2006 1374 2055 habuisse,
1403 2005 1476 2044 etsi
1496 2018 1578 2043 non
1597 2017 1738 2055 negem

290 2062 503 2113 aliquando
530 2062 571 2100 id
601 2077 675 2102 usu
701 2063 870 2103 venisse.
925 2077 1007 2102 non
1037 2063 1176 2112 credo,
1218 2063 1401 2113 inquam,
1442 2061 1595 2113 quoties
1628 2059 1750 2112 apud.

290 2119 505 2171 quemlibet
524 2119 757 2171 scriptorem
773 2121 967 2158 militaris
986 2120 1126 2171 aliquis
1145 2119 1312 2169 dicitur,
1341 2117 1458 2157 toties
1474 2116 1642 2167 intelligi
1661 2116 1737 2155 mir-

287 2175 396 2213 litem
418 2176 632 2214 emeritum.
689 2191 780 2215 nam
795 2189 910 2228 saepe
926 2176 1111 2215 militaria
1132 2188 1176 2215 ea
1194 2180 1392 2216 vocantur
1408 2186 1507 2225 quae
1522 2173 1571 2212 ad
1592 2172 1749 2218 milites

289 2231 512 2284 pertinent,
541 2238 588 2271 ut
615 2246 721 2271 arma
741 2239 780 2271 et
798 2232 1031 2271 vestimenta
1048 2238 1087 2271 et
1102 2232 1217 2284 equi3
1246 2239 1285 2270 et
1313 2231 1520 2278 calonum,
1547 2229 1750 2278 lixarum„

287 2287 542 2339 institorum,
573 2288 640 2339 qui
666 2296 793 2328 castra
818 2290 1071 2340 frequentant
1087 2295 1134 2328 ut
1154 2288 1347 2327 militibus
1366 2286 1602 2335 inserviant,
1630 2284 1736 2324 mili·

287 2344 386 2381 taris
403 2344 519 2382 turba
534 2344 695 2386 dicitur.
755 2345 894 2398 quidni
911 2359 1000 2397 ergo
1021 2345 1088 2397 qui
1104 2345 1297 2384 militibus
1313 2355 1562 2396 quocumque
1575 2341 1748 2381 nominey

287 2399 537 2451 ministrant,
567 2402 700 2452 quales
729 2409 841 2442 erant·
869 2402 1051 2450 actuarii,
1080 2407 1125 2440 ut
1156 2401 1417 2449 ostendimus,
1446 2399 1634 2437 militares
1654 2395 1746 2438 dici*

288 2455 521 2508 potuerint?
579 2470 672 2496 sane
700 2458 757 2497 ita
784 2472 925 2498 vocem
952 2458 1063 2497 illam
1081 2464 1310 2510 usurpatam
1335 2471 1356 2495 a
1375 2455 1572 2504 Pollione,
1599 2459 1750 2492 auen—-

288 2512 370 2550 tius
387 2512 507 2550 verba
525 2511 606 2550 eius
626 2515 887 2566 perpendenti
908 2521 1025 2566 patet.
1084 2514 1176 2566 quia
1198 2514 1303 2553 enim
1325 2512 1507 2552 dicturus
1522 2515 1605 2550 erat
1623 2508 1749 2551 necis„

290 2581 446 2606 causam
473 2567 673 2608 Victorino
697 2572 815 2610 fuisse
834 2585 1000 2610 uxorem
1025 2570 1191 2610 actuarii
1212 2575 1455 2623 stupratam,
1483 2564 1735 2620 praemittere

289 2624 404 2662 illum
425 2624 606 2676 oportuit
623 2639 704 2665 non
723 2628 891 2665 militum
912 2628 1041 2665 solum
1065 2627 1134 2666 sed
1159 2627 1404 2665 militarium
1430 2623 1570 2671 retia-m,
1598 2619 1734 2659 homi-

291 2694 388 2718 num
410 2680 550 2732 quovis
567 2681 699 2720 officio
718 2683 898 2721 militiam
919 2683 1189 2735 sequentium,
1219 2696 1270 2721 ex
1289 2695 1368 2733 quo
1389 2691 1528 2730 genere
1552 2677 1734 2715 actuarii

289 2743 420 2786 erant,
461 2738 720 2775 matrimoniis
755 2739 1050 2790 corrumpendis
1081 2753 1171 2777 eum
1204 2752 1363 2790 operam
1389 2734 1555 2774 dedisse.
1613 2745 1735 2783 quare

289 2794 535 2830 militarium
553 2805 634 2832 vox
653 2794 703 2832 ad
722 2795 841 2846 paulo
864 2802 955 2845 post
974 2796 1175 2833 inductam
1198 2794 1475 2832 actuariorum
1494 2789 1734 2828 mentionem

294 2848 670 2901 digitumtintendit.
724 2849 797 2889 hae
824 2850 923 2889 mihi
951 2852 1062 2890 suere
1086 2850 1315 2903 suspicandi
1333 2858 1494 2897 causae,-
1522 2845 1735 2885 Cabasilam
