1884 3262
440 195 516 237 DE
551 194 832 237 MICHAELE
859 193 1238 239 PALAEOLOGO
1275 196 1324 238 L.
1350 194 1426 239 ΠΙ.
1580 194 1680 241 249

198 310 274 361 τὰς
291 310 452 366 μηδένα
467 307 604 368 φόβον
629 308 805 366 ἐχούσας
822 307 956 360 πύλας
972 308 1216 365 ἁπτομένων
1237 310 1278 354 οἷ
1298 310 1443 367 ἐχθροὶ
1462 309 1568 354 καθ’
1596 308 1684 354 ἑτέ-

197 397 276 430 τας
292 378 425 430 πύλας
450 381 549 436 μετ’
569 380 773 435 εὐχερείας
797 378 933 435 πάσης
961 381 1158 439 εῗσελῷεν.
1220 382 1287 423 καὶ
1316 380 1368 435 δὴ
1401 381 1556 424 ἐκεῖθεν
1587 382 1679 424 δια·
1705 388 1736 422 C

199 448 486 504 σκιδνάμενοι,
526 450 566 492 οἶ
586 451 662 504 μὲν
683 450 805 493 ἔνθεν
823 449 862 492 οἶ
894 448 938 492 δ’
964 450 1119 492 ἐκεῖθεν
1148 447 1303 501 ἰόντες,
1340 448 1429 504 ἅμα
1455 449 1563 493 καθ’
1586 448 1686 506 ἦμέ-

201 537 284 570 σεις
311 527 404 570 ταῖς
431 519 539 562 καθ’
573 517 765 576 ἑκάτερον
792 516 941 568 πύλαις
969 519 1217 576 ἐφίσταντο,
1243 517 1512 575 ιἀπογνόντες
1546 518 1602 570 ὥς
1626 519 1685 576 μῆ

166 596 188 630 6
202 587 411 644 πονούσης
430 594 506 642 τ’ἥς
523 589 630 632 καθ’
658 589 724 633 ξ’ω.
798 586 855 638 ὥς
873 588 919 631 δὲ
935 587 990 631 τὰ
1012 587 1084 630 ἴσα
1103 589 1171 630 καὶ
1194 589 1236 630 ἓν
1260 589 1430 638 ἐκείναις
1448 583 1568 644 εἷρον
1590 589 1686 649 (τὴν

197 659 276 716 γὰρ
298 658 403 715 πρὸς
427 659 611 715 αἰγιαλὸν
642 658 776 709 οὐδεὶς
800 655 856 707 ὥς
889 655 1194 714 προδώσουσαν
1220 655 1592 716 καθυπῶπτευεν),
1631 661 1688 708 εἷς

196 727 243 772 ’ἐν
265 730 541 784 συναχθέντες
562 725 819 771 καθίσταντό
841 744 884 770 τε
904 726 982 777 τὰς
999 726 1141 782 ψυχὰς
1161 728 1229 769 καὶ
1253 728 1294 769 ἓν
1314 726 1524 787 ἀμηχανίᾳ
1541 732 1617 770 τοῦ
1647 729 1692 771 τί

198 795 392 855 πράττειν
411 793 519 853 ἦσαν
532 811 542 821 ·
578 797 637 853 μὴ
658 797 737 854 γὰρ
755 795 806 840 ἂν
826 796 924 840 κατ’
946 795 1066 853 ἀέρος
1083 803 1218 839 πεσεῖν
1231 795 1329 847 τοὺς
1342 796 1523 854 ἐχθροὺς
1533 797 1686 854 πτέρυ-

198 884 277 924 γας
294 867 554 925 περιθέντας.
627 865 684 918 ὥς
704 867 749 910 δὲ
770 868 838 909 καὶ
857 865 933 921 τὴν
955 867 996 916 ἐς
1010 865 1196 923 αι’γιαλὸν
1219 866 1430 924 φέρουσαν
1450 864 1685 917 ἐπιστάντες
1706 883 1738 916 Ῑ)

149 945 191 979 10
202 937 427 995 ἐλευθέραν
447 938 515 979 καὶ
542 934 700 991 ταύτην
724 937 844 986 δέους
859 930 978 992 εὗρον
997 933 1177 988 παντός,
1214 939 1298 979 τῶν
1326 934 1523 993 φυλάκων
1543 938 1610 979 καὶ
1631 939 1688 986 εἷς

197 1004 351 1063 χλεύην
367 1006 595 1062 τιθεμένων
612 1008 730 1064 σφίσι
750 1005 824 1061 τὴν
860 1003 1052 1061 ἀπάτην,
1092 1003 1344 1049 &vinna-miv
1370 1023 1414 1048 τε
1435 1005 1593 1056 εὐθέως
1611 1010 1687 1049 τοῦ

199 1075 319 1126 δέους
350 1077 418 1118 καὶ
447 1075 524 1131 τὴν
552 1077 688 1118 αἰτίαν
725 1080 800 1132 τῆς
824 1072 968 1132 φήμης
995 1072 1203 1131 ἠρεύνων·
1246 1075 1306 1132 μὴ
1324 1074 1403 1132 γὰρ
1424 1074 1475 1118 ἂν
1502 1073 1688 1118 αὐτόθεν

197 1149 275 1202 γῆς
289 1145 585 1201 μυκησαμένης
604 1146 878 1200 ἐξενεχθῆναι,
918 1146 953 1187 εἶ
969 1141 1028 1199 μή
1048 1162 1111 1194 τις
1131 1148 1297 1202 πρῶτος
1316 1144 1390 1188 τὸν
1409 1142 1545 1203 φόβον
1561 1146 1688 1200 ἐψευ-

201 1212 436 1272 δολόγησεν.
509 1215 573 1257 ἐπὶ
611 1214 768 1265 πολλὰς
796 1218 897 1271 γοῦν
927 1212 1179 1271 τραπόμενοι
1211 1214 1288 1265 τὰς
1316 1212 1440 1265 ὁδούς
1450 1248 1464 1269 ,
1503 1215 1611 1271 μηδὲ
1638 1214 1688 1258 τὸ

145 1290 189 1327 15
202 1285 325 1340 τυχὸν
348 1281 618 1341 παριδόντες,
656 1283 708 1340 ἤν
730 1301 792 1335 τις
809 1283 1090 1339 προβάλλοιτο
1101 1317 1117 1339 ,
1155 1283 1276 1328 οὗδέν
1301 1284 1424 1327 πλέον
1443 1283 1550 1340 εἶχον
1573 1281 1690 1342 εὗρέ-

202 1359 309 1398 σθαι
329 1358 404 1397 τοῦ
428 1355 471 1406 ἐξ
493 1353 684 1412 ἀφανοῦς
702 1352 791 1409 ἅμα
812 1371 856 1396 τε
875 1357 1125 1410 γεννηθῆναι
1146 1355 1214 1397 καὶ
1236 1353 1324 1409 ἅμα
1353 1355 1564 1412 τραφέντα
1584 1371 1683 1397 συν·
1710 1371 1741 1405 E

200 1423 453 1482 διειληφέναι
470 1423 546 1474 τὰς
565 1428 650 1467 τῶν
669 1427 834 1467 πολλῶν
854 1421 998 1473 ἀκοάς.
1065 1423 1114 1467 τὸ
1137 1423 1181 1466 δ’
1215 1424 1259 1465 ἔκ
1278 1425 1498 1480 προχείρου
1526 1425 1595 1466 καὶ
1618 1442 1687 1466 πι-

202 1493 337 1538 θανὸν
357 1495 413 1543 εἷς
431 1494 567 1536 αι’τιάν
587 1493 635 1536 τὸ
654 1497 728 1549 τῆς
750 1490 906 1543 εῗκόνος
928 1498 1005 1549 τῆς
1028 1490 1290 1552 θεομήτορος
1309 1493 1418 1536 καθ’
1442 1493 1596 1536 ἱκεσίαν
1619 1493 1686 1535 ἔκ·-

202 1661 303 1696 nimia
326 1661 495 1696 securitas
520 1662 697 1696 custodum
732 1673 850 1697 curam
884 1661 968 1707 ipsis
997 1660 1204 1697 admovebat
1226 1663 1466 1707 augebatque,
1490 1660 1685 1707 reputanti-

199 1709 266 1743 bus
289 1709 365 1754 pari
388 1708 480 1742 forte
502 1709 712 1753 negligentia
743 1709 874 1743 solutos
902 1709 1045 1742 aliarum
1078 1713 1256 1754 portarum
1283 1708 1550 1754 praesidiarios,
1582 1708 1686 1742 facile

201 1764 384 1800 oppressos
402 1755 516 1789 subito
539 1756 677 1789 incursu
701 1755 871 1797 hostium,
903 1754 1034 1789 aditum
1058 1755 1231 1790 'l'ocharis
1261 1755 1296 1790 in
1328 1756 1446 1790 urbem
1471 1754 1685 1801 praebuisse.

200 1811 310 1847 qnare
333 1810 453 1835 rursus
475 1801 566 1836 anxii
589 1802 786 1846 partiuntur
819 1813 896 1836 sese
928 1801 1110 1845 bifariam3
1142 1807 1179 1836 et
1207 1801 1253 1836 ad
1278 1803 1365 1836 duas
1387 1814 1478 1848 qnae
1502 1802 1683 1835 restabant

199 1851 361 1892 (praeter
393 1847 626 1890 orientalem,
661 1860 763 1894 quam
795 1859 922 1882 vacare
947 1848 1157 1883 incommodo
1188 1849 1374 1892 videbant,
1406 1854 1443 1883 et
1467 1847 1684 1889 maritimam,

199 1905 270 1940 qua.
302 1905 401 1928 nemo
432 1895 675 1941 suspicabatur
706 1894 827 1930 venire
863 1895 979 1929 hostes
1010 1895 1191 1941 potuisse)
1223 1895 1332 1938 duas,
1364 1895 1525 1941 inquam,
1561 1893 1681 1928 eodem

201 1943 357 1985 tempore
381 1941 529 1987 reliquas
553 1947 674 1987 portas
698 1941 866 1976 adierunt.
915 1947 956 1976 ut
980 1949 1094 1977 autem
1117 1954 1161 1976 ne
1183 1942 1220 1976 in
1243 1942 1296 1976 bis
1319 1941 1455 1988 quidem
1479 1943 1684 1987 repererunt

201 1987 313 2021 damni
336 1991 397 2021 aut
421 1988 626 2034 suspicionis
648 1988 856 2034 quidquam,
887 1988 1107 2034 respirarnnt
1129 1989 1292 2023 videlicet
1313 1993 1513 2034 mentesque
1539 1999 1562 2022 a
1584 1985 1685 2032 gravi

201 2034 464 2078 perturbatione
497 2041 712 2080 receperunt.
759 2041 875 2069 tamen
905 2036 1018 2070 adhuc
1056 2035 1181 2070 incerti
1213 2047 1282 2082 quo
1317 2047 1356 2070 se
1387 2039 1590 2076 verterent,
1626 2032 1685 2066 ubi

202 2079 465 2123 «lentescerent,
490 2082 600 2123 unde,
637 2093 707 2129 qua
728 2081 910 2116 irruissent
933 2082 1070 2126 hostes,
1096 2082 1209 2116 omnia.
1232 2081 1552 2128 circumspectando
1574 2090 1685 2126 quae-

201 2127 347 2168 rebant,
379 2127 462 2172 qnid
498 2128 614 2164 enim?
645 2128 867 2163 dictitantes:
900 2139 943 2162 an
975 2128 1051 2163 illos
1086 2129 1281 2175 putabimus
1305 2129 1370 2162 alis
1404 2139 1467 2173 per
1492 2130 1608 2161 aerem
1630 2126 1685 2159 in-
1727 2137 1732 2141 ·

202 2178 322 2207 vectos
345 2184 493 2219 superne
514 2175 609 2210 intra
631 2177 752 2210 urbem
776 2175 974 2210 involasse?
1006 2187 1083 2210 cum
1107 2179 1221 2210 autem
1246 2179 1418 2220 postremo
1442 2173 1535 2209 illam
1560 2172 1683 2218 ipsam,

202 2229 292 2264 quae
317 2219 416 2254 littus
439 2221 542 2256 maris
562 2222 757 2268 spectabat,
780 2227 914 2268 portam
936 2222 1122 2256 lustrantes
1136 2221 1293 2256 similiter
1314 2221 1457 2255 liberam
1481 2219 1569 2254 omiti
1592 2224 1685 2253 metu

202 2265 530 2311 deprehendissent,
568 2272 605 2302 et
636 2269 814 2303 custodum
845 2268 894 2302 ibi
925 2280 1062 2315 quoque
1093 2280 1243 2303 errorem
1275 2267 1362 2312 ipsis
1385 2272 1422 2301 et
1445 2265 1683 2301 credulitatem

201 2312 483 2356 exprobrantium
506 2313 652 2349 ludibrio
674 2315 766 2349 irrisi
792 2318 930 2357 essent,
959 2315 1176 2360 respirarunt
1191 2315 1250 2349 ⁴ab
1274 2313 1366 2349 omni
1397 2313 1579 2348 formidine
1601 2316 1685 2346 tune.

203 2357 328 2404 plane,
365 2363 402 2392 et
432 2359 555 2395 solutis
586 2360 656 2394 iam
687 2361 810 2395 animis
842 2361 1095 2406 investigabant
1126 2372 1216 2406 quae
1247 2361 1345 2406 origo
1375 2361 1484 2395 falsae
1517 2358 1684 2405 opinionis

202 2405 325 2450 quisve
348 2412 469 2439 auctor
490 2407 665 2441 mendacis
695 2408 813 2442 indicii
837 2408 978 2442 fuisset:
1002 2420 1069 2442 non
1093 2407 1182 2441 enim
1209 2407 1372 2442 videlicet
1393 2412 1511 2442 terrae
1534 2405 1683 2452 quodam

202 2451 333 2494 mugitu
368 2452 524 2486 extitisse
555 2463 672 2488 vocem
705 2466 796 2500 quae
829 2453 1007 2497 ingressos
1039 2454 1277 2488 denuntiasset
1300 2455 1437 2495 hostes,
1461 2453 1525 2488 sed
1548 2451 1683 2487 omnino

184 2497 348 2543 ¹primum
372 2498 520 2543 aliquem
542 2499 652 2534 fuisse
682 2500 763 2535 vani
794 2501 948 2534 nuntium
981 2504 1103 2535 metus.
1152 2504 1334 2546 postquam
1355 2511 1440 2535 vero
1465 2500 1522 2534 diu
1547 2504 1583 2533 et
1605 2497 1685 2532 dili-

203 2548 326 2588 genter
363 2543 398 2578 in
430 2546 500 2580 ista
530 2547 611 2580 sunt
638 2545 859 2592 inquisitione
888 2548 1036 2590 versati,
1067 2547 1287 2593 explorantes
1310 2547 1440 2581 circum
1464 2545 1577 2581 omnia
1600 2543 1686 2579 nihil

202 2589 297 2624 aliud
315 2591 469 2636 reperire
492 2597 677 2638 potuerunt
699 2593 765 2628 nisi
786 2593 982 2628 mendacem
1008 2595 1131 2629 samam
1153 2594 1268 2629 multis
1293 2594 1413 2628 eodem
1436 2598 1605 2627 momento
1629 2592 1682 2624 lo-

203 2635 253 2670 cis
276 2637 376 2671 simul
400 2642 540 2679 natam,
563 2639 661 2673 simul
683 2638 993 2681 increbescentem,
1027 2640 1126 2675 simul
1156 2641 1248 2686 vulgi
1271 2641 1459 2685 complesse
1482 2649 1607 2679 aures,
1631 2637 1682 2670 si-

207 2682 274 2716 mul
297 2683 427 2718 animos
448 2684 542 2720 inani
566 2690 702 2720 terrore
724 2685 925 2731 perfudisse.
972 2698 1042 2722 una
1059 2690 1191 2722 tantum
1214 2699 1304 2733 quae
1337 2687 1454 2732 aliqua
1485 2683 1683 2720 verisimili-

204 2729 327 2764 tudine
348 2730 518 2765 niteretur
539 2731 668 2777 publici
687 2732 814 2766 erroris
837 2744 940 2768 causa
962 2734 1227 2778 memorabatur,
1253 2734 1459 2780 supplicatio
1483 2738 1567 2766 tunc
1591 2732 1684 2765 sorte

206 2786 269 2821 per
290 2779 408 2811 urbem
445 2778 570 2820 ducta,
604 2778 802 2813 circumlata
833 2779 877 2813 ‹le
911 2791 1006 2815 more
1040 2781 1077 2815 in
1109 2781 1235 2815 thensa
1267 2793 1329 2827 per
1353 2781 1537 2815 solemnem
1561 2789 1604 2811 ea
1621 2777 1679 2810 die

205 2833 360 2867 pompam
382 2823 529 2869 imagine
559 2825 744 2871 deiparae,
779 2827 881 2860 turba
896 2826 1079 2870 *mulierum
1101 2834 1267 2874 sequente
1298 2827 1389 2873 quod
1420 2826 1509 2859 solet
1540 2824 1574 2858 in
1599 2834 1681 2867 sup-

205 2868 443 2914 plicationibus
473 2872 654 2907 acclamari
687 2873 730 2906 ab
764 2875 851 2908 mula
881 2873 1150 2920 deprecantibus
1182 2886 1317 2910 carmen
1345 2884 1433 2919 pone
1458 2874 1681 2917 frequentan-
