1846 3262
256 195 352 241 160
682 195 917 239 GEORGII
945 196 1298 243 PACHYMERIS

251 307 432 364 ἐνόρκιον
454 307 522 365 ἐφ’
548 305 706 368 ἑκάστῳ
729 310 878 363 ἐτίθει,
916 310 988 354 τὸν
1006 310 1133 367 με’γαν
1154 312 1217 355 ἐπὶ
1237 310 1421 370 γλώττης
1443 312 1578 371 φέρων
1599 315 1724 370 δομέ-

253 395 402 429 στικον,
439 379 505 420 καὶ
525 378 599 431 τὴν
623 382 695 432 τῆς
715 377 964 435 Λῦγούστης
980 381 1152 437 μητέρα,
1190 381 1240 436 ’ἢν
1258 371 1438 439 μεγάλην
1458 385 1601 439 κυρίαν
1620 385 1723 428 κατὰ

202 454 232 489 Β
256 447 377 500 τιμὴν
404 444 614 500 ὠνόμαζον
646 448 685 490 οἱ
716 450 886 501 πολλοί,
927 447 1092 504 συνάμα
1123 455 1174 508 τῇ
1204 454 1396 511 γερουσία
1427 450 1539 510 πάσῃ
1571 455 1638 495 καὶ
1663 459 1721 511 ,τῇ

250 513 463 573 συγκλήτῳ
490 515 563 571 τὴν
589 516 651 558 ἐπὶ
681 521 755 572 τῆς
778 516 932 568 πόλεως
954 517 1102 571 ὥδευε,
1140 521 1205 562 καὶ
1227 520 1278 574 δὴ
1298 519 1629 577 περαιωσάμενος
1648 523 1720 566 τὸν

245 582 546 638 Ἑλλήσποντον
573 586 727 629 ἐκεῖθεν
758 585 897 642 ἐχώρει
926 588 1029 643 πρὸς
1054 589 1100 631 τὸ
1124 587 1360 640 Βυζάντιον.
1433 589 1571 634 ἐλθὼν.
1588 592 1633 634 δὲ
1653 593 1754 636 καὶὸ

248 653 323 708 τὴν
342 653 541 708 Χρυσεάν
562 652 694 710 πύλην
714 654 983 713 κατειληφώς,
1011 658 1093 700 ἐκεῖ
1106 655 1342 712 καθήμενος
1361 657 1430 715 ἐφ’
1454 656 1625 715 ἧμέραις
1645 661 1720 716 τὴν

249 724 304 772 εἷς
335 720 454 765 πόλιν
481 723 665 777 εἴσοδον,
705 722 817 775 ὅπως
845 730 1054 782 θεοφιλῶς
1086 724 1173 781 ἅμα
1203 728 1270 770 καὶ
1300 731 1621 782 μεγαλοπρεπῶς
1653 729 1721 785 γέ-

249 808 361 835 νοιτο
374 825 387 844 ,
423 790 634 835 ἀνεσκόπει
662 811 704 836 τε
733 795 798 836 καὶ
829 794 1056 838 συνέταττε.
1128 796 1195 838 καὶ
1218 795 1268 850 δὴ
1290 796 1457 849 πέμψας
1479 795 1563 852 ἄγει
1583 798 1626 840 ἔκ
1646 803 1721 854 τῆς

200 870 230 905 C
253 865 384 916 μονῆς
409 866 484 904 τοῦ
507 861 858 920 Παντοκράτορος
883 864 956 918 τὴν
987 866 1216 919 σεβασμιάν
1237 863 1370 921 εἰκόνα
1389 869 1461 919 τῆς
1480 863 1604 921 ἁγνῆς
1619 872 1720 910 θεο-

249 928 432 987 μήτορος
443 964 456 983 ,
493 930 543 985 ἢν
563 929 682 987 λόγος
700 932 815 988 ἔργον
836 933 909 986 μὲν
930 931 1028 976 εἶναι
1048 939 1121 976 τοῦ
1143 935 1261 976 θείου
1279 936 1434 977 Λουκᾶ
1444 966 1458 986 ,
1497 934 1624 978 ἔκεΐσέ
1639 953 1718 979 που
1732 948 1776 982 10

251 997 466 1056 παρούσης
485 1000 668 1056 κάκείνης
690 1003 755 1043 καὶ
776 1002 1002 1056 θεωμένης,
1034 1004 1168 1058 δῶρον
1188 1003 1233 1045 δὲ
1252 1002 1354 1056 μετὰ
1377 1007 1509 1045 ταῦτα
1526 1004 1719 1059 γενέσθαι

250 1070 487 1129 Πουλχερία
509 1074 560 1126 τῇ
578 1071 761 1123 βασιλίδι
789 1071 902 1126 παρὰ
922 1075 993 1125 τῆς
1014 1069 1179 1127 νύμφης
1207 1071 1335 1126 αὐτῆς
1357 1071 1561 1122 Εὐδοκίας
1579 1077 1654 1128 τῆς
1675 1075 1718 1126 ἐξ

242 1138 435 1192 Ἀθηνῶν
470 1141 537 1181 καὶ
567 1141 804 1194 δεσποίνης,
842 1141 907 1182 καὶ
935 1134 1069 1194 δῶρον
1091 1139 1310 1195 ἀξιόχρεων
1335 1139 1472 1191 ὅντως,
1490 1141 1532 1183 ἐκ
1551 1146 1717 1186 Παλαι-

250 1209 391 1262 στίνης
417 1206 661 1252 ἀποσταλέν.
733 1206 812 1250 ὑπὸ
848 1208 898 1263 δὴ
928 1207 1060 1266 ταύτῃ
1090 1207 1225 1267 ὁδηγῷ
1246 1226 1289 1264 γε
1312 1207 1438 1266 οἰῖσῃ,
1475 1209 1532 1252 δι’
1554 1204 1604 1266 ἧς
1625 1213 1718 1255 ἒπε-

248 1274 450 1319 πιστεύκει
480 1278 546 1318 καὶ
580 1274 901 1330 ἀπολήψεσθαι,
942 1273 1183 1321 εἰσελαύνων
1209 1277 1283 1332 τὴν
1304 1275 1421 1321 πόλιν
1444 1277 1773 1335 ἀποχρώντως15

197 1353 231 1388 D
254 1343 386 1401 ἡγεῖτό
419 1345 459 1387 οἶ
488 1344 588 1399 ἔχειν
614 1345 690 1400 τὴν
718 1347 773 1395 εἷς
803 1347 954 1400 ἐκείνην
986 1345 1198 1400 ἀπονέμειν
1219 1344 1354 1401 χάριν.
1423 1345 1564 1391 ἔταττε
1587 1350 1633 1392 δὲ
1650 1352 1720 1393 καὶ

248 1418 332 1457 τῶν
353 1415 477 1456 ε’κεΐσε
502 1413 720 1469 ἀρχιερέων
743 1414 835 1468 ἵνα,
873 1414 946 1457 τὸν
967 1419 1041 1470 τῆς
1063 1416 1242 1467 Κυζίκου
1261 1418 1301 1457 Γ
1298 1412 1463 1470 εῶργιον
1475 1448 1488 1467 ,
1521 1417 1595 1472 τὴν
1618 1435 1718 1461 στο-

248 1482 324 1538 λὴν
342 1480 571 1526 ὖπενδύντα
594 1483 644 1526 τὰ
666 1487 740 1538 τῆς
759 1483 878 1539 εὐχῆς
895 1482 1002 1539 ἄγειν
1026 1485 1092 1526 καὶ
1112 1483 1186 1538 τὴν
1204 1481 1306 1539 ὑπὲρ
1326 1488 1408 1526 τῶν
1426 1486 1719 1545 πραττομένων

249 1552 509 1609 εὐχαριστίαν
539 1552 818 1609 ἀποπληροῦν.
888 1551 1050 1607 ἤνοικτο
1081 1553 1217 1597 τοίνυν
1241 1550 1267 1608 ἡ
1287 1552 1462 1609 Χρυσέα
1490 1552 1598 1609 πύλη
1617 1571 1717 1612 χρο-

245 1623 338 1674 νία,
384 1623 450 1663 καὶ
484 1620 693 1677 ἀρχιερεὺς
723 1626 797 1676 τῆς
830 1620 948 1677 εὐχῆς
983 1624 1160 1677 ἐξῆρχεν.
1234 1619 1255 1664 ὃ
1290 1621 1429 1676 μέντοι
1456 1639 1497 1678 γε
1526 1624 1775 1676 βασιλεύςΞΟ

246 1692 315 1733 καὶ
345 1694 426 1733 πᾶν
461 1690 508 1733 τὸ
539 1692 629 1748 περὶ
658 1690 785 1734 αὐτὸν
820 1691 1000 1751 σχολαίῳ
1029 1692 1125 1734 ποδὶ
1157 1692 1225 1734 καὶ
1252 1689 1530 1750 ἄνατεταμένῃ
1557 1694 1719 1754 διανοίᾳ

249 1893 380 1929 tatione
411 1892 524 1928 filialis
553 1892 691 1939 pietatis
722 1892 827 1937 vulgo
860 1892 978 1928 iurare
1011 1895 1258 1934 consueverat,
1296 1904 1370 1926 cum
1404 1891 1484 1938 quid
1517 1892 1717 1935 affirmaret,

250 1951 407 1985 magnum
443 1939 658 1974 domesticum
693 1940 816 1984 passim
840 1940 874 1974 in
898 1951 957 1974 ore
981 1940 1129 1981 habens,
1161 1943 1198 1973 et
1221 1940 1397 1982 Augustae
1418 1943 1582 1981 matrem,
1615 1951 1718 1985 quam

249 1997 404 2029 magnam
428 1985 591 2021 dominam
615 1986 772 2031 plerique
795 1986 931 2020 honoris
954 1997 1059 2020 causa
1082 1985 1325 2026 nominabant,
1364 1984 1511 2030 denique
1539 1997 1615 2020 cum
1645 1997 1720 2020 rna·

249 2032 382 2068 ioribus
405 2037 488 2066 natu
511 2033 640 2067 cunctis
665 2037 700 2066 et
722 2032 884 2067 universo
909 2036 1031 2066 senatu
1053 2032 1089 2066 in
1114 2032 1232 2066 urbem
1255 2031 1323 2064 iter
1346 2031 1513 2076 arripuit,
1549 2043 1590 2066 ac
1613 2032 1725 2066 traie-

251 2084 307 2114 cto
331 2079 552 2124 Hellesponto
576 2078 742 2125 processit
774 2079 853 2113 inde
883 2089 1005 2113 versus
1039 2077 1262 2123 Byzantium3
1297 2088 1365 2122 quo
1390 2077 1592 2122 perveniens
1617 2082 1652 2111 et
1674 2078 1718 2112 ad

249 2126 398 2160 Auream
421 2125 553 2159 delatus
578 2130 710 2170 portam
733 2124 781 2159 ibi
805 2136 867 2171 per
890 2125 1020 2170 aliquot
1042 2125 1113 2158 dies
1138 2123 1310 2165 substitit,
1334 2123 1449 2157 sedulo
1475 2123 1659 2168 providens
1682 2128 1720 2158 et

251 2171 420 2207 mandatis
452 2171 653 2217 opportunis
688 2183 810 2206 curans
838 2174 878 2205 ut
903 2170 939 2205 in
963 2182 1025 2213 ea,
1060 2181 1130 2216 qua
1162 2171 1306 2215 parabat
1328 2169 1365 2203 in
1389 2169 1517 2213 regiam
1541 2169 1718 2204 civitatem

250 2217 386 2260 invehi,
423 2217 616 2262 triumphali
640 2229 762 2263 pompa
786 2218 867 2252 nihii
891 2218 936 2255 ad
959 2215 1132 2260 religionis
1155 2216 1391 2257 sanctitatem,
1429 2215 1512 2249 nihil
1537 2215 1579 2249 ad
1602 2216 1718 2261 splen-

249 2264 366 2298 dorem
397 2263 670 2308 magnificentiae
698 2270 815 2309 posset
844 2263 1045 2298 desiderari.
1091 2263 1181 2297 inter
1222 2267 1362 2296 caetera
1393 2261 1493 2295 iussit
1522 2261 1642 2296 afferri
1674 2273 1718 2296 ex

249 2309 453 2345 monasterio
478 2311 732 2345 Pantocratoris
756 2321 887 2346 sacram
908 2309 1087 2354 imaginem
1117 2309 1342 2343 intemeratae
1364 2307 1421 2341 dei
1443 2307 1583 2349 matris,
1617 2318 1719 2353 quam

249 2356 348 2390 aiunt
380 2366 465 2400 opus
495 2368 571 2391 esse
601 2357 669 2391 divi
701 2357 838 2399 Lucae,
878 2355 950 2390 eius
973 2354 1128 2402 penicillo
1153 2367 1193 2389 ac
1217 2366 1315 2389 manu
1339 2366 1360 2388 e
1381 2353 1516 2388 vivente
1539 2364 1720 2400 coramfflle

250 2406 406 2447 spectata
428 2402 570 2448 deipara
593 2414 810 2448 expressum,
845 2402 980 2437 missum
1011 2401 1134 2436 deinde
1157 2401 1201 2435 ad
1223 2400 1436 2434 pulcheriam
1460 2401 1647 2444 Augustam
1674 2401 1718 2434 ab

249 2448 348 2482 huius
371 2448 495 2482 fratria
517 2448 650 2483 domina
673 2449 828 2484 Eudooia
850 2447 1051 2483 Atheniensi
1074 2460 1116 2482 ex
1141 2446 1347 2489 Palaestina,
1371 2446 1494 2480 donum
1518 2446 1618 2491 piane
1643 2445 1718 2479 mit-

249 2497 348 2528 tente
381 2498 417 2528 et
450 2494 638 2540 accipiente
669 2496 817 2539 dignum.
866 2495 930 2529 hac
965 2495 1050 2528 duce
1083 2498 1271 2539 praeeunte
1302 2492 1521 2538 ingrediendo
1545 2491 1718 2526 civitatem

250 2551 351 2585 quam
375 2539 449 2574 eius
472 2541 637 2574 beneficio
661 2542 725 2576 sibi
750 2546 902 2587 apertam
925 2540 1154 2584 traditamque
1177 2540 1353 2580 crederet,
1384 2539 1528 2584 putabat
1550 2548 1588 2572 se
1610 2542 1719 2572 testa-

249 2588 363 2620 turum
385 2587 470 2620 satis
494 2586 548 2620 cui
571 2587 658 2621 tanti
680 2599 855 2623 successus
886 2587 1031 2631 gratiam
1065 2586 1224 2628 deberet,
1257 2590 1294 2620 et
1324 2585 1375 2620 sic
1406 2587 1566 2629 quantum
1603 2585 1720 2629 posset

251 2632 402 2667 officium
435 2632 527 2677 grati
559 2633 660 2667 animi
691 2638 857 2678 patronae
881 2638 949 2668 tam
980 2632 1113 2666 liberali
1135 2643 1368 2678 repensurum.
1412 2630 1515 2664 iussit
1537 2635 1720 2675 praeterea

252 2690 354 2712 unum
379 2691 398 2712 e
421 2678 633 2724 praesulibus
656 2680 713 2725 qui
736 2681 898 2722 aderant,
938 2678 1124 2723 Georgium
1152 2679 1375 2723 Cyzicenum,
1409 2676 1499 2710 stola
1519 2675 1638 2709 induta
1661 2686 1719 2710 so-

250 2724 393 2759 lemnem
425 2724 650 2770 precationem
686 2726 819 2771 praeire
851 2736 892 2759 ac
924 2725 1146 2759 conveniente
1178 2724 1352 2770 praesenti
1383 2722 1509 2768 gaudio
1531 2721 1719 2766 gratiarum

253 2770 389 2805 actione
419 2771 486 2805 rite
516 2771 666 2816 defungi.
713 2775 782 2806 tum
814 2771 978 2816 denique,
1016 2775 1197 2816 postquam
1232 2771 1303 2805 diu.
1322 2770 1439 2804 clausa
1473 2771 1719 2813 permanserat,

253 2817 364 2851 subito
389 2820 509 2863 aperta
533 2821 588 2851 est
611 2823 711 2863 porta
734 2819 868 2858 Aurea,
907 2821 943 2851 et
966 2817 1110 2851 antistes
1138 2817 1324 2852 orationem
1355 2814 1550 2859 inchoavit,
1583 2812 1720 2860 quando

252 2862 439 2909 imperator
461 2867 499 2899 et
517 2863 700 2900 universus
719 2864 795 2900 eius
818 2863 998 2899 comitatus
1020 2863 1120 2909 gravi
1143 2866 1179 2898 et
1201 2863 1300 2899 tardo
1322 2861 1479 2907 incessu,
1503 2865 1616 2895 mente
1632 2869 1721 2895 vero
