1884 3262
130 2201 157 2235 P
180 2202 247 2238 374

288 228 384 275 548
679 217 1001 270 OBSERVAT.
1034 225 1348 272 PACHYMER.

287 340 426 378 sistens
444 335 612 375 Michael
632 333 854 387 Augustus,
890 348 1072 373 nummos
1101 334 1134 373 ei
1162 347 1294 373 aereos
1320 340 1596 387 argenteosque
1616 333 1736 387 misit,

277 409 383 445 quos
407 394 500 431 dum
520 392 704 431 solemnis
729 392 953 430 litaniarum
982 405 1127 443 pompa
1153 391 1197 429 in
1226 391 1325 428 festo
1346 392 1563 443 palmarum
1583 405 1736 443 proce-

286 452 416 498 deret,
447 448 671 501 patriarcha
702 448 867 487 iactaret
893 449 934 486 in
957 449 1173 486 confertam
1201 447 1369 499 plebem.
1425 447 1523 485 haec
1540 447 1643 485 dona
1663 459 1735 487 vo-

288 512 351 544 cat
371 511 504 543 noster
524 501 756 558 ἆρπεδὸνας,
781 518 880 557 quae
898 518 978 543 vox
998 505 1158 556 proprie
1177 503 1372 554 significat
1391 503 1511 541 lineas
1532 509 1602 542 aut
1621 505 1735 543 funes

284 562 402 600 hamo
421 560 639 612 praefixos,
669 562 810 611 quibus
834 561 959 613 pisces
982 574 1090 599 escae
1109 559 1302 598 inhiantes
1322 559 1466 597 infixae
1488 559 1601 598 avide
1619 574 1736 599 vora-

285 619 335 656 tis
355 619 459 669 capti
484 617 697 656 trahuntur
713 618 754 655 in
775 617 965 669 piscantis
986 630 1156 655 manum.
1214 622 1332 667 atque
1359 615 1468 654 haud
1489 615 1570 654 scio
1588 630 1637 654 an
1654 630 1735 654 non

282 681 493 727 propterea
510 674 655 712 lineam
678 673 842 712 divitem
866 673 1094 711 huiusmodi
1123 672 1311 723 gratuitas
1327 672 1485 724 rapinas
1512 672 1554 710 in
1580 673 1735 723 plebem

283 731 485 768 ambitiose
505 743 661 783 sparsas
685 730 829 768 alicubi
860 731 1060 768 vocaverit
1089 729 1298 778 Martialis,
1340 728 1444 780 quod
1462 728 1524 767 his
1549 729 1657 767 velut
1674 727 1735 766 li-

283 787 366 825 neis
387 786 634 838 piscatoriis,
663 786 732 824 sed
755 786 881 824 aureis
908 792 947 823 et
972 785 1291 835 amabilioribus,
1319 784 1523 823 hominum
1547 784 1675 822 studia
1695 788 1734 822 e't

283 844 506 882 voluntates
538 842 760 894 capiantur.
819 856 1053 893 quamquam
1079 855 1153 880 nec
1179 841 1317 891 ignoro
1343 855 1417 879 nec
1434 841 1614 894 improbo
1634 852 1734 893 quae

284 900 359 937 alia
376 898 522 936 eruditi
539 898 769 950 interpret-es
788 899 828 936 in
846 912 932 937 eum
950 899 1083 936 locum
1104 895 1487 945 commentantur*).

395 951 591 1006 ἄτηρόν
626 968 666 1006 p.
699 954 777 996 150
805 968 843 993 v.
892 958 958 996 17.
1018 969 1089 1006 pro
1119 949 1266 1007 οἷτηρόν
1293 953 1371 992 hoc
1404 954 1493 991 loeo
1524 951 1733 992 Vaticanus

276 1011 409 1049 codex
428 1010 565 1049 scribit
586 1006 781 1063 λυπηρὸνε
814 1012 946 1049 notius
963 1010 1006 1048 id
1025 1010 1140 1049 enim.
1198 1017 1332 1048 noster
1353 1010 1538 1049 videlicet
1552 1015 1733 1048 veterum

281 1069 521 1119 scriptorum
553 1067 794 1104 abstrusiora
820 1067 1013 1105 vocabula
1048 1066 1237 1104 libentius
1269 1072 1446 1118 usurpat.
1510 1064 1731 1116 Hesychius

281 1120 432 1175 οἷπηρόν
466 1123 632 1174 exponit
657 1119 866 1175 βλαβερόν.
921 1123 1015 1160 inde
1051 1122 1096 1160 fit
1128 1119 1341 1175 ἆταρτηρὸς
1373 1136 1444 1174 per
1474 1120 1731 1173 epenthesim,

280 1193 363 1218 vox
380 1179 548 1217 Homero
572 1179 822 1230 Hesiodoque
841 1180 1102 1230 frequentata.
1161 1179 1391 1216 Eustathius
1411 1177 1460 1216 ad
1477 1178 1590 1216 Iliad.
1611 1193 1636 1217 α
1655 1177 1731 1214 ori-

280 1236 411 1287 ginem
429 1235 540 1274 vocis
560 1231 709 1288 οἷτηρόν
723 1235 834 1273 ducit
849 1249 871 1272 a
890 1235 1049 1273 nomine
1061 1232 1134 1286 ἄτη
1154 1248 1271 1283 noxa,
1295 1235 1507 1274 calamitas.
1529 1234 1730 1272 damnum.

280 1305 377 1330 cave
399 1291 642 1342 obtemperes
662 1291 918 1329 Constantino
935 1291 979 1328 in
998 1291 1143 1329 Lexico
1163 1290 1316 1329 iubenti
1336 1305 1406 1342 pro
1426 1286 1573 1342 ἅτηρός
1588 1289 1730 1328 rescri-

279 1349 371 1386 bere
394 1343 564 1399 οΞτειρής.
621 1360 720 1398 quae
747 1346 843 1384 mihi
872 1361 987 1386 causa
1016 1347 1094 1386 fuit
1119 1346 1216 1385 haec
1248 1346 1325 1385 hoc
1353 1347 1444 1385 loco
1473 1345 1725 1393 admonendi,

279 1403 430 1454 alioqui
452 1403 623 1441 tacituro
645 1403 694 1442 ‹le
714 1413 812 1442 voce
838 1399 998 1459 οἷτηρός,
1031 1410 1078 1442 ut
1097 1416 1146 1442 ex
1163 1403 1321 1454 vulgari
1337 1402 1481 1443 veteris
1499 1398 1727 1442 Hellenismi

277 1460 420 1498 notitia
437 1459 529 1498 satis
543 1466 760 1513 perspecta.

390 1511 664 1557 ἆττάλλειν
691 1531 731 1569 p.
750 1514 805 1557 44
824 1529 862 1563 v,-
894 1515 957 1559 14.
1000 1516 1082 1567 agit
1094 1515 1151 1554 ibi
1168 1515 1335 1567 loquens
1356 1515 1510 1555 Muzalo
1532 1515 1581 1554 de
1599 1516 1727 1567 puero

276 1572 639 1623 IoanneAugustm
669 1586 782 1624 quem
804 1586 849 1611 eo
873 1572 1041 1611 subditis
1068 1573 1335 1611 amabiliorem
1353 1573 1479 1611 videri
1502 1572 1640 1610 debere
1658 1569 1724 1619 ait,

277 1629 384 1679 quod
404 1642 476 1680 per
493 1634 656 1667 aetatem
677 1628 807 1666 adhuc
833 1629 1047 1680 simplicem
1061 1660 1071 1678 ‚
1104 1629 1187 1666 sine
1209 1631 1322 1676 suco,
1355 1629 1496 1680 puerili
1515 1629 1725 1667 securitate

276 1691 472 1732 operetur.
530 1691 589 1722 est
609 1679 831 1734 ἆττεέλλειν,
868 1685 999 1736 inquit
1021 1685 1251 1723 Eustathius
1273 1686 1323 1723 ad
1351 1685 1464 1724 Iliad.
1497 1685 1542 1733 δ,
1581 1684 1624 1725 ἐκ
1649 1680 1725 1724 τοῦ

275 1739 406 1780 ἅπτειν
425 1740 491 1780 καὶ
512 1737 712 1781 ἅλλεσθαι.
771 1741 878 1792 quod
905 1742 1009 1779 idem
1036 1741 1179 1792 repetit
1208 1743 1258 1779 ad
1285 1742 1394 1780 Iliad.
1425 1756 1463 1791 ε,
1505 1740 1653 1779 addens
1672 1740 1722 1778 ob

272 1796 511 1847 euphoniam
524 1797 686 1849 dempto
705 1810 784 1836 uno
801 1813 822 1837 τ
840 1797 960 1836 scribi
979 1793 1181 1847 ἆτάλλεινς
1210 1799 1316 1849 quod
1342 1805 1475 1837 tamen
1491 1803 1626 1835 noster
1654 1791 1722 1834 hic

273 1866 356 1890 nou
376 1858 435 1890 est
450 1859 620 1894 secutus.
677 1859 792 1891 sonat
821 1859 949 1892 autem
976 1853 1019 1890 id
1047 1854 1211 1892 verbum
1233 1867 1391 1892 movere
1422 1867 1467 1891 ac
1486 1854 1663 1905 proferre
1680 1863 1722 1891 se

273 1908 396 1946 libere
416 1907 459 1945 iu
480 1922 635 1946 omnem
657 1916 826 1960 partem,
870 1915 1033 1947 naturae
1056 1909 1320 1959 indulgendo,
1361 1910 1458 1947 citra
1480 1915 1625 1947 metum
1651 1914 1721 1947 aut

271 1970 516 2014 respectum3
555 1965 663 2015 quod
690 1971 730 2004 et
751 1965 965 2004 bestiarum
992 1970 1050 2003 est
1079 1971 1118 2002 et
1144 1979 1358 2016 puerorum
1374 1995 1385 2015 ,
1414 1979 1510 2017 quos
1541 1965 1720 2004 nondum

271 2021 372 2058 ratio
395 2021 619 2071 compescit.
675 2022 910 2061 vocabulum
930 2022 1047 2073 plane
1065 2021 1365 2072 Pachymeriani
1383 2022 1499 2073 genii,
1528 2023 1719 2074 priscum,

269 2077 518 2127 populariter
534 2077 785 2128 loquentibus
804 2078 1055 2126 inusitatum,
1085 2090 1107 2115 e
1126 2077 1347 2116 scholiastis
1371 2083 1581 2131 poetarum
1594 2079 1638 2117 in
1655 2078 1715 2116 hi-'

270 2133 430 2171 storiam
451 2132 670 2184 intextum3
701 2135 880 2186 qualibus
897 2133 965 2172 hic
987 2140 1126 2172 auctor
1147 2134 1378 2173 delectatur.
1711 2151 1713 2153 ·

385 2183 931 2231 αὖθεντοπουλεύειν.
1001 2203 1100 2242 puer
1152 2191 1339 2243 princeps
1391 2196 1461 2230 aut
1511 2190 1715 2242 regnantis

269 2243 375 2282 filius
397 2257 565 2295 parvm,
595 2259 685 2284 cum
707 2247 946 2299 procedente
966 2246 1010 2284 in
1038 2246 1206 2298 primam
1234 2247 1440 2299 pueritiam
1455 2247 1619 2285 infantia
1645 2261 1716 2298 co—

268 2300 451 2338 mitatum
485 2301 681 2341 natalibus
713 2316 930 2354 congruum
960 2303 1104 2354 accipit
1145 2310 1184 2341 et
1211 2303 1427 2342 ministerio
1457 2317 1503 2341 ac
1531 2304 1714 2342 satellitio

270 2355 558 2407 circumdatur,
588 2355 969 2401 αὕθεντοπουλεύειν
996 2359 1143 2397 dicitur
1175 2360 1359 2398 Graeciae
1383 2360 1532 2398 recenti
1550 2389 1561 2410 ,
1602 2360 1714 2399 cuius'

268 2424 346 2449 usu
372 2424 455 2450 vox
479 2416 628 2462 ποῦλος
652 2413 936 2470 ’ὖποκοριστική
961 2422 1029 2457 est.
1087 2421 1133 2453 ut
1163 2428 1255 2468 ergo
1276 2413 1473 2469 αὐθέντης
1495 2416 1712 2468 dominum,

269 2466 326 2504 ita
363 2464 688 2519 αὕθεντοποῦλος
723 2486 890 2524 parvum
919 2472 1123 2510 dominum
1155 2479 1279 2511 sonat.
1347 2472 1441 2511 hinc
1479 2472 1712 2523 intelligitur

269 2522 377 2573 quod
407 2524 545 2562 scribit
574 2533 706 2566 noster
749 2543 787 2580 p.
814 2530 868 2571 24
893 2542 933 2567 V.
953 2532 978 2571 6
1027 2528 1075 2565 de
1117 2528 1387 2567 Muzalonibus
1422 2529 1547 2567 tribus
1576 2529 1711 2567 fratri-

267 2578 341 2617 bus
362 2577 568 2618 Theodoro
589 2582 815 2634 imperatori
845 2584 968 2634 caris,
1001 2584 1109 2635 quod
1136 2585 1192 2633 ei,
1225 2599 1312 2623 cum
1339 2585 1511 2637 primum
1531 2597 1630 2636 puer
1645 2585 1709 2622 fa-

267 2634 417 2672 miliam
446 2637 702 2688 principalem
723 2639 866 2678 habere
889 2640 1038 2693 coepit,
1079 2641 1122 2678 in
1155 2640 1323 2692 ephebos
1361 2640 1595 2679 honorarios
1627 2641 1709 2678 dati

267 2690 448 2729 fuissent.
506 2689 654 2743 ἄνδρας
677 2692 749 2735 οὐκ
768 2692 964 2748 εὐγενείας
992 2695 1064 2748 μὲν
1086 2696 1318 2749 ’μετέχοντας
1346 2695 1388 2738 τὸ
1406 2692 1620 2748 παράπαν,
1653 2697 1709 2744 εἰς

264 2743 559 2797 παιδοπούλους
577 2747 620 2790 δὲ
639 2747 1087 2807 αὕθεντοπουλευομὲνῳ
1104 2751 1358 2808 τεταγμένους
1373 2749 1491 2807 αὐτῷ.

351 2867 391 2912 *)
415 2870 458 2902 cf.
486 2868 640 2905 Glossar.
664 2870 804 2906 alterum
826 2883 858 2906 v.
884 2869 983 2917 ἀρχή.
