1884 3262
409 202 486 243 DE
518 198 798 241 MICHAELE
832 193 1208 239 PALAEOLOGO
1245 195 1290 236 L.
1321 194 1376 236 V.
1531 192 1631 239 403

174 313 456 360 ἀνατεθέντων
479 312 521 354 δ’
546 313 608 353 ἐπὶ
630 315 687 368 τῷ
705 314 870 364 βασιλεῖ’
884 313 965 352 τῶν
984 304 1183 357 κατὰτὰς
1203 303 1397 362 ψήφους,
1434 303 1456 349 ὅ
1480 305 1635 354 Βέκκος

174 385 356 428 ἐδέδεκτο
387 379 604 436 ἀξιώτερος
631 377 683 421 τά
712 396 754 421 τε
786 378 892 421 ἄλλα
919 378 986 419 καὶ
1014 375 1076 419 ὅτι
1096 373 1270 429 λόγιοςό
1293 374 1398 431 ἀνὴρ
1418 377 1485 417 καὶ
1504 393 1634 418 κατα-

173 453 350 496 στέλλειν
380 450 457 504 ἴχει
488 449 535 492 τὸ
570 450 722 502 σχίσμα
747 451 798 503 τῇ
821 447 884 487 ἐπὶ
906 449 979 498 τῆς
1006 445 1219 499 ἐκκλησίας
1245 445 1499 502 πολυχρονίῳ
1515 445 1634 503 πείρᾳ

175 523 241 564 καὶ
266 516 482 575 λογιότητι.
553 515 652 558 ὅθεν
675 517 742 556 καὶ
764 514 1036 567 συναχθέντες
1062 512 1102 554 οἳ
1132 512 1328 566 ἀρχιερεῖς
1347 513 1388 554 ἒν
1409 512 1548 570 ταύτῷ
1569 514 1633 554 ἐπὶ

144 593 248 633 5τοῦ
282 589 399 630 θείου
428 588 494 628 καὶ
523 583 700 639 μεγάλου
730 582 920 637 τεμένους
950 582 1019 622 ἕνα
1050 582 1117 622 καὶ
1138 580 1211 622 τὸν
1236 579 1361 622 αὐτὸν
1382 582 1450 622 καὶ
1471 585 1635 636 πρῶτον

175 659 244 700 καὶ
278 653 466 707 δεύτερον
495 653 747 708 ψηφίζονταί
773 667 816 693 τε
848 652 914 692 καὶ
946 650 1096 704 τρίτον.
1167 650 1234 690 καὶ
1262 646 1456 697 ὁΒέκκος
1478 651 1639 706 εἰκοστῇ

175 727 248 780 μὲν
281 725 348 766 καὶ
384 724 479 778 ἕκτῃ
504 723 803 773 Πυανεψιῶνος
828 717 956 772 μηνὸς
984 716 1089 760 κατὰ
1119 715 1193 770 τὴν
1224 715 1370 772 ἑορτὴν
1396 721 1479 759 τῶν
1506 715 1630 772 ἁγίων
1651 727 1684 760 Ε

176 793 362 848 πατέρων
392 796 474 834 τῶν
503 791 544 831 ἒν
573 789 727 846 Νικαία
755 784 1012 847 πατριάρχης
1044 785 1344 839 προβέβληται,
1393 786 1562 845 δευτέρα
1593 787 1637 828 δὲ

178 862 555 915 Μαιμακτηριῶνος
564 890 577 909 ,
609 861 659 913 τῇ
691 854 860 911 ἐπιούσῃ
890 858 1085 909 κυριακῇ,
1123 855 1165 895 ἐν
1195 851 1380 911 ἐπισήμῳ
1408 851 1539 913 ἡμέρᾳ
1561 858 1636 897 τοῦ

125 940 168 974 10
181 928 434 982 πνεύματος,
471 926 524 968 τὰ
552 929 625 967 τοῦ
656 921 885 976 πνεύματος
913 922 1068 976 δέχεται
1087 923 1153 963 καὶ
1172 925 1393 963 τελειοῦται
1414 920 1635 978 ἀρχιερεύς.

181 996 203 1041 ὃ
224 997 359 1052 μέντοι
383 1012 426 1051 γε
444 993 638 1048 βασιλεῦς
659 992 728 1033 ἐπ’
750 993 883 1048 ἐκείνῳ
910 990 1056 1045 μικρὸν
1088 987 1302 1043 σχολάσας
1324 989 1395 1031 τὸν
1424 994 1546 1042 νοῦν,
1584 988 1641 1039 ὦς

179 1066 231 1108 ἄν
251 1082 293 1120 γε
313 1062 540 1117 κατασταίῃ
561 1060 664 1115 πρὸς
681 1060 753 1114 τὴν
772 1058 1046 1112 πνευματικὴν
1068 1059 1219 1112 ἐκείνην
1238 1055 1368 1112 ἀρχήν
1379 1090 1391 1109 ,
1427 1058 1475 1101 τὸ
1494 1060 1640 1102 ’λοιπὸν
1664 1069 1691 1103 Ρ
1714 1070 1779 1104 274

179 1138 391 1186 κοσμικαῖς
419 1131 554 1172 ἐδίδου
584 1130 822 1185 φροντίσιν,
865 1127 982 1176 εῗδώς
1012 1125 1150 1168 ἱκανὸν
1179 1127 1326 1168 ἐκεῖνον
1358 1125 1458 1168 ὄντα
1484 1127 1538 1169 τὰ
1566 1132 1641 1182 τῆς

180 1201 392 1255 ἐκκλησίας
425 1195 580 1240 ἰθύνειν
618 1196 712 1250 μετ’
749 1194 979 1250 αὐτάρκους
1016 1196 1157 1248 πείρας
1185 1197 1251 1237 καὶ
1282 1199 1354 1249 τῆς
1380 1196 1470 1250 περὶ
1507 1200 1639 1238 ταῦτα

127 1279 170 1315 15
183 1266 428 1323 παμπόλλης
460 1265 672 1314 συνέσεως.
742 1271 905 1319 παρεῖχε
934 1263 982 1305 δέ
1006 1263 1043 1305 οἳ
1073 1263 1233 1317 ἕτοιμον
1263 1261 1410 1305 ἑαυτὸν
1429 1262 1640 1318 συλλήψε-

181 1342 285 1381 σθαι
318 1337 358 1386 ἐς
387 1334 410 1378 ὅ
439 1352 478 1377 τι
506 1335 573 1375 καὶ
605 1333 760 1384 δέοιτο,
809 1333 977 1383 ἐλπίζων
1015 1331 1118 1387 παρ’
1153 1333 1303 1373 ἐκείνου
1336 1332 1404 1372 καὶ
1435 1331 1560 1380 αὐτὸς
1587 1332 1639 1374 τὰ

183 1405 305 1460 ὅμοια
330 1401 510 1457 πάσχειν.
580 1402 715 1443 ἐδίδου
746 1401 794 1442 δέ
820 1401 858 1443 οἱ
889 1401 955 1442 καὶ
982 1400 1213 1456 παρρησίας
1229 1397 1371 1454 χώραν
1391 1397 1640 1454 ἐντυγχάνειν

182 1472 283 1530 ὗπέρ
316 1469 549 1528 ἀνθρώπων
574 1469 626 1512 τὰ
657 1468 888 1526 πρέποντα,
923 1469 993 1510 καί
1024 1485 1067 1524 γε
1094 1466 1275 1519 ἀνύτειν,
1314 1464 1369 1517 ὥς
1390 1466 1437 1509 οὗ
1458 1468 1571 1524 παρὰ
1593 1469 1639 1511 τὸ

277 1594 311 1627 Ξ.
332 1590 503 1629 ἐδέδοκτο
516 1591 536 1625 ?

186 1693 333 1729 motione
362 1693 450 1738 apud
479 1705 593 1729 omnes
624 1696 726 1728 esset.
773 1703 815 1726 ea
856 1690 1094 1736 suffragiorum
1126 1689 1319 1725 differentia
1351 1702 1425 1725 cum
1455 1691 1569 1726 delata
1599 1691 1644 1726 ad

185 1742 372 1784 Augustum
396 1745 487 1774 esset
509 1745 544 1773 et
566 1740 638 1773 eins
660 1737 825 1773 voluntati
847 1737 1083 1781 compromisso
1107 1737 1290 1782 permissa,
1312 1736 1370 1771 ille
1394 1737 1481 1771 haud
1505 1742 1646 1772 cuncta-

186 1790 244 1819 tus
269 1785 415 1819 Veccum
438 1786 599 1830 praetulit
621 1797 694 1819 cum
718 1784 794 1819 aliis
817 1787 1043 1828 praestantem
1066 1783 1202 1817 dotibus
1224 1789 1295 1816 tum
1318 1782 1463 1817 maxime
1478 1783 1644 1825 doctrina,

185 1835 356 1877 postremo
390 1832 479 1876 quod
506 1831 535 1864 is
558 1831 612 1865 vir
644 1837 713 1865 tam
736 1831 834 1874 longo
858 1841 920 1863 usu
944 1829 1246 1862 ecclesiasticarum
1270 1840 1403 1870 rerum,
1435 1834 1532 1863 tanta
1555 1830 1647 1863 fama

187 1877 376 1921 sapientiae
407 1877 675 1921 auctoritateque
706 1875 879 1921 praeditus
914 1886 1000 1908 unus
1026 1874 1144 1919 utique
1167 1874 1309 1908 omnium
1333 1874 1528 1919 aptissimus
1552 1875 1648 1908 vide-

186 1927 285 1956 retur
317 1922 361 1956 ad
392 1923 671 1967 comprimendum
702 1921 868 1962 schisma,
902 1920 1140 1965 negotiumque
1170 1920 1369 1954 concordiae
1400 1927 1542 1954 eatenus
1566 1932 1648 1965 pro-

186 1973 312 2002 motum
334 1968 403 2002 fine
427 1972 545 2014 optato
569 1968 805 2002 coronandum.
852 1978 933 2011 ergo
957 1966 1024 2000 rite
1048 1967 1244 2010 congregati
1260 1968 1348 2010 apud
1364 1966 1521 2011 templum
1538 1966 1646 2000 maius

187 2013 359 2059 episcopi,
381 2013 657 2058 praerogativam
680 2013 894 2058 imperatoris
919 2018 1121 2057 sequentes,
1147 2023 1267 2053 magno
1285 2023 1451 2045 consensu
1466 2012 1647 2056 studioque

187 2059 307 2105 primis
341 2059 493 2093 secundis
522 2059 703 2103 tertiisque
732 2058 908 2103 suffragiis
941 2059 1087 2092 Veccum
1118 2058 1266 2091 eumdem
1292 2069 1392 2090 unum
1419 2057 1647 2102 patriarcham

188 2105 414 2139 declararunt.
462 2106 590 2139 Veccus
619 2104 724 2149 igitur
745 2109 842 2139 sexta
865 2110 901 2138 et
923 2104 1086 2149 vigesima
1115 2103 1237 2137 mensis
1260 2102 1364 2144 Maii,
1397 2103 1486 2136 festo
1508 2108 1646 2136 sancto-

186 2161 262 2184 rum
293 2150 531 2185 Nicaeensium
562 2155 719 2196 patrum,
757 2150 952 2194 patriarcha
985 2154 1121 2183 creatus
1152 2153 1223 2182 est:
1260 2151 1407 2182 secunda
1437 2159 1519 2181 vero
1543 2148 1646 2189 Iunii,

188 2195 356 2229 dominica
378 2196 527 2239 proxime
560 2202 697 2238 secuta,
728 2196 852 2230 illustri
875 2196 931 2230 die
953 2195 1094 2239 spiritus
1117 2194 1226 2228 sancti
1247 2193 1387 2238 spiritus
1411 2193 1560 2228 eiusdem
1582 2205 1645 2239 pet

188 2252 320 2275 sacram
342 2241 582 2275 ordinationem
606 2242 777 2287 particeps
799 2243 924 2284 factus,
947 2242 1013 2275 rite
1035 2241 1254 2284 inauguratus
1277 2239 1312 2272 in
1335 2239 1562 2284 patriarcham
1580 2243 1644 2274 est.

186 2287 375 2331 imperator
405 2287 468 2320 sub
500 2287 584 2320 haec
614 2287 712 2321 initia
740 2299 803 2332 per
834 2293 966 2332 tempus
995 2298 1061 2320 non
1084 2286 1218 2328 longum
1240 2284 1350 2319 studio
1376 2290 1412 2319 et
1433 2285 1646 2319 solicitudine

189 2332 387 2366 immoratus
422 2332 458 2365 in
493 2332 694 2366 stabiliendo
727 2332 788 2365 tali
817 2333 941 2367 homiui
963 2332 1030 2366 isto
1054 2330 1223 2376 spirituali
1244 2330 1458 2375 principatu,
1492 2343 1646 2365 securam

190 2377 311 2411 deinde
332 2380 474 2412 mentem
496 2377 627 2422 imperii
650 2378 795 2422 negotiis
818 2378 986 2420 advertit,
1018 2378 1148 2411 solutus
1182 2376 1271 2410 omni
1302 2382 1393 2411 metu
1419 2377 1463 2410 de
1489 2377 1645 2418 ecclesia,

189 2423 308 2468 utique
341 2423 436 2457 cuius
469 2423 619 2467 regimen
652 2423 682 2456 ei
716 2424 979 2457 commendatum
1007 2423 1130 2466 sciret,
1170 2422 1229 2467 qui
1251 2427 1288 2456 et
1309 2422 1537 2468 experientiae
1560 2422 1646 2457 satis

191 2473 227 2502 et
248 2468 447 2513 prudentiae
467 2469 644 2514 plurimum
672 2469 798 2502 habens
821 2470 912 2502 nullo
944 2469 1107 2502 deficeret
1135 2479 1248 2502 eorum
1278 2479 1366 2513 quae
1388 2469 1432 2502 ad
1458 2479 1513 2503 res
1536 2469 1647 2502 eccle·

191 2513 348 2548 siasticas
371 2519 464 2548 recte
487 2514 732 2558 salubriterque
755 2515 921 2558 regendas
944 2519 1082 2559 possent
1105 2513 1299 2548 desiderari.
1347 2514 1502 2548 exhibuit
1534 2520 1647 2548 autem

192 2571 232 2594 se
254 2571 342 2603 novo
365 2559 579 2604 patriarchae
611 2566 766 2604 paratum
789 2561 832 2593 ad
857 2558 931 2593 eum
953 2560 1177 2594 adiuvandum
1209 2571 1419 2605 quacumque
1441 2560 1474 2593 in
1502 2571 1540 2594 re
1562 2571 1647 2604 opus

191 2605 354 2646 haberet,
378 2616 519 2650 sperans
539 2604 684 2649 yicissim
708 2606 751 2638 ab
775 2604 832 2639 illo
854 2605 890 2638 in
912 2605 1088 2639 occasione
1118 2605 1248 2640 similia.
1296 2606 1392 2640 dedit
1413 2605 1522 2640 eidem
1545 2609 1580 2638 et
1602 2605 1647 2638 fi-

193 2650 315 2684 duciae
346 2652 476 2691 locum,
508 2662 574 2695 quo
609 2650 750 2684 auderet
781 2650 956 2695 suscipere
987 2662 1157 2695 agereque
1186 2662 1299 2685 secum
1331 2663 1451 2686 causas
1481 2651 1647 2684 hominum

195 2696 363 2740 egentium
385 2697 499 2741 gratia
523 2696 703 2741 principis,
742 2707 807 2730 non
829 2697 959 2730 frustra
980 2707 1018 2730 se
1040 2696 1075 2730 id
1098 2698 1264 2731 facturum
1296 2708 1456 2741 sperans:
1495 2696 1647 2730 confide-

194 2741 254 2774 bat
276 2741 362 2776 enim
384 2741 464 2776 nihil
487 2753 561 2776 eum
584 2741 650 2775 nisi
671 2741 762 2786 quod
783 2742 837 2775 fas
860 2746 952 2776 esset
977 2742 1115 2776 concedi
1145 2743 1341 2788 petiturum.
1388 2753 1490 2787 porro
1515 2743 1647 2777 Veccus

193 2785 256 2819 has
275 2785 514 2821 interveniendi
536 2799 599 2832 pro
622 2786 752 2821 miseris
774 2792 891 2832 partes
912 2792 984 2822 toto
1010 2787 1117 2822 animo
1147 2799 1348 2833 capessenS,
1378 2786 1524 2833 partitos
1545 2786 1647 2821 habe-

193 2831 256 2865 bat
276 2830 313 2865 iu
333 2832 400 2868 duo
421 2844 548 2878 genera
569 2843 654 2879 quos
676 2833 742 2867 isto
764 2832 1016 2869 misericordiae
1037 2833 1152 2869 officio
1174 2834 1333 2868 iuvaret:
1373 2833 1468 2879 prius
1490 2837 1567 2867 erat
1589 2844 1648 2868 ca-
