1846 3262
403 222 481 265 DE
515 220 793 264 MICHAELE
826 220 1203 266 PALAEOLOGO
1238 222 1286 264 L.
1311 220 1387 268 111.
1549 221 1645 269 177

167 340 243 380 τοῦ
276 340 420 380 στενοῦ
449 353 510 386 τις
533 334 712 394 Εὐξείνῳ
741 330 998 390 προσβάλλοι
1016 332 1229 392 θαλάσσῃ.
1297 339 1422 379 τοῦτο
1444 335 1490 380 δὲ
1518 344 1647 381 ποιεΐν

167 406 225 462 μὴ
249 405 464 456 ἀξιοῦντας
481 405 553 448 τὸν
568 403 743 459 βασιλέα
767 400 991 457 ἀμήχανον.
1065 402 1129 446 διὸ
1154 405 1222 445 καὶ
1253 409 1424 456 πολλαῖς
1456 407 1645 462 ἐδωρεῖτο

167 479 318 519 τοῦτον
340 474 613 526 ἀποστολαῖς,
650 472 722 530 ἐφ’
746 466 779 531 ᾧ
797 471 873 521 τὰς
893 472 1048 514 ἐκεῖθεν
1077 471 1413 526 διαπλοϊζομὲνας
1440 479 1543 530 νῆας
1565 475 1642 536 ῥα·
1667 484 1699 518 Ε

169 546 266 595 δίως
292 543 472 602 Εὐξείνῳ
501 541 798 599 προσβάλλειν,
838 541 905 583 καὶ
935 539 1035 590 τοὺς
1057 540 1099 582 ἒν
1130 539 1278 589 αὖταΐς
1301 541 1434 583 πολλοὶ
1455 542 1644 595 διδόντας

137 615 368 669 5μείρακας
399 611 635 661 Σκυθικούς
666 612 908 662 ἐξωνεῖσθαι
937 611 1006 651 καὶ
1040 608 1144 665 πρὸς
1174 608 1225 651 τὰ
1255 608 1340 651 ἴδια
1367 608 1644 666 ἐπανήκοντας

169 683 326 740 φέρειν,
366 681 387 725 ὃ
407 681 458 736 δὴ
482 682 547 724 καὶ
566 678 762 729 πολλάκις
778 677 941 734 γεγονὸς
962 677 1153 734 ἴγνωμεν,
1192 679 1347 720 ἐκεῖθεν
1369 680 1443 732 μὲν
1464 684 1548 723 τῶν
1568 698 1649 735 χα-

169 749 381 807 ρισμάτων
411 750 515 807 πρὸς
540 747 717 803 βασιλέα
749 746 1113 802 διαπεμπομένων,
1152 747 1343 790 ἐντεῦθεν
1370 748 1413 790 δ’
1433 748 1648 806 ἀνοιγομέ-

168 837 243 876 νης
264 822 380 876 σφίσι
402 824 478 872 τῆς
499 817 603 874 πρὸς
625 814 773 861 ἐκεῖνον
793 813 1007 861 κελεύθου.

306 886 352 933 4.
416 886 484 929 Ἐν
503 887 548 928 δὲ
567 892 655 935 τοῖς
674 886 925 942 χαρίσμασιν
946 879 997 940 ἦν
1024 886 1092 928 καὶ
1112 881 1505 941 καμηλοπάρδαλις,
1544 889 1647 940 ζῶον
1670 903 1698 937 p
1721 894 1787 938 '113

115 970 158 1005 10
170 953 409 1011 θαυμάσιον
441 956 509 997 καὶ
544 952 778 1010 ἀσύνηθες,
819 955 909 1011 περὶ
936 948 985 997 οὗ
1008 954 1124 1010 ὀλίγα
1147 952 1354 1008 βούλομαι
1376 954 1526 1010 λέγειν,
1562 964 1650 1007 τοῖς

167 1027 242 1081 μὲν
265 1026 422 1068 ἰδοῦσιν
441 1020 696 1079 ὗπόμνησιν,
743 1029 828 1073 τοῖς
859 1024 905 1066 δὲ
922 1024 1030 1078 μηδὲ
1059 1023 1335 1077 θεασαμένοις
1366 1025 1648 1072 διδασκαλίαν.

170 1098 293 1149 σῶμα
308 1091 444 1152 τούτῳ
465 1093 632 1149 μέτριον
650 1092 746 1136 κατ’
770 1092 892 1143 ὅνους
914 1091 987 1143 οὓς
1007 1090 1230 1142 κάνθωνας
1253 1090 1522 1148 ὀνομάζομεν,
1554 1095 1648 1152 δίρ-

168 1182 229 1218 μα
264 1162 370 1206 nau>
401 1159 653 1219 παρδάλεις,
702 1161 846 1204 λευκὸν
880 1163 948 1204 καὶ
982 1169 1160 1218 πυρραΐς
1189 1163 1327 1218 φολίσι
1358 1160 1646 1217 κατάστικτον,

169 1233 288 1282 θέσις
316 1228 510 1286 σώματος
542 1230 650 1274 κατὰ
683 1230 759 1281 τὰς
793 1229 1005 1286 καμήλους
1032 1232 1076 1282 ἐξ
1107 1230 1311 1274 ὀπισθίων
1349 1230 1579 1286 βουβώνων
1608 1234 1650 1283 ἐς

114 1312 158 1346 15
171 1301 309 1356 ὤμους
327 1297 568 1357 ἀνωφερής,
605 1303 689 1344 τῶν
710 1301 980 1356 ἐμπροσθίων
1003 1302 1143 1344 ποδῶν
1162 1297 1455 1356 ὑπερκειμένων
1487 1299 1645 1359 αὐτάρ-
1671 1318 1701 1353 Β

170 1387 251 1420 κως
270 1374 352 1413 τῶν
375 1369 562 1413 ὄπισθεν.
633 1367 839 1425 τράχηλος
859 1369 964 1412 κατὰ
991 1368 1188 1426 γεράνους
1209 1370 1272 1411 ἐπὶ
1301 1367 1501 1426 μήκιστον
1523 1372 1648 1414 ε’κτει-

169 1437 342 1494 νόμενος
362 1440 430 1482 καὶ
450 1439 491 1488 ἐς
520 1438 703 1495 κεφαλὴν
722 1436 972 1495 ἀναγόμενος
982 1471 995 1491 ,
1033 1437 1089 1489 ὥς
1118 1438 1323 1495 ἀγέρωχον
1343 1438 1390 1482 τὸ
1410 1440 1511 1491 ζῶον
1530 1442 1650 1496 ἔγκα-

171 1512 342 1551 θιστᾶν.
413 1508 571 1565 κεφαλὴ
593 1508 638 1550 δὲ
655 1507 758 1560 βαιὰ
779 1509 846 1550 καὶ
866 1509 1141 1560 καμηλοειδὴς
1163 1511 1222 1564 τῷ
1242 1506 1435 1562 σχήματι.
1505 1510 1649 1553 λευκὸν

171 1576 247 1632 τὴν
273 1577 454 1626 κοιλίαν,
492 1577 558 1616 καὶ
579 1576 659 1617 ἀπὸ
680 1571 889 1630 τραχήλου
911 1574 979 1617 διὰ
998 1572 1154 1631 ῥάχεως
1174 1572 1310 1630 πάσης
1331 1577 1399 1617 καὶ
1427 1577 1501 1625 ἕως
1523 1578 1651 1635 οὐρᾶς

115 1646 340 1701 Ξομετρίας
367 1643 561 1700 γραμμὴν
588 1643 651 1685 ἐπὶ
681 1640 878 1698 στάθμην
902 1642 1099 1698 μέλαιναν
1126 1641 1334 1687 ἰθύντατα
1362 1650 1649 1701 περικείμενον.

171 1711 295 1764 πόδες
315 1713 453 1756 λεπτοὶ
475 1711 574 1754 κατ’
601 1708 781 1769 ἐλάφους
803 1714 872 1755 καὶ
895 1714 1167 1769 διχηλοῦντες.
1237 1710 1390 1770 ἥμερον
1421 1713 1464 1756 δ’
1487 1714 1635 1770 ἄλλως,
1662 1722 1693 1756 C

170 1858 345 1904 potestate
381 1854 585 1890 imminentis
617 1854 686 1890 illis
721 1854 1122 1902 Constantinopolitanae
1164 1856 1335 1900 civitatis,
1377 1857 1479 1893 facile
1508 1858 1649 1895 videbat

198 1903 320 1937 rudens
344 1902 514 1936 barbarus
538 1913 754 1948 nequaquam
778 1902 864 1945 sibi,
900 1902 991 1948 quod
1019 1903 1186 1949 optabat,
1226 1904 1328 1939 aliter
1349 1916 1450 1951 quam
1473 1906 1587 1950 gratia
1613 1911 1649 1941 et

170 1915 339 1984 beneficio
377 1947 578 1994 imperantis
610 1948 683 1983 illic
718 1959 821 1994 posse
845 1950 1054 1994 contingere.
1101 1962 1208 1996 quare
1230 1950 1296 1985 isto
1322 1956 1360 1985 ut
1382 1952 1518 1997 placato
1544 1953 1650 1987 bene-

170 1998 317 2041 voleque
340 1997 518 2037 uteretur,
550 1994 666 2029 multis
697 1995 907 2040 legationum
941 2000 976 2030 et
999 1995 1177 2031 missorum
1201 2008 1276 2031 cum
1299 1997 1368 2032 illis
1390 2009 1565 2033 munerum
1591 2011 1650 2033 co-

171 2043 319 2076 nabatur
343 2040 468 2075 officiis
493 2041 643 2087 assequi.
691 2053 755 2076 nec
777 2041 868 2076 votis
896 2041 1046 2083 ,exciditz
1081 2046 1226 2088 augusto
1257 2043 1382 2089 quippe
1414 2050 1584 2079 annuente
1607 2045 1650 2079 li-

170 2088 254 2123 bere
278 2087 513 2122 commeabant
534 2087 570 2121 in
607 2087 777 2122 Euxinum
805 2085 897 2123 missi
923 2100 998 2123 cum
1026 2100 1109 2123 auro
1133 2089 1237 2123 multo
1258 2091 1302 2124 ab
1325 2090 1530 2137 Aethiopum
1553 2090 1650 2136 prin-

172 2134 261 2180 cipe,
283 2133 343 2179 qui
367 2133 572 2178 Scytharum
595 2134 922 2169 adolescentulorum
944 2134 1124 2170 maximum
1145 2147 1267 2181 magna
1288 2136 1434 2181 pecunia
1458 2140 1648 2182 cofimptum

172 2191 347 2214 numerum
369 2179 437 2224 ipsi
460 2180 714 2226 perducerent3
739 2181 829 2227 quod
853 2192 958 2227 saepe
981 2182 1174 2216 factitatum
1198 2182 1370 2225 novimus,
1397 2194 1440 2216 ex
1463 2195 1531 2228 quo
1553 2184 1648 2217 blan-

173 2225 266 2260 ditiis
290 2225 454 2260 donorum
476 2226 635 2261 delinitus
657 2226 846 2274 imperator
870 2239 945 2263 eam
978 2227 1108 2275 aperiri
1130 2233 1167 2263 et
1186 2231 1261 2263 tuto
1284 2229 1498 2274 frequentari
1520 2229 1648 2275 permi-

172 2271 219 2306 sit
240 2271 340 2307 viam.

265 2315 300 2352 4.
348 2316 530 2352 Caeterum
570 2317 606 2353 in
639 2318 736 2354 donis
765 2318 832 2354 hac
872 2319 916 2354 de
957 2330 1061 2355 causa
1095 2319 1206 2354 missis
1236 2320 1516 2366 camelopardalis
1552 2320 1620 2356 fuit
1634 2347 1646 2364 ‚

173 2363 296 2399 animal
320 2374 436 2398 rarum
458 2367 495 2398 et
517 2364 671 2400 mirabile
685 2391 697 2409 ,
720 2365 764 2399 de
787 2377 854 2413 quo
881 2366 1036 2412 pluscula
1058 2365 1113 2400 hic
1135 2366 1301 2400 subiicere
1321 2367 1489 2411 decrevi,
1522 2371 1562 2402 ut
1585 2368 1645 2414 qui

172 2410 335 2445 viderunt
373 2409 613 2454 recordentur,
645 2411 706 2457 qui
733 2423 801 2446 non
834 2412 992 2446 viderunt
1027 2412 1171 2448 discant.
1219 2413 1324 2447 moles
1348 2413 1380 2447 ei
1401 2414 1556 2459 corporis
1578 2426 1646 2448 non

173 2467 310 2500 magna,
335 2455 446 2501 qualis
469 2457 577 2490 ferme
598 2468 796 2502 magnorum
819 2457 1009 2503 asinorum,
1033 2470 1117 2505 quos
1140 2459 1324 2494 canthones
1346 2470 1516 2494 vocamus.
1557 2461 1646 2506 pelle

175 2501 358 2537 obducitur
391 2502 587 2547 pardalibus
615 2503 745 2547 simili,
776 2505 892 2539 rubris
923 2504 960 2539 in
983 2505 1060 2539 albo
1090 2505 1234 2551 sparsim
1264 2511 1466 2552 compuncta
1491 2507 1645 2548 maculis,

174 2547 413 2593 magnitudinis
437 2560 479 2582 ac
501 2549 632 2594 figurae
663 2560 921 2596 squammarum.
969 2551 1079 2586 forma
1113 2551 1268 2598 corporis
1306 2553 1452 2587 camelos
1483 2553 1646 2595 imitatur,

175 2606 199 2630 a
220 2599 319 2639 tergo
343 2598 380 2628 et
403 2595 532 2631 femore
555 2595 599 2630 ad
621 2607 734 2630 armos
755 2607 888 2631 sursum
912 2596 1082 2641 eminens,
1105 2598 1332 2633 anterioribus
1354 2599 1512 2634 cruribus
1535 2599 1645 2643 longi-

174 2640 294 2675 tudine
314 2651 381 2675 non
405 2640 536 2676 modice
561 2642 799 2687 superantibus
835 2643 1037 2690 posteriora.
1083 2644 1202 2679 collum
1225 2647 1265 2679 ut
1296 2645 1332 2679 in
1355 2645 1495 2690 gruibus
1518 2645 1647 2690 longis-

175 2686 260 2722 sime
282 2692 480 2732 protensum
503 2688 572 2722 alte
599 2688 634 2722 in
668 2688 835 2723 verticem
858 2689 1008 2736 assurgit
1038 2690 1216 2726 fastidiose
1238 2691 1499 2737 circumquaque
1523 2691 1646 2737 despe-

175 2735 324 2768 ctantem
363 2733 509 2779 quodam
542 2735 640 2780 quasi
678 2734 861 2781 supercilio
894 2736 1024 2771 ferinae
1055 2737 1250 2783 superbiae.
1307 2743 1411 2784 caput
1443 2737 1600 2782 exiguum
1624 2749 1647 2772 a

176 2779 314 2813 camelis
336 2779 449 2824 figura
479 2792 546 2815 non
569 2781 778 2826 discrepans.
824 2784 946 2817 venter
967 2782 1086 2825 albus,
1108 2795 1130 2818 a
1154 2783 1268 2830 capite
1299 2795 1361 2829 per
1386 2784 1480 2818 dorsi
1514 2782 1646 2829 spinam

175 2835 285 2871 usque
307 2825 352 2859 ad
374 2826 537 2868 caudam,
560 2839 649 2873 quae
667 2827 803 2863 modica
825 2827 899 2870 est,
932 2828 1024 2864 linea
1046 2831 1147 2885 nigra
1169 2829 1265 2865 velut
1288 2830 1331 2864 ad
1354 2841 1502 2864 normam
1523 2829 1647 2864 rectis-

175 2870 262 2906 sime
284 2871 451 2917 producta
473 2872 643 2918 signatur.
687 2874 795 2920 pedes
820 2878 942 2911 tenues
963 2875 999 2911 in
1022 2876 1274 2912 similitudinem
1298 2875 1533 2918 cervinorum,
1555 2875 1647 2912 fissis

231 2924 405 2971 Georgius
433 2926 657 2972 Pachymeres
684 2927 716 2963 Ι.
1317 2928 1371 2967 12
