1846 3262
204 260 226 304 1
235 260 298 305 32
620 256 858 300 GEORGII
892 257 1244 301 PACHYMERIS

152 380 181 414 C
207 365 589 425 σωματοφύλακας,
627 369 694 410 καὶ
725 374 812 418 τοῖς
828 372 904 423 τῆς
937 368 1065 425 ἀρχῆς
1086 367 1309 424 συμβόλοις
1327 371 1472 427 ἐχρῆτο
1491 371 1672 428 ἐρυθρο-

200 441 333 496 βαφὲς
364 437 527 480 πέδιλον
561 434 855 491 ὑποδούμενος.
925 438 978 480 τὰ
999 438 1124 480 πιστὰ
1151 440 1196 481 δὲ
1214 440 1281 481 καὶ
1304 440 1407 496 πρὸς
1426 440 1472 483 τὸ
1493 435 1537 482 εὗ
1562 439 1671 497 πρά-

203 513 281 559 ξειν
303 505 378 561 εἶχε
399 505 467 548 διὰ
487 505 562 560 τὴν
581 503 836 562 ἐξὺπογυίου
854 503 991 562 χάριν,
1017 506 1067 562 ἣν
1087 507 1192 549 κατὰ
1211 507 1352 564 καιρὸν
1373 508 1513 558 διδοὺς
1533 508 1670 563 ἤλπιζε

202 576 314 632 παρὰ
342 578 415 618 τοῦ
446 571 649 627 λαβόντος
681 575 733 617 τὰ
767 576 951 631 κρείττω.
1019 575 1066 618 τὸ
1098 576 1142 618 δὲ
1163 571 1211 631 ἦν
1231 575 1313 633 ἄρα
1333 576 1381 619 οὗ
1403 575 1591 633 σταθερά
1611 594 1671 626 τις

202 647 313 695 ἐλπὶς
331 650 417 693 τοῖς
446 647 588 686 νοοῦσι
615 641 868 700 βαθύτερον.
939 643 1044 686 ἀλλὰ
1065 642 1156 687 τότε
1178 644 1248 687 τὸν
1269 645 1408 701 καιρὸν
1428 644 1703 702 θεραπεύωνό

202 714 223 758 ὃ
247 712 440 768 βασιλεὺς
460 712 558 762 τοὺς
572 713 646 766 μὲν
667 714 757 767 περὶ
775 709 926 765 αὐτόν,
965 714 1031 754 καὶ
1052 717 1210 767 μᾶλλον
1235 720 1428 769 γυναῖκας
1449 715 1515 756 καὶ
1535 714 1670 767 τέκνα,

204 783 308 826 κατὰ
333 778 582 837 συντήρησιν
613 780 716 837 πρὸς
732 782 910 824 Νίκαιαν
938 781 1105 835 πέμπει,
1138 786 1197 839 τῷ
1217 782 1290 835 μὲν
1310 784 1442 825 δοκεῖν
1462 781 1508 825 τὸ
1531 782 1671 839 ἀσφα-

151 865 182 899 D
207 853 272 902 λές
295 852 457 899 ἐκείνοις
487 849 674 906 παρέχων
698 850 771 907 ἐφ’
796 843 829 908 ᾧ
850 849 909 904 μὴ
931 853 1119 904 βλαβεῖεν
1143 841 1374 906 ἆφύλακτοι
1406 850 1538 900 ὄντες·
1575 851 1672 894 οὐδὲ

199 922 276 978 γὰρ
306 919 430 963 καλὸν
459 916 587 961 ἐδόκει
615 917 971 975 συνεκστρατεύειν
1000 923 1058 977 τῷ
1097 923 1265 974 βασιλεῖ
1294 917 1439 974 ἀήθεις
1459 918 1582 969 ὄντας
1603 921 1671 962 καὶ

197 994 274 1045 τῆς
290 988 642 1045 γυναικωνίτιδος·
679 987 726 1030 τὸ
757 988 802 1030 δὲ
831 985 955 1030 πάλιν
983 992 1093 1044 σφᾶς
1125 989 1346 1043 διατρίβειν
1371 987 1441 1030 ἐπ’
1467 988 1669 1042 ἀνατολῆς
1684 1000 1727 1032 10

197 1059 509 1115 ἀναχωροῦντος
532 1060 605 1099 τοῦ
629 1056 857 1110 βασιλέως,
891 1055 949 1111 μὴ
974 1058 1040 1098 καὶ
1063 1058 1118 1106 εἷς
1145 1058 1332 1099 κίνδυνον
1358 1057 1526 1112 γε’νοιτο.
1598 1057 1671 1099 τὸν

198 1128 246 1171 δέ
267 1145 310 1183 γε
334 1124 511 1169 σουλτὰν
536 1123 819 1181 συμπεριάγων
845 1125 958 1183 αὐτῷ
981 1124 1066 1167 «σὺν
1098 1123 1362 1182 προσηκούσῃ
1385 1130 1482 1182 τιμῇ
1507 1125 1582 1181 τὴν
1606 1126 1670 1167 ἐπὶ

198 1203 284 1246 τοῖς
317 1195 468 1237 ἐκείνου
504 1195 738 1246 συνεσκίαζε
767 1196 938 1249 πρᾶξιν,
975 1192 1026 1247 ἣν
1053 1198 1111 1251 τῷ
1132 1195 1205 1248 μὲν
1225 1196 1382 1246 δοκεῖν,
1417 1193 1471 1244 ὡς
1495 1194 1665 1250 εἴρηται,

197 1264 301 1321 ὑπὲρ
326 1262 553 1319 ἀσφαλείας
583 1263 741 1305 ἐκείνων
764 1262 1039 1318 προσέταττε,
1078 1266 1129 1319 τῇ
1155 1262 1196 1305 δ’
1230 1262 1407 1322 ἀληθεία
1429 1262 1486 1305 δι’
1510 1264 1669 1305 ἐκείνων

196 1334 243 1377 τὸ
281 1331 465 1389 ἀσφαλὲς
503 1328 679 1385 ἐχόντων
718 1330 765 1374 τὸ
805 1331 846 1373 ἓν
879 1329 1061 1387 ἀσφαλεῖ
1081 1331 1152 1374 τὸν
1183 1331 1361 1374 σουλτὰν
1391 1329 1490 1373 εἶναι
1518 1333 1584 1373 καὶ
1609 1330 1668 1386 μὴ
1682 1343 1724 1378 15
1762 1348 1764 1351 ·

148 1419 181 1454 Ε
203 1399 495 1456 συνισχημένον
527 1396 923 1456 πραγματευόμενος.
992 1397 1356 1456 προκατελάμβανε
1379 1400 1456 1456 γὰρ
1477 1399 1550 1454 τὴν
1569 1399 1672 1457 πρὸς

195 1471 267 1515 τὸν
285 1474 367 1514 τῶν
394 1465 596 1525 Τοχάρων
615 1467 798 1526 ἄρχοντα
820 1468 998 1511 Χαλαοῦ
1025 1466 1201 1526 εἷρήνην,
1239 1467 1294 1519 ὥς
1315 1467 1670 1526 ἕνευκαιρήσοντος

198 1613 350 1658 assedit,
375 1616 413 1647 et
435 1611 581 1646 minaces
614 1611 690 1658 ipse
720 1622 856 1658 quoque
894 1610 987 1646 circa
1015 1622 1054 1646 se
1086 1612 1239 1657 corporis
1271 1611 1431 1647 custodes
1457 1611 1603 1654 habuit,
1633 1614 1670 1646 et

197 1661 385 1706 insignibus
409 1657 542 1703 imperii
566 1661 753 1703 utebatur,
775 1659 899 1692 rubros
920 1658 1062 1692 induens
1098 1661 1243 1693 calceos.
1291 1659 1376 1692 haec
1398 1662 1512 1692 autem
1535 1657 1671 1692 honoris

198 1707 391 1751 amorisque
423 1705 519 1748 signa
553 1715 622 1737 non
655 1715 743 1739 vane
766 1704 950 1748 ostentari,
985 1705 1047 1738 sed
1071 1716 1114 1738 ex
1137 1716 1218 1738 vere
1241 1715 1417 1758 propenso
1433 1703 1468 1738 in
1493 1704 1603 1748 ipsum
1628 1715 1670 1737 ac

198 1753 331 1787 sincere
354 1752 519 1791 favente,
543 1761 699 1803 quaeque
722 1750 938 1795 polliceretur
959 1750 1199 1804 praestitum,
1221 1749 1442 1804 imperatoris
1454 1750 1565 1784 animo
1588 1760 1670 1795 pro-

199 1798 329 1840 ficisci,
367 1774 536 1849 persuasit
570 1795 636 1840 ipsi
669 1796 806 1830 conscia
830 1797 993 1830 memoria
1023 1807 1160 1837 suorum
1183 1796 1217 1830 in
1239 1797 1331 1830 illum
1360 1796 1575 1837 meritorum,
1583 1806 1668 1850 quo

200 1848 351 1890 tempore
374 1841 559 1895 supplicem
596 1852 670 1875 eum
704 1843 869 1876 benevolo
889 1846 1073 1887 exceperat
1096 1842 1263 1888 hospitio,
1287 1842 1382 1876 cuius
1405 1842 1537 1887 gratiae
1560 1841 1670 1876 vicem
1716 1851 1723 1856 '

198 1895 350 1924 mutuam
382 1901 403 1923 a
430 1899 496 1922 non
527 1887 738 1930 immemore,
770 1891 806 1922 et
834 1889 877 1922 ab
910 1899 950 1922 eo
984 1888 1039 1922 cui
1071 1889 1147 1933 plus
1183 1890 1394 1929 contulerat,
1436 1887 1471 1921 id
1503 1887 1671 1921 modicum

200 1947 268 1981 quo
290 1947 378 1969 nunc
409 1937 528 1979 egeret
560 1939 778 1978 accepturum
808 1934 908 1988 plane
938 1933 1142 1968 confidebat.
1190 1939 1266 1968 erat
1297 1939 1409 1968 autem
1433 1945 1475 1967 ea
1492 1944 1577 1988 spes
1601 1944 1669 1967 non

199 1992 446 2034 usquequaque
466 1983 562 2014 certa
583 1980 810 2033 fundataque,
834 1979 955 2014 iudicio
979 1991 1094 2014 eorum
1119 1979 1178 2025 qui
1198 1991 1265 2014 non
1288 1981 1470 2014 haerentes
1490 1979 1526 2013 in
1546 1990 1670 2034 super-

200 2027 334 2061 ficiaria
356 2026 470 2071 specie
491 2037 547 2060 res
571 2025 704 2071 penitus
740 2027 833 2071 ipsas
861 2026 1127 2070 introspicerem.
1162 2037 1204 2060 ac
1236 2026 1455 2080 profundiore
1487 2025 1670 2080 prudentia

200 2073 441 2108 examinarent.
488 2076 659 2106 caeterum
689 2076 770 2106 tunc
793 2071 927 2117 quidem
963 2072 1150 2117 imperator
1184 2071 1219 2106 in
1252 2071 1462 2106 occasionem
1495 2072 1670 2105 imminens

200 2119 359 2153 familiam
392 2118 568 2159 Snltanis,
604 2118 803 2161 praesertim
835 2128 959 2152 uxores
988 2129 1029 2152 ac
1052 2118 1197 2157 liberos,
1224 2118 1389 2152 Nicaeam
1411 2117 1529 2156 misit,
1566 2129 1669 2163 prae-

201 2169 300 2200 textu
332 2164 522 2218 plausibili
534 2164 748 2198 necessariae
779 2163 995 2206 securitatis,
1025 2168 1066 2198 ut
1090 2164 1125 2197 in
1158 2168 1233 2197 tuto
1257 2163 1307 2197 ibi
1336 2168 1558 2197 servarentur
1583 2175 1670 2197 neve

201 2211 401 2256 cuiusquam
422 2210 567 2244 iniuriae
589 2214 745 2253 paterent
766 2210 801 2244 in
824 2211 896 2244 loco
917 2210 1026 2244 minus
1049 2210 1174 2244 munito
1196 2209 1364 2255 depositi,
1388 2214 1449 2244 aut
1471 2209 1669 2244 militantem

201 2257 440 2301 imperatorem
464 2268 537 2290 cum
561 2256 703 2291 Sultane
725 2262 938 2291 assectantes
963 2256 1121 2290 itinerum
1143 2256 1275 2290 insueto
1298 2256 1416 2290 labore
1439 2255 1573 2301 parvuli
1595 2267 1670 2290 mu-

202 2303 373 2347 lieresque
396 2306 621 2344 vexarentur,
644 2314 761 2337 rursus
783 2315 826 2337 ne
849 2302 880 2336 si
902 2302 1175 2356 relinquerentur
1198 2303 1233 2335 in
1256 2303 1342 2336 urbe
1368 2302 1536 2336 Orientali
1559 2302 1668 2346 magis

204 2349 340 2383 admota
364 2347 482 2390 limiti,
516 2360 591 2382 cum
625 2349 668 2383 ab
703 2361 744 2384 ea
774 2349 987 2393 contingeret
1020 2348 1263 2402 imperatorem
1295 2348 1544 2402 expeditionum
1569 2359 1669 2382 occa-

204 2394 299 2429 sione
321 2394 468 2436 distare,
503 2406 569 2428 non
592 2395 677 2428 satis
700 2395 820 2430 remoti
842 2398 956 2429 essent
985 2395 1029 2429 ab
1053 2394 1141 2429 omni
1164 2393 1354 2428 discrimine
1377 2395 1467 2440 quod
1492 2393 1603 2428 inde
1592 2405 1669 2428 lure

203 2441 391 2475 timeretur.
438 2452 542 2484 porro
579 2440 753 2476 Sultanem
787 2441 894 2495 ipsum
929 2441 1183 2475 circumducens
1212 2452 1327 2475 secum
1350 2451 1561 2495 quocumque
1587 2439 1668 2482 iret,

205 2498 247 2520 ae
266 2485 446 2531 exquisitis
470 2486 594 2531 ubique
617 2498 750 2532 semper
773 2487 926 2522 afficiens
948 2487 1156 2530 honoribus,
1190 2486 1258 2520 ista
1280 2479 1524 2521 familiaritatis
1546 2497 1588 2520 ac
1609 2497 1669 2519 re-

204 2534 378 2567 verentiae
401 2532 518 2577 specie
539 2531 574 2565 id
598 2534 869 2579 consequebatur
890 2533 1101 2588 imperator,
1134 2538 1175 2567 ut
1208 2533 1267 2566 ille
1299 2532 1381 2566 nibil
1402 2532 1537 2567 sinistri
1558 2532 1668 2566 latere

205 2579 440 2632 suspicaretur
461 2578 496 2612 in
518 2578 576 2612 illa
598 2578 744 2613 filiorum
768 2582 804 2614 et
825 2590 967 2614 uxorum
989 2579 1062 2613 eius
1085 2578 1269 2614 Nicaeensi
1291 2578 1467 2621 custodia;
1502 2577 1601 2624 quasi
1630 2577 1668 2612 in

206 2623 345 2658 solum*
335 2623 442 2669 ipsius
466 2624 672 2658 commodum
696 2631 732 2660 et
754 2626 970 2660 securitatem
996 2627 1068 2660 eius
1089 2625 1239 2660 familiae
1271 2625 1422 2659 decreta.
1465 2635 1590 2659 revera
1612 2627 1669 2657 ta-

207 2681 284 2704 men
313 2670 406 2704 aliud
436 2671 618 2715 spectabat
646 2675 780 2706 astutus
812 2671 994 2726 princeps,
1026 2671 1082 2706 cui
1105 2675 1180 2705 erat
1210 2670 1416 2717 propositum
1439 2668 1668 2704 custodiendis

209 2722 305 2750 certo
328 2715 395 2750 sibi
417 2719 453 2749 et
481 2718 556 2750 tuto
581 2716 656 2750 loco
685 2722 755 2752 tam
787 2717 876 2751 caris
906 2718 1041 2752 Sultani
1072 2717 1240 2762 capitibus
1269 2716 1444 2763 Sul'tanem
1474 2715 1582 2761 ipsum
1615 2718 1668 2749 tot

208 2761 387 2806 pignorum
409 2761 552 2796 caritate
573 2762 672 2808 quasi
693 2762 914 2798 constrictum
935 2764 1026 2808 apud
1042 2775 1079 2798 se
1102 2763 1269 2804 retinere,
1290 2773 1334 2796 ne
1360 2773 1427 2807 quo
1449 2762 1561 2796 subito
1578 2762 1669 2795 sorte

208 2811 310 2852 capto
333 2809 436 2852 fugae
458 2807 597 2842 consilio
628 2809 817 2844 recederet.
861 2821 929 2854 quo
956 2810 1014 2843 ille
1043 2809 1198 2844 faciendo
1230 2808 1467 2842 demerebatur
1489 2807 1668 2842 Tocharo-

207 2864 282 2886 rum
305 2853 490 2907 principem
515 2854 693 2898 Chalaum‚
713 2855 847 2900 quicum
871 2855 974 2890 certis
995 2855 1063 2889 iam
1086 2853 1334 2908 condition-ibus
1357 2854 1401 2887 de
1422 2865 1511 2898 pace
1532 2857 1668 2890 transe-

206 2903 324 2942 gerat.
348 2899 402 2934 hic
420 2899 510 2934 enim
532 2900 674 2936 Sultane
703 2901 824 2946 procul
857 2901 939 2936 alibi
973 2901 1132 2944 detento,
1162 2906 1199 2935 et
1228 2899 1303 2935 eius
1325 2899 1369 2934 ob
1393 2899 1567 2935 absentiae
1590 2898 1667 2932 diu-
