1884 3262
242 161 269 206 3
280 161 339 205 12
655 157 893 202 GEORGII
937 158 1291 203 PACHYMERIS
1755 154 1761 185 ³

239 292 322 318 των
339 307 351 327 ,
390 273 456 315 καὶ
476 274 558 314 τῶν
579 270 706 328 πέραν
728 268 893 314 πάντων
911 271 1021 313 λείαν
1042 268 1264 328 γεγονότων
1283 271 1331 315 οὗ
1351 275 1517 316 Μυσῶν
1539 269 1646 315 ἀλλά
1666 289 1708 329 γε

241 345 430 397 Περσῶν.
499 335 608 394 μόνα
629 340 674 382 δὲ
704 339 756 383 τὰ
785 339 888 395 πρὸς
910 337 1133 383 θάλασσαν
1162 337 1341 396 φρούρια
1363 342 1708 398 κατελείφθησαν,

191 415 222 450 Ε
249 410 299 453 τὰ
321 410 414 464 περί
429 424 472 450 τε
492 410 702 464 Κρῶμναν
723 407 1029 463 καὶἌμαστριν
1047 410 1114 451 καὶ
1135 412 1236 451 Τῖον
1260 410 1327 451 καὶ
1342 407 1599 464 εΗροὶκλειαν,
1636 407 1708 452 τό-

240 496 327 521 πων
361 474 545 531 ὀνόματα
569 473 678 532 μόνα
704 474 910 530 onigona·
957 477 983 519 ἃ
1015 476 1066 532 δὴ
1096 478 1130 520 εἲ
1153 476 1211 532 μὴ
1244 481 1295 534 τῇ
1333 475 1529 535 θαλάσσῃ
1557 494 1708 534 προσε-

238 551 422 602 χρῶντο,
470 546 537 588 καὶ
573 550 730 599 ταῦτα,
778 549 861 588 τῶν
898 549 1045 602 χωρῶν
1076 546 1356 600 κατεχομένων
1394 552 1479 595 τοῖς
1507 548 1742 603 Πέρσαις,5

239 613 367 657 πάλαι
389 612 440 656 ἂν
469 620 562 663 ταῖς
585 613 743 670 χώραις
764 616 831 657 καὶ
862 612 967 656 abu}
996 612 1302 657 συναπώλοντο.
1370 611 1414 656 (ἐν
1433 614 1478 656 δὲ
1499 614 1545 657 τὸ
1566 631 1710 658 συντε-

239 683 360 726 λέσαν
387 686 437 740 τῇ
462 680 619 726 τούτων
639 684 819 743 ἀπωλείᾳ
843 684 909 725 καὶ
943 686 1026 726 τῶν
1052 682 1192 725 ἄλλων
1210 683 1427 741 μέγιστον,
1465 680 1523 732 ὥς
1542 682 1667 741 αὐτὸς
1687 681 1709 726 ὅ

238 750 431 806 βασιλεὺς
449 749 620 808 ὕστερον
641 751 770 808 ἔλεγεν
779 784 792 805 ,
830 749 896 794 ὅτε
915 750 1062 808 μικρὸν
1081 751 1160 808 πρὸ
1181 749 1370 794 θανάτου
1389 755 1532 794 πατῶν
1549 751 1620 794 τὸν
1638 749 1711 794 τό-

240 838 317 863 πον
338 817 446 876 ἒῶρα
465 820 541 863 σῦν
563 819 637 864 οὐκ
670 820 792 879 ὀλίγῳ
812 821 879 862 καὶ
901 824 1033 862 ταῦτα
1054 824 1220 878 στρατῷ
1234 853 1248 873 ,
1285 821 1352 862 καὶ
1372 820 1422 863 τὰ
1445 824 1614 863 πλεῖστα
1634 837 1710 862 κα-

240 890 476 948 τῳκτίζετο,
513 886 540 943 ἦ
566 893 647 932 τῶν
675 888 945 943 πεμπομένων
976 889 1100 931 ἐκεῖσε
1128 891 1359 943 ταξιαρχῶν
1389 886 1632 944 γλισχρότης
1668 905 1710 931 τε
1725 898 1768 932 10

97 972 123 1006 Ρ
148 970 213 1004 211
239 959 306 1001 καὶ
324 958 520 1014 φειδωλία
541 959 608 1000 καὶ
641 955 665 1012 ἦ
692 958 756 1000 ἐπὶ
788 961 845 1015 τῷ
879 955 1102 1011 λαμβάνειν
1135 957 1297 1012 σπουδὴ
1333 957 1380 1000 οὗ
1409 956 1711 1014 περιοριζομὲνη

237 1026 375 1085 μέτρῳ
404 1027 471 1068 καὶ
490 1022 600 1085 κόρῳ
611 1058 624 1078 ,
660 1027 728 1069 καὶ
759 1023 785 1081 ἦ
817 1026 970 1068 ἐκεῖθεν
992 1025 1095 1081 πρὸς
1115 1026 1187 1069 τὸν
1209 1030 1442 1082 κρατοῦντα
1461 1027 1712 1082 ψευδολογία

237 1095 366 1151 μηδὲν
387 1092 708 1150 ἔκστρατεῦοντα
721 1126 734 1147 ,
775 1091 830 1143 ὥς
856 1092 1056 1149 ὄλίγιστόν
1084 1112 1122 1137 τι
1142 1092 1327 1137 ἀπώλετο
1338 1127 1352 1147 ,
1384 1092 1438 1144 ὥς
1471 1095 1532 1136 ἐπὶ
1552 1100 1713 1151 μικροΐς

237 1162 445 1222 ἡιζημία,
485 1160 540 1212 ὥς
569 1162 616 1206 τὸ
643 1167 726 1206 πᾶν
755 1162 818 1204 ἐπὶ
846 1163 1081 1218 κεφαλαίοις
1107 1164 1273 1205 ἵσταται
1302 1164 1370 1205 καὶ
1407 1162 1452 1205 τὸ
1484 1162 1712 1219 ἀφαιρεθέν

239 1234 424 1286 σπουδῆς
445 1230 585 1287 ὀλίγης
604 1230 928 1282 ἀνακαλεΐσθαι,
964 1232 1031 1272 καὶ
1064 1226 1195 1295 τᾶλλα
1230 1228 1291 1281 οἷς
1320 1230 1500 1286 συνεχέσι
1525 1232 1713 1286 ποτίμοις
1725 1243 1769 1278 15

238 1302 311 1355 μὲν
332 1304 390 1357 τῷ
414 1299 648 1358 φαινομένῳ
667 1297 864 1355 ἁλμυροῖς
883 1299 927 1340 δὲ
952 1303 1004 1356 τῇ
1039 1298 1216 1360 ἀληθείᾳ
1247 1300 1322 1349 τὰς
1350 1299 1565 1354 βασιλικὰς
1587 1299 1714 1350 ἀκοὰς

191 1387 219 1421 B
244 1366 509 1425 περιήντλουν
543 1369 610 1411 καὶ
643 1364 868 1426 γράφοντές
900 1383 942 1410 τε
983 1369 1050 1420 καὶ
1079 1365 1409 1424 ὁιαμηνυόμενοι.
1478 1367 1526 1412 τὸ
1562 1368 1607 1411 δὲ
1640 1372 1715 1423 τῆς

242 1557 530 1604 ulterioribusque
552 1558 654 1604 plane
678 1558 810 1594 cunctis
833 1558 869 1594 in
892 1558 1053 1605 praedam
1076 1569 1142 1593 non
1160 1557 1336 1604 Mysorum
1355 1557 1416 1593 sed
1439 1559 1618 1593 Persarum
1635 1568 1716 1592 con-

242 1604 389 1638 donatis.
436 1605 624 1639 maritimae
648 1612 779 1640 tantum
802 1616 899 1639 arces
935 1611 1091 1640 retentae
1119 1611 1291 1651 utcunque
1318 1612 1399 1639 sunt
1420 1606 1513 1639 circa
1537 1604 1716 1638 Cromnam

242 1656 279 1682 et
304 1650 474 1684 Amastrin
499 1655 535 1684 et
557 1652 660 1685 Tium
685 1657 721 1687 et
747 1651 961 1695 Heracleam,
985 1652 1058 1686 sola
1079 1651 1226 1685 locorum
1250 1651 1385 1686 nomina
1407 1656 1603 1692 servantes;
1627 1662 1717 1696 quae

242 1695 306 1729 nisi
329 1699 485 1740 prompto
508 1697 609 1731 maris
637 1698 680 1731 ad
717 1698 846 1732 auxilia
870 1703 1061 1744 opportune
1089 1697 1287 1742 accipienda
1310 1697 1508 1732 commercio
1529 1700 1717 1737 uterentur,

242 1741 368 1775 dudum
403 1742 519 1787 utique
550 1744 720 1778 fortunam
754 1744 894 1778 eandem
926 1744 1058 1778 urbium
1084 1754 1124 1777 ac
1156 1744 1304 1777 locorum
1327 1744 1450 1789 quibus
1473 1743 1634 1777 adiacent
1656 1753 1718 1777 ex-

243 1787 465 1832 perirentur,
491 1799 634 1834 cumque
657 1789 733 1823 istis
756 1790 876 1823 ditioni
900 1790 1063 1824 Persicae
1086 1788 1229 1823 adiectis
1258 1789 1408 1824 Romano
1433 1789 1572 1834 imperio
1595 1788 1720 1833 periis-

243 1835 332 1867 sent.
379 1833 473 1878 qnod
497 1839 610 1869 autem
634 1834 668 1869 in
692 1835 830 1869 exitium
853 1836 972 1870 harum
995 1834 1241 1880 provinciarum
1258 1840 1475 1880 cooperatum
1494 1836 1552 1868 vel
1576 1834 1718 1868 maxime

243 1882 319 1919 est,
343 1878 407 1913 hoc
430 1879 516 1922 fuit,
539 1885 643 1925 prout
665 1880 742 1926 ipse
765 1892 843 1915 sero
867 1892 1055 1926 agnoscens
1078 1883 1254 1915 confessus
1277 1881 1459 1926 imperator
1481 1885 1555 1922 est,
1580 1880 1716 1925 quando

244 1924 345 1970 paulo
371 1928 452 1959 ante
476 1930 618 1960 mortem
641 1938 682 1960 ea
705 1928 781 1960 loca
805 1938 880 1961 cum
913 1927 1065 1961 exercitu
1090 1938 1155 1960 non
1185 1926 1316 1960 modico
1339 1926 1576 1972 perambulans
1607 1925 1716 1960 oculis

243 1970 356 2004 onmia
379 1971 536 2006 fidelibus
559 1971 704 2006 subiecit
727 1977 763 2006 et
786 1972 878 2007 clare
909 1977 1092 2019 perspecta
1120 1972 1301 2006 miseratus
1325 1972 1503 2018 plurimum
1537 1977 1590 2006 est.
1613 1983 1718 2017 prae-

241 2017 408 2050 fectorum
433 2017 493 2062 qui
515 2018 594 2052 illuc
617 2017 839 2052 mittebantur
862 2019 1028 2053 tenacitas
1052 2023 1090 2052 et
1123 2030 1228 2052 avara
1251 2018 1456 2064 parsimonia
1479 2030 1554 2052 cum
1581 2017 1721 2052 ardenti

241 2061 404 2096 immensa
434 2062 633 2108 inexplebili
664 2064 813 2109 undique
843 2064 1003 2110 capiendi
1033 2076 1076 2099 ac
1106 2064 1309 2109 congerendi
1338 2064 1504 2099 aviditate
1527 2063 1716 2099 coniuncta.

243 2108 366 2153 quibus
400 2109 587 2144 accedebat
619 2109 767 2144 indidem
798 2113 881 2145 nata
911 2110 1152 2145 circumventio
1177 2110 1342 2156 principis
1366 2110 1631 2144 mendacissimis
1654 2109 1718 2144 de-

244 2154 335 2198 cepti
371 2155 591 2190 relationibus
632 2156 888 2191 vaserrimorum
921 2156 1111 2201 hominum,
1150 2157 1209 2202 qui
1243 2156 1386 2202 privatis
1423 2156 1494 2191 suis
1527 2156 1718 2191 rationibus

242 2199 395 2244 pernicie
419 2201 554 2245 publica
578 2213 643 2236 non
667 2201 862 2237 dubitantes
884 2205 1080 2245 consulere,
1113 2202 1356 2248 imperatorem
1379 2203 1423 2237 ab
1445 2202 1662 2247 expeditione
1683 2202 1719 2236 in

243 2256 304 2279 eas
331 2252 471 2289 partes,
506 2251 545 2281 ut
568 2251 644 2282 erat
667 2259 827 2291 necesse,
859 2249 1096 2294 suscipienda,
1119 2249 1343 2294 deprehendi,
1388 2249 1418 2284 si
1440 2259 1497 2282 res
1519 2259 1633 2282 coram
1656 2259 1719 2294 pa·-

242 2296 375 2333 terent,
408 2297 444 2326 et
475 2294 611 2328 multari
643 2297 853 2337 metuentes,
887 2295 1108 2337 avertebant,
1143 2296 1307 2329 elevando
1331 2294 1545 2330 fallacissime
1566 2294 1720 2329 iacturas

243 2337 378 2378 factas,
402 2342 439 2372 et
462 2343 501 2373 ut
524 2350 680 2384 quaeque
703 2351 801 2374 arces
826 2344 886 2376 aut
907 2338 1156 2386 urbesfflEptae
1178 2353 1199 2376 a
1222 2341 1338 2376 Persis
1361 2346 1472 2384 erant,
1494 2340 1661 2375 minimum
1683 2339 1720 2375 id

244 2382 405 2436 quiddam
441 2388 476 2417 et
507 2386 667 2420 momenti
698 2386 821 2420 nullius
855 2398 930 2421 esse
963 2387 1127 2422 dicendo:
1165 2389 1278 2433 capita
1310 2387 1399 2421 enim
1428 2387 1507 2433 ipsa
1538 2398 1651 2421 rerum
1682 2390 1720 2421 et

247 2439 348 2473 qua-si
374 2430 486 2463 claves
508 2431 625 2467 limitis
649 2432 759 2466 adhuc
781 2433 905 2478 teneri,
927 2434 1056 2468 minuta
1076 2433 1143 2468 ista
1165 2446 1254 2468 nunc
1278 2434 1394 2468 ablata
1416 2433 1549 2479 quoties
1569 2434 1720 2467 volemus

189 2499 191 2506 s
248 2474 371 2518 exiguo
409 2479 534 2509 conatu
557 2479 800 2522 recuperanda.
847 2479 1012 2513 eiusmodi
1042 2480 1235 2514 vanissimis
1267 2479 1463 2514 commentis
1493 2482 1562 2513 tum
1589 2478 1718 2524 scripto

247 2520 369 2573 procul
400 2521 531 2563 missis,
566 2527 636 2556 tum
668 2535 754 2557 voce
786 2536 898 2559 coram
933 2525 1131 2568 inculcatis,
1162 2526 1324 2560 lactatum
1358 2525 1553 2571 imperantis
1575 2523 1719 2558 animum

246 2565 431 2601 indormire
463 2566 561 2601 malis
592 2568 692 2603 facile
722 2569 822 2604 initio
857 2571 1066 2607 curabilibus
1098 2573 1286 2616 cogebant,
1319 2572 1401 2606 nibil
1424 2572 1518 2616 pensi
1541 2571 1720 2612 habentes,

246 2611 327 2645 dum
361 2624 417 2647 res
441 2618 584 2657 agerent
607 2626 705 2653 suas,
729 2616 881 2650 insidiari
904 2617 1051 2652 credulis
1072 2617 1261 2663 principum
1285 2618 1443 2659 auribus,
1477 2620 1512 2650 et
1535 2616 1585 2650 eis
1607 2616 1720 2650 infun-

246 2657 330 2690 ‹lere
355 2658 454 2704 quasi
477 2659 583 2704 plenis
606 2660 736 2705 poculis
760 2662 912 2696 exitialia
933 2663 1069 2708 quidem
1092 2675 1242 2708 venena,
1274 2664 1334 2698 sed
1349 2668 1431 2698 ‘arte
1453 2661 1648 2696 assentandi
1671 2661 1721 2696 sic

201 2749 204 2754 Ι
248 2704 357 2738 diluta
392 2705 597 2751 conditaque
631 2710 671 2739 ut
701 2707 794 2741 virus
828 2719 1019 2743 eorumnon
1051 2711 1247 2744 sentiretur.
1293 2721 1393 2755 porro
1415 2709 1538 2752 istam,
1570 2709 1614 2742 de
1651 2719 1720 2753 qua

242 2748 336 2790 dixi,
359 2761 470 2785 seram
493 2751 640 2796 perditis
672 2754 775 2799 rebus
797 2753 830 2787 in
858 2753 924 2788 ista
954 2754 1028 2788 loca
1053 2756 1300 2801 expeditionem
1323 2754 1539 2800 imperatoris
1569 2754 1643 2800 ipse
1666 2755 1721 2788 fa-

244 2795 382 2829 tebatur
407 2808 428 2831 a
452 2808 490 2831 se
515 2802 607 2832 metu
635 2802 841 2845 erumpentis
863 2799 931 2835 iam
946 2801 980 2834 in
998 2807 1150 2846 apertam
1166 2802 1350 2849 perniciem
1369 2800 1533 2836 ecclesiae
1556 2800 1721 2835 schisma-
