1884 3262
276 181 376 232 624
670 171 992 224 OBSERVAT.
1025 179 1340 227 PACHYMER.

275 292 357 346 poli
376 289 556 339 Latinos,
585 293 626 327 et
647 287 751 327 libro
769 287 912 327 harum
934 287 1098 327 Observ.
1121 290 1148 331 3
1178 287 1485 328 demonstraturi
1516 289 1636 327 simus
1664 300 1735 330 re-

276 354 429 400 ceptam
447 358 468 383 e
488 345 635 383 Latinis
654 345 795 383 urbem
810 356 1060 396 recuperasse
1081 345 1251 383 Graecos
1269 351 1359 382 octo
1388 349 1427 382 et
1451 345 1735 396 quinquagInta

272 404 386 442 annis
404 407 614 466 postquam
637 402 858 451 amiserant,
888 401 1001 439 facile
1018 401 1152 452 potuit
1171 401 1279 439 nasci
1296 401 1458 438 Nicaeae
1477 401 1734 452 Pachymeres

271 459 378 512 patri
395 458 743 509 quinquagenario,
775 458 843 509 qui
863 470 988 508 usque
1017 457 1068 494 ad
1096 470 1243 495 annum
1262 456 1398 494 aetatis
1415 456 1703 496 undecimum
1690 470 1735 495 m

271 522 438 568 paterna
457 515 574 553 domo
599 514 939 566 Constantinopoli
960 513 1151 552 educatus
1174 513 1224 551 ob
1252 526 1411 551 exosam
1433 513 1660 552 Latinorum
1679 513 1736 551 ibi

274 570 581 611 dominationem
614 571 794 609 Nicaeam
822 570 1063 621 migraverit.
1119 570 1247 608 tradit
1273 570 1376 607 enim
1409 568 1634 620 Acropolita
1659 569 1735 608 Hi-

272 629 417 667 storiae
437 640 531 665 suae
551 641 583 666 c.
605 631 630 669 6
659 628 818 665 Latinos
845 626 945 665 urbe
976 632 1091 678 capta
1119 626 1283 664 liberam
1311 626 1470 664 Graecis
1502 625 1652 664 dedisse
1673 626 1736 664 sa-

275 686 463 724 cultatem
484 683 547 723 vel
578 683 634 722 ibi
662 683 848 722 manendi·
873 683 940 722 vel
966 683 1041 721 alio
1067 683 1280 734 migrandi·
1306 685 1379 734 τῆς
1406 680 1555 730 πόλεως
1573 678 1736 750 κυριεύ-

276 754 415 789 σαντες
435 741 477 782 οῑ
493 737 630 781 Ἰταλοὶ
652 738 792 781 αδειαν
810 737 1006 780 δεδωκασι
1023 744 1106 787 τοῖς
1123 754 1271 807 ταυτης
1298 735 1524 808 οἰκήτορσι,
1554 753 1647 784 τους
1667 737 1738 779 θέ-

275 801 418 846 λοντας
436 796 569 865 μένειν
592 811 633 837 τε
659 796 728 837 καὶ
756 793 845 837 ὕπὸ
862 799 995 850 χεῖρας
1020 793 1123 836 εἶναι
1153 791 1308 842 αὐτων,
1343 792 1437 842 τούς
1464 790 1506 834 δ’
1526 789 1738 844 ακωλύτως

273 849 517 906 ἀπέρχεσθαι
533 849 612 904 όπη
635 849 687 894 ἂν
719 848 942 905 βούλοιντο.
997 865 1093 890 mox
1119 851 1230 889 addit
1257 852 1462 903 plexosque
1478 850 1739 888 illustiiorum

275 911 377 949 clam
407 915 475 948 aut
511 909 639 961 palam
672 909 833 958 abiisse,
879 920 1050 960 quorum
1085 921 1106 946 e
1141 920 1306 946 numeio
1341 907 1459 946 fuisse
1489 905 1738 958 Pachymeris

274 972 428 1020 patrem
450 965 663 1005 verisimile
681 971 750 1007 est.

390 1035 430 1062 v.
459 1025 497 1064 3.
555 1022 657 1059 clero
695 1021 937 1072 adscriptus.
992 1020 1034 1058 in
1072 1020 1221 1063 Graeco
1251 1018 1396 1070 legitur
1428 1017 1536 1069 apud
1568 1016 1736 1070 optimos

284 1078 402 1117 codd.
432 1079 520 1116 Bet
549 1077 583 1115 A
611 1077 712 1131 θείῳ
749 1077 896 1124 σωθεὶς
934 1073 1087 1129 κλήρῳ,
1122 1081 1242 1127 prout
1269 1074 1539 1126 expressimus.
1596 1085 1738 1124 nempe

279 1133 501 1183 σώζεσθαι
511 1134 722 1185 aliquando
750 1140 809 1172 est
832 1132 1024 1184 appellere
1047 1138 1118 1169 aut
1142 1131 1360 1200 pervenire
1419 1130 1591 1167 Codinus
1619 1143 1651 1167 c.
1680 1132 1736 1170 22

279 1191 328 1230 ‹le
349 1204 490 1242 sponsa
507 1190 774 1241 impeiatoris:
803 1187 902 1230 κατοὶ
931 1203 1005 1240 την
1031 1187 1185 1240 ’ἡμέραν
1205 1183 1306 1227 καθ’
1338 1184 1392 1238 ’ἣν
1424 1186 1553 1238 μέλλει
1580 1180 1738 1225 ‹inesw-

278 1250 410 1311 θῆναι
433 1247 488 1293 εἰς
511 1262 585 1298 την
602 1242 729 1286 πόλιν.
787 1259 863 1297 quo
885 1243 950 1281 die
963 1251 1209 1294 perventura
1235 1245 1279 1280 in
1301 1244 1437 1279 urbem
1452 1250 1522 1280 est.
1578 1241 1738 1279 Vatica-

276 1308 351 1341 nus
374 1305 451 1340 iam
470 1302 596 1340 hinc
584 1302 773 1354 incipiens
793 1300 1021 1339 obscuriora
1037 1299 1267 1338 clarioribus
1291 1304 1447 1336 mutare
1471 1297 1573 1352 θείω
1603 1292 1736 1352 κλήρῳ

275 1359 416 1407 δοθεις
435 1358 579 1410 posuit.

385 1429 424 1467 p.
450 1418 500 1456 12
523 1428 562 1457 v
592 1415 631 1455 8.
689 1419 736 1450 ut
767 1411 912 1451 doctus
939 1410 1112 1464 quidam
1142 1412 1330 1449 asseruit.
1387 1415 1551 1462 apparet
1582 1421 1634 1446 ex
1661 1401 1737 1448 illis

131 1473 162 1509 P
185 1471 252 1509 435
276 1471 406 1511 verbis
427 1468 493 1511 διὰ
512 1469 554 1512 τὸ
580 1468 757 1520 φανέντα
784 1464 1035 1534 κρυπτεσθαι
1061 1474 1136 1507 etc.
1195 1468 1356 1506 doctum
1376 1466 1484 1505 hunc
1504 1465 1739 1518 Sophoclem

274 1541 381 1575 esse,
410 1527 522 1566 cuius
551 1526 595 1565 in
623 1525 740 1564 Aiace
767 1521 1042 1580 μαστιγοφὸρω
1073 1524 1141 1563 illa
1172 1530 1283 1563 extat
1307 1523 1469 1562 celebris
1491 1522 1540 1561 de
1559 1529 1738 1574 tempore

278 1584 491 1624 sententia:

496 1634 654 1680 απανθ’
686 1637 707 1680 ὁ
735 1634 884 1691 μακρὸς
911 1633 1229 1704 καναρίθμητος
1240 1631 1386 1689 χρόνος

496 1692 595 1747 φύει
621 1691 661 1736 τ’
690 1691 819 1747 αδηλα
851 1692 921 1734 καὶ
949 1693 1126 1744 φανέντα
1153 1689 1376 1745 κρύπτεται

390 1763 430 1804 Ρ
456 1751 508 1793 14
536 1765 575 1791 v.
601 1751 643 1793 4
704 1750 821 1789 istud
846 1756 1131 1802 argumentum
1159 1754 1503 1800 praeoccupatum
1537 1746 1589 1784 ab
1627 1745 1738 1784 aliis·

278 1808 408 1848 videri
434 1814 564 1859 potest
589 1808 754 1845 innuere
772 1807 948 1845 Nicetam
969 1805 1219 1854 Choniatem,
1249 1806 1317 1855 qui
1346 1811 1386 1842 et
1403 1803 1511 1842 urbis
1531 1814 1738 1853 expugna-—

279 1865 427 1902 tionem
443 1878 466 1901 a
486 1864 633 1902 Latinis
654 1870 693 1901 et
708 1876 770 1901 res
793 1862 942 1912 aliquot
964 1867 1054 1913 post
1077 1874 1162 1898 eam
1183 1872 1399 1909 annorum,
1429 1865 1550 1910 prout
1575 1858 1655 1908 geii
1673 1857 1738 1896 vi-

284 1920 422 1967 debat,
462 1920 629 1971 sciipsit.
693 1919 903 1981 Georgium
931 1917 1090 1967 quidem
1119 1916 1387 1967 Acropolitam
1414 1914 1668 1966 Logothetam
1696 1918 1738 1952 et

283 1949 549 2028 Nicephorum
567 1976 779 2026 Gregoram
798 1987 847 2012 ne
874 1973 988 2011 innui
1016 1972 1092 2010 hoc
1117 1972 1204 2011 loco
1224 1986 1246 2010 a
1264 1972 1502 2023 Pachymere
1518 1977 1657 2022 putem
1673 1969 1737 2015 sti-7

286 2033 358 2080 cit,
397 2031 505 2082 quod
532 2032 723 2082 Gregoras
751 2036 841 2083 post
866 2029 1144 2093 Pachymerem
1172 2029 1347 2084 scripsit:
1387 2027 1613 2079 Acropolita
1638 2018 1736 2065 vero

284 2089 378 2128 licet
401 2089 600 2139 aliquanto
617 2089 745 2126 senior
764 2086 1022 2137 Pachymere,
1052 2085 1185 2124 iunior
1207 2091 1338 2123 tamen
1365 2085 1443 2122 fuit
1470 2097 1587 2134 quam
1606 2087 1654 2120 ut
1671 2094 1736 2120 res

284 2144 485 2183 Theodori
511 2144 686 2182 Lascaris
719 2144 864 2195 plioris
899 2148 1075 2194 spectare
1107 2154 1287 2192 praesens
1323 2141 1518 2193 potuerit,
1561 2152 1655 2190 quas
1685 2150 1738 2176 ex

282 2202 386 2240 sama
409 2206 448 2238 et
473 2200 735 2238 monumentis
761 2199 802 2237 in
834 2199 1038 2237 historiam
1067 2198 1236 2249 digessit.
1291 2197 1369 2236 hoc
1392 2211 1442 2235 ex
1469 2197 1551 2234 eius
1571 2194 1738 2234 historia

284 2257 388 2294 clare
411 2257 609 2298 discimus.
666 2256 801 2296 scribit
816 2255 919 2294 enim
938 2255 1002 2293 ille
1021 2255 1074 2293 ibi
1093 2267 1126 2292 c.
1146 2257 1200 2296 29
1219 2268 1257 2306 p.
1273 2254 1327 2295 25
1346 2254 1407 2293 ed.
1429 2254 1537 2304 Reg.·
1512 2281 1539 2292 ..
1565 2248 1649 2293 τότε
1667 2250 1737 2291 καὶ

288 2309 409 2359 αυτός
429 2328 529 2367 προς
548 2315 632 2353 τῶν
654 2312 804 2366 γονέων
822 2312 864 2354 ἐκ
882 2314 956 2364 τῆς
978 2312 1284 2352 Κωνσταντίνου
1307 2305 1532 2361 ἀπεστάλην
1550 2324 1604 2349 τω
1625 2309 1737 2360 βασι-

284 2372 347 2409 λεῖ
373 2365 649 2421 ἕκκαιδεκατης
675 2366 855 2424 (videtur
883 2367 1091 2418 legendum
1121 2366 1417 2419 ἑκκαιδεκαέτης
1444 2364 1526 2415 ὠν)
1569 2372 1668 2402 tanc
1699 2370 1738 2414 ες

285 2427 368 2476 ipse
388 2425 664 2476 aparentibus·
683 2439 727 2463 ex
741 2425 836 2463 urbe
857 2423 1202 2475 Constantinopoli
1218 2425 1363 2462 missus
1381 2436 1473 2460 sum
1491 2420 1550 2460 ad
1566 2423 1738 2472 impera-

285 2489 425 2518 torem
435 2479 628 2518 sexdecim
655 2494 782 2520 annos
810 2488 942 2520 natm.
1000 2486 1163 2532 apparet
1190 2479 1454 2518 doctissimum
1480 2479 1738 2530 inteipretem

283 2537 417 2587 legisse
439 2536 666 2588 ἓνδεκαέτης
681 2552 753 2590 pro
779 2536 1100 2588 ἓκκαιδεκαέτηςε
1126 2537 1248 2575 vertit
1268 2536 1370 2574 enim
1396 2534 1579 2574 undecim
1608 2545 1737 2570 annos·

285 2600 419 2631 natus.
477 2592 546 2630 sed
564 2594 671 2643 quod
690 2594 801 2632 addit
818 2594 948 2632 statim
979 2598 1117 2632 auctor
1147 2605 1187 2630 se
1209 2592 1415 2646 ἐγκυκλίου
1435 2586 1737 2643 απηλλαγμὲνον

286 2646 530 2697 παιδεύσεως
554 2649 839 2713 perfunctum
828 2664 905 2688 iam
930 2656 1017 2688 tum
1043 2649 1184 2688 studiis
1209 2650 1327 2687 fuisse
1346 2645 1622 2686 humaniorum
1640 2643 1735 2681 lite·-

287 2719 354 2744 iai
358 2719 441 2755 um,
472 2705 610 2756 magis,
641 2705 681 2743 ni
701 2706 1046 2757 sa1101‚congruit
1064 2719 1153 2743 cum
1174 2711 1299 2743 aetate
1318 2717 1511 2743 annorum
1525 2700 1734 2740 sexdecim.

291 2775 432 2812 parum
471 2762 575 2799 enim
605 2765 664 2799 est
698 2762 905 2800 verisimile
935 2763 1204 2802 undecennem
1235 2775 1402 2813 puerum
1431 2758 1735 2811 grammaticam,

292 2816 549 2870 rhetoricam,
576 2817 699 2870 ipsam
718 2816 1026 2875 philosophiam,
1056 2831 1147 2858 cum
1168 2819 1321 2857 artibus
1334 2821 1506 2869 quatuor
1521 2814 1615 2853 huic
1635 2813 1737 2859 sub-3
