<?xml version="1.0" encoding="UTF-8"?>
<!DOCTYPE html PUBLIC "-//W3C//DTD XHTML 1.0 Transitional//EN"
    "http://www.w3.org/TR/xhtml1/DTD/xhtml1-transitional.dtd">
<html xmlns="http://www.w3.org/1999/xhtml" xml:lang="en" lang="en">
 <head>
  <title>
</title>
<meta http-equiv="Content-Type" content="text/html;charset=utf-8" />
  <meta name='ocr-system' content='tesseract 3.04.00' />
  <meta name='ocr-capabilities' content='ocr_page ocr_carea ocr_par ocr_line ocrx_word'/>
</head>
<body>
  <div class='ocr_page' id='page_1' title='image "./corpusscriptorum17niebuoft_0462.png"; bbox 0 0 1884 3262; ppageno 0'>
   <div class='ocr_carea' id='block_1_1' title="bbox 271 196 1301 244">
    <p class='ocr_par' dir='ltr' id='par_1_1' title="bbox 271 196 1301 244">
     <span class='ocr_line' id='line_1_1' title="bbox 271 196 1301 244; baseline -0.001 0"><span class='ocrx_word' id='word_1_1' title='bbox 271 196 372 244; x_wconf 76' lang='lat'><strong>444</strong></span> <span class='ocrx_word' id='word_1_2' title='bbox 689 196 921 239; x_wconf 89' lang='lat' dir='ltr'>GEORGII</span> <span class='ocrx_word' id='word_1_3' title='bbox 955 197 1301 243; x_wconf 86' lang='lat' dir='ltr'><strong>PAGHYMERIS</strong></span> 
     </span>
    </p>
   </div>
   <div class='ocr_carea' id='block_1_2' title="bbox 216 303 1770 1516">
    <p class='ocr_par' dir='ltr' id='par_1_2' title="bbox 269 303 1719 504">
     <span class='ocr_line' id='line_1_2' title="bbox 270 303 1719 365; baseline 0 -12"><span class='ocrx_word' id='word_1_4' title='bbox 270 308 373 353; x_wconf 66' lang='grc' dir='ltr'><strong><em>κατ’</em></strong></span> <span class='ocrx_word' id='word_1_5' title='bbox 397 303 555 363; x_wconf 79' lang='grc' dir='ltr'><strong><em>εἲρῆνην</em></strong></span> <span class='ocrx_word' id='word_1_6' title='bbox 574 309 639 349; x_wconf 75' lang='grc' dir='ltr'><strong>καὶ</strong></span> <span class='ocrx_word' id='word_1_7' title='bbox 659 311 731 349; x_wconf 85' lang='grc' dir='ltr'><strong>τοῦ</strong></span> <span class='ocrx_word' id='word_1_8' title='bbox 749 307 808 362; x_wconf 82' lang='grc' dir='ltr'><strong><em>μὴ</em></strong></span> <span class='ocrx_word' id='word_1_9' title='bbox 824 307 992 361; x_wconf 76' lang='grc' dir='ltr'><strong><em>χέεσθαι</em></strong></span> <span class='ocrx_word' id='word_1_10' title='bbox 1016 309 1226 365; x_wconf 75' lang='grc' dir='ltr'><strong><em>ἐμφυλίοις</em></strong></span> <span class='ocrx_word' id='word_1_11' title='bbox 1254 309 1441 364; x_wconf 72' lang='grc' dir='ltr'><strong><em>πολέμοις</em></strong></span> <span class='ocrx_word' id='word_1_12' title='bbox 1469 313 1623 364; x_wconf 68' lang='grc' dir='ltr'><strong><em>α’ἶματα</em></strong></span> <span class='ocrx_word' id='word_1_13' title='bbox 1642 329 1719 354; x_wconf 45' lang='grc' dir='ltr'><strong>κα*</strong></span> 
     </span>
     <span class='ocr_line' id='line_1_3' title="bbox 269 372 1717 434; baseline 0.001 -15"><span class='ocrx_word' id='word_1_14' title='bbox 269 376 477 429; x_wconf 73' lang='grc' dir='ltr'><strong><em>τεὸἐχετο,</em></strong></span> <span class='ocrx_word' id='word_1_15' title='bbox 516 373 572 424; x_wconf 82' lang='grc' dir='ltr'><strong><em>ὡς</em></strong></span> <span class='ocrx_word' id='word_1_16' title='bbox 587 372 708 430; x_wconf 79' lang='grc' dir='ltr'><strong><em>χάριν</em></strong></span> <span class='ocrx_word' id='word_1_17' title='bbox 727 374 887 427; x_wconf 79' lang='grc' dir='ltr'><strong><em>διδούς,</em></strong></span> <span class='ocrx_word' id='word_1_18' title='bbox 924 375 971 418; x_wconf 82' lang='grc' dir='ltr'><strong>οὗ</strong></span> <span class='ocrx_word' id='word_1_19' title='bbox 1005 374 1240 430; x_wconf 80' lang='grc' dir='ltr'><strong><em>λαμβάνων.</em></strong></span> <span class='ocrx_word' id='word_1_20' title='bbox 1309 375 1438 432; x_wconf 81' lang='grc' dir='ltr'><strong><em>ὅρκων</em></strong></span> <span class='ocrx_word' id='word_1_21' title='bbox 1460 375 1532 421; x_wconf 75' lang='grc' dir='ltr'><strong><em>οὗν</em></strong></span> <span class='ocrx_word' id='word_1_22' title='bbox 1555 379 1717 434; x_wconf 72' lang='grc' dir='ltr'><strong><em>γενομέ-</em></strong></span> 
     </span>
     <span class='ocr_line' id='line_1_4' title="bbox 270 441 1714 504; baseline 0.002 -18"><span class='ocrx_word' id='word_1_23' title='bbox 270 461 356 486; x_wconf 64' lang='grc' dir='ltr'><strong><em>ννων</em></strong></span> <span class='ocrx_word' id='word_1_24' title='bbox 378 445 442 485; x_wconf 82' lang='grc' dir='ltr'><strong>καὶ</strong></span> <span class='ocrx_word' id='word_1_25' title='bbox 463 447 680 498; x_wconf 76' lang='grc' dir='ltr'><strong><em>συνθηκῶν</em></strong></span> <span class='ocrx_word' id='word_1_26' title='bbox 701 444 743 493; x_wconf 75' lang='grc' dir='ltr'><strong>ἐξ</strong></span> <span class='ocrx_word' id='word_1_27' title='bbox 768 441 967 498; x_wconf 70' lang='grc' dir='ltr'><strong><em>ἑκατέρων</em></strong></span> <span class='ocrx_word' id='word_1_28' title='bbox 990 442 1256 500; x_wconf 80' lang='grc' dir='ltr'><strong><em>ὖπανοίγνυσί</em></strong></span> <span class='ocrx_word' id='word_1_29' title='bbox 1278 461 1320 487; x_wconf 81' lang='grc' dir='ltr'><strong>τε</strong></span> <span class='ocrx_word' id='word_1_30' title='bbox 1341 444 1452 504; x_wconf 78' lang='grc' dir='ltr'><strong><em>αὐτῷ</em></strong></span> <span class='ocrx_word' id='word_1_31' title='bbox 1477 448 1550 496; x_wconf 80' lang='grc' dir='ltr'><strong><em>τὰς</em></strong></span> <span class='ocrx_word' id='word_1_32' title='bbox 1571 445 1714 498; x_wconf 82' lang='grc' dir='ltr'><strong><em>πύλας,</em></strong></span> 
     </span>
    </p>

    <p class='ocr_par' dir='ltr' id='par_1_3' title="bbox 227 510 1770 1043">
     <span class='ocr_line' id='line_1_5' title="bbox 227 510 1716 570; baseline 0.004 -20"><span class='ocrx_word' id='word_1_33' title='bbox 227 517 255 550; x_wconf 86' lang='grc' dir='ltr'><strong>Β</strong></span> <span class='ocrx_word' id='word_1_34' title='bbox 277 513 344 553; x_wconf 79' lang='grc' dir='ltr'><strong>καὶ</strong></span> <span class='ocrx_word' id='word_1_35' title='bbox 362 510 474 559; x_wconf 77' lang='grc' dir='ltr'><strong><em>ἐντὸς</em></strong></span> <span class='ocrx_word' id='word_1_36' title='bbox 495 511 687 565; x_wconf 76' lang='grc' dir='ltr'><strong>δεξαμένη</strong></span> <span class='ocrx_word' id='word_1_37' title='bbox 707 515 811 553; x_wconf 74' lang='grc' dir='ltr'><strong><em>τελεῖ</em></strong></span> <span class='ocrx_word' id='word_1_38' title='bbox 830 510 954 567; x_wconf 78' lang='grc' dir='ltr'><strong><em>ἑαυτῇ</em></strong></span> <span class='ocrx_word' id='word_1_39' title='bbox 974 512 1050 555; x_wconf 77' lang='grc' dir='ltr'><strong><em>σῦν</em></strong></span> <span class='ocrx_word' id='word_1_40' title='bbox 1072 513 1205 570; x_wconf 74' lang='grc' dir='ltr'><strong><em>ἐκείνῳ</em></strong></span> <span class='ocrx_word' id='word_1_41' title='bbox 1222 511 1318 561; x_wconf 75' lang='grc' dir='ltr'><strong><em>τούς</em></strong></span> <span class='ocrx_word' id='word_1_42' title='bbox 1345 510 1499 567; x_wconf 68' lang='grc' dir='ltr'><strong><em>γάμους</em></strong></span> <span class='ocrx_word' id='word_1_43' title='bbox 1511 545 1525 565; x_wconf 87' lang='grc'>,</span> <span class='ocrx_word' id='word_1_44' title='bbox 1559 515 1624 556; x_wconf 79' lang='grc' dir='ltr'><strong>καὶ</strong></span> <span class='ocrx_word' id='word_1_45' title='bbox 1642 513 1716 563; x_wconf 77' lang='grc' dir='ltr'><strong><em>τὰς</em></strong></span> 
     </span>
     <span class='ocr_line' id='line_1_6' title="bbox 275 576 1748 636; baseline 0.002 -16"><span class='ocrx_word' id='word_1_46' title='bbox 275 576 498 628; x_wconf 77' lang='grc' dir='ltr'><strong><em>ταινιῶσεις</em></strong></span> <span class='ocrx_word' id='word_1_47' title='bbox 540 583 613 633; x_wconf 82' lang='grc' dir='ltr'><strong><em>τῆς</em></strong></span> <span class='ocrx_word' id='word_1_48' title='bbox 647 581 854 632; x_wconf 80' lang='grc' dir='ltr'><strong><em>βασιλείας</em></strong></span> <span class='ocrx_word' id='word_1_49' title='bbox 891 581 957 621; x_wconf 78' lang='grc' dir='ltr'><strong>καὶ</strong></span> <span class='ocrx_word' id='word_1_50' title='bbox 992 576 1115 631; x_wconf 70' lang='grc' dir='ltr'><strong><em>αὖθις</em></strong></span> <span class='ocrx_word' id='word_1_51' title='bbox 1142 577 1304 634; x_wconf 79' lang='grc' dir='ltr'><strong><em>συνάμα</em></strong></span> <span class='ocrx_word' id='word_1_52' title='bbox 1331 579 1537 634; x_wconf 72' lang='grc' dir='ltr'><strong><em>δέχονται,</em></strong></span> <span class='ocrx_word' id='word_1_53' title='bbox 1579 583 1649 624; x_wconf 76' lang='grc' dir='ltr'><strong>καί</strong></span> <span class='ocrx_word' id='word_1_54' title='bbox 1672 594 1748 636; x_wconf 81' lang='grc' dir='ltr'><strong>γε5</strong></span> 
     </span>
     <span class='ocr_line' id='line_1_7' title="bbox 272 644 1713 706; baseline 0.002 -18"><span class='ocrx_word' id='word_1_55' title='bbox 272 644 564 702; x_wconf 77' lang='grc' dir='ltr'><strong><em>παρασκευάζει</em></strong></span> <span class='ocrx_word' id='word_1_56' title='bbox 591 651 649 703; x_wconf 79' lang='grc' dir='ltr'><strong>τῷ</strong></span> <span class='ocrx_word' id='word_1_57' title='bbox 675 651 835 699; x_wconf 80' lang='grc' dir='ltr'><strong><em>βασιλεῖ</em></strong></span> <span class='ocrx_word' id='word_1_58' title='bbox 860 646 1103 701; x_wconf 77' lang='grc' dir='ltr'><strong><em>ἀντίπαλον,</em></strong></span> <span class='ocrx_word' id='word_1_59' title='bbox 1134 645 1188 697; x_wconf 80' lang='grc' dir='ltr'><strong><em>ὥς</em></strong></span> <span class='ocrx_word' id='word_1_60' title='bbox 1216 646 1338 706; x_wconf 81' lang='grc' dir='ltr'><strong><em>ᾤετο,</em></strong></span> <span class='ocrx_word' id='word_1_61' title='bbox 1375 645 1525 691; x_wconf 75' lang='grc' dir='ltr'><strong><em>ἱκανόν.</em></strong></span> <span class='ocrx_word' id='word_1_62' title='bbox 1591 652 1713 691; x_wconf 80' lang='grc' dir='ltr'><strong><em>τοῦτο</em></strong></span> 
     </span>
     <span class='ocr_line' id='line_1_8' title="bbox 269 712 1715 771; baseline 0.001 -15"><span class='ocrx_word' id='word_1_63' title='bbox 269 713 438 768; x_wconf 81' lang='grc' dir='ltr'><strong><em>συμβάν</em></strong></span> <span class='ocrx_word' id='word_1_64' title='bbox 454 731 495 756; x_wconf 85' lang='grc' dir='ltr'><strong>τε</strong></span> <span class='ocrx_word' id='word_1_65' title='bbox 518 716 583 756; x_wconf 81' lang='grc' dir='ltr'><strong>καὶ</strong></span> <span class='ocrx_word' id='word_1_66' title='bbox 602 714 807 757; x_wconf 72' lang='grc' dir='ltr'><strong><em>ἀκουσθέν</em></strong></span> <span class='ocrx_word' id='word_1_67' title='bbox 825 714 895 757; x_wconf 82' lang='grc' dir='ltr'><strong><em>τὸν</em></strong></span> <span class='ocrx_word' id='word_1_68' title='bbox 911 716 1081 767; x_wconf 78' lang='grc' dir='ltr'><strong><em>βασιλέα</em></strong></span> <span class='ocrx_word' id='word_1_69' title='bbox 1103 712 1315 771; x_wconf 74' lang='grc' dir='ltr'><strong><em>αὐτάρκως</em></strong></span> <span class='ocrx_word' id='word_1_70' title='bbox 1346 716 1412 757; x_wconf 81' lang='grc' dir='ltr'><strong>καὶ</strong></span> <span class='ocrx_word' id='word_1_71' title='bbox 1433 713 1495 764; x_wconf 60' lang='grc' dir='ltr'><strong>,ὥς</strong></span> <span class='ocrx_word' id='word_1_72' title='bbox 1523 715 1613 770; x_wconf 69' lang='grc' dir='ltr'><strong><em>ἐνῆν</em></strong></span> <span class='ocrx_word' id='word_1_73' title='bbox 1633 717 1715 758; x_wconf 80' lang='grc' dir='ltr'><strong>διε-</strong></span> 
     </span>
     <span class='ocr_line' id='line_1_9' title="bbox 267 780 1714 839; baseline 0.001 -15"><span class='ocrx_word' id='word_1_74' title='bbox 267 781 466 838; x_wconf 68' lang='grc' dir='ltr'><strong><em>τάραξεν,</em></strong></span> <span class='ocrx_word' id='word_1_75' title='bbox 506 780 737 837; x_wconf 77' lang='grc' dir='ltr'><strong><em>ὗπεκρίνετό</em></strong></span> <span class='ocrx_word' id='word_1_76' title='bbox 766 799 808 825; x_wconf 84' lang='grc' dir='ltr'><strong>τε</strong></span> <span class='ocrx_word' id='word_1_77' title='bbox 839 782 1017 833; x_wconf 79' lang='grc' dir='ltr'><strong><em>κάκεῖνος</em></strong></span> <span class='ocrx_word' id='word_1_78' title='bbox 1047 784 1103 838; x_wconf 81' lang='grc' dir='ltr'><strong><em>μὴ</em></strong></span> <span class='ocrx_word' id='word_1_79' title='bbox 1132 783 1306 837; x_wconf 78' lang='grc' dir='ltr'><strong><em>ἀθυμεῖν</em></strong></span> <span class='ocrx_word' id='word_1_80' title='bbox 1335 781 1614 839; x_wconf 82' lang='grc' dir='ltr'><strong><em>σφαλλόμενος</em></strong></span> <span class='ocrx_word' id='word_1_81' title='bbox 1633 787 1714 825; x_wconf 86' lang='grc' dir='ltr'><strong><em>τῶν</em></strong></span> 
     </span>
     <span class='ocr_line' id='line_1_10' title="bbox 272 846 1714 908; baseline 0 -16"><span class='ocrx_word' id='word_1_82' title='bbox 272 846 466 902; x_wconf 72' lang='grc' dir='ltr'><strong><em>ἔλπίὸων,</em></strong></span> <span class='ocrx_word' id='word_1_83' title='bbox 505 850 608 892; x_wconf 79' lang='grc' dir='ltr'><strong><em>ἀλλὰ</em></strong></span> <span class='ocrx_word' id='word_1_84' title='bbox 630 857 787 904; x_wconf 75' lang='grc' dir='ltr'><strong><em>στυγεῖν</em></strong></span> <span class='ocrx_word' id='word_1_85' title='bbox 804 855 862 908; x_wconf 76' lang='grc' dir='ltr'><strong>τῷ</strong></span> <span class='ocrx_word' id='word_1_86' title='bbox 886 850 991 906; x_wconf 75' lang='grc' dir='ltr'><strong><em>παρ’</em></strong></span> <span class='ocrx_word' id='word_1_87' title='bbox 1021 850 1137 901; x_wconf 78' lang='grc' dir='ltr'><strong><em>ἀξίαν</em></strong></span> <span class='ocrx_word' id='word_1_88' title='bbox 1162 851 1310 906; x_wconf 73' lang='grc' dir='ltr'><strong><em>ἐκείνης</em></strong></span> <span class='ocrx_word' id='word_1_89' title='bbox 1335 852 1580 904; x_wconf 81' lang='grc' dir='ltr'><strong><em>πταίσματι,</em></strong></span> <span class='ocrx_word' id='word_1_90' title='bbox 1611 848 1714 893; x_wconf 75' lang='grc' dir='ltr'><strong><em>ὥστε</em></strong></span> 
     </span>
     <span class='ocr_line' id='line_1_11' title="bbox 273 917 1770 976; baseline 0 -16"><span class='ocrx_word' id='word_1_91' title='bbox 273 919 340 960; x_wconf 81' lang='grc' dir='ltr'><strong>καὶ</strong></span> <span class='ocrx_word' id='word_1_92' title='bbox 363 918 409 960; x_wconf 86' lang='grc' dir='ltr'><strong>τὸ</strong></span> <span class='ocrx_word' id='word_1_93' title='bbox 439 918 550 973; x_wconf 73' lang='grc' dir='ltr'><strong><em>γένος</em></strong></span> <span class='ocrx_word' id='word_1_94' title='bbox 582 923 846 972; x_wconf 83' lang='grc' dir='ltr'><strong><em>καταισχῦναι</em></strong></span> <span class='ocrx_word' id='word_1_95' title='bbox 875 919 941 960; x_wconf 83' lang='grc' dir='ltr'><strong>καὶ</strong></span> <span class='ocrx_word' id='word_1_96' title='bbox 959 919 1032 973; x_wconf 87' lang='grc' dir='ltr'><strong><em>τὴν</em></strong></span> <span class='ocrx_word' id='word_1_97' title='bbox 1055 918 1182 974; x_wconf 72' lang='grc' dir='ltr'><strong><em>ἀρχὴν</em></strong></span> <span class='ocrx_word' id='word_1_98' title='bbox 1205 917 1536 974; x_wconf 75' lang='grc' dir='ltr'><strong><em>προσαπολλύναι</em></strong></span> <span class='ocrx_word' id='word_1_99' title='bbox 1557 922 1614 976; x_wconf 81' lang='grc' dir='ltr'><strong>τῷ</strong></span> <span class='ocrx_word' id='word_1_100' title='bbox 1631 935 1711 973; x_wconf 80' lang='grc' dir='ltr'><strong><em>μη·-</em></strong></span> <span class='ocrx_word' id='word_1_101' title='bbox 1727 931 1770 964; x_wconf 87' lang='lat'><strong>10</strong></span> 
     </span>
     <span class='ocr_line' id='line_1_12' title="bbox 273 983 1715 1043; baseline 0 -16"><span class='ocrx_word' id='word_1_102' title='bbox 273 986 386 1035; x_wconf 81' lang='grc' dir='ltr'><strong><em>ὁένὸς</em></strong></span> <span class='ocrx_word' id='word_1_103' title='bbox 405 986 503 1043; x_wconf 78' lang='grc' dir='ltr'><strong><em>ἀξίῳ</em></strong></span> <span class='ocrx_word' id='word_1_104' title='bbox 521 988 894 1041; x_wconf 77' lang='grc' dir='ltr'><strong><em>κατεγχειρίσασαν·</em></strong></span> <span class='ocrx_word' id='word_1_105' title='bbox 927 988 1032 1040; x_wconf 78' lang='grc' dir='ltr'><strong><em>μηδὲ</em></strong></span> <span class='ocrx_word' id='word_1_106' title='bbox 1059 986 1136 1043; x_wconf 81' lang='grc' dir='ltr'><strong>γὰρ</strong></span> <span class='ocrx_word' id='word_1_107' title='bbox 1159 985 1342 1036; x_wconf 64' lang='grc' dir='ltr'><strong><em>ἀνθέξειν</em></strong></span> <span class='ocrx_word' id='word_1_108' title='bbox 1375 985 1478 1035; x_wconf 82' lang='grc' dir='ltr'><strong><em>ὅλως</em></strong></span> <span class='ocrx_word' id='word_1_109' title='bbox 1512 987 1577 1028; x_wconf 81' lang='grc' dir='ltr'><strong>καὶ</strong></span> <span class='ocrx_word' id='word_1_110' title='bbox 1612 983 1715 1027; x_wconf 61' lang='lat' dir='ltr'><strong>tino-</strong></span> 
     </span>
    </p>

    <p class='ocr_par' dir='ltr' id='par_1_4' title="bbox 216 1052 1766 1516">
     <span class='ocr_line' id='line_1_13' title="bbox 216 1052 1716 1110; baseline -0.001 -14"><span class='ocrx_word' id='word_1_111' title='bbox 216 1057 249 1090; x_wconf 74' lang='grc' dir='ltr'>Ο</span> <span class='ocrx_word' id='word_1_112' title='bbox 273 1060 380 1108; x_wconf 86' lang='grc' dir='ltr'><strong><em>σχεῖν</em></strong></span> <span class='ocrx_word' id='word_1_113' title='bbox 397 1054 543 1096; x_wconf 76' lang='grc' dir='ltr'><strong><em>ἐκεῖνον</em></strong></span> <span class='ocrx_word' id='word_1_114' title='bbox 562 1054 828 1108; x_wconf 71' lang='grc' dir='ltr'><strong><em>ἕπιβρίσασαν</em></strong></span> <span class='ocrx_word' id='word_1_115' title='bbox 846 1054 890 1096; x_wconf 74' lang='grc' dir='ltr'><strong><em>ἐκ</em></strong></span> <span class='ocrx_word' id='word_1_116' title='bbox 912 1052 1110 1110; x_wconf 78' lang='grc' dir='ltr'><strong><em>Τοχοῖρων</em></strong></span> <span class='ocrx_word' id='word_1_117' title='bbox 1127 1052 1311 1107; x_wconf 79' lang='grc' dir='ltr'><strong><em>δύναμιν,</em></strong></span> <span class='ocrx_word' id='word_1_118' title='bbox 1347 1053 1396 1108; x_wconf 82' lang='grc' dir='ltr'><strong><em>ἣν</em></strong></span> <span class='ocrx_word' id='word_1_119' title='bbox 1416 1053 1518 1103; x_wconf 74' lang='grc' dir='ltr'><strong><em>εἰκὸς</em></strong></span> <span class='ocrx_word' id='word_1_120' title='bbox 1538 1054 1716 1095; x_wconf 71' lang='grc' dir='ltr'><strong><em>ἐπεισπί-</em></strong></span> 
     </span>
     <span class='ocr_line' id='line_1_14' title="bbox 269 1119 1714 1177; baseline -0.001 -14"><span class='ocrx_word' id='word_1_121' title='bbox 269 1139 403 1174; x_wconf 77' lang='grc' dir='ltr'><strong><em>πτειν,</em></strong></span> <span class='ocrx_word' id='word_1_122' title='bbox 433 1120 519 1174; x_wconf 76' lang='grc' dir='ltr'><strong>ἅμα</strong></span> <span class='ocrx_word' id='word_1_123' title='bbox 539 1122 612 1175; x_wconf 73' lang='grc' dir='ltr'><strong>μὲν</strong></span> <span class='ocrx_word' id='word_1_124' title='bbox 636 1120 690 1171; x_wconf 83' lang='grc' dir='ltr'><strong><em>ὥς</em></strong></span> <span class='ocrx_word' id='word_1_125' title='bbox 721 1121 872 1177; x_wconf 76' lang='grc' dir='ltr'><strong><em>ἐχθρὸν</em></strong></span> <span class='ocrx_word' id='word_1_126' title='bbox 901 1126 1116 1177; x_wconf 79' lang='grc' dir='ltr'><strong><em>προφανῆ,</em></strong></span> <span class='ocrx_word' id='word_1_127' title='bbox 1153 1119 1240 1175; x_wconf 79' lang='grc' dir='ltr'><strong>ἅμα</strong></span> <span class='ocrx_word' id='word_1_128' title='bbox 1269 1122 1313 1163; x_wconf 77' lang='grc' dir='ltr'><strong>δὲ</strong></span> <span class='ocrx_word' id='word_1_129' title='bbox 1333 1123 1400 1163; x_wconf 86' lang='grc' dir='ltr'><strong>καὶ</strong></span> <span class='ocrx_word' id='word_1_130' title='bbox 1417 1121 1529 1175; x_wconf 76' lang='grc' dir='ltr'><strong><em>παρὰ</em></strong></span> <span class='ocrx_word' id='word_1_131' title='bbox 1551 1124 1632 1163; x_wconf 82' lang='grc' dir='ltr'><strong><em>τῶν</em></strong></span> <span class='ocrx_word' id='word_1_132' title='bbox 1652 1121 1714 1162; x_wconf 77' lang='grc' dir='ltr'><strong>οἲ-</strong></span> 
     </span>
     <span class='ocr_line' id='line_1_15' title="bbox 269 1184 1714 1245; baseline -0.001 -14"><span class='ocrx_word' id='word_1_133' title='bbox 269 1192 383 1232; x_wconf 79' lang='grc' dir='ltr'><strong><em>κείων</em></strong></span> <span class='ocrx_word' id='word_1_134' title='bbox 401 1187 796 1245; x_wconf 79' lang='grc' dir='ltr'><strong><em>καταφρονούμενον.</em></strong></span> <span class='ocrx_word' id='word_1_135' title='bbox 864 1193 996 1231; x_wconf 80' lang='grc' dir='ltr'><strong><em>ταῦτα</em></strong></span> <span class='ocrx_word' id='word_1_136' title='bbox 1017 1190 1140 1244; x_wconf 74' lang='grc' dir='ltr'><strong><em>λέγων</em></strong></span> <span class='ocrx_word' id='word_1_137' title='bbox 1162 1189 1236 1231; x_wconf 83' lang='grc' dir='ltr'><strong><em>οὐκ</em></strong></span> <span class='ocrx_word' id='word_1_138' title='bbox 1255 1189 1354 1230; x_wconf 79' lang='grc' dir='ltr'><strong><em>ἀνίει</em></strong></span> <span class='ocrx_word' id='word_1_139' title='bbox 1371 1190 1438 1230; x_wconf 75' lang='grc' dir='ltr'><strong>καὶ</strong></span> <span class='ocrx_word' id='word_1_140' title='bbox 1460 1184 1582 1237; x_wconf 76' lang='grc' dir='ltr'><strong><em>αὖθις</em></strong></span> <span class='ocrx_word' id='word_1_141' title='bbox 1610 1187 1714 1241; x_wconf 72' lang='grc' dir='ltr'><strong><em>πέμ-</em></strong></span> 
     </span>
     <span class='ocr_line' id='line_1_16' title="bbox 268 1255 1766 1312; baseline -0.002 -13"><span class='ocrx_word' id='word_1_142' title='bbox 268 1275 356 1300; x_wconf 84' lang='grc' dir='ltr'><strong><em>πων</em></strong></span> <span class='ocrx_word' id='word_1_143' title='bbox 380 1274 423 1299; x_wconf 83' lang='grc' dir='ltr'><strong>τε</strong></span> <span class='ocrx_word' id='word_1_144' title='bbox 455 1255 643 1310; x_wconf 81' lang='grc' dir='ltr'><strong><em>δυνάμεις</em></strong></span> <span class='ocrx_word' id='word_1_145' title='bbox 675 1256 972 1312; x_wconf 75' lang='grc' dir='ltr'><strong><em>ἀγωνιουμένας</em></strong></span> <span class='ocrx_word' id='word_1_146' title='bbox 999 1259 1066 1299; x_wconf 83' lang='grc' dir='ltr'><strong>καὶ</strong></span> <span class='ocrx_word' id='word_1_147' title='bbox 1093 1257 1144 1299; x_wconf 79' lang='grc' dir='ltr'><strong>τὰ</strong></span> <span class='ocrx_word' id='word_1_148' title='bbox 1170 1256 1272 1311; x_wconf 76' lang='grc' dir='ltr'><strong><em>πρὸς</em></strong></span> <span class='ocrx_word' id='word_1_149' title='bbox 1292 1256 1523 1310; x_wconf 77' lang='grc' dir='ltr'><strong><em>καταβολὴν</em></strong></span> <span class='ocrx_word' id='word_1_150' title='bbox 1540 1255 1710 1310; x_wconf 77' lang='grc' dir='ltr'><strong><em>Μαρίας</em></strong></span> <span class='ocrx_word' id='word_1_151' title='bbox 1725 1263 1766 1297; x_wconf 87' lang='grc'><strong>15</strong></span> 
     </span>
     <span class='ocr_line' id='line_1_17' title="bbox 264 1322 1713 1379; baseline -0.001 -13"><span class='ocrx_word' id='word_1_152' title='bbox 264 1322 673 1377; x_wconf 75' lang='grc' dir='ltr'><strong><em>κατασκευαζόμενος.</em></strong></span> <span class='ocrx_word' id='word_1_153' title='bbox 744 1322 766 1367; x_wconf 83' lang='grc' dir='ltr'><strong><em>ὅ</em></strong></span> <span class='ocrx_word' id='word_1_154' title='bbox 791 1326 926 1366; x_wconf 74' lang='grc' dir='ltr'><strong><em>τοίνυν</em></strong></span> <span class='ocrx_word' id='word_1_155' title='bbox 955 1327 1161 1378; x_wconf 84' lang='grc' dir='ltr'><strong><em>Λαχανᾶς</em></strong></span> <span class='ocrx_word' id='word_1_156' title='bbox 1188 1323 1289 1379; x_wconf 81' lang='grc' dir='ltr'><strong><em>πρὸς</em></strong></span> <span class='ocrx_word' id='word_1_157' title='bbox 1319 1323 1393 1372; x_wconf 78' lang='grc' dir='ltr'><strong><em>τὰς</em></strong></span> <span class='ocrx_word' id='word_1_158' title='bbox 1423 1327 1497 1378; x_wconf 84' lang='grc' dir='ltr'><strong><em>τῆς</em></strong></span> <span class='ocrx_word' id='word_1_159' title='bbox 1527 1322 1713 1378; x_wconf 75' lang='grc' dir='ltr'><strong><em>γυναικὸς</em></strong></span> 
     </span>
     <span class='ocr_line' id='line_1_18' title="bbox 267 1389 1709 1449; baseline -0.001 -15"><span class='ocrx_word' id='word_1_160' title='bbox 267 1390 446 1444; x_wconf 76' lang='grc' dir='ltr'><strong><em>θρύψεις</em></strong></span> <span class='ocrx_word' id='word_1_161' title='bbox 471 1394 536 1434; x_wconf 80' lang='grc' dir='ltr'><strong>καὶ</strong></span> <span class='ocrx_word' id='word_1_162' title='bbox 556 1390 765 1446; x_wconf 73' lang='grc' dir='ltr'><strong><em>ἀπήχθετο</em></strong></span> <span class='ocrx_word' id='word_1_163' title='bbox 788 1394 853 1434; x_wconf 80' lang='grc' dir='ltr'><strong>καὶ</strong></span> <span class='ocrx_word' id='word_1_164' title='bbox 874 1396 1137 1449; x_wconf 85' lang='grc' dir='ltr'><strong><em>βαρβαρικῶς</em></strong></span> <span class='ocrx_word' id='word_1_165' title='bbox 1155 1391 1276 1446; x_wconf 74' lang='grc' dir='ltr'><strong><em>ἤθελε</em></strong></span> <span class='ocrx_word' id='word_1_166' title='bbox 1294 1392 1456 1445; x_wconf 74' lang='grc' dir='ltr'><strong><em>διαζῆν,</em></strong></span> <span class='ocrx_word' id='word_1_167' title='bbox 1493 1390 1588 1439; x_wconf 74' lang='grc' dir='ltr'><strong><em>τοὺς</em></strong></span> <span class='ocrx_word' id='word_1_168' title='bbox 1608 1389 1709 1446; x_wconf 71' lang='grc' dir='ltr'><strong><em>ἄμφ’</em></strong></span> 
     </span>
     <span class='ocr_line' id='line_1_19' title="bbox 264 1457 1711 1516; baseline -0.001 -13"><span class='ocrx_word' id='word_1_169' title='bbox 264 1461 392 1503; x_wconf 73' lang='grc' dir='ltr'><strong><em>αὐτὸν</em></strong></span> <span class='ocrx_word' id='word_1_170' title='bbox 414 1462 478 1502; x_wconf 80' lang='grc' dir='ltr'><strong>καὶ</strong></span> <span class='ocrx_word' id='word_1_171' title='bbox 500 1462 590 1502; x_wconf 83' lang='grc' dir='ltr'><strong><em>λίαν</em></strong></span> <span class='ocrx_word' id='word_1_172' title='bbox 608 1457 948 1514; x_wconf 74' lang='grc' dir='ltr'><strong><em>ὑποποιούμενος·</em></strong></span> <span class='ocrx_word' id='word_1_173' title='bbox 985 1460 1085 1516; x_wconf 69' lang='grc' dir='ltr'><strong><em>ἔγνω</em></strong></span> <span class='ocrx_word' id='word_1_174' title='bbox 1108 1459 1183 1516; x_wconf 81' lang='grc' dir='ltr'><strong>γὰρ</strong></span> <span class='ocrx_word' id='word_1_175' title='bbox 1203 1459 1498 1515; x_wconf 76' lang='grc' dir='ltr'><strong><em>ἀμφοτέρωθεν</em></strong></span> <span class='ocrx_word' id='word_1_176' title='bbox 1518 1459 1711 1514; x_wconf 79' lang='grc' dir='ltr'><strong><em>ἐξαρτυο-</em></strong></span> 
     </span>
    </p>
   </div>
   <div class='ocr_carea' id='block_1_3' title="bbox 262 1574 1714 2850">
    <p class='ocr_par' dir='ltr' id='par_1_5' title="bbox 262 1574 1714 2850">
     <span class='ocr_line' id='line_1_20' title="bbox 264 1574 1711 1624; baseline -0.003 -13"><span class='ocrx_word' id='word_1_177' title='bbox 264 1578 457 1618; x_wconf 76' lang='lat' dir='ltr'><strong>ventiones,</strong></span> <span class='ocrx_word' id='word_1_178' title='bbox 481 1583 582 1624; x_wconf 85' lang='lat' dir='ltr'><strong>pacta</strong></span> <span class='ocrx_word' id='word_1_179' title='bbox 605 1577 822 1612; x_wconf 85' lang='lat' dir='ltr'><strong>iureiurando</strong></span> <span class='ocrx_word' id='word_1_180' title='bbox 846 1577 1002 1623; x_wconf 83' lang='lat' dir='ltr'><strong>utrinque</strong></span> <span class='ocrx_word' id='word_1_181' title='bbox 1024 1577 1105 1612; x_wconf 81' lang='lat' dir='ltr'><strong>dato</strong></span> <span class='ocrx_word' id='word_1_182' title='bbox 1125 1576 1325 1611; x_wconf 86' lang='lat' dir='ltr'><strong>muniuntur.</strong></span> <span class='ocrx_word' id='word_1_183' title='bbox 1371 1588 1434 1611; x_wconf 89' lang='lat' dir='ltr'><strong>nec</strong></span> <span class='ocrx_word' id='word_1_184' title='bbox 1455 1574 1566 1609; x_wconf 80' lang='lat' dir='ltr'><strong>Maria</strong></span> <span class='ocrx_word' id='word_1_185' title='bbox 1586 1582 1711 1608; x_wconf 83' lang='lat' dir='ltr'><strong>moram</strong></span> 
     </span>
     <span class='ocr_line' id='line_1_21' title="bbox 266 1619 1711 1669; baseline -0.002 -12"><span class='ocrx_word' id='word_1_186' title='bbox 266 1623 350 1657; x_wconf 84' lang='lat' dir='ltr'><strong>fecit</strong></span> <span class='ocrx_word' id='word_1_187' title='bbox 373 1624 627 1669; x_wconf 80' lang='lat' dir='ltr'><strong>aperiendarum</strong></span> <span class='ocrx_word' id='word_1_188' title='bbox 651 1625 830 1658; x_wconf 83' lang='lat' dir='ltr'><strong>Lachanae</strong></span> <span class='ocrx_word' id='word_1_189' title='bbox 861 1630 1034 1668; x_wconf 85' lang='lat' dir='ltr'><strong>portarum</strong></span> <span class='ocrx_word' id='word_1_190' title='bbox 1066 1623 1237 1663; x_wconf 87' lang='lat' dir='ltr'><strong>Ternobi‚</strong></span> <span class='ocrx_word' id='word_1_191' title='bbox 1267 1633 1372 1667; x_wconf 84' lang='lat' dir='ltr'><strong>seque</strong></span> <span class='ocrx_word' id='word_1_192' title='bbox 1394 1621 1459 1667; x_wconf 90' lang='lat' dir='ltr'><strong>ipsi</strong></span> <span class='ocrx_word' id='word_1_193' title='bbox 1489 1619 1614 1665; x_wconf 86' lang='lat' dir='ltr'><strong>nuptiis</strong></span> <span class='ocrx_word' id='word_1_194' title='bbox 1635 1620 1711 1654; x_wconf 83' lang='lat' dir='ltr'><strong>iun-</strong></span> 
     </span>
     <span class='ocr_line' id='line_1_22' title="bbox 267 1665 1711 1714; baseline -0.003 -12"><span class='ocrx_word' id='word_1_195' title='bbox 267 1669 378 1714; x_wconf 84' lang='lat' dir='ltr'><strong>gendi.</strong></span> <span class='ocrx_word' id='word_1_196' title='bbox 426 1671 647 1704; x_wconf 78' lang='lat' dir='ltr'><strong>coronationis</strong></span> <span class='ocrx_word' id='word_1_197' title='bbox 670 1670 749 1704; x_wconf 89' lang='lat' dir='ltr'><strong>inde</strong></span> <span class='ocrx_word' id='word_1_198' title='bbox 772 1681 931 1704; x_wconf 83' lang='lat' dir='ltr'><strong>novorum</strong></span> <span class='ocrx_word' id='word_1_199' title='bbox 956 1669 1130 1712; x_wconf 82' lang='lat' dir='ltr'><strong>coniugum</strong></span> <span class='ocrx_word' id='word_1_200' title='bbox 1154 1667 1338 1702; x_wconf 80' lang='lat' dir='ltr'><strong>ceremonia</strong></span> <span class='ocrx_word' id='word_1_201' title='bbox 1361 1666 1536 1712; x_wconf 88' lang='lat' dir='ltr'><strong>splendide</strong></span> <span class='ocrx_word' id='word_1_202' title='bbox 1557 1665 1711 1699; x_wconf 82' lang='lat' dir='ltr'><strong>celebra-</strong></span> 
     </span>
     <span class='ocr_line' id='line_1_23' title="bbox 267 1710 1710 1760; baseline -0.003 -12"><span class='ocrx_word' id='word_1_203' title='bbox 267 1719 347 1754; x_wconf 81' lang='lat' dir='ltr'><strong>tnr,</strong></span> <span class='ocrx_word' id='word_1_204' title='bbox 371 1716 555 1749; x_wconf 80' lang='lat' dir='ltr'><strong>acclamata</strong></span> <span class='ocrx_word' id='word_1_205' title='bbox 578 1717 686 1749; x_wconf 89' lang='lat' dir='ltr'><strong>denuo</strong></span> <span class='ocrx_word' id='word_1_206' title='bbox 709 1715 825 1760; x_wconf 80' lang='lat' dir='ltr'><strong>regina</strong></span> <span class='ocrx_word' id='word_1_207' title='bbox 851 1715 1030 1758; x_wconf 81' lang='lat' dir='ltr'><strong>Buigariae</strong></span> <span class='ocrx_word' id='word_1_208' title='bbox 1053 1714 1164 1748; x_wconf 83' lang='lat' dir='ltr'><strong>Maria</strong></span> <span class='ocrx_word' id='word_1_209' title='bbox 1195 1725 1280 1748; x_wconf 85' lang='lat' dir='ltr'><strong>novo</strong></span> <span class='ocrx_word' id='word_1_210' title='bbox 1314 1713 1410 1747; x_wconf 86' lang='lat' dir='ltr'><strong>titulo</strong></span> <span class='ocrx_word' id='word_1_211' title='bbox 1441 1711 1556 1746; x_wconf 83' lang='lat' dir='ltr'><strong>uxoris</strong></span> <span class='ocrx_word' id='word_1_212' title='bbox 1578 1710 1710 1745; x_wconf 80' lang='lat' dir='ltr'><strong>Lacha-</strong></span> 
     </span>
     <span class='ocr_line' id='line_1_24' title="bbox 266 1755 1714 1806; baseline -0.003 -12"><span class='ocrx_word' id='word_1_213' title='bbox 266 1771 332 1794; x_wconf 80' lang='lat' dir='ltr'><strong>nae</strong></span> <span class='ocrx_word' id='word_1_214' title='bbox 355 1760 456 1803; x_wconf 86' lang='lat' dir='ltr'><strong>regis.</strong></span> <span class='ocrx_word' id='word_1_215' title='bbox 503 1761 552 1795; x_wconf 83' lang='lat' dir='ltr'><strong>sic</strong></span> <span class='ocrx_word' id='word_1_216' title='bbox 573 1762 629 1795; x_wconf 88' lang='lat' dir='ltr'><strong>illa</strong></span> <span class='ocrx_word' id='word_1_217' title='bbox 662 1772 700 1795; x_wconf 88' lang='lat' dir='ltr'><strong>se</strong></span> <span class='ocrx_word' id='word_1_218' title='bbox 724 1771 934 1806; x_wconf 81' lang='lat' dir='ltr'><strong>comparasse</strong></span> <span class='ocrx_word' id='word_1_219' title='bbox 964 1772 1099 1804; x_wconf 84' lang='lat' dir='ltr'><strong>gravem</strong></span> <span class='ocrx_word' id='word_1_220' title='bbox 1133 1759 1360 1793; x_wconf 84' lang='lat' dir='ltr'><strong>adversarium</strong></span> <span class='ocrx_word' id='word_1_221' title='bbox 1391 1755 1583 1802; x_wconf 83' lang='lat' dir='ltr'><strong>imperatori</strong></span> <span class='ocrx_word' id='word_1_222' title='bbox 1604 1766 1714 1800; x_wconf 43' lang='lat' dir='ltr'><strong>avunf</strong></span> 
     </span>
     <span class='ocr_line' id='line_1_25' title="bbox 267 1799 1706 1851; baseline -0.003 -13"><span class='ocrx_word' id='word_1_223' title='bbox 267 1806 341 1839; x_wconf 88' lang='lat' dir='ltr'><strong>culo</strong></span> <span class='ocrx_word' id='word_1_224' title='bbox 365 1807 517 1850; x_wconf 87' lang='lat' dir='ltr'><strong>putabat.</strong></span> <span class='ocrx_word' id='word_1_225' title='bbox 562 1818 628 1851; x_wconf 90' lang='lat' dir='ltr'><strong>quo</strong></span> <span class='ocrx_word' id='word_1_226' title='bbox 661 1818 726 1840; x_wconf 88' lang='lat' dir='ltr'><strong>non</strong></span> <span class='ocrx_word' id='word_1_227' title='bbox 759 1817 896 1850; x_wconf 81' lang='lat' dir='ltr'><strong>parvam</strong></span> <span class='ocrx_word' id='word_1_228' title='bbox 926 1805 957 1838; x_wconf 90' lang='lat' dir='ltr'><strong>ei</strong></span> <span class='ocrx_word' id='word_1_229' title='bbox 993 1817 1116 1839; x_wconf 80' lang='lat' dir='ltr'><strong>revera</strong></span> <span class='ocrx_word' id='word_1_230' title='bbox 1144 1816 1207 1838; x_wconf 91' lang='lat' dir='ltr'><strong>nec</strong></span> <span class='ocrx_word' id='word_1_231' title='bbox 1239 1816 1354 1849; x_wconf 89' lang='lat' dir='ltr'><strong>parum</strong></span> <span class='ocrx_word' id='word_1_232' title='bbox 1385 1805 1558 1837; x_wconf 80' lang='lat' dir='ltr'><strong>molestam</strong></span> <span class='ocrx_word' id='word_1_233' title='bbox 1581 1799 1706 1835; x_wconf 84' lang='lat' dir='ltr'><strong>adiecit</strong></span> 
     </span>
     <span class='ocr_line' id='line_1_26' title="bbox 267 1846 1709 1896; baseline -0.003 -12"><span class='ocrx_word' id='word_1_234' title='bbox 267 1861 393 1884; x_wconf 83' lang='lat' dir='ltr'><strong>curam.</strong></span> <span class='ocrx_word' id='word_1_235' title='bbox 439 1862 636 1896; x_wconf 85' lang='lat' dir='ltr'><strong>quamquam</strong></span> <span class='ocrx_word' id='word_1_236' title='bbox 658 1851 716 1884; x_wconf 85' lang='lat' dir='ltr'><strong>iile</strong></span> <span class='ocrx_word' id='word_1_237' title='bbox 739 1852 870 1896; x_wconf 86' lang='lat' dir='ltr'><strong>quidem</strong></span> <span class='ocrx_word' id='word_1_238' title='bbox 894 1850 1007 1884; x_wconf 84' lang='lat' dir='ltr'><strong>audita</strong></span> <span class='ocrx_word' id='word_1_239' title='bbox 1030 1854 1168 1895; x_wconf 84' lang='lat' dir='ltr'><strong>repente</strong></span> <span class='ocrx_word' id='word_1_240' title='bbox 1190 1850 1238 1883; x_wconf 89' lang='lat' dir='ltr'><strong>rei</strong></span> <span class='ocrx_word' id='word_1_241' title='bbox 1261 1851 1361 1892; x_wconf 80' lang='lat' dir='ltr'><strong>fama,</strong></span> <span class='ocrx_word' id='word_1_242' title='bbox 1387 1846 1646 1882; x_wconf 80' lang='lat' dir='ltr'><strong>dissimulatione</strong></span> <span class='ocrx_word' id='word_1_243' title='bbox 1671 1857 1709 1880; x_wconf 89' lang='lat' dir='ltr'><strong>se</strong></span> 
     </span>
     <span class='ocr_line' id='line_1_27' title="bbox 268 1892 1710 1939; baseline -0.005 -9"><span class='ocrx_word' id='word_1_244' title='bbox 268 1896 370 1930; x_wconf 83' lang='lat' dir='ltr'><strong>solita</strong></span> <span class='ocrx_word' id='word_1_245' title='bbox 392 1896 584 1938; x_wconf 85' lang='lat' dir='ltr'><strong>involvens,</strong></span> <span class='ocrx_word' id='word_1_246' title='bbox 610 1895 786 1939; x_wconf 75' lang='lat' dir='ltr'><strong>diiigenter</strong></span> <span class='ocrx_word' id='word_1_247' title='bbox 810 1895 900 1929; x_wconf 84' lang='lat' dir='ltr'><strong>cavit</strong></span> <span class='ocrx_word' id='word_1_248' title='bbox 922 1907 965 1929; x_wconf 92' lang='lat' dir='ltr'><strong>ne</strong></span> <span class='ocrx_word' id='word_1_249' title='bbox 987 1907 1120 1929; x_wconf 87' lang='lat' dir='ltr'><strong>causam</strong></span> <span class='ocrx_word' id='word_1_250' title='bbox 1143 1894 1288 1937; x_wconf 85' lang='lat' dir='ltr'><strong>doloris,</strong></span> <span class='ocrx_word' id='word_1_251' title='bbox 1312 1906 1377 1939; x_wconf 89' lang='lat' dir='ltr'><strong>quo</strong></span> <span class='ocrx_word' id='word_1_252' title='bbox 1400 1894 1516 1927; x_wconf 87' lang='lat' dir='ltr'><strong>intime</strong></span> <span class='ocrx_word' id='word_1_253' title='bbox 1537 1892 1710 1933; x_wconf 85' lang='lat' dir='ltr'><strong>urebatur,</strong></span> 
     </span>
     <span class='ocr_line' id='line_1_28' title="bbox 266 1937 1709 1987; baseline -0.003 -13"><span class='ocrx_word' id='word_1_254' title='bbox 266 1941 432 1975; x_wconf 79' lang='lat' dir='ltr'><strong>veriorem</strong></span> <span class='ocrx_word' id='word_1_255' title='bbox 462 1941 742 1987; x_wconf 85' lang='lat' dir='ltr'><strong>praecipuamque</strong></span> <span class='ocrx_word' id='word_1_256' title='bbox 772 1941 951 1986; x_wconf 81' lang='lat' dir='ltr'><strong>proderet,</strong></span> <span class='ocrx_word' id='word_1_257' title='bbox 979 1941 1067 1985; x_wconf 87' lang='lat' dir='ltr'><strong>quod</strong></span> <span class='ocrx_word' id='word_1_258' title='bbox 1101 1940 1251 1973; x_wconf 86' lang='lat' dir='ltr'><strong>nimirum</strong></span> <span class='ocrx_word' id='word_1_259' title='bbox 1283 1939 1448 1973; x_wconf 86' lang='lat' dir='ltr'><strong>excidisse</strong></span> <span class='ocrx_word' id='word_1_260' title='bbox 1480 1949 1518 1971; x_wconf 88' lang='lat' dir='ltr'><strong>se</strong></span> <span class='ocrx_word' id='word_1_261' title='bbox 1550 1937 1640 1970; x_wconf 83' lang='lat' dir='ltr'><strong>votis</strong></span> <span class='ocrx_word' id='word_1_262' title='bbox 1673 1940 1709 1970; x_wconf 89' lang='lat' dir='ltr'><strong>et</strong></span> 
     </span>
     <span class='ocr_line' id='line_1_29' title="bbox 265 1985 1710 2032; baseline -0.002 -13"><span class='ocrx_word' id='word_1_263' title='bbox 265 1985 473 2021; x_wconf 86' lang='lat' dir='ltr'><strong>interversas</strong></span> <span class='ocrx_word' id='word_1_264' title='bbox 496 1987 558 2020; x_wconf 87' lang='lat' dir='ltr'><strong>sibi</strong></span> <span class='ocrx_word' id='word_1_265' title='bbox 590 1999 668 2030; x_wconf 72' lang='lat' dir='ltr'><strong>spes</strong></span> <span class='ocrx_word' id='word_1_266' title='bbox 690 1988 839 2032; x_wconf 85' lang='lat' dir='ltr'><strong>proxime</strong></span> <span class='ocrx_word' id='word_1_267' title='bbox 870 1987 936 2020; x_wconf 86' lang='lat' dir='ltr'><strong>iam</strong></span> <span class='ocrx_word' id='word_1_268' title='bbox 965 1987 1007 2019; x_wconf 86' lang='lat' dir='ltr'><strong>ad</strong></span> <span class='ocrx_word' id='word_1_269' title='bbox 1032 1986 1154 2019; x_wconf 84' lang='lat' dir='ltr'><strong>exitum</strong></span> <span class='ocrx_word' id='word_1_270' title='bbox 1177 1985 1356 2030; x_wconf 83' lang='lat' dir='ltr'><strong>perductas</strong></span> <span class='ocrx_word' id='word_1_271' title='bbox 1387 1986 1551 2017; x_wconf 88' lang='lat' dir='ltr'><strong>cerneret.</strong></span> <span class='ocrx_word' id='word_1_272' title='bbox 1596 1985 1710 2016; x_wconf 86' lang='lat' dir='ltr'><strong>osten-</strong></span> 
     </span>
     <span class='ocr_line' id='line_1_30' title="bbox 265 2027 1709 2076; baseline -0.003 -11"><span class='ocrx_word' id='word_1_273' title='bbox 265 2031 352 2066; x_wconf 81' lang='lat' dir='ltr'><strong>tavit</strong></span> <span class='ocrx_word' id='word_1_274' title='bbox 377 2036 487 2066; x_wconf 85' lang='lat' dir='ltr'><strong>autern</strong></span> <span class='ocrx_word' id='word_1_275' title='bbox 512 2032 755 2076; x_wconf 80' lang='lat' dir='ltr'><strong>plausibiliores</strong></span> <span class='ocrx_word' id='word_1_276' title='bbox 779 2032 861 2066; x_wconf 83' lang='lat' dir='ltr'><strong>alias</strong></span> <span class='ocrx_word' id='word_1_277' title='bbox 897 2032 939 2065; x_wconf 89' lang='lat' dir='ltr'><strong>de</strong></span> <span class='ocrx_word' id='word_1_278' title='bbox 971 2033 1060 2065; x_wconf 85' lang='lat' dir='ltr'><strong>facto</strong></span> <span class='ocrx_word' id='word_1_279' title='bbox 1094 2031 1160 2064; x_wconf 87' lang='lat' dir='ltr'><strong>isto</strong></span> <span class='ocrx_word' id='word_1_280' title='bbox 1182 2031 1316 2064; x_wconf 87' lang='lat' dir='ltr'><strong>dolendi</strong></span> <span class='ocrx_word' id='word_1_281' title='bbox 1340 2029 1505 2069; x_wconf 80' lang='lat' dir='ltr'><strong>rationes,</strong></span> <span class='ocrx_word' id='word_1_282' title='bbox 1539 2027 1709 2061; x_wconf 74' lang='lat' dir='ltr'><strong>infamiam</strong></span> 
     </span>
     <span class='ocr_line' id='line_1_31' title="bbox 264 2072 1710 2122; baseline -0.004 -11"><span class='ocrx_word' id='word_1_283' title='bbox 264 2077 423 2111; x_wconf 86' lang='lat' dir='ltr'><strong>videlicet</strong></span> <span class='ocrx_word' id='word_1_284' title='bbox 445 2089 543 2122; x_wconf 76' lang='lat' dir='ltr'><strong>quain</strong></span> <span class='ocrx_word' id='word_1_285' title='bbox 565 2077 623 2111; x_wconf 81' lang='lat' dir='ltr'><strong>ina</strong></span> <span class='ocrx_word' id='word_1_286' title='bbox 645 2077 761 2111; x_wconf 83' lang='lat' dir='ltr'><strong>infelix</strong></span> <span class='ocrx_word' id='word_1_287' title='bbox 784 2077 859 2111; x_wconf 85' lang='lat' dir='ltr'><strong>istis</strong></span> <span class='ocrx_word' id='word_1_288' title='bbox 885 2083 977 2111; x_wconf 86' lang='lat' dir='ltr'><strong>esset</strong></span> <span class='ocrx_word' id='word_1_289' title='bbox 998 2075 1138 2120; x_wconf 81' lang='lat' dir='ltr'><strong>flagitiis</strong></span> <span class='ocrx_word' id='word_1_290' title='bbox 1168 2075 1348 2121; x_wconf 83' lang='lat' dir='ltr'><strong>promerita</strong></span> <span class='ocrx_word' id='word_1_291' title='bbox 1369 2074 1561 2113; x_wconf 82' lang='lat' dir='ltr'><strong>maximam,</strong></span> <span class='ocrx_word' id='word_1_292' title='bbox 1592 2072 1710 2115; x_wconf 79' lang='lat' dir='ltr'><strong>generi</strong></span> 
     </span>
     <span class='ocr_line' id='line_1_32' title="bbox 265 2117 1710 2167; baseline -0.003 -11"><span class='ocrx_word' id='word_1_293' title='bbox 265 2134 306 2156; x_wconf 85' lang='lat' dir='ltr'><strong>ac</strong></span> <span class='ocrx_word' id='word_1_294' title='bbox 322 2123 468 2157; x_wconf 81' lang='lat' dir='ltr'><strong>familiae</strong></span> <span class='ocrx_word' id='word_1_295' title='bbox 494 2123 651 2167; x_wconf 83' lang='lat' dir='ltr'><strong>probrum</strong></span> <span class='ocrx_word' id='word_1_296' title='bbox 674 2123 897 2157; x_wconf 84' lang='lat' dir='ltr'><strong>foedissimum</strong></span> <span class='ocrx_word' id='word_1_297' title='bbox 920 2122 1067 2156; x_wconf 88' lang='lat' dir='ltr'><strong>inurens.</strong></span> <span class='ocrx_word' id='word_1_298' title='bbox 1113 2121 1209 2155; x_wconf 88' lang='lat' dir='ltr'><strong>simul</strong></span> <span class='ocrx_word' id='word_1_299' title='bbox 1233 2128 1343 2155; x_wconf 83' lang='lat' dir='ltr'><strong>autern</strong></span> <span class='ocrx_word' id='word_1_300' title='bbox 1367 2131 1440 2153; x_wconf 85' lang='lat' dir='ltr'><strong>cum</strong></span> <span class='ocrx_word' id='word_1_301' title='bbox 1455 2120 1580 2152; x_wconf 86' lang='lat' dir='ltr'><strong>honore</strong></span> <span class='ocrx_word' id='word_1_302' title='bbox 1601 2117 1710 2162; x_wconf 82' lang='lat' dir='ltr'><strong>digni-</strong></span> 
     </span>
     <span class='ocr_line' id='line_1_33' title="bbox 264 2164 1709 2213; baseline -0.003 -12"><span class='ocrx_word' id='word_1_303' title='bbox 264 2171 367 2202; x_wconf 85' lang='lat' dir='ltr'><strong>tatem</strong></span> <span class='ocrx_word' id='word_1_304' title='bbox 392 2180 432 2202; x_wconf 85' lang='lat' dir='ltr'><strong>ac</strong></span> <span class='ocrx_word' id='word_1_305' title='bbox 456 2179 572 2202; x_wconf 89' lang='lat' dir='ltr'><strong>nomen</strong></span> <span class='ocrx_word' id='word_1_306' title='bbox 595 2169 722 2212; x_wconf 81' lang='lat' dir='ltr'><strong>regium</strong></span> <span class='ocrx_word' id='word_1_307' title='bbox 745 2169 911 2213; x_wconf 88' lang='lat' dir='ltr'><strong>perditum</strong></span> <span class='ocrx_word' id='word_1_308' title='bbox 933 2167 1068 2209; x_wconf 81' lang='lat' dir='ltr'><strong>ivisset3</strong></span> <span class='ocrx_word' id='word_1_309' title='bbox 1091 2178 1158 2212; x_wconf 93' lang='lat' dir='ltr'><strong>quo</strong></span> <span class='ocrx_word' id='word_1_310' title='bbox 1180 2166 1254 2211; x_wconf 85' lang='lat' dir='ltr'><strong>ipso</strong></span> <span class='ocrx_word' id='word_1_311' title='bbox 1275 2177 1350 2199; x_wconf 88' lang='lat' dir='ltr'><strong>mox</strong></span> <span class='ocrx_word' id='word_1_312' title='bbox 1371 2164 1546 2210; x_wconf 77' lang='lat' dir='ltr'><strong>privanda,</strong></span> <span class='ocrx_word' id='word_1_313' title='bbox 1569 2173 1709 2197; x_wconf 82' lang='lat' dir='ltr'><strong>sensura</strong></span> 
     </span>
     <span class='ocr_line' id='line_1_34' title="bbox 264 2208 1709 2259; baseline -0.003 -13"><span class='ocrx_word' id='word_1_314' title='bbox 264 2215 355 2247; x_wconf 81' lang='lat' dir='ltr'><strong>esset</strong></span> <span class='ocrx_word' id='word_1_315' title='bbox 376 2214 540 2248; x_wconf 85' lang='lat' dir='ltr'><strong>inutiliter</strong></span> <span class='ocrx_word' id='word_1_316' title='bbox 563 2226 600 2248; x_wconf 90' lang='lat' dir='ltr'><strong>se</strong></span> <span class='ocrx_word' id='word_1_317' title='bbox 622 2225 801 2259; x_wconf 79' lang='lat' dir='ltr'><strong>peccasse,</strong></span> <span class='ocrx_word' id='word_1_318' title='bbox 832 2214 908 2247; x_wconf 88' lang='lat' dir='ltr'><strong>dum</strong></span> <span class='ocrx_word' id='word_1_319' title='bbox 931 2213 964 2247; x_wconf 90' lang='lat' dir='ltr'><strong>id</strong></span> <span class='ocrx_word' id='word_1_320' title='bbox 995 2215 1105 2247; x_wconf 86' lang='lat' dir='ltr'><strong>scelus</strong></span> <span class='ocrx_word' id='word_1_321' title='bbox 1138 2223 1198 2257; x_wconf 84' lang='lat' dir='ltr'><strong>spe</strong></span> <span class='ocrx_word' id='word_1_322' title='bbox 1221 2215 1293 2245; x_wconf 85' lang='lat' dir='ltr'><strong>tuto</strong></span> <span class='ocrx_word' id='word_1_323' title='bbox 1317 2210 1477 2255; x_wconf 82' lang='lat' dir='ltr'><strong>regnandi</strong></span> <span class='ocrx_word' id='word_1_324' title='bbox 1500 2208 1709 2243; x_wconf 76' lang='lat' dir='ltr'><strong>consciverit.</strong></span> 
     </span>
     <span class='ocr_line' id='line_1_35' title="bbox 263 2253 1710 2304; baseline -0.003 -13"><span class='ocrx_word' id='word_1_325' title='bbox 263 2270 340 2292; x_wconf 86' lang='lat' dir='ltr'><strong>nam</strong></span> <span class='ocrx_word' id='word_1_326' title='bbox 363 2270 500 2303; x_wconf 86' lang='lat' dir='ltr'><strong>regnum</strong></span> <span class='ocrx_word' id='word_1_327' title='bbox 523 2259 613 2304; x_wconf 82' lang='lat' dir='ltr'><strong>quod</strong></span> <span class='ocrx_word' id='word_1_328' title='bbox 636 2260 756 2294; x_wconf 86' lang='lat' dir='ltr'><strong>homini</strong></span> <span class='ocrx_word' id='word_1_329' title='bbox 777 2259 866 2293; x_wconf 83' lang='lat' dir='ltr'><strong>nulla</strong></span> <span class='ocrx_word' id='word_1_330' title='bbox 887 2270 925 2292; x_wconf 90' lang='lat' dir='ltr'><strong>re</strong></span> <span class='ocrx_word' id='word_1_331' title='bbox 949 2258 1013 2292; x_wconf 84' lang='lat' dir='ltr'><strong>nisi</strong></span> <span class='ocrx_word' id='word_1_332' title='bbox 1044 2258 1129 2292; x_wconf 85' lang='lat' dir='ltr'><strong>mala</strong></span> <span class='ocrx_word' id='word_1_333' title='bbox 1151 2258 1251 2301; x_wconf 86' lang='lat' dir='ltr'><strong>digno</strong></span> <span class='ocrx_word' id='word_1_334' title='bbox 1285 2256 1475 2301; x_wconf 74' lang='lat' dir='ltr'><strong>turpissime</strong></span> <span class='ocrx_word' id='word_1_335' title='bbox 1506 2253 1710 2295; x_wconf 78' lang='lat' dir='ltr'><strong>tradidisset,</strong></span> 
     </span>
     <span class='ocr_line' id='line_1_36' title="bbox 263 2298 1709 2350; baseline -0.001 -14"><span class='ocrx_word' id='word_1_336' title='bbox 263 2303 330 2348; x_wconf 87' lang='lat' dir='ltr'><strong>ipsi</strong></span> <span class='ocrx_word' id='word_1_337' title='bbox 365 2316 440 2338; x_wconf 92' lang='lat' dir='ltr'><strong>mox</strong></span> <span class='ocrx_word' id='word_1_338' title='bbox 471 2306 734 2350; x_wconf 86' lang='lat' dir='ltr'><strong>extorquendum</strong></span> <span class='ocrx_word' id='word_1_339' title='bbox 767 2317 789 2339; x_wconf 83' lang='lat' dir='ltr'><strong>a</strong></span> <span class='ocrx_word' id='word_1_340' title='bbox 820 2304 1010 2346; x_wconf 85' lang='lat' dir='ltr'><strong>&#39;I&#39;ocharis‚</strong></span> <span class='ocrx_word' id='word_1_341' title='bbox 1046 2314 1186 2349; x_wconf 89' lang='lat' dir='ltr'><strong>quorum</strong></span> <span class='ocrx_word' id='word_1_342' title='bbox 1217 2303 1392 2347; x_wconf 87' lang='lat' dir='ltr'><strong>potentiae</strong></span> <span class='ocrx_word' id='word_1_343' title='bbox 1426 2300 1641 2344; x_wconf 82' lang='lat' dir='ltr'><strong>irruptionem</strong></span> <span class='ocrx_word' id='word_1_344' title='bbox 1673 2298 1709 2334; x_wconf 81' lang='lat' dir='ltr'><strong>in</strong></span> 
     </span>
     <span class='ocr_line' id='line_1_37' title="bbox 263 2343 1708 2395; baseline -0.002 -14"><span class='ocrx_word' id='word_1_345' title='bbox 263 2349 457 2393; x_wconf 83' lang='lat' dir='ltr'><strong>Buigariam</strong></span> <span class='ocrx_word' id='word_1_346' title='bbox 481 2350 671 2394; x_wconf 84' lang='lat' dir='ltr'><strong>parantium</strong></span> <span class='ocrx_word' id='word_1_347' title='bbox 697 2350 781 2385; x_wconf 85' lang='lat' dir='ltr'><strong>nihil</strong></span> <span class='ocrx_word' id='word_1_348' title='bbox 804 2354 917 2395; x_wconf 80' lang='lat' dir='ltr'><strong>posset</strong></span> <span class='ocrx_word' id='word_1_349' title='bbox 941 2349 1115 2383; x_wconf 73' lang='lat' dir='ltr'><strong>Laelianas</strong></span> <span class='ocrx_word' id='word_1_350' title='bbox 1138 2359 1308 2392; x_wconf 89' lang='lat' dir='ltr'><strong>opponere</strong></span> <span class='ocrx_word' id='word_1_351' title='bbox 1330 2346 1419 2393; x_wconf 86' lang='lat' dir='ltr'><strong>quod</strong></span> <span class='ocrx_word' id='word_1_352' title='bbox 1442 2356 1504 2391; x_wconf 84' lang='lat' dir='ltr'><strong>par</strong></span> <span class='ocrx_word' id='word_1_353' title='bbox 1521 2343 1708 2383; x_wconf 79' lang='lat' dir='ltr'><strong>resistendo</strong></span> 
     </span>
     <span class='ocr_line' id='line_1_38' title="bbox 263 2389 1708 2440; baseline -0.003 -13"><span class='ocrx_word' id='word_1_354' title='bbox 263 2394 364 2427; x_wconf 87' lang='lat' dir='ltr'><strong>foret.</strong></span> <span class='ocrx_word' id='word_1_355' title='bbox 411 2395 584 2431; x_wconf 84' lang='lat' dir='ltr'><strong>Tocharos</strong></span> <span class='ocrx_word' id='word_1_356' title='bbox 607 2402 736 2439; x_wconf 86' lang='lat' dir='ltr'><strong>autem,</strong></span> <span class='ocrx_word' id='word_1_357' title='bbox 760 2400 798 2430; x_wconf 90' lang='lat' dir='ltr'><strong>ut</strong></span> <span class='ocrx_word' id='word_1_358' title='bbox 823 2407 959 2430; x_wconf 82' lang='lat' dir='ltr'><strong>movere</strong></span> <span class='ocrx_word' id='word_1_359' title='bbox 982 2394 1231 2440; x_wconf 67' lang='lat' dir='ltr'><strong>quamprimum„</strong></span> <span class='ocrx_word' id='word_1_360' title='bbox 1243 2394 1278 2427; x_wconf 89' lang='lat' dir='ltr'><strong>in</strong></span> <span class='ocrx_word' id='word_1_361' title='bbox 1302 2393 1495 2427; x_wconf 78' lang='lat' dir='ltr'><strong>Lachanam</strong></span> <span class='ocrx_word' id='word_1_362' title='bbox 1519 2401 1584 2424; x_wconf 86' lang='lat' dir='ltr'><strong>non</strong></span> <span class='ocrx_word' id='word_1_363' title='bbox 1608 2389 1708 2435; x_wconf 66' lang='lat' dir='ltr'><strong>omit-7</strong></span> 
     </span>
     <span class='ocr_line' id='line_1_39' title="bbox 265 2434 1707 2485; baseline -0.003 -13"><span class='ocrx_word' id='word_1_364' title='bbox 265 2443 403 2481; x_wconf 84' lang='lat' dir='ltr'><strong>terent,</strong></span> <span class='ocrx_word' id='word_1_365' title='bbox 426 2440 513 2474; x_wconf 86' lang='lat' dir='ltr'><strong>duae</strong></span> <span class='ocrx_word' id='word_1_366' title='bbox 544 2452 666 2475; x_wconf 83' lang='lat' dir='ltr'><strong>causae</strong></span> <span class='ocrx_word' id='word_1_367' title='bbox 687 2441 894 2476; x_wconf 75' lang='lat' dir='ltr'><strong>incitabantz</strong></span> <span class='ocrx_word' id='word_1_368' title='bbox 927 2441 1046 2474; x_wconf 81' lang='lat' dir='ltr'><strong>etenim</strong></span> <span class='ocrx_word' id='word_1_369' title='bbox 1081 2440 1169 2485; x_wconf 90' lang='lat' dir='ltr'><strong>quod</strong></span> <span class='ocrx_word' id='word_1_370' title='bbox 1201 2450 1259 2473; x_wconf 85' lang='lat' dir='ltr'><strong>eos</strong></span> <span class='ocrx_word' id='word_1_371' title='bbox 1281 2439 1375 2484; x_wconf 88' lang='lat' dir='ltr'><strong>prior</strong></span> <span class='ocrx_word' id='word_1_372' title='bbox 1404 2437 1460 2471; x_wconf 88' lang='lat' dir='ltr'><strong>ille</strong></span> <span class='ocrx_word' id='word_1_373' title='bbox 1482 2434 1707 2470; x_wconf 80' lang='lat' dir='ltr'><strong>lacessivisset</strong></span> 
     </span>
     <span class='ocr_line' id='line_1_40' title="bbox 267 2482 1706 2530; baseline -0.003 -12"><span class='ocrx_word' id='word_1_374' title='bbox 267 2496 381 2519; x_wconf 86' lang='lat' dir='ltr'><strong>eornm</strong></span> <span class='ocrx_word' id='word_1_375' title='bbox 404 2485 519 2529; x_wconf 85' lang='lat' dir='ltr'><strong>copias</strong></span> <span class='ocrx_word' id='word_1_376' title='bbox 547 2487 710 2529; x_wconf 84' lang='lat' dir='ltr'><strong>caedens,</strong></span> <span class='ocrx_word' id='word_1_377' title='bbox 730 2486 913 2521; x_wconf 87' lang='lat' dir='ltr'><strong>ulciscendi</strong></span> <span class='ocrx_word' id='word_1_378' title='bbox 935 2487 1060 2520; x_wconf 86' lang='lat' dir='ltr'><strong>hostem</strong></span> <span class='ocrx_word' id='word_1_379' title='bbox 1084 2490 1236 2530; x_wconf 87' lang='lat' dir='ltr'><strong>apertum</strong></span> <span class='ocrx_word' id='word_1_380' title='bbox 1260 2483 1461 2518; x_wconf 80' lang='lat' dir='ltr'><strong>necessitate</strong></span> <span class='ocrx_word' id='word_1_381' title='bbox 1484 2482 1525 2515; x_wconf 81' lang='lat' dir='ltr'><strong>ad</strong></span> <span class='ocrx_word' id='word_1_382' title='bbox 1549 2491 1622 2515; x_wconf 83' lang='lat' dir='ltr'><strong>eam</strong></span> <span class='ocrx_word' id='word_1_383' title='bbox 1645 2490 1706 2514; x_wconf 86' lang='lat' dir='ltr'><strong>ex-</strong></span> 
     </span>
     <span class='ocr_line' id='line_1_41' title="bbox 263 2526 1705 2577; baseline -0.005 -13"><span class='ocrx_word' id='word_1_384' title='bbox 263 2531 466 2576; x_wconf 87' lang='lat' dir='ltr'><strong>peditionem</strong></span> <span class='ocrx_word' id='word_1_385' title='bbox 483 2530 764 2575; x_wconf 86' lang='lat' dir='ltr'><strong>impellebantur;</strong></span> <span class='ocrx_word' id='word_1_386' title='bbox 796 2538 832 2566; x_wconf 92' lang='lat' dir='ltr'><strong>et</strong></span> <span class='ocrx_word' id='word_1_387' title='bbox 862 2532 914 2566; x_wconf 84' lang='lat' dir='ltr'><strong>rei</strong></span> <span class='ocrx_word' id='word_1_388' title='bbox 945 2532 988 2566; x_wconf 82' lang='lat' dir='ltr'><strong>ad</strong></span> <span class='ocrx_word' id='word_1_389' title='bbox 1019 2531 1055 2566; x_wconf 85' lang='lat' dir='ltr'><strong>id</strong></span> <span class='ocrx_word' id='word_1_390' title='bbox 1078 2531 1266 2565; x_wconf 85' lang='lat' dir='ltr'><strong>audendum</strong></span> <span class='ocrx_word' id='word_1_391' title='bbox 1287 2529 1450 2563; x_wconf 84' lang='lat' dir='ltr'><strong>facilitate</strong></span> <span class='ocrx_word' id='word_1_392' title='bbox 1471 2526 1705 2577; x_wconf 70' lang='lat' dir='ltr'><strong>incitabantur,</strong></span> 
     </span>
     <span class='ocr_line' id='line_1_42' title="bbox 265 2574 1707 2621; baseline -0.004 -11"><span class='ocrx_word' id='word_1_393' title='bbox 265 2576 357 2621; x_wconf 88' lang='lat' dir='ltr'><strong>quod</strong></span> <span class='ocrx_word' id='word_1_394' title='bbox 393 2576 580 2610; x_wconf 75' lang='lat' dir='ltr'><strong>Laehanam</strong></span> <span class='ocrx_word' id='word_1_395' title='bbox 612 2589 688 2611; x_wconf 86' lang='lat' dir='ltr'><strong>esse</strong></span> <span class='ocrx_word' id='word_1_396' title='bbox 721 2578 846 2612; x_wconf 88' lang='lat' dir='ltr'><strong>scirent</strong></span> <span class='ocrx_word' id='word_1_397' title='bbox 877 2578 1040 2612; x_wconf 86' lang='lat' dir='ltr'><strong>hominem</strong></span> <span class='ocrx_word' id='word_1_398' title='bbox 1073 2576 1186 2617; x_wconf 84' lang='lat' dir='ltr'><strong>nihili,</strong></span> <span class='ocrx_word' id='word_1_399' title='bbox 1214 2586 1348 2610; x_wconf 84' lang='lat' dir='ltr'><strong>exosum</strong></span> <span class='ocrx_word' id='word_1_400' title='bbox 1377 2579 1413 2608; x_wconf 84' lang='lat' dir='ltr'><strong>et</strong></span> <span class='ocrx_word' id='word_1_401' title='bbox 1434 2575 1583 2617; x_wconf 86' lang='lat' dir='ltr'><strong>spretum</strong></span> <span class='ocrx_word' id='word_1_402' title='bbox 1605 2574 1707 2604; x_wconf 78' lang='lat' dir='ltr'><strong>etium</strong></span> 
     </span>
     <span class='ocr_line' id='line_1_43' title="bbox 262 2619 1707 2667; baseline -0.007 -10"><span class='ocrx_word' id='word_1_403' title='bbox 262 2621 527 2666; x_wconf 74' lang='lat' dir='ltr'><strong>suis³Bu1garis.</strong></span> <span class='ocrx_word' id='word_1_404' title='bbox 572 2622 655 2655; x_wconf 84' lang='lat' dir='ltr'><strong>talia</strong></span> <span class='ocrx_word' id='word_1_405' title='bbox 677 2623 800 2667; x_wconf 87' lang='lat' dir='ltr'><strong>passim</strong></span> <span class='ocrx_word' id='word_1_406' title='bbox 823 2624 912 2667; x_wconf 84' lang='lat' dir='ltr'><strong>apud</strong></span> <span class='ocrx_word' id='word_1_407' title='bbox 936 2622 1115 2657; x_wconf 74' lang='lat' dir='ltr'><strong>familiares</strong></span> <span class='ocrx_word' id='word_1_408' title='bbox 1137 2621 1319 2667; x_wconf 84' lang='lat' dir='ltr'><strong>imperator</strong></span> <span class='ocrx_word' id='word_1_409' title='bbox 1344 2619 1521 2658; x_wconf 82' lang='lat' dir='ltr'><strong>disserens,</strong></span> <span class='ocrx_word' id='word_1_410' title='bbox 1542 2626 1607 2648; x_wconf 89' lang='lat' dir='ltr'><strong>non</strong></span> <span class='ocrx_word' id='word_1_411' title='bbox 1631 2625 1707 2648; x_wconf 85' lang='lat' dir='ltr'><strong>ces-</strong></span> 
     </span>
     <span class='ocr_line' id='line_1_44' title="bbox 263 2665 1706 2712; baseline -0.008 -9"><span class='ocrx_word' id='word_1_412' title='bbox 263 2669 364 2704; x_wconf 80' lang='lat' dir='ltr'><strong>sabat</strong></span> <span class='ocrx_word' id='word_1_413' title='bbox 393 2666 523 2701; x_wconf 84' lang='lat' dir='ltr'><strong>interim</strong></span> <span class='ocrx_word' id='word_1_414' title='bbox 556 2667 638 2701; x_wconf 83' lang='lat' dir='ltr'><strong>alias</strong></span> <span class='ocrx_word' id='word_1_415' title='bbox 670 2679 772 2712; x_wconf 86' lang='lat' dir='ltr'><strong>super</strong></span> <span class='ocrx_word' id='word_1_416' title='bbox 804 2668 884 2702; x_wconf 84' lang='lat' dir='ltr'><strong>alias</strong></span> <span class='ocrx_word' id='word_1_417' title='bbox 914 2668 949 2702; x_wconf 89' lang='lat' dir='ltr'><strong>in</strong></span> <span class='ocrx_word' id='word_1_418' title='bbox 983 2667 1173 2712; x_wconf 80' lang='lat' dir='ltr'><strong>Bulgariam</strong></span> <span class='ocrx_word' id='word_1_419' title='bbox 1196 2666 1310 2711; x_wconf 81' lang='lat' dir='ltr'><strong>copias</strong></span> <span class='ocrx_word' id='word_1_420' title='bbox 1332 2665 1487 2703; x_wconf 84' lang='lat' dir='ltr'><strong>mittere,</strong></span> <span class='ocrx_word' id='word_1_421' title='bbox 1510 2671 1706 2712; x_wconf 64' lang='lat' dir='ltr'><strong>omnemque</strong></span> 
     </span>
     <span class='ocr_line' id='line_1_45' title="bbox 266 2706 1704 2758; baseline -0.004 -10"><span class='ocrx_word' id='word_1_422' title='bbox 266 2714 443 2748; x_wconf 85' lang='lat' dir='ltr'><strong>admovere</strong></span> <span class='ocrx_word' id='word_1_423' title='bbox 465 2712 648 2747; x_wconf 85' lang='lat' dir='ltr'><strong>machinam</strong></span> <span class='ocrx_word' id='word_1_424' title='bbox 671 2713 713 2746; x_wconf 86' lang='lat' dir='ltr'><strong>ad</strong></span> <span class='ocrx_word' id='word_1_425' title='bbox 738 2713 952 2747; x_wconf 84' lang='lat' dir='ltr'><strong>deiiciendam</strong></span> <span class='ocrx_word' id='word_1_426' title='bbox 976 2725 1016 2747; x_wconf 90' lang='lat' dir='ltr'><strong>eo</strong></span> <span class='ocrx_word' id='word_1_427' title='bbox 1049 2724 1152 2758; x_wconf 82' lang='lat' dir='ltr'><strong>regno</strong></span> <span class='ocrx_word' id='word_1_428' title='bbox 1175 2711 1329 2746; x_wconf 89' lang='lat' dir='ltr'><strong>Mariam.</strong></span> <span class='ocrx_word' id='word_1_429' title='bbox 1375 2714 1412 2744; x_wconf 85' lang='lat' dir='ltr'><strong>at</strong></span> <span class='ocrx_word' id='word_1_430' title='bbox 1439 2706 1614 2742; x_wconf 71' lang='lat' dir='ltr'><strong>Lachanfls</strong></span> <span class='ocrx_word' id='word_1_431' title='bbox 1637 2709 1704 2739; x_wconf 64' lang='lat'><strong>⁶100</strong></span> 
     </span>
     <span class='ocr_line' id='line_1_46' title="bbox 266 2750 1706 2804; baseline -0.008 -11"><span class='ocrx_word' id='word_1_432' title='bbox 266 2763 441 2804; x_wconf 84' lang='lat' dir='ltr'><strong>pertaesus</strong></span> <span class='ocrx_word' id='word_1_433' title='bbox 464 2758 547 2802; x_wconf 85' lang='lat' dir='ltr'><strong>regii</strong></span> <span class='ocrx_word' id='word_1_434' title='bbox 570 2758 666 2791; x_wconf 83' lang='lat' dir='ltr'><strong>luxus</strong></span> <span class='ocrx_word' id='word_1_435' title='bbox 691 2762 727 2791; x_wconf 86' lang='lat' dir='ltr'><strong>et</strong></span> <span class='ocrx_word' id='word_1_436' title='bbox 748 2758 941 2792; x_wconf 86' lang='lat' dir='ltr'><strong>deliciarum</strong></span> <span class='ocrx_word' id='word_1_437' title='bbox 964 2759 1090 2802; x_wconf 88' lang='lat' dir='ltr'><strong>uxoris,</strong></span> <span class='ocrx_word' id='word_1_438' title='bbox 1112 2758 1155 2792; x_wconf 69' lang='lat' dir='ltr'><strong>iis</strong></span> <span class='ocrx_word' id='word_1_439' title='bbox 1179 2768 1252 2791; x_wconf 86' lang='lat' dir='ltr'><strong>cum</strong></span> <span class='ocrx_word' id='word_1_440' title='bbox 1273 2755 1441 2791; x_wconf 80' lang='lat' dir='ltr'><strong>stomacho</strong></span> <span class='ocrx_word' id='word_1_441' title='bbox 1465 2750 1706 2803; x_wconf 35' lang='lat' dir='ltr'><strong>reiectishim·</strong></span> 
     </span>
     <span class='ocr_line' id='line_1_47' title="bbox 270 2797 1705 2850; baseline -0.007 -12"><span class='ocrx_word' id='word_1_442' title='bbox 270 2805 424 2840; x_wconf 86' lang='lat' dir='ltr'><strong>mundam</strong></span> <span class='ocrx_word' id='word_1_443' title='bbox 446 2804 659 2850; x_wconf 87' lang='lat' dir='ltr'><strong>illautamque</strong></span> <span class='ocrx_word' id='word_1_444' title='bbox 682 2803 849 2838; x_wconf 82' lang='lat' dir='ltr'><strong>barbarici</strong></span> <span class='ocrx_word' id='word_1_445' title='bbox 870 2803 976 2847; x_wconf 85' lang='lat' dir='ltr'><strong>ritus,</strong></span> <span class='ocrx_word' id='word_1_446' title='bbox 1001 2804 1056 2839; x_wconf 85' lang='lat' dir='ltr'><strong>cui</strong></span> <span class='ocrx_word' id='word_1_447' title='bbox 1078 2803 1201 2838; x_wconf 88' lang='lat' dir='ltr'><strong>dudum</strong></span> <span class='ocrx_word' id='word_1_448' title='bbox 1225 2802 1440 2841; x_wconf 79' lang='lat' dir='ltr'><strong>insueverat,</strong></span> <span class='ocrx_word' id='word_1_449' title='bbox 1462 2797 1553 2831; x_wconf 83' lang='lat' dir='ltr'><strong>vitae</strong></span> <span class='ocrx_word' id='word_1_450' title='bbox 1575 2797 1705 2830; x_wconf 77' lang='lat' dir='ltr'><strong>ferinae</strong></span> 
     </span>
    </p>
   </div>
  </div>
 </body>
</html>
