1846 3262
472 180 548 222 DE
577 142 858 223 MICHAEOE
889 179 1266 224 PALAEOLOGO
1302 182 1348 224 L.
1384 180 1463 224 111.
1611 182 1706 228 199

225 298 311 349 μας
321 292 482 353 χρυσίῳ
502 293 747 350 μερίζοντες.
816 294 884 337 καὶ
900 297 975 337 νῦν
993 294 1069 348 μὲν
1086 298 1236 338 τοῦτον
1255 298 1328 338 νῦν
1347 295 1560 339 δέ-ἕκεΐνον
1576 292 1702 353 ὕπερ-

221 360 391 417 χόμενοι
415 369 504 412 τοῖς
518 361 732 418 μηνύμασι
741 396 756 416 ,
795 367 918 406 τοῦτο
935 364 1012 415 μὲν
1034 361 1335 420 θεραπεύοντες
1355 369 1479 408 τοῦτο
1505 364 1554 408 δέ
1569 382 1613 422 γε
1633 367 1701 408 καὶ

225 429 540 487 ὑπισχνούμενοι
560 433 813 488 παρέπειθον
830 431 930 482 τοὺς
948 430 1146 485 πολλούς,
1177 435 1244 475 καὶ
1259 436 1421 487 μᾶλλον
1437 433 1537 484 τοὺς
1556 432 1701 489 ἐπιδή-

225 504 337 551 λους.
408 501 453 544 οἳ
476 501 527 556 δὴ
562 499 759 557 ὁσημέραι
777 501 899 544 πλέον
915 498 1232 556 μαλακιζόμενοι
1250 500 1439 556 ὑποψίαν
1459 507 1534 546 τοῦ
1552 505 1699 561 προδι-

191 568 341 613 5δόναι
362 576 556 626 παρεῖχον
582 578 669 621 τοῖς
695 570 848 620 ἄλλοις.
919 569 1026 626 πλὴν
1045 571 1114 612 καὶ
1140 573 1215 624 τῆς
1235 575 1472 627 μεταβολῆς
1491 570 1698 615 αἰσθανό-

220 656 335 692 μενοι
358 638 433 682 οὐκ
451 638 558 695 εἶχον
579 638 602 682 ὅ
620 657 657 682 τι
677 641 745 682 καὶ
763 637 981 696 πράξειαν·
1007 635 1163 693 μόνους
1183 638 1262 695 γὰρ
1285 639 1384 690 τοὺς
1399 640 1699 695 σπενδομὲνους

219 705 508 762 ὑπελάμβανον
525 706 755 762 σώζεσθαι,
793 707 990 758 κάκείνοις
1013 706 1212 764 ὁσημέραι
1234 710 1378 751 πολλοὶ
1401 710 1695 766 προσετίθεντο
1718 721 1748 756 Ρ
1774 721 1839 757 132

220 777 299 820 δεέι
330 781 405 821 τοῦ
437 775 694 824 κινδυνεύειν.
763 772 872 832 ἦσαν
904 777 950 820 δὲ
981 778 1054 819 καί
1075 793 1180 827 τινες
1200 777 1245 820 o‘c'
1261 776 1364 819 πολὺ
1387 778 1599 834 κρείττονα
1622 778 1695 822 τὸν

220 847 262 889 ἓν
294 850 353 905 τῷ
383 846 547 905 πολέμῳ
581 844 752 901 ἦγοῐῗντο
783 844 974 889 θάνατον
1000 850 1074 902 τῆς
1102 845 1471 903 προσδοκωμένης,
1508 846 1540 890 εἲ
1557 851 1693 890 καθυ-
1749 835 1761 842 .

166 925 209 958 10
221 922 358 973 φεΐντο
392 916 459 958 καὶ
489 917 760 972 προδοθεΐεν,
798 912 1029 968 κολάσεως,
1066 916 1133 957 καὶ
1165 915 1344 970 ἀντέχειν
1368 915 1437 959 διὰ
1465 920 1599 959 ταῦτα
1624 916 1694 959 διὰ

216 985 359 1034 τέλους
387 983 554 1038 ἤθελον.
627 983 752 1043 (13)
790 984 1078 1027 ἐπλεονέκτουν
1105 984 1151 1026 δὲ
1175 988 1336 1038 μᾶλλον
1361 985 1401 1027 οἱ
1430 985 1569 1028 καὶτὰ
1588 983 1691 1042 ὖπέρ
1714 996 1744 1031 P
1769 996 1835 1032 133

216 1058 291 1096 τοῦ
314 1050 628 1109 τυφλώττοντος
649 1051 991 1110 προβαλλόμενοι.
1062 1054 1129 1095 καὶ
1167 1057 1198 1077 “
1209 1054 1253 1095 τί
1268 1052 1383 1111 γάρ”
1416 1051 1552 1110 ἔλεγον
1588 1059 1618 1079 “
1628 1056 1693 1097 δι’-

215 1139 331 1165 καιον
358 1119 456 1177 ἡμῖν
488 1123 716 1179 πέπρακται
747 1121 810 1165 ἐπὶ
841 1127 900 1181 τῷ
932 1122 1157 1181 ἀλλοδαπῷ
1186 1125 1315 1180 τῷδε,
1354 1121 1388 1164 εἶ
1411 1121 1592 1174 κάκεῖνος
1612 1122 1688 1180 εἷἠ,

214 1193 250 1234 εἷ
267 1190 415 1246 ἄλλος
451 1191 588 1246 ἐπειδὴ
609 1188 819 1246 δεξάμενοι
839 1191 1026 1246 ἐτίθεμεν
1044 1189 1148 1247 ὑπὲρ
1171 1191 1302 1234 αὐτοῦ
1323 1190 1398 1241 τὰς
1416 1190 1579 1247 ψυχάς,
1615 1209 1691 1248 γυ-

161 1267 202 1303 15
216 1267 357 1311 ναῖκας
385 1261 453 1303 καὶ
479 1260 585 1303 αὐτὰ
614 1260 668 1303 τὰ
694 1258 840 1316 γνήσια
874 1257 1226 1318 προβαλλόμενοι,
1263 1262 1304 1310 ἐς
1336 1259 1359 1303 ὃ
1387 1262 1544 1316 σωθείη
1577 1258 1598 1303 ὃ
1634 1263 1690 1312 εἷς

208 1337 351 1385 χεῖρας
373 1326 569 1385 ἡμετέρας
589 1326 861 1387 καταφυγών,
896 1334 971 1372 νῦν
1000 1327 1304 1383 μεταβαλόντες
1324 1327 1689 1386 καταπροῶμεθας

212 1401 255 1442 τί
272 1399 315 1441 δ’
340 1396 436 1453 ἡμῖν
458 1400 514 1448 εἰς
531 1398 753 1454 ἀπολογίαν
777 1398 881 1455 πρὸς
899 1398 995 1448 τούς
1011 1398 1299 1454 μεμφομένους
1325 1398 1475 1441 ε’σεΐται
1500 1400 1685 1455 προδοῦ-
1709 1405 1737 1439 Β

212 1485 304 1524 σιν,·
339 1466 402 1511 ὅτι
434 1465 677 1526 παρώτρυνε
709 1467 769 1524 μὴ
800 1467 1030 1521 θέλονταςς
1066 1466 1163 1510 ἀλλ’
1186 1464 1284 1523 ἡμῖν
1307 1466 1559 1523 γλιχομένοις
1583 1465 1687 1525 ὖπέρ

211 1598 452 1635 blandimentis
474 1599 701 1645 plausibilium
724 1611 912 1635 sermonum
942 1599 1184 1645 aliquantulum
1209 1598 1305 1634 initio
1329 1599 1538 1635 labefactata
1560 1598 1687 1635 duritie

212 1647 434 1692 quorumdam
468 1658 488 1681 e
519 1646 709 1689 montanis,
741 1646 929 1681 accedente
950 1658 1034 1680 vero
1058 1647 1156 1690 larga
1179 1646 1405 1681 missitatione
1426 1646 1605 1681 munerum
1624 1658 1687 1681 ve-

181 1704 185 1711 *
210 1693 399 1728 hementius
422 1692 585 1737 impulsa,
620 1693 678 1728 vix
702 1693 838 1727 tandem
861 1693 937 1726 loco
965 1692 1087 1734 cessit,
1121 1692 1256 1738 placida
1280 1692 1457 1726 docilitate
1479 1692 1685 1727 succedente

210 1751 252 1774 ac
275 1739 375 1785 plena
398 1738 621 1783 promissione
643 1739 717 1773 veri
741 1739 776 1772 in
800 1738 1016 1783 imperatoris
1040 1739 1204 1783 obsequia
1222 1738 1351 1780 studii,
1382 1750 1488 1781 auro,
1520 1742 1559 1773 ut
1583 1739 1683 1781 solet,

208 1785 422 1819 distrahente
445 1786 631 1819 concordes
653 1791 690 1819 et
713 1784 824 1819 studia
845 1785 989 1819 invicem
1011 1789 1161 1830 votaque
1184 1785 1413 1818 committente
1438 1785 1535 1831 prius
1560 1785 1683 1819 unani·-

207 1831 309 1866 miter
331 1830 609 1876 conspirantium.
654 1843 697 1865 ea
720 1831 855 1866 ratione
875 1834 1056 1866 traxerunt
1077 1831 1111 1864 in
1134 1836 1250 1875 partes
1272 1831 1414 1874 multos,
1438 1836 1476 1864 et
1497 1830 1533 1866 in
1556 1831 1599 1865 iis
1623 1843 1683 1866 ca·

207 1878 283 1923 pita
312 1877 390 1922 ipsa
419 1877 591 1918 nationis,
625 1878 829 1912 anctoritate
859 1877 930 1911 illic
965 1881 1001 1911 et
1033 1876 1284 1911 existimatione
1307 1876 1491 1922 principes.
1539 1877 1683 1923 quibus-

209 1935 283 1957 cum
306 1929 479 1967 utcunque
501 1922 635 1957 isthaec
656 1935 781 1958 arcano
805 1924 1054 1965 tractabantur,
1086 1928 1122 1957 et
1145 1922 1212 1968 ipsi
1233 1923 1350 1957 sedulo
1374 1923 1544 1965 celabant,
1565 1928 1682 1958 tamen

208 1981 284 2004 cum
306 1970 341 2003 in
365 1969 665 2004 deliberationibus
687 1969 731 2004 de
755 1969 842 2003 bello
866 1975 903 2004 et
924 1969 960 2004 in
984 1969 1072 2003 omni
1095 1969 1274 2003 occasione
1304 1968 1459 2003 similium
1489 1980 1681 2003 sermonum

207 2015 232 2049 ii
256 2015 424 2050 molliores
446 2015 482 2049 in
506 2015 578 2050 dies
601 2027 639 2050 se
662 2016 889 2062 praeberent,
924 2015 1150 2060 suspicionem
1175 2015 1249 2048 aliis
1272 2020 1453 2049 moverunt
1475 2015 1574 2061 quasi
1597 2027 1681 2061 pro-

207 2061 369 2096 ditionem
402 2061 658 2097 meditarentur.
706 2074 850 2109 moxque
879 2062 1028 2106 suspicio
1059 2061 1095 2095 in
1128 2061 1315 2107 opinionem
1346 2061 1505 2102 transiit,
1547 2060 1680 2095 idoneis

208 2108 404 2142 extantibus
427 2107 620 2142 mutationis
643 2107 760 2153 signis.
807 2108 898 2142 unde
922 2119 987 2142 non
1010 2118 1128 2153 pamm
1152 2106 1347 2141 conturbari
1372 2106 1516 2150 contigit
1546 2107 1679 2152 pleros-

208 2165 296 2199 que,
334 2153 495 2188 videlicet
524 2155 756 2189 existimantes
789 2154 855 2188 sibi
890 2165 1012 2188 cavere
1041 2153 1122 2188 solis
1153 2164 1195 2187 ac
1226 2153 1370 2186 salutem
1396 2152 1573 2187 dumtaxat
1596 2164 1679 2199 pro-

207 2199 315 2245 priam
336 2199 464 2245 pacisci
486 2211 544 2234 eos
567 2200 624 2245 qui
648 2212 723 2235 cum
745 2200 951 2246 imperatore
973 2203 1182 2234 tractarent:
1207 2202 1363 2233 caeteros
1386 2209 1501 2232 omnes
1522 2198 1598 2233 irae
1616 2199 1678 2233 ho-

205 2245 307 2279 stium
330 2245 500 2290 expositos
522 2246 676 2293 relinqui.
724 2258 765 2281 eo
787 2246 897 2281 valuit
918 2246 1016 2280 huius
1038 2245 1180 2291 periculi
1203 2249 1332 2286 metus,
1364 2248 1404 2278 ut
1435 2244 1533 2278 multi
1560 2244 1678 2290 quoti·-

206 2291 263 2326 die
293 2291 339 2326 ad
368 2303 428 2326 eos
461 2292 520 2336 qui
550 2293 750 2327 tractabant
777 2303 817 2327 se
847 2296 1085 2337 aggregarent.
1133 2295 1239 2325 erant.
1252 2294 1367 2325 tamen
1390 2290 1449 2336 qui
1473 2293 1615 2324 mortem
1638 2291 1675 2325 in

205 2337 295 2372 bello
322 2337 432 2371 minus
455 2338 613 2372 acerbam
634 2338 800 2372 ducerent
820 2338 919 2372 malis
940 2337 1202 2383 suppliciisque,
1235 2336 1359 2382 quibus
1382 2348 1421 2370 se
1443 2335 1675 2371 subiiciendos

205 2384 454 2428 expectabant,
484 2383 514 2417 si
547 2388 608 2418 aut
628 2386 719 2418 ultro
742 2384 905 2419 cederent
933 2389 994 2418 aut
1015 2383 1156 2418 aliorum
1180 2383 1257 2417 dolo
1278 2382 1518 2428 proderentur.
1564 2393 1673 2428 quare

205 2430 433 2464 obfirmabant
459 2440 497 2462 se
526 2428 562 2464 in
594 2430 763 2464 sententia
793 2430 976 2465 resistendi
997 2429 1237 2474 bellandique,
1271 2428 1383 2474 quoad
1407 2428 1587 2462 vincerent
1610 2433 1673 2462 aut

206 2476 381 2512 caderent.
429 2475 521 2520 (13)
546 2476 690 2511 maxima
710 2477 828 2510 horum
851 2487 932 2522 pars
954 2479 1031 2509 erat
1052 2474 1279 2509 miserantium
1303 2485 1439 2509 caecum
1463 2486 1563 2520 quem
1580 2475 1673 2520 apud

204 2532 243 2556 se
274 2521 467 2564 habebant,
499 2526 536 2555 et
567 2522 663 2556 sactu
696 2521 868 2567 indignum
896 2521 1170 2556 contendentium
1193 2521 1305 2564 illum,
1339 2519 1544 2566 quicumque
1566 2524 1672 2564 esset,

202 2567 362 2613 prodere.
406 2579 474 2613 quo
497 2567 604 2610 enim,
626 2567 784 2612 aiebant,
807 2568 883 2602 iure
898 2567 1041 2602 alienum
1063 2566 1174 2612 hunc,
1198 2567 1273 2602 sive
1295 2566 1441 2601 Ioannes
1465 2570 1519 2601 est
1540 2565 1672 2600 Lasca-

203 2613 255 2647 ris
288 2613 361 2648 sive
393 2625 460 2648 non
496 2618 570 2655 est,
606 2613 760 2648 hostibus
793 2614 867 2648 eius
887 2614 931 2648 ad
954 2613 1124 2648 cruciatus
1146 2619 1183 2648 et
1205 2624 1322 2647 necem
1345 2613 1504 2647 acerbam
1526 2612 1672 2646 dedere-

203 2660 307 2694 mus?
335 2663 514 2706 postquam
546 2659 634 2694 enim
658 2671 720 2705 pro
742 2659 833 2694 illius
857 2659 901 2695 ad
923 2671 985 2694 nos
1020 2658 1246 2703 confugientis
1268 2658 1380 2694 salute
1402 2658 1517 2703 capita
1539 2661 1670 2700 nostra,

202 2715 328 2739 uxores
351 2717 393 2740 ac
417 2705 593 2740 carissima
615 2716 769 2752 quaeque
791 2705 827 2740 in
848 2705 1028 2740 discrimen
1049 2705 1217 2748 misimus,
1252 2704 1282 2740 si
1303 2705 1394 2739 hunc
1415 2703 1514 2738 modo
1539 2707 1670 2739 mutata

203 2757 346 2796 repente
368 2752 535 2787 sententia
558 2751 784 2794 destituimus,
807 2751 888 2798 quid
909 2752 1007 2786 nobis
1030 2752 1074 2786 ad
1095 2751 1325 2790 defensionem
1345 2750 1508 2785 faciemus
1529 2748 1668 2796 reliqui,

203 2796 380 2841 quominus
403 2798 448 2833 ab
470 2798 623 2834 omnibus
643 2797 843 2844 proditionis
865 2797 1162 2844 perfidiosissimae
1184 2797 1404 2832 damnemur?
1449 2806 1493 2830 an
1515 2794 1667 2830 dicemus

203 2852 264 2877 nos
286 2843 331 2878 ab
353 2843 428 2890 ipso
450 2846 603 2880 nolentes
625 2844 787 2892 impulsos
808 2845 1038 2894 coactosque?
1084 2848 1123 2883 at
1143 2843 1240 2880 nobis
1260 2843 1328 2879 iam
1349 2844 1453 2881 antea
1472 2841 1607 2889 paratis
1630 2845 1667 2877 et
