1884 3262
214 243 310 289 244
636 237 873 282 GEORGII
917 236 1271 281 PACHYMERIS

211 359 293 400 ἕκεΐ
307 351 499 406 δυνάμεις
525 351 630 406 πρὸς
658 351 732 407 τὴν
755 349 873 395 δύσιν
893 351 1173 405 ἐκπέμπεσθαι
1197 351 1264 393 καὶ
1288 352 1346 410 τῷ
1366 355 1689 405 καταμελεῖσθαι

209 421 436 480 μακρόθεν.
510 419 617 462 ἀλλὰ
637 425 770 463 ταῦτα
789 421 886 475 μέν,
923 425 1006 464 τῶν
1031 422 1210 463 δυσικιῦν
1227 417 1542 474 ἡσυχαζόντων,
1584 420 1687 474 πέμ-

210 510 298 535 πων
319 489 340 533 ὅ
361 489 555 543 βασιλεὺς
587 489 694 532 καθ’
730 489 829 532 ὅσον
849 486 935 532 οἷόν
965 507 1008 532 τε
1031 489 1228 531 ἀνεκτᾶτο
1253 490 1320 530 καὶ
1343 489 1446 545 πρὸς
1463 489 1510 531 τὸ
1539 487 1688 544 πρότε-

212 579 284 617 ρον
305 560 517 614 ἐπανῆγεν.
589 558 635 601 οὗ
656 558 735 615 γὰρ
756 554 822 613 ἦν,
862 558 935 601 οὒκ
955 554 1007 614 ἦν
1029 563 1105 601 τοῦ
1126 555 1327 600 δεσπότου
1346 558 1545 614 φανέντος
1564 558 1688 599 ἐκεῖσε

157 646 189 681 D
214 628 310 678 wig
338 627 509 684 Πέρσας
537 627 595 686 μὴ
624 627 788 684 ἠρεμεῖν
798 660 811 680 ,
860 626 882 682 ἢ
910 631 1070 682 μᾶλλον
1098 628 1165 669 καὶ
1193 625 1251 682 μὴ
1289 625 1365 668 σὺν
1396 624 1517 686 φόβῳ
1537 627 1722 671 πλείονι5

207 697 550 740 ἀναστέλλεσθαι.

157 776 188 810 Ε
351 766 432 812 28.
503 764 593 808 Τοῧ
628 763 672 807 δ’
706 763 837 808 αὐτοῦ
870 764 1013 816 ἔτους,
1051 763 1182 820 μηνὸς
1212 764 1418 820 Κρονίου,
1455 767 1539 806 τῶν
1561 763 1688 806 θείων
1718 778 1721 781 ·

207 834 370 891 ’ἡμερῶν
389 837 463 890 τῆς
484 834 674 888 νηστείας
695 833 940 889 τελουμένης
951 866 963 885 ,
999 832 1134 893 ἡμέρᾳ
1152 838 1226 888 τῆς
1245 833 1438 889 δευτέρας
1455 829 1689 885 ἑβδομάδος

208 903 395 963 δευτέρᾳ,
425 903 577 958 συνέβη
598 907 648 959 τῇ
668 904 822 963 Νικαίᾳ
845 903 888 945 ἐκ
906 900 1146 956 παραδόξου
1168 919 1210 945 τε
1229 903 1295 944 καὶ
1309 903 1502 958 ἐξαίφνης
1518 904 1688 955 πρᾶγμα

208 974 397 1028 πραχθὲν
415 973 490 1026 μὲν
509 971 690 1028 φοβερὸν
709 974 775 1015 καὶ
794 973 938 1027 μηδενὶ
960 970 1071 1030 ἄλλῳ
1101 973 1157 1020 εἲς
1189 968 1309 1026 λόγον
1338 969 1573 1026 ὑπερβολῆς
1606 987 1688 1011 πα-
1702 980 1747 1013 10

210 1045 428 1098 ραχωροῦν
461 1045 544 1083 τῶν
572 1043 806 1098 πρωτείων,
851 1039 926 1082 κᾶν
951 1038 973 1082 ὅ
1006 1057 1046 1082 τι
1082 1043 1148 1082 καὶ
1185 1038 1297 1088 ὅπως
1328 1043 1513 1093 συμβαίη
1524 1071 1536 1090 ,
1590 1036 1688 1080 ὅσον

207 1115 258 1167 τῇ
276 1113 491 1166 προσβολῇ
514 1111 581 1152 καὶ
615 1113 723 1166 μονῇ
754 1111 822 1152 καὶ
855 1113 906 1165 τῇ
933 1113 1017 1151 τῶν
1049 1111 1190 1151 δεινῶν
1227 1110 1479 1166 προσδοκία,
1521 1104 1576 1155 ὥς
1607 1106 1687 1161 ἤδη

207 1181 412 1235 μεγίστοις
439 1185 579 1228 κακοῖς
606 1182 939 1233 περιβεβλῆσθαι
971 1177 1192 1234 ἀναγκαῖον
1220 1175 1321 1219 εἶναι
1349 1182 1436 1225 τοῖς
1459 1176 1691 1229 δεχομένοις

62 1264 91 1297 Ρ
120 1263 186 1297 163
211 1251 278 1291 καὶ
297 1248 426 1303 μηδὲν
444 1251 528 1290 τῶν
550 1248 606 1296 εἷς
628 1249 837 1302 σωτηρίαν
856 1247 1039 1298 ἐλπίζειν,
1075 1244 1288 1303 λεγόμενον
1310 1246 1355 1287 δὲ
1375 1245 1434 1300 μὴ
1452 1244 1575 1287 τόσον
1597 1243 1690 1298 ἕχον

206 1320 263 1366 εἷς
284 1316 418 1373 φόβον
440 1317 506 1358 καὶ
532 1314 752 1371 συστολήν.
825 1315 948 1358 εἴωθε
965 1314 1043 1372 γὰρ
1075 1313 1095 1357 ὃ
1124 1314 1246 1371 λόγος
1261 1321 1348 1364 τοῖς
1370 1315 1549 1370 μετρίοις
1568 1313 1685 1368 μέγε-
1701 1319 1743 1354 15

206 1392 288 1435 θος
312 1385 514 1440 ἐπιφέρειν
552 1382 609 1434 ὥς
639 1382 726 1434 οἷός
755 1384 799 1427 τ’
835 1385 996 1427 ἐκείνων
1028 1391 1247 1441 περιεῖναι,
1292 1390 1380 1432 τοῖς
1410 1384 1454 1425 δὲ
1483 1384 1689 1438 μεγίστοις

206 1457 410 1505 ἓξατονῶν
433 1451 607 1509 ὕστερος
629 1458 748 1510 σφῶν
771 1455 1012 1510 φαίνεσθαι.
1083 1452 1190 1507 πλὴν
1219 1452 1345 1495 καλὸν
1377 1450 1420 1494 ἒν
1444 1458 1530 1501 τοῖς
1549 1449 1688 1493 τοιού-

206 1540 292 1573 τοις
312 1522 371 1578 μὴ
390 1528 478 1572 τοῖς
501 1523 730 1577 λεγομένοις
753 1522 937 1576 ἐμμένειν
965 1529 1054 1572 τοῖς
1081 1519 1215 1577 λόγοις
1237 1521 1541 1578 προσέχοντας,
1580 1518 1688 1562 ἀλλὰ

208 1594 276 1635 καὶ
305 1593 346 1642 ἐς
372 1589 487 1647 μάλα
520 1590 593 1633 τὸν
619 1595 717 1634 νοῦν
751 1589 963 1648 ἐπανάγειν
998 1593 1067 1634 καὶ
1098 1589 1153 1641 ὡς
1185 1591 1254 1632 ἐπ’
1289 1590 1430 1633 αὐτῶν
1461 1588 1585 1639 ὄντας
1603 1592 1686 1632 τῶν

204 1688 336 1723 vincias
360 1687 403 1723 ad
428 1687 637 1722 orientalem
659 1687 799 1722 limitem
835 1687 919 1722 sitas
944 1687 1071 1731 duplici
1096 1700 1139 1721 ex
1165 1699 1288 1731 causa,
1312 1686 1457 1733 primum
1481 1685 1572 1732 quod
1596 1697 1686 1731 quae

204 1736 280 1769 illas
306 1734 400 1780 prius
424 1734 654 1767 defendebant
677 1735 797 1779 copiae
820 1734 899 1768 inde
921 1734 957 1768 in
985 1735 1210 1769 Occidentem
1234 1734 1539 1775 abstraherentur,
1564 1732 1687 1766 deinde

147 1812 149 1815 .
205 1782 296 1826 quod
319 1781 354 1813 in
378 1781 639 1814 necessitatibus
663 1780 855 1824 urgentium
892 1785 928 1814 et
960 1781 1109 1814 remedio
1147 1781 1321 1825 praesenti
1351 1780 1522 1824 egentium
1548 1789 1686 1812 casuum

208 1832 350 1873 propter
384 1826 667 1871 longinquitatem
697 1826 964 1871 negligerentur.
1017 1832 1191 1861 caeterum
1228 1826 1305 1866 ubi,
1346 1832 1385 1860 ut
1416 1826 1505 1867 dixi,
1540 1829 1685 1868 pacatus

206 1872 274 1907 suit
307 1872 500 1914 Occidens,
537 1871 647 1905 missis
679 1873 722 1905 ad
753 1872 831 1905 illas
872 1877 990 1917 partes
1019 1873 1205 1918 imperator
1246 1872 1351 1917 copiis
1383 1878 1543 1917 quantam
1575 1870 1687 1914 potuit

206 1917 385 1952 maximam
419 1917 463 1951 iis
497 1918 740 1962 recuperandis
765 1929 878 1951 euram
901 1919 1092 1964 impendit,
1125 1920 1266 1963 fereque
1297 1919 1333 1952 in
1357 1923 1483 1951 statum
1507 1915 1685 1961 pristinum

206 1964 353 1998 reduxit.
400 1975 476 1997 nam
500 1964 667 2009 despotae
689 1964 824 1998 loannis
849 1976 890 1997 ea
917 1964 1047 2008 virtus,
1073 1976 1115 1998 ea
1140 1966 1231 1998 fama
1252 1970 1344 2005 erat,
1368 1970 1407 1997 ut
1430 1975 1471 1997 eo
1496 1967 1687 2007 apparente

204 2011 283 2043 fieri
307 2021 374 2044 non
398 2015 515 2055 posset
539 2010 620 2055 quin
642 2010 771 2044 Persae
794 2010 1033 2055 quiescerent,
1059 2017 1118 2046 aut
1140 2011 1253 2057 potius
1278 2022 1352 2044 cum
1378 2015 1468 2043 metu
1491 2016 1528 2043 et
1550 2015 1684 2042 terrore

202 2056 324 2091 maiori
342 2056 620 2102 reprimerentur.

297 2103 354 2136 28.
401 2101 564 2135 Eiusdem
589 2105 701 2135 autem
725 2101 804 2135 anni
828 2113 942 2136 meuse
965 2102 1117 2145 Martio,
1150 2115 1222 2136 cum
1247 2102 1335 2136 sacri
1359 2102 1433 2135 dies
1454 2099 1569 2134 ieiunii
1594 2100 1687 2132 cele-

204 2149 410 2187 brarentur,
433 2147 491 2181 die
512 2148 662 2182 secunda
686 2148 903 2182 hebdomadis
936 2150 1130 2189 secundae,
1163 2149 1307 2193 contigit
1329 2148 1483 2182 Nicaeae
1510 2157 1553 2179 ex
1575 2145 1685 2190 inopi-

208 2198 288 2227 nato
313 2199 349 2226 et
372 2193 486 2227 subito
509 2194 669 2238 quiddam
694 2195 779 2228 adeo
802 2195 1010 2236 terrificum,
1035 2202 1074 2229 ut
1097 2195 1126 2229 si
1150 2207 1226 2229 cum
1250 2194 1395 2229 maxime
1419 2191 1624 2227 turbulentis
1648 2196 1684 2224 et

206 2239 421 2273 tumultuosis
444 2239 644 2281 eventibus,
668 2240 728 2284 qui
750 2240 928 2274 maximam
956 2242 1086 2275 afferre
1110 2241 1416 2275 consternationem
1442 2239 1569 2282 solent,
1601 2248 1683 2271 con-

208 2287 359 2327 seratur,
384 2285 467 2318 nulli
490 2286 638 2319 omnium
661 2286 802 2320 diritate
824 2287 1056 2321 commotionis
1084 2299 1125 2321 ac
1155 2286 1330 2332 popularis
1354 2286 1542 2320 formidinis
1564 2284 1685 2317 insana

209 2330 435 2365 concitatione
466 2332 643 2365 concedat.
693 2333 782 2366 unde
815 2344 856 2367 ac
889 2334 1056 2379 quomodo
1091 2334 1255 2367 acciderit
1286 2339 1356 2367 tam
1391 2333 1610 2366 vehementer
1631 2329 1684 2363 in-

209 2387 354 2423 gruens,
377 2382 447 2410 tam
471 2378 607 2421 longum
630 2378 778 2421 durans,
800 2383 870 2413 tam
896 2380 996 2414 anxia
1019 2369 1258 2425 expectatione
1280 2378 1362 2412 mali
1392 2377 1582 2422 gravissimi
1605 2386 1684 2409 cru-

210 2423 304 2458 cians
326 2428 461 2465 terror,
486 2426 555 2457 tam
571 2423 818 2460 inevitabiliter
840 2425 876 2459 in
897 2437 1047 2460 summae
1068 2425 1274 2460 calamitatis
1301 2436 1435 2459 sensum
1459 2422 1558 2469 quasi
1582 2432 1683 2467 prae-

211 2476 342 2503 sentem
373 2479 448 2502 cum
482 2475 638 2504 extrema
671 2471 911 2515 desperatione
941 2472 1059 2506 salutis
1091 2483 1176 2517 quos
1211 2471 1519 2517 comprehendebat
1541 2468 1682 2502 miseros

209 2514 417 2555 coniiciens,
441 2516 628 2549 conandum
651 2520 705 2550 est
728 2517 855 2560 dicere,
878 2524 1051 2564 utcunque
1074 2519 1120 2552 sit
1143 2518 1284 2552 difficile
1308 2516 1502 2551 narratione
1525 2525 1596 2548 rem
1620 2524 1682 2546 ex-

208 2560 358 2605 primere
380 2559 432 2594 uti
454 2571 492 2594 se
515 2562 655 2603 habuit,
679 2562 807 2607 quippe
830 2576 918 2608 quae
941 2565 986 2598 sit
1009 2565 1203 2599 necessario
1227 2564 1337 2598 minus
1360 2568 1458 2597 atrox
1482 2560 1682 2605 apparitura

208 2606 401 2650 legentibus
433 2618 534 2651 quam
565 2619 639 2640 eam
670 2610 804 2653 experti
837 2616 1028 2647 senserunt.
1073 2622 1150 2645 nam
1185 2621 1274 2656 quae
1299 2607 1523 2644 mediocribus
1547 2605 1681 2651 quidem

209 2653 377 2697 affingere
400 2653 665 2697 magnitudinem
688 2665 745 2688 ars
772 2660 877 2700 atque
901 2652 1118 2702 amplificatio
1141 2656 1305 2691 sermonis
1328 2658 1463 2701 potest,
1486 2651 1604 2686 eadem
1628 2651 1682 2685 in-

210 2700 267 2733 fra
289 2697 508 2733 maximarum
531 2711 593 2746 per
614 2710 653 2733 se
675 2710 787 2734 rerum
820 2701 1000 2738 subsidere
1021 2702 1194 2748 fastigium
1216 2702 1326 2747 impar
1346 2697 1558 2744 assequendo
1582 2697 1681 2731 solet.

212 2756 320 2789 quare
341 2744 507 2790 sapientis
529 2745 663 2780 lectoris
687 2751 743 2780 est
764 2746 947 2782 sublevare
969 2749 1093 2784 iudicio
1127 2749 1164 2783 in
1193 2749 1319 2783 talibus
1341 2744 1575 2780 infirmitatem
1597 2743 1682 2777 scri-

212 2790 337 2836 ptionis
359 2790 416 2825 cui
438 2791 692 2835 cognoscendae
716 2792 777 2826 dat
797 2804 956 2838 operam,
991 2800 1027 2829 et
1049 2795 1148 2840 quasi
1171 2794 1333 2840 supplere
1354 2790 1568 2836 imaginando
1590 2788 1682 2835 quod

209 2835 312 2885 dictio
337 2837 445 2871 minus
467 2837 637 2883 exprimit,
661 2838 819 2873 evolante
842 2839 953 2873 animo
977 2840 1011 2874 in
1042 2841 1152 2885 ipsam
1177 2839 1400 2886 praesentiam
1423 2836 1579 2881 periculi,
1603 2846 1682 2869 sen-

209 2892 336 2928 susque
369 2883 530 2918 induente
561 2884 680 2929 quales
702 2884 809 2919 fuisse
833 2890 1093 2920 consentaneum
1118 2887 1162 2920 sit
1195 2897 1310 2921 eorum
1336 2883 1459 2931 quibus
1483 2881 1624 2926 contigit
1646 2881 1679 2915 in
