1846 3262
414 221 490 263 DE
528 218 811 262 MICHAELE
844 214 1222 259 PALAEOLOGO
1257 214 1308 256 L.
1347 211 1402 256 H.
1543 211 1639 258 111

161 336 408 391 Ῥωμαίους,
445 336 482 377 εἷ
500 334 710 390 ἐγχειροῖεν
731 332 800 375 ἐπί
815 349 877 384 τι,
904 330 964 386 μὴ
986 329 1097 380 ὅπως
1117 347 1160 386 γε
1181 331 1493 384 συνεργεῖσθαι,
1530 325 1639 369 ἀλλὰ

164 409 232 450 καὶ
254 405 359 449 κατὰ
381 401 531 459 κράτος
557 403 765 459 εἴργεσθαι
794 399 900 456 παρ’
922 398 1063 443 αὐτῶν
1084 399 1152 442 διὰ
1174 398 1221 442 τὸ
1243 397 1347 453 πρὸς
1372 398 1548 446 ἐκείνους
1567 402 1640 451 μῖ-

164 493 238 526 σος
265 478 467 528 καθαρῶς
502 471 803 529 προσκειμένων
831 476 919 519 τοῖς
943 468 1127 518 Ἰταλοῖς.
1195 466 1300 522 μετὰ
1331 470 1430 522 γοῦν
1460 465 1537 521 τὴν
1564 469 1640 521 τῆς

164 545 402 601 Σηλυβριάς
436 541 590 586 ἅλωσιν
623 540 742 584 οὐδὲν
768 535 818 594 ἦν
839 538 966 594 με’σον
988 537 1128 580 αὐτῶν
1151 553 1194 579 τε
1215 537 1285 589 καὶ
1308 540 1392 578 τῶν
1413 533 1636 591 ἡμετέρων,

112 613 260 657 ,5ἇλλ’
295 613 338 656 εἴ
360 630 439 655 που
472 608 708 665 συντύχοιεν
742 605 959 663 ἀλλήλοις,
1000 610 1169 663 φιλικῶς
1195 603 1303 659 εἶχον
1334 604 1457 647 αὗτοί
1472 621 1514 647 τε
1532 603 1635 660 πρὸς
1657 610 1692 645 Ε

162 685 339 732 ἐκείνους
355 681 530 724 κάκεῖνοι
550 679 653 737 πρὸς
673 674 868 730 τούτους,
907 678 973 719 καὶ
994 674 1148 732 τρόπον
1166 672 1304 728 μάχης
1326 673 1532 729 οὐδέτεροι
1551 677 1639 716 θα-

161 751 307 809 τίρους
329 749 556 794 ἐσκύλευον.
628 746 756 791 ἐδόκει
775 750 875 804 γοῦν
897 751 955 805 τῷ
977 749 1142 799 βασιλεῖ
1164 744 1223 786 δι’
1241 740 1545 798 Ἑλλησπόντου
1568 761 1640 786 πε-

164 821 400 878 ραιωθέντα
440 819 516 874 τὴν
545 818 784 873 Σηλυβρίαν
819 815 914 873 ἰίρτι
954 813 1140 858 ἁλοῦσαν
1171 817 1443 867 καταλαβεῖν,
1490 813 1559 855 καὶ
1587 813 1638 855 τὰ

161 892 252 946 περὶ
270 894 345 932 τοῦ
366 893 454 939 πῶς
473 887 524 938 ἂν
545 885 570 941 ἦ
589 884 705 936 πόλις
720 884 935 940 Ῥωμαίοις
953 882 1066 943 ἁλῴη
1087 886 1169 927 ἐκεῖ
1184 880 1422 938 καθήμενον
1442 898 1638 938 πραγμα-
1660 886 1690 920 P
1715 887 1762 922 72

107 968 151 1001 10
163 957 369 1002 τεύεσθαι.
441 956 547 1001 ἀλλὰ
581 955 628 1000 τὸ
659 957 750 1013 περὶ
776 954 852 1009 τὴν
880 955 1095 1010 ἐκκλησίαν
1116 952 1283 1008 συμβὰν
1308 950 1382 995 οὐκ
1405 950 1467 994 εἴα
1489 955 1637 994 τοῦτον

160 1031 373 1085 διαπερᾶν.

301 1098 378 1142 15.
444 1093 493 1139 ‘O
520 1094 599 1151 γὰρ
629 1091 887 1151 πατριάρχης
906 1091 1109 1149 Ἀρσένιος
1130 1090 1208 1135 εἴτ’
1233 1087 1563 1147 ἐπιλογισάμενος
1581 1088 1629 1133 τὸ
1653 1093 1683 1128 Β

160 1166 224 1208 ἐπὶ
253 1170 311 1224 τῷ
341 1169 506 1220 βασιλεῖ
531 1163 746 1220 πραχθέν,
786 1161 841 1213 ὥς
871 1161 1123 1218 ἐξηπάτηται
1150 1162 1225 1215 μὲν
1253 1158 1405 1217 αὐτός,
1447 1157 1468 1202 ὅ
1495 1160 1540 1202 δὲ
1560 1163 1634 1214 τῆς

158 1236 370 1289 βασιλείας
387 1233 518 1291 ὅρπηξ
538 1234 764 1289 ἀγέραστος
783 1233 890 1287 με’νει
911 1228 1303 1289 περιφρονούμενος,
1333 1233 1418 1273 τῶν
1438 1226 1633 1285 πραγμά-

105 1309 148 1344 15
161 1321 241 1347 των
261 1303 368 1348 ὅλων
387 1301 468 1346 ὖπό
491 1307 550 1362 τῷ
571 1299 847 1361 Παλαιολόγῳ
869 1301 1157 1355 διοικουμένων
1172 1333 1185 1353 ,
1202 1334 1205 1336 -
1223 1300 1300 1343 εἴτε
1320 1301 1387 1342 καὶ
1410 1297 1538 1341 ἄλλου
1559 1296 1633 1341 νύ-

160 1375 306 1424 ξαντος
333 1371 388 1423 ὥς
413 1369 685 1423 ἐπινυστάξειε
712 1372 884 1428 μέγιστα
914 1369 1074 1428 πράξας
1097 1371 1163 1412 καὶ
1182 1368 1368 1425 ἄληστα,
1404 1367 1482 1410 εἴτε
1503 1384 1542 1409 τι
1563 1368 1632 1409 καὶ

1512 1438 1524 1452 ι
1562 1435 1576 1451 2
1608 1429 1631 1451 τ

159 1441 261 1485 ἄλλο
293 1460 332 1486 τι
361 1441 408 1485 τὸ
439 1445 594 1485 λυποῦν
625 1437 674 1498 ἦν
711 1440 836 1499 (οὐδὲ
864 1440 943 1497 γὰρ
974 1440 1122 1489 ἐκεῖνος
1140 1441 1266 1494 δῆλον
1283 1434 1334 1494 ἦν
1353 1440 1480 1480 ποιῶν
1506 1454 1557 1493 εφ
1597 1454 1631 1494 ῳ

159 1508 363 1568 ἐξεχώρει,
412 1510 547 1560 αἰτίας
577 1510 620 1552 δ’
652 1508 874 1553 ἐπλάττετο
903 1508 960 1559 ὥς
995 1514 1298 1566 καταφρονοῖτο
1329 1508 1398 1549 καὶ
1427 1503 1483 1556 ὥς
1511 1505 1629 1548 οὐδὲν
1654 1512 1684 1546 C

159 1580 274 1637 παρὰ
305 1584 471 1635 βασιλεῖ
494 1577 609 1623 &vdua
643 1579 767 1636 λε’γων
797 1577 899 1635 ὑπὲρ
924 1582 1007 1621 τῶν
1030 1582 1081 1635 τῇ
1105 1579 1298 1637 ἐκκλησία
1317 1572 1629 1631 καθηκόντων),

895 1646 915 1663 r!
954 1647 966 1663 2

102 1661 149 1695 20
160 1648 235 1705 ἅμ’
261 1649 383 1693 εἰπών
403 1649 506 1705 πρὸς
524 1648 596 1692 τὸν
617 1653 765 1706 κλῆρον
787 1650 855 1692 καὶ
888 1667 947 1702 αμ
996 1645 1184 1703 ὁρμήσας
1207 1664 1283 1701 την
1309 1644 1442 1700 πυλην
1462 1649 1536 1699 τῆς
1554 1641 1631 1687 πό-

157 1723 259 1769 λεως
283 1718 463 1768 Νικαίας
487 1716 795 1773 καταλαμβάνει
822 1719 942 1775 πεζῇ,
987 1719 1055 1760 καὶ
1085 1714 1142 1767 ὥς
1176 1714 1254 1770 εἶχε
1288 1715 1360 1758 τὸν
1387 1715 1478 1771 περὶ
1503 1712 1630 1757 αὐτὸν

157 1787 278 1844 ι’)’χλον
309 1785 657 1842 ἀποτιναξάμενος
693 1787 995 1845 ἀμεταστρεπτὶ
1032 1786 1157 1840 ἵεται,
1208 1785 1368 1842 ὀλίγους
1399 1783 1502 1839 ἔχων
1530 1782 1631 1832 τοὺς

153 1922 345 1965 habebant,
367 1921 493 1962 terris,
516 1921 690 1956 Romanos
711 1932 793 1955 vero
821 1919 1039 1965 ulciscendo,
1072 1919 1101 1955 si
1124 1919 1362 1962 irritarentur,
1387 1922 1423 1954 et
1444 1929 1545 1953 manu
1568 1928 1627 1951 ar-

153 1972 246 2003 mata
269 1969 525 2023 persequend03
555 1967 592 2002 in
616 1979 717 2013 quam
740 1972 874 2013 partem
897 1973 996 2002 erant
1018 1978 1081 2013 per
1104 1978 1179 2001 sese
1205 1967 1403 2013 proniores,
1426 1977 1489 2000 usu
1514 1971 1551 1998 et
1573 1964 1627 1997 in-

152 2015 275 2058 stituto
298 2014 391 2050 vitae.
413 2015 524 2061 palam
546 2014 811 2049 incumbentes*
800 2026 836 2049 ιιι
859 2015 1011 2048 favorem
1030 2013 1192 2048 Italorum
1217 2019 1253 2047 et
1275 2025 1296 2048 a
1316 2012 1476 2047 Romanis
1499 2011 1625 2045 abhor-

152 2066 282 2097 rentes
329 2061 384 2104 hi,
419 2067 599 2116 postquam
620 2064 722 2106 capta
745 2067 799 2095 est
821 2061 1000 2105 Selybria,
1031 2059 1143 2095 nihil
1134 2072 1200 2094 lam
1224 2060 1395 2094 habebant
1416 2059 1507 2093 inter
1530 2057 1625 2103 ipsos

151 2112 189 2142 et
211 2112 346 2142 nostros
368 2107 525 2142 medium.
565 2112 679 2142 tamen
695 2107 897 2142 necessariis
919 2107 955 2141 in
976 2107 1036 2141 illa
1058 2106 1187 2141 vicinia
1209 2106 1405 2140 occursibus
1428 2104 1537 2139 amice
1559 2114 1624 2148 pa-

152 2159 297 2200 cateque
324 2155 621 2198 defungebantur‚
659 2166 723 2188 nec
746 2153 908 2188 Romanis
939 2154 1033 2199 ipsos
1055 2165 1118 2188 nec
1140 2153 1227 2198 ipsis
1249 2153 1419 2187 Romanos
1440 2149 1624 2185 inciviliter

152 2200 382 2234 tractantibus
407 2204 468 2234 aut
498 2201 563 2235 vim
591 2201 693 2235 ullam
718 2200 918 2235 iniuriamve
940 2200 1175 2235 offerentibus.
1223 2204 1305 2233 tunc
1327 2199 1434 2233 visum
1458 2199 1624 2242 opportu—

152 2258 232 2280 num
255 2247 454 2301 imperatori
478 2250 532 2281 est
553 2247 752 2282 transmisso
782 2246 1033 2292 Hellesponto·
1025 2259 1059 2282 ιιι
1081 2258 1191 2291 nuper
1214 2251 1347 2299 captam
1370 2244 1563 2297 Selybriam
1585 2253 1625 2276 se

153 2294 330 2335 conferre,
362 2292 479 2338 ibique
501 2305 543 2327 ex
567 2293 757 2339 propinquo
783 2293 921 2327 consilia
946 2305 1070 2339 capere
1094 2293 1312 2347 rationesque
1332 2291 1418 2325 inire
1441 2288 1534 2324 urbis
1558 2301 1622 2335 po-

151 2338 303 2374 tiundae.
351 2339 411 2373 sed
446 2344 627 2374 revocatus
662 2341 706 2374 ab
738 2351 780 2374 ea
811 2340 1019 2384 cogitatione
1048 2339 1366 2384 transmissioneque
1388 2342 1443 2372 est
1465 2348 1505 2371 eo
1529 2336 1621 2382 quod

151 2391 292 2431 praeter
314 2384 504 2431 opinionem
527 2386 562 2420 in
585 2386 727 2420 ecclesia
749 2391 830 2420 tunc
853 2386 1006 2431 contigit.

246 2431 300 2466 15.
349 2431 555 2467 Patriarcha
582 2432 746 2478 siquidem
768 2432 954 2474 Arsenius,
985 2432 1059 2467 sive
1082 2435 1245 2478 reputans
1267 2430 1335 2466 sibi
1356 2430 1493 2484 illusum·
1511 2428 1621 2463 inter-

148 2489 250 2512 versa
273 2478 492 2512 coronatione
503 2479 612 2533 ‘pueri
635 2479 798 2523 Augusti,
837 2478 1046 2524 indigneque
1076 2480 1189 2513 ferens
1218 2478 1344 2512 herede
1372 2476 1509 2522 imperii
1539 2487 1621 2510 con-

148 2527 279 2570 tempto
302 2536 480 2570 paeneque
503 2525 537 2558 in
560 2524 711 2560 ordinem
735 2526 873 2560 redacto
890 2525 934 2558 ad
949 2529 1066 2559 nutum
1081 2525 1180 2559 unius
1199 2524 1394 2567 Palaeologi
1417 2527 1539 2558 cuncta
1559 2534 1623 2567 gu-

148 2571 308 2613 bernari,
341 2571 414 2604 sive
446 2570 679 2606 indormivisse
709 2571 776 2606 sibi
807 2572 960 2606 conscius
991 2571 1026 2605 in
1056 2571 1207 2606 maximis
1231 2577 1267 2605 et
1289 2571 1447 2616 publicae
1475 2569 1622 2603 notitiae

147 2615 374 2651 indelebiliter
405 2617 585 2663 insculptis
615 2629 714 2652 serae
744 2617 822 2651 inde
855 2617 1088 2663 poenitentiae
1110 2629 1222 2652 morsu
1245 2617 1525 2671 inquietabatur,
1557 2626 1621 2650 seu

149 2663 227 2708 quis
252 2660 336 2698 alius
359 2664 484 2698 urebat
505 2664 660 2699 occultus
683 2664 778 2698 dolor
804 2664 907 2708 (nam
930 2665 1120 2709 apparebat
1143 2676 1219 2699 eum
1242 2676 1309 2699 non
1332 2663 1434 2699 fateri
1457 2641 1539 2707 qui'd
1562 2673 1619 2695 es·-

147 2714 202 2743 set
225 2721 291 2754 quo
314 2721 397 2744 vere
420 2715 633 2753 moveretur,
670 2715 707 2744 et
729 2710 858 2755 fingere
883 2722 970 2755 quas
994 2711 1164 2756 allegabat
1186 2723 1328 2753 causas,
1352 2710 1439 2756 quod
1464 2708 1619 2742 nimirum

148 2755 437 2791 animadverteret
463 2769 541 2792 sese
575 2757 741 2791 contemni
773 2758 817 2791 ab
839 2757 1065 2802 imperatore,
1102 2762 1140 2792 et
1161 2770 1236 2792 cum
1260 2758 1291 2791 ei
1315 2758 1359 2792 de
1383 2757 1485 2790 rebus
1508 2755 1619 2789 eccle-

147 2800 220 2835 siae
241 2804 461 2847 loqueretur,
492 2803 575 2838 nihil
591 2803 815 2849 proficere),
858 2804 943 2838 talia
965 2806 1057 2839 clero
1082 2816 1159 2839 cum
1181 2804 1348 2846 dixisset,
1386 2805 1530 2847 repente
1552 2800 1618 2835 im-

145 2852 229 2892 petu
253 2853 353 2894 capto
376 2850 482 2894 pedes
505 2851 548 2885 ad
572 2856 707 2895 portam
729 2851 823 2884 urbis
844 2849 997 2885 Nicaeae
1019 2862 1219 2904 progressus
1243 2856 1316 2892 est,
1334 2849 1467 2904 ibique
1497 2859 1618 2902 perse-

146 2896 305 2938 quentem
335 2895 444 2932 effuse
475 2897 611 2932 turbam
641 2908 662 2932 a
693 2908 732 2932 se
765 2896 932 2942 repellens
966 2896 1237 2933 irrevocabiliter
1264 2909 1303 2932 se
1334 2895 1369 2930 in
1399 2895 1490 2931 viam
1522 2894 1617 2929 dedit
