1884 3262
265 219 363 266 646
450 203 454 207 ’
661 213 967 260 OBSERVAR
999 214 1307 259 PAoHrMER.

266 325 444 368 feminini
481 323 632 376 generis
670 338 749 364 non
785 337 879 364 esse.
936 324 1020 375 ipse
1054 322 1177 374 igitur
1207 335 1248 361 se
1282 323 1460 375 suppleat
1491 324 1524 362 B
1554 322 1693 371 codex,

268 384 337 434 qui
376 394 465 419 cum
504 394 542 432 p.
574 383 653 422 180
687 394 725 421 v.
757 383 830 429 19,
871 379 1135 417 consentiente
1171 379 1244 417 sibi
1282 378 1503 430 Allatiano,
1551 380 1697 418 scribat

269 435 348 479 ἀπὸ
374 452 445 477 του
475 435 663 488 Μορέου,
702 449 772 486 sug
775 435 873 486 gerit
902 435 1016 473 nobis
1044 435 1138 486 quid
1165 440 1254 485 post
1280 434 1377 472 haec
1399 447 1472 472 sua
1503 435 1621 473 verba
1653 433 1698 474 ἐκ

266 496 342 534 τοῦ
371 520 502 531 .....
531 492 750 544 exscriptor
750 465 939 529 δοὴῑίεετίῑ
961 491 1086 554 spatio
1103 491 1256 529 relicto.
1298 489 1508 528 Vaticanus
1521 491 1609 528 loco
1626 490 1698 528 illo

266 548 426 588 tertium
451 560 491 586 se
522 547 842 600 adstipulatorem
871 547 1001 595 addit,
1030 547 1105 584 nisi
1134 547 1242 598 quod
1264 546 1454 599 Μοραίου
1470 545 1606 584 scribit
1625 559 1700 598 pro

269 603 448 654 Μορέου.
504 604 681 656 profecto
712 617 758 641 ex
791 603 925 641 Moreo
958 603 1037 640 sive
1070 602 1220 651 Morea,
1249 601 1326 640 hoc
1344 607 1401 640 est
1422 601 1701 653 PeloponnesO,

267 661 422 699 venisse
444 659 618 697 Laconas
646 660 843 711 oportuit,
872 672 961 696 cum
984 659 1039 696 ibi
1059 658 1108 696 sit
1125 657 1332 696 Laconica.
1378 657 1557 695 translati
1575 663 1702 695 autem

267 716 361 754 inde
387 722 483 753 tunc
511 715 719 764 videntur,
751 714 927 765 quande,
955 720 1000 752 ut
1026 714 1130 752 infra
1151 728 1193 766 p.
1210 714 1291 756 205
1310 726 1348 751 v.
1366 711 1391 753 4
1411 718 1543 751 noster
1556 712 1703 761 scribit,

270 770 373 824 οέκρα
401 766 709 822 Πελοποννήσου
735 767 838 822 ἆμφὶ
867 770 1157 826 Μονεμβασίαν
1187 782 1263 811 συν
1289 765 1455 825 Σπάρτῃ
1477 767 1546 809 καὶ
1570 771 1706 812 Aetne·

270 829 430 880 δαίμονι
448 824 531 866 υπὸ
542 825 742 881 Ῥωμαίοις
759 825 948 878 ἐγένοντο-

383 897 422 935 p,
446 884 532 923 192
549 896 589 923 v.
611 885 673 924 10.
729 882 889 932 Daciby
893 895 961 918 zae
990 879 1152 919 dictam.
1210 879 1365 919 videtur
1392 879 1648 931 Pachymeres
1667 884 1708 917 et

269 938 340 978 hie
369 944 407 976 et
435 937 623 985 inferius,
651 951 691 989 p
714 940 793 979 198
812 950 848 978 v
869 938 938 985 15,
969 942 1243 988 praetereaque
1264 950 1303 988 p.
1324 938 1405 978 307
1424 949 1463 977 v.
1485 939 1559 985 11,
1584 935 1709 974 Nice-⁶

270 995 454 1039 tiatarum
483 999 653 1031 castrum
681 1005 771 1030 cum
801 993 995 1044 Dacibyza
1026 992 1265 1030 confundere
1275 1020 1288 1039 ,
1319 1004 1415 1043 quae
1433 998 1565 1030 tamen
1585 991 1710 1028 Acro-

270 1050 413 1118 polita
426 1048 647 1099 distinguit,
677 1049 732 1086 sic
751 1048 924 1086 scribens
947 1062 980 1086 c.
998 1051 1051 1088 37
1074 1048 1172 1088 Hist.
1196 1061 1235 1099 p.
1257 1050 1333 1088 32·
1361 1047 1429 1087 καὶ
1455 1047 1711 1112 παραμείψας

271 1103 345 1146 τόν
365 1119 515 1174 χαρακα
536 1100 737 1157 ἐπόρθησε
760 1101 832 1153 τήν
853 1099 1081 1155 Δακιβύζαν
1097 1100 1173 1172 πρὸ
1189 1105 1333 1157 καιροῦ
1353 1102 1420 1143 καὶ
1435 1103 1591 1154 κατέσχε
1613 1097 1710 1141 ταύ-

272 1176 365 1213 την,
393 1158 552 1212 προσέτι
582 1158 650 1199 καὶ
678 1161 750 1199 τοῦ
786 1157 1029 1210 Νικητιατου
1059 1174 1266 1211 φρουριον.
1323 1159 1425 1198 forte
1444 1159 1603 1210 utrique
1626 1156 1712 1195 arci

274 1228 479 1255 commune
497 1211 741 1266 Νικητιατου
756 1227 901 1253 nomen
919 1214 1050 1260 fuerit,
1079 1215 1193 1253 alteri
1211 1219 1340 1252 autem
1356 1227 1488 1253 earum
1505 1212 1711 1276 proprium

272 1267 522 1323 Δακιβύζης,·
549 1270 653 1311 unde
674 1266 950 1320 Νικητιατων,
977 1269 1124 1321 plurali
1146 1283 1333 1316 numero,
1362 1275 1495 1308 noster
1520 1268 1710 1322 posuerit

385 1341 425 1379 p-
443 1320 525 1368 214
543 1339 581 1365 v.
600 1329 638 1367 3.
693 1326 952 1379 προσπίπτειν
974 1325 1030 1381 τῷ
1054 1328 1125 1376 τῆς
1138 1322 1286 1377 Ῥώμης
1303 1341 1428 1380 παπα.
1483 1325 1601 1364 verba
1619 1329 1712 1362 sunt

273 1381 536 1434 imperatoris,
561 1381 700 1432 quibus
721 1381 891 1420 offensus
912 1367 1055 1420 duritie
1073 1381 1129 1419 Α]
1131 1381 1228 1419 senii
1246 1366 1502 1433 patriarchae,
1522 1381 1596 1420 sibi
1617 1393 1713 1418 con-

274 1438 402 1477 fitenti
423 1438 570 1476 crimen
588 1443 627 1475 et
644 1436 823 1474 offerenti
840 1451 880 1475 se
899 1443 1078 1492 paratum
1099 1437 1149 1475 ad
1167 1437 1471 1476 satisfactionem
1491 1442 1529 1474 et
1546 1449 1714 1489 poenam

276 1494 527 1542 canonicam,
555 1493 837 1556 poenitentiam
864 1500 903 1531 et
931 1506 1040 1545 spem
1065 1493 1397 1532 reconciliationis
1427 1498 1563 1531 contra
1593 1505 1715 1530 cano-

276 1564 347 1597 nes
379 1548 575 1600 negantis,
604 1549 658 1586 ait
685 1555 838 1600 tempus
871 1562 952 1587 esse
979 1549 1208 1587 recurrendi
1236 1549 1285 1586 ad
1310 1551 1542 1587 Romanum
1550 1546 1717 1601 pontifl-

278 1619 385 1654 cem,
425 1605 475 1643 ad
504 1618 617 1655 quem
645 1604 831 1643 videlicet
866 1604 1096 1655 agnoscebat
1126 1605 1328 1656 antiquum
1355 1605 1418 1643 ius
1452 1617 1533 1643 esse
1563 1616 1715 1656 provo-

281 1661 396 1700 candi
416 1660 490 1698 ab
479 1661 624 1712 iniquis
642 1660 796 1698 iudiciis
811 1673 1052 1699 summorum
1068 1660 1182 1698 etiam
1202 1660 1522 1712 patriarcharum.
1578 1665 1617 1698 et
1633 1672 1715 1697 mo-

281 1718 355 1759 dus
382 1717 571 1768 loquendi
595 1716 787 1766 significat
815 1716 983 1767 viguisse
1012 1715 1139 1754 adhuc
1170 1716 1299 1766 illam,
1337 1716 1450 1754 etiam
1478 1716 1522 1753 in
1552 1714 1725 1754 Graecia‘

280 1772 489 1810 schismate
507 1787 529 1810 a
548 1771 692 1810 Latinis
710 1772 883 1821 divulsa,
915 1771 1137 1824 opinionem
1157 1778 1272 1823 atque
1289 1771 1539 1821 sententiam,
1569 1771 1717 1822 quippe

281 1828 593 1866 fundatissimam
623 1827 666 1865 in
693 1840 804 1866 sacro
836 1828 1015 1880 dogmate
1033 1834 1071 1866 et
1088 1828 1132 1866 in
1153 1828 1258 1869 omni
1276 1827 1461 1867 memoria
1478 1826 1717 1883 ecclesiasti·-

285 1897 353 1928 cae
373 1883 627 1933 antiquitatis.

396 1952 434 1989 p.
452 1941 533 1979 216
554 1952 592 1977 v.
611 1940 677 1980 21
733 1938 862 1990 ἐκείνη
887 1935 927 1978 δ’
954 1937 995 1978 ἐκ
1023 1939 1196 2002 νοθείας.
1252 1951 1314 1977 res
1343 1938 1412 1976 hic
1433 1943 1616 1977 narratur
1636 1942 1716 1974 tam

284 1994 528 2033 incredibilis
560 2001 607 2034 ut
635 1994 821 2032 mendum
851 1994 999 2034 codicis
1026 1994 1198 2049 primum
1223 1994 1352 2045 legens
1371 1993 1612 2045 suspicarer,
1641 2005 1717 2031 nec

285 2050 474 2088 inducere
502 2063 655 2115 possem
685 2049 726 2087 in
752 2049 922 2089 animum
948 2063 1112 2088 uxorem
1138 2050 1319 2102 despotae
1338 2049 1512 2098 Ioannis,
1542 2048 1718 2090 fratriam

286 2105 555 2157 imperatoris,
585 2111 802 2144 matronam
822 2106 905 2144 eius
930 2106 1029 2156 loci,
1058 2119 1138 2144 non
1160 2107 1286 2144 solum
1310 2118 1358 2144 ex
1378 2078 1571 2143 adulte'rio
1594 2116 1720 2156 pepe-

289 2161 388 2200 risse
419 2161 486 2199 sed
512 2161 639 2212 palam
673 2161 762 2200 viro
797 2162 991 2202 tolerante
1022 2161 1205 2200 educasse
1235 2161 1355 2199 filiam
1383 2161 1577 2213 spuriam,
1619 2171 1719 2210 quae

289 2222 447 2268 postea,
476 2217 621 2255 Ioan'ne
638 2217 787 2255 seilicet
802 2217 889 2269 ipso
911 2218 1074 2268 despota
1095 2223 1132 2255 et
1149 2218 1268 2255 fratre
1285 2217 1407 2270 ipsius
1427 2216 1601 2267 Augusto
1620 2227 1720 2252 con-

293 2271 704 2321 ciliantibus,1beriae
725 2273 894 2325 principi
914 2274 1102 2312 collocata
1120 2273 1183 2312 sit.
1237 2279 1442 2311 tantumne
1459 2279 1538 2310 tam
1559 2270 1720 2322 impune

293 2327 522 2370 mulieribus
536 2327 592 2366 ibi
607 2328 751 2366 licuit?
807 2342 943 2369 verum
962 2330 1167 2367 conferens
1186 2329 1282 2367 alios
1304 2328 1458 2367 codices
1478 2340 1560 2366 rem
1575 2326 1721 2376 ubique

297 2388 520 2421 constanter
538 2383 580 2422 in
606 2384 768 2422 eundem
787 2385 948 2422 modum
968 2398 1188 2438 expressam
1205 2385 1347 2437 reperi.
1403 2383 1583 2422 disertius
1605 2382 1721 2420 etiam

294 2437 336 2475 in
350 2438 548 2490 Vaticano,
568 2440 634 2489 qui
653 2439 718 2477 ubi
735 2440 783 2479 de
799 2440 954 2478 Ioannis
972 2441 1161 2510 despotae
1173 2440 1398 2481 castimonia
1418 2439 1581 2478 dixisset
1599 2432 1722 2507 ἐπήν-

297 2497 366 2533 θει
397 2491 439 2533 δὲ
467 2492 533 2534 καὶ
561 2493 604 2535 τό
635 2497 795 2561 σῶφρον
825 2495 982 2565 ἐκείνῳ,
1027 2512 1081 2544 ως
1112 2492 1297 2537 ου’δέποτε
1321 2493 1576 2565 ἀκουσθῆναι
1599 2488 1722 2532 αυτον

302 2547 411 2603 ἑτέρα
413 2548 584 2618 γυναικὶ
600 2546 858 2601 χρήσασθαι
838 2549 867 2603 η’
881 2554 930 2607 τῇ
948 2552 1030 2592 ἰδία
1046 2551 1113 2592 καὶ
1129 2549 1246 2606 μόνῃ,
1275 2551 1471 2602 subiungit
1486 2545 1573 2590 αλλ’
1592 2547 1721 2598 ἐκείνη

302 2619 376 2644 ουκ
400 2599 453 2656 ἦν
488 2620 541 2651 ως
567 2603 713 2651 ἐκεῖνος
744 2605 878 2655 (vides
907 2592 1019 2646 ¹unde
1044 2609 1161 2646 ducta
1188 2609 1267 2646 sint
1299 2607 1366 2646 illa
1390 2580 1722 2656 interpretationis

299 2660 438 2710 verba,
468 2662 638 2702 multum
668 2661 734 2697 illc·
762 2660 998 2714 dissimilis)
1028 2660 1127 2704 allo?
1154 2663 1222 2703 καὶ
1247 2659 1464 2717 θυγατριον
1487 2658 1722 2712 απεγέννησε

163 2722 192 2756 Ρ
214 2721 282 2757 453
303 2712 430 2757 νόθον
451 2715 602 2756 ἐκείνου
622 2718 833 2768 στρατείαις
851 2718 1119 2770 προσέχοντος
1148 2726 1194 2759 at
1216 2719 1293 2756 illa
1313 2732 1392 2756 non
1413 2723 1498 2754 erat
1514 2716 1620 2752 sicut
1639 2713 1720 2760 ille,

304 2771 374 2814 sed
390 2779 426 2809 et
435 2772 615 2824 filiolam
627 2773 766 2823 genuit
785 2773 947 2811 notham
964 2775 1035 2812 illo
1054 2775 1168 2812 belli-s·
1180 2775 1362 2826 gerendis
1376 2769 1605 2814 attendente.
1635 2781 1723 2806 cae-

302 2831 364 2865 tei
366 2841 431 2868 um
461 2828 567 2880 quod
595 2827 734 2865 attinet
757 2828 807 2865 ad
833 2827 951 2867 huius
977 2842 1028 2867 ex
1053 2829 1246 2868 adulterio
1268 2835 1379 2868 natae
1397 2826 1551 2880 puellae
1566 2824 1724 2876 nuptias
