1884 3262
561 248 567 251 .
599 207 709 253 L1B4
736 206 774 252 Ι.
819 203 1181 254 GLOSS'ARIUM.
1359 259 1362 261 Α
1491 214 1494 218 ’
1518 202 1619 249 607

163 319 374 373 Pompeius
393 319 554 369 Festus,
584 318 756 371 optimus
773 323 979 357 enarrator
993 315 1247 368 antiquarum
1264 312 1474 360 notionum
1486 311 1621 352 verbis

163 377 317 416 Latinis
345 377 633 424 subiectarum,
661 388 746 413 non
774 387 843 413 sua
870 373 992 412 solius
1020 373 1090 412 sed
1121 371 1244 411 Marci
1270 376 1474 422 praeterea
1494 368 1622 408 Vettii

163 433 322 483 Flacci,
351 432 588 485 antiquioris
615 445 690 471 nec
721 430 851 469 minus
880 429 1059 468 accurati
1082 427 1350 479 grammatici,
1385 426 1622 465 auctoritate

162 489 428 540 significatum
455 488 642 528 vocabuli
668 488 780 526 solea
804 486 921 525 nobis
943 486 1127 525 edisserit
1144 484 1208 522 his
1229 483 1384 521 verbis:
1412 483 1544 531 solea,
1573 488 1622 519 ut

162 548 227 584 ait
259 546 448 596 Verrius,
477 559 556 583 non
589 551 646 582 est
678 545 811 582 solum
839 557 886 580 ea
914 556 1016 595 quae
1041 542 1126 579 solo
1145 539 1265 592 pedis
1288 539 1524 587 subiicitur,
1551 536 1624 575 sed

162 604 286 640 etiam
306 617 385 654 pro
415 603 589 639 materia
608 601 797 639 robustea
826 598 918 652 (vel
937 604 984 637 ut
1002 597 1121 636 habet
1138 597 1214 635 alia
1239 595 1358 634 lectio
1371 625 1381 645 ,
1411 592 1622 646 robusta),

162 673 284 710 super
303 672 429 710 quam
442 659 586 710 paries
606 659 794 695 cratitius
812 657 1024 694 extruitur.
1080 653 1228 693 Paulus
1254 651 1364 690 hunc
1392 652 1525 690 locum
1547 664 1622 689 ex-

162 715 338 754 scribens
367 715 603 767 particulam
627 728 704 765 pro
729 712 906 763 negligit.
964 711 1022 750 sic
1054 710 1158 749 enim
1188 707 1324 747 habet:
1354 709 1464 746 solea
1489 708 1551 746 vel
1571 720 1620 744 ea

163 771 317 809 dicitur
348 785 453 823 quae
487 771 572 808 solo
609 769 725 822 pedis
759 769 977 807 subiicitur
1006 796 1016 806 .
1034 795 1044 806 .
1059 797 1068 806 .
1085 796 1094 806 .
1123 766 1187 805 vel
1215 766 1388 803 materia
1421 764 1621 812 robustea,

162 842 283 880 super
314 841 438 879 quam
462 828 601 879 paries
630 828 822 864 cratitius
845 826 1056 863 extruitur.
1113 822 1156 860 in
1193 821 1370 872 margine
1402 821 1620 859 editionum

162 884 404 936 optimarum
417 913 428 933 ‚
459 883 630 922 Venetae
648 883 741 920 anni
761 883 869 925 1560
890 895 939 919 ex
959 878 1200 919 bibliotheca
1218 877 1382 917 Antonii
1397 875 1618 927 Augustini,

163 947 202 979 et
229 940 455 979 parisiensis
480 939 763 989 Scaligerianae
799 937 893 975 anni
926 937 1056 985 1584,
1086 932 1175 975 ἀντὶ
1195 937 1267 975 τοῦ
1287 948 1366 986 pro
1395 935 1618 984 suggeritur

162 997 238 1035 alia
259 997 377 1035 lectio
394 1011 491 1047 per,
519 1009 568 1033 ex
591 1009 669 1046 qua
691 994 923 1032 coniectura
945 994 1047 1031 sorte
1073 1005 1155 1029 non
1175 1005 1273 1029 vana
1296 990 1485 1037 ducatur,
1514 990 1616 1028 scri·
1638 992 1668 1027 P
1689 990 1760 1026 420

161 1059 277 1106 ptum
305 1053 398 1091 olim
419 1053 462 1089 in
482 1050 699 1102 archetypo
727 1051 846 1088 fuisse
867 1063 943 1101 pes
961 1063 981 1086 e
998 1049 1168 1086 materia
1186 1047 1376 1085 robustea
1391 1053 1467 1087 etc.
1525 1059 1619 1084 nam

160 1122 230 1162 pes
249 1108 399 1146 dicitur
420 1107 528 1159 quod
548 1107 656 1145 aliud
676 1107 866 1156 sustinet,
910 1111 957 1143 ut
970 1119 1042 1156 pes
1060 1117 1217 1142 mensae
1237 1103 1369 1142 Plinio
1392 1103 1422 1142 l.
1447 1105 1499 1144 12
1518 1115 1552 1140 c.
1574 1106 1619 1143 1:

161 1164 294 1204 eodem
311 1165 422 1202 ebore
440 1165 655 1202 numinum
673 1178 746 1201 ora
764 1169 1036 1214 spectarentur
1051 1168 1088 1198 et
1106 1174 1334 1198 mensarum
1346 1157 1480 1211 pedes.
1537 1171 1619 1209 quo

161 1235 280 1260 sensu
307 1221 558 1260 stereobaton
589 1234 659 1271 pes
683 1226 743 1258 est
771 1217 975 1270 stylobati.
1000 1229 1002 1231 “
1031 1217 1239 1256 Vitruvius
1258 1217 1285 1254 l.
1304 1219 1330 1257 3
1359 1229 1392 1254 c.
1413 1218 1461 1256 3:
1490 1228 1621 1265 supra

161 1286 311 1316 terram
349 1279 524 1330 parietes
567 1283 805 1313 extruantur
841 1274 913 1312 sub
959 1274 1160 1313 columnis
1194 1270 1367 1310 dimidio
1404 1273 1622 1308 crassiores

160 1348 294 1387 quum
321 1334 531 1372 columnae
555 1340 650 1370 sunt
667 1334 863 1381 futurae,
897 1332 960 1368 uti
979 1330 1174 1380 firmiora
1193 1331 1276 1366 sint
1292 1328 1488 1378 inferiora
1507 1341 1623 1378 supe-

162 1390 370 1441 rioribus,
411 1404 516 1441 quae
546 1389 764 1428 stereobata
798 1387 1086 1439 appellantur:
1129 1399 1225 1423 nam
1255 1385 1460 1436 excipiunt
1486 1397 1621 1423 onera.

162 1447 285 1500 paulo
312 1452 423 1499 post:
455 1447 645 1483 extructis
677 1452 813 1482 autem
833 1442 1123 1494 fundamentis
1145 1440 1204 1480 ad
1223 1441 1508 1479 libramentum
1533 1447 1624 1491 sty-

163 1503 326 1541 lobatae
353 1510 452 1540 sunt
481 1501 758 1547 collocandae,
787 1514 915 1551 supra
937 1499 1161 1550 stylobatas
1180 1498 1388 1535 columnae
1404 1496 1626 1548 disponen-

165 1559 241 1598 dae
269 1566 344 1599 etc.
402 1558 587 1597 materiae
617 1572 736 1610 porro
765 1557 965 1595 mentione
985 1555 1192 1594 robusteae
1212 1567 1294 1592 non
1317 1553 1483 1606 proprie
1499 1552 1623 1593 intel-

161 1616 366 1667 ligendum
386 1614 455 1653 hic
478 1628 690 1666 querceum
708 1614 880 1664 lignum,
910 1612 978 1650 sed
998 1611 1262 1663 metonymice
1279 1621 1426 1662 corpus
1447 1608 1621 1660 quodvis

163 1671 329 1711 duritiei
349 1678 517 1723 quantae
536 1685 636 1723 opus
657 1677 716 1709 est
737 1669 832 1708 moli
861 1668 1112 1719 gravissimae
1139 1667 1370 1719 portandae.
1425 1665 1621 1704 alluditur

163 1731 269 1767 enim
290 1727 332 1766 in
351 1728 544 1766 similibus
566 1728 675 1778 origo
701 1726 1008 1774 architecturae,
1040 1738 1139 1775 quae
1160 1724 1332 1776 primum
1352 1734 1449 1760 aevo
1465 1721 1619 1763 rudiori

161 1785 280 1835 lignis
311 1784 564 1834 aedificabat,
599 1797 649 1822 ex
677 1783 820 1834 quibus
851 1794 1060 1832 querceum
1089 1780 1291 1819 fundando
1312 1785 1451 1831 aptum
1470 1777 1618 1816 iudica-

162 1841 282 1880 batur
301 1841 351 1879 ob
371 1840 484 1879 dotes
507 1854 603 1891 quas
625 1845 819 1878 memorat
837 1837 1044 1876 Vitruvius
1064 1837 1130 1879 l.2
1152 1851 1184 1875 e.
1198 1839 1223 1877 9
1241 1835 1304 1874 his
1322 1835 1475 1878 verbis:
1501 1849 1617 1886 quer-

162 1911 234 1936 cus
253 1899 417 1935 terrenis
433 1899 728 1949 principiorum
744 1893 1004 1933 satietatibus
1025 1892 1264 1943 abundans,
1286 1905 1517 1943 parumque
1540 1891 1617 1928 lta-

163 1954 257 1992 bens
271 1953 455 1991 humoris
472 1961 508 1990 et
526 1955 635 1991 aeris
652 1960 689 1990 et
705 1954 836 2004 ignis,
865 1964 958 1988 cum
974 1952 1018 1988 in
1033 1951 1199 1988 terrenis
1215 1948 1401 2001 operibus
1419 1948 1616 1999 obruitur,

162 2011 368 2062 infinitam
394 2010 510 2048 habet
538 2011 832 2056 aeternitatem,
863 2022 908 2045 ex
925 2022 966 2044 eo
991 2005 1103 2058 quod
1119 2020 1213 2044 cum
1236 2006 1423 2056 tangitur
1436 2004 1614 2051 humore,

163 2080 247 2104 non
270 2067 418 2104 liabens
423 2068 683 2116 foraminum
703 2067 896 2103 raritates
906 2070 1072 2114 propter
1087 2064 1356 2114 spissitatem,
1389 2073 1470 2097 non
1484 2066 1618 2110 potest

165 2124 210 2160 in
235 2135 396 2174 corpore
419 2124 586 2173 recipere
602 2123 798 2174 liquorem
819 2119 891 2157 sed
898 2120 1073 2171 fugiens
1088 2118 1139 2156 ab
1155 2118 1322 2155 humore
1337 2117 1499 2154 resistit·
1553 2128 1617 2153 re-

163 2177 395 2217 tinebantur
423 2184 575 2227 autem,
606 2181 724 2217 etiam
754 2183 844 2229 post
874 2175 1107 2214 substitutos
1130 2174 1173 2211 in
1196 2172 1407 2211 structuris
1427 2171 1535 2222 ligno
1556 2172 1619 2212 la-

164 2234 298 2287 pides,
328 2234 518 2273 vocabula
537 2233 683 2286 priora.
740 2240 786 2272 ut
804 2233 947 2271 Paulus
967 2244 1017 2269 ex
1036 2231 1152 2268 Festo
1172 2229 1290 2268 verbo
1309 2228 1478 2267 Bubum
1494 2227 1619 2266 tradit

164 2291 321 2329 Robum
342 2290 494 2328 dictum
515 2289 557 2327 in
579 2303 736 2329 carcere
762 2290 897 2327 locum
925 2300 1002 2337 quo
1033 2286 1320 2339 praecipitatur
1348 2283 1618 2322 maleficorum

165 2359 290 2398 genus
319 2350 441 2399 (puta
462 2346 658 2396 fastigium
677 2343 968 2398 propugnaculi
989 2343 1032 2380 in
1052 2355 1240 2395 praeceps
1262 2340 1482 2390 imminens,
1510 2341 1618 2379 unde

166 2401 348 2441 maleficii
376 2401 550 2440 convicti
577 2402 885 2448 definiebantur,
926 2405 974 2438 ut
998 2398 1168 2437 Manlius
1195 2411 1246 2436 ex
1277 2410 1376 2448 rupe
1411 2395 1616 2449 Tarpeia).

167 2472 326 2497 causam
345 2458 617 2510 appellationis
639 2458 770 2496 statim
786 2456 922 2505 tradit,
958 2453 1071 2507 quod
1087 2461 1180 2492 ante
1201 2453 1528 2501 arces-robusteis
1550 2454 1619 2491 in-

166 2513 450 2554 cludebantur.·
473 2562 476 2569 μ
499 2513 577 2552 hoc
606 2520 680 2563 est,
712 2513 901 2564 quoniam
926 2511 1032 2563 apud
1059 2516 1212 2550 veteres
1239 2523 1324 2549 mos
1351 2516 1434 2548 erat
1463 2509 1616 2548 arcium

165 2571 337 2610 claustra
363 2570 414 2608 ad
447 2583 643 2608 summum
677 2582 803 2620 usque
835 2568 1032 2606 moenium
1065 2567 1182 2618 lignis
1215 2566 1390 2606 roboreis
1419 2572 1614 2614 extruere,

165 2627 260 2665 inde
281 2633 416 2679 postea
441 2640 598 2678 quoque
625 2639 741 2677 quam
766 2639 786 2663 e
807 2624 912 2662 saxis
937 2624 1027 2662 tolli
1050 2623 1345 2676 propugnacula
1364 2634 1616 2668 consuevere,

165 2684 312 2726 mansit
333 2683 507 2735 priscum
525 2682 764 2727 vocabulum
778 2680 979 2726 materiae,
1007 2686 1054 2718 ut
1074 2680 1196 2718 robus
1217 2680 1332 2718 etiam
1353 2684 1439 2716 tum
1457 2678 1614 2726 fastigia

167 2752 350 2789 aggerum
374 2753 420 2777 ac
449 2739 594 2791 pinnae
618 2751 820 2777 murorum
845 2737 1084 2777 dicerentur.
1140 2748 1375 2788 quamquam
1393 2734 1526 2786 ipsum
1542 2746 1614 2770 ro-

167 2794 275 2834 boris
300 2801 368 2833 aut
392 2795 567 2834 robustei
599 2807 743 2833 nomen
769 2793 951 2831 materiae
977 2805 1163 2844 querceae
1189 2791 1398 2844 proprium
1425 2803 1507 2827 non
1537 2794 1609 2838 est,

167 2850 238 2891 aed
265 2851 431 2901 coloris;
458 2852 566 2893 unde
589 2851 661 2891 bos
678 2850 812 2890 robus
832 2849 915 2892 sive
931 2849 1058 2890 rubus
1077 2849 1218 2903 priscis
1239 2853 1332 2888 erat.
1388 2846 1534 2887 Paulus
1560 2857 1610 2884 ex
