1884 3262
270 208 369 255 526
501 230 505 233 -
688 208 925 252 GEORGII
956 201 1306 255 PAcHYnfflm's

219 329 250 364 B
274 320 397 363 κακὸν
422 318 464 369 ἐξ
487 316 663 376 ἀνάγκης
688 318 963 378 προξενούσης
989 326 1064 378 τῆς
1093 323 1365 380 ἐκστρατείας.
1434 326 1518 368 καὶΔ
1537 329 1569 351 ‘⁴'
1578 325 1622 368 τί
1643 343 1726 369 πα·-

271 388 398 431 θών”
434 386 566 443 ἔλεγεν
602 393 633 413 “
644 388 820 445 ἀφειδεῖς
847 391 920 444 μέν
948 387 1170 444 σώματος,
1216 391 1391 447 ἀφειδεῖς
1419 394 1464 436 δὲ
1496 395 1563 436 καὶ
1598 393 1727 449 αὐτῆς

269 459 401 510 ζωῆςς
438 455 484 498 ὃν
513 458 547 498 εἶ
571 453 668 511 μήτι
691 457 732 513 γ’
755 457 856 500 ἄλλο
876 459 931 508 εἷς
950 456 1136 513 ὑποψίας
1155 458 1204 501 ἶὶν
1224 460 1358 515 ἐνῆγεν
1379 460 1451 502 οὐκ
1468 461 1633 517 ἀγαθὰς
1652 463 1721 504 καὶ

267 526 440 578 δείματα
459 525 617 579 καίρια,
650 525 746 567 ἀλλ’
767 521 840 568 οὖν
858 524 883 580 ἦ
902 524 1023 577 νόσος
1043 527 1148 582 αὐτὴ
1166 528 1233 569 καὶ
1253 527 1298 570 τὸ
1316 527 1372 582 μὴ
1394 527 1607 583 εὗρώστως
1623 529 1725 584 ἔχειν

267 592 405 635 ἱκανὸν
425 591 591 634 κωλύειν
619 592 669 635 ἂν
692 594 905 648 ἐνομίζετο.
921 594 946 615 ”
1014 600 1073 654 τῷ
1094 596 1138 638 δὲ
1157 603 1246 645 ταῖς
1265 595 1478 650 ἀληθείαις
1497 597 1602 639 κατὰ
1625 602 1754 642 νοῢνό

264 656 341 716 ἦν,
388 662 476 716 περὶ
507 658 640 719 ἑαυτῷ
669 664 865 705 δειλιῶντι
893 661 1087 722 κάκείνῳ,
1126 663 1202 717 τὴν
1234 661 1403 723 Θρᾴκην
1436 662 1724 718 καταλαβόντα

266 732 465 783 συμμῖξαι
486 730 560 782 μὲν
579 737 664 779 τοῖς
685 729 888 787 Τοχάροις
911 732 983 773 καί
998 748 1039 786 γε
1060 729 1194 786 λόγοις
1212 733 1279 774 καὶ
1300 729 1503 782 δεξιώσεσι
1522 734 1721 788 διεγεῖραι,

214 809 245 843 c
271 797 318 840 οὐ
343 797 424 852 μὴν
453 798 498 839 δὲ
527 799 592 839 καὶ
619 803 1007 855 συνεκστρατεῦσαι,
1046 798 1142 842 ἀλλ’
1175 799 1273 842 ὅσον
1298 800 1501 857 ἐγχωροῦν
1528 799 1724 855 προϊόντα

265 866 343 909 σῦν
372 867 512 921 σφίσιν
539 867 713 916 ἐκείνους
740 868 814 921 μὲν
846 874 932 917 τοῖς
964 869 1124 917 οἶκείοις
1149 870 1407 924 παραδοῦναι
1434 870 1500 910 καὶ
1528 867 1647 920 τάξαι
1673 868 1723 912 τὸ

263 934 477 989 ποιητέον,
514 934 641 977 αὐτὸν
667 935 712 977 δ’
746 934 1020 993 ὑποστρέψαι,
1089 938 1326 992 ἔτεκμηρίου
1354 937 1400 979 δὲ
1425 928 1560 979 ’ταῦτα
1584 938 1651 979 καὶ
1673 935 1722 979 τὸ
1736 944 1780 980 10

263 1005 518 1052 συνεξελθεῖν
550 1003 652 1045 υἱέσι
679 1020 721 1046 τε
750 1005 817 1046 καὶ
844 1009 1068 1059 γαμβροῖς,
1106 1003 1192 1057 ἅμα
1221 1006 1287 1046 καὶ
1320 1004 1433 1062 αὐτῷ
1465 1004 1516 1060 δὴ
1539 1009 1599 1063 τῷ
1619 1001 1725 1061 πρό-

265 1087 384 1128 τριτα
412 1071 759 1130 γαμβρευσαμὲνῳ
791 1075 849 1129 τῷ
877 1070 1058 1129 Ἰωάννῃ.
1129 1072 1228 1114 ἀλλ’
1261 1071 1372 1125 ὅμως
1400 1070 1482 1115 ὑπὸ
1511 1077 1642 1129 πολλῇ
1670 1076 1723 1129 τῇ

266 1138 381 1195 παρὰ
407 1143 479 1193 τῆς
504 1138 752 1195 Λ-ὖγούστης
785 1137 943 1194 ὀχλήσει
972 1142 1039 1182 καὶ
1068 1144 1252 1196 ταραχῇ,
1283 1139 1339 1189 ὥς
1367 1141 1472 1195 μηδὲ
1499 1147 1584 1190 τοῖς
1609 1140 1724 1190 ἐκτὸς

269 1208 506 1263 ἀγνοεῖσθαι
541 1208 594 1249 τὰ
631 1206 818 1262 δρώμενα
828 1240 841 1259 ,
877 1206 1182 1262 ὃιορρωὸοὕσης
1208 1208 1255 1251 τὸ
1289 1209 1462 1260 μέλλον,
1505 1207 1530 1263 ἢ
1563 1212 1723 1262 μᾶλλον

214 1282 247 1316 D
270 1272 628 1332 προφοιβαζοιίσης
655 1280 728 1329 τῆς
758 1279 897 1330 ψυχῆς
925 1276 1074 1330 ἐκείνης
1096 1275 1143 1318 τὸ
1166 1273 1504 1331 συμβησόμενον,
1536 1276 1776 1319 {natata-15
1830 1292 1832 1294 ·

268 1345 475 1401 ραγμένως
493 1340 577 1385 οἷον
597 1346 662 1385 καὶ
688 1344 903 1397 ἀνειμένως
921 1341 942 1386 ὃ
958 1342 1174 1397 βασιλεύς,
1211 1343 1286 1398 τὴν
1310 1349 1385 1398 τῆς
1412 1345 1626 1399 δεσποίνης
1647 1343 1722 1400 ’ὄρ-

267 1415 420 1468 ρωδίαν
441 1411 515 1454 οὐκ
533 1410 694 1466 ἀγαθὸν
716 1411 860 1454 οἰωνὸν
878 1412 1048 1468 κρίνων,
1082 1419 1169 1462 τοῖς
1187 1412 1402 1468 γνωρίμοις
1418 1411 1722 1466 συνταξάμενος

262 1482 398 1534 ἔξεισι.
451 1481 518 1523 καὶ
540 1479 591 1536 δὴ
607 1480 725 1539 μέχρι
745 1481 981 1538 Σηλυβρίας
1003 1477 1128 1530 αὐτός
1146 1497 1189 1524 τε
1208 1482 1276 1524 καὶ
1301 1482 1442 1530 παῖδες
1453 1481 1594 1531 ἵπποις
1608 1477 1720 1538 χρώ-

351 1661 404 1695 10.
427 1657 507 1706 toi?

257 1817 396 1853 tabilem
419 1815 602 1862 perniciem
625 1816 693 1851 ista
715 1815 783 1861 ipsi
812 1814 1025 1861 expeditione
1059 1816 1147 1852 cudi.
1193 1816 1334 1863 eiusque
1354 1816 1398 1852 ad
1420 1816 1530 1852 virum
1553 1815 1619 1850 bae
1639 1826 1718 1851 sae-

259 1863 338 1910 pius
361 1863 506 1896 iteratae
529 1874 630 1896 voces
653 1868 761 1896 erant.
807 1874 896 1907 quae
925 1867 982 1906 te,
1024 1863 1165 1905 malum,
1202 1863 1410 1908 praecipitat
1439 1861 1638 1907 inquietudo
1661 1861 1716 1895 in-

261 1907 535 1944 consultissima?
580 1908 661 1952 quin
692 1907 806 1952 parcis
836 1918 939 1952 aegro
971 1908 1132 1952 corpori?
1177 1919 1239 1941 cur
1268 1908 1404 1942 dubiam
1429 1907 1658 1942 valetudinem
1680 1906 1717 1940 in

263 1958 392 1989 certum
419 1952 558 1987 exitium
581 1953 745 1997 proiicis?
791 1964 879 1998 quae
902 1953 988 1986 tanti
1009 1953 1140 1987 demum
1163 1953 1229 1987 tibi
1251 1964 1307 1987 res
1329 1959 1390 1987 aut
1411 1964 1490 1998 spes
1513 1955 1585 1993 est,
1613 1962 1715 1998 quam

262 2000 357 2035 vitae
380 1999 558 2033 manifesta
580 1998 713 2032 iactura
734 2004 830 2032 recte
851 2004 952 2043 putes
973 1999 1172 2033 emendam?
1215 1999 1300 2033 haec
1327 1999 1376 2033 ita
1406 1999 1587 2044 pulsabant
1606 1997 1717 2044 impe·-

259 2044 386 2081 ratoris
407 2055 519 2088 aures,
542 2048 581 2078 ut
603 2045 746 2078 animum
769 2055 902 2091 quoque
924 2050 1171 2078 commoverent
1190 2044 1318 2086 intime,
1342 2047 1640 2089 perterrerentque
1662 2043 1717 2077 si-

263 2091 370 2126 nistro
403 2090 503 2124 etiam
533 2090 641 2124 omine
673 2095 709 2124 et
736 2089 956 2133 auguratione
981 2089 1130 2124 infausta
1156 2089 1338 2124 tristissimi
1360 2099 1547 2124 successus.
1594 2088 1656 2124 sed
1678 2091 1718 2123 et

263 2138 342 2183 ipse
374 2136 481 2171 morbi
514 2147 631 2169 sensus
659 2147 722 2182 per
750 2135 870 2170 vitalia
900 2135 1088 2180 grassantis
1118 2135 1220 2170 facile
1240 2135 1374 2170 conscio
1395 2135 1604 2170 monstrabat
1624 2134 1718 2183 bouq

265 2183 361 2216 vires
383 2193 471 2215 nunc
492 2185 675 2227 suppetere
695 2181 832 2216 militiae
853 2181 1052 2226 praesertim
1074 2181 1235 2216 hibernae
1254 2181 1426 2216 laboribus
1438 2180 1604 2214 serendis.
1649 2179 1717 2226 igi·-

266 2234 324 2262 tur
348 2231 529 2272 utcumque
549 2227 730 2262 simulabat
751 2226 852 2268 aliud,
873 2238 995 2262 revera
1015 2238 1082 2260 non
1103 2227 1195 2262 ultra
1213 2226 1395 2262 Thraciam
1416 2226 1620 2260 decreverat
1634 2236 1717 2270 pro-

267 2273 384 2319 gredi3
422 2273 700 2319 destinabatque‚
737 2272 818 2308 visis
843 2272 890 2306 ibi
924 2273 1107 2313 Tocharis,
1149 2278 1185 2306 et
1215 2273 1259 2307 ad
1280 2283 1352 2307 rem
1373 2276 1511 2307 strenue
1533 2271 1715 2316 gerendam

265 2318 422 2354 animatis
444 2330 518 2352 cum
540 2318 743 2353 allocutione
764 2322 834 2353 tum
857 2317 961 2358 donis,
983 2330 1049 2352 non
1064 2318 1199 2364 quidem
1221 2319 1257 2352 in
1278 2318 1407 2352 hostem
1429 2329 1490 2352 eos
1511 2327 1579 2351 una
1599 2327 1714 2352 secun

263 2365 412 2407 ducere,
436 2364 496 2398 sed
520 2368 696 2410 postquam
718 2375 776 2399 eos
798 2367 890 2398 esset
912 2364 1087 2398 comitatus
1109 2364 1278 2409 aliquanto
1297 2364 1370 2398 eius
1385 2363 1462 2398 viae
1474 2362 1598 2408 spatio,
1619 2372 1722 2396 coma·

264 2410 440 2445 mendatos
470 2409 559 2449 suis,
595 2410 652 2455 qui
675 2421 776 2455 porro
799 2420 874 2444 cum
895 2409 937 2443 iis
959 2413 1141 2455 pergerent
1172 2415 1208 2444 et
1236 2409 1313 2444 vice
1336 2408 1390 2443 sui
1411 2408 1493 2454 quid
1515 2407 1592 2442 fieri
1610 2407 1715 2442 vellet

264 2455 525 2502 praeciperent,
554 2455 629 2501 ipse
660 2456 832 2490 dimittere
854 2466 894 2489 ac
915 2455 964 2489 sic
987 2455 1114 2489 reverti
1134 2455 1278 2489 domum.
1325 2455 1423 2489 huius
1445 2453 1560 2488 arcani
1576 2451 1721 2488 'consilii‘

263 2501 394 2546 signum
417 2502 502 2540 fuit,
533 2501 622 2545 quod
645 2512 712 2535 una
734 2512 846 2535 secum
872 2505 907 2534 et
929 2500 1015 2535 filios
1038 2505 1074 2535 et
1096 2512 1258 2545 generos,
1291 2500 1391 2534 etiam
1422 2499 1532 2545 ipsum
1556 2498 1722 2532 Ioannme

261 2545 430 2592 postridie
459 2547 532 2579 sere
564 2546 755 2591 nuptiarum
786 2558 807 2580 e
837 2546 929 2581 filiae
951 2546 1099 2581 thalamo
1117 2547 1311 2592 abreptum,
1336 2556 1448 2580 secum
1470 2543 1626 2590 prodiens
1648 2542 1712 2577 du-

261 2590 337 2635 xit3
398 2591 466 2626 uod
497 2602 661 2636 nunquam
692 2593 844 2634 faceret,
879 2592 908 2626 si
930 2592 1078 2626 hiemare
1098 2592 1133 2626 in
1155 2591 1370 2637 expeditione
1390 2590 1583 2635 cogitasset.
1628 2597 1712 2632 ergo

260 2639 351 2672 inter
371 2637 447 2672 ilas
469 2647 553 2682 quas
576 2637 643 2669 dixi
664 2637 828 2672 ominosas
848 2638 1101 2672 reclamationes
1122 2637 1315 2682 Augustae,
1342 2648 1430 2682 quae
1452 2645 1517 2669 non
1539 2633 1591 2667 ita
1611 2641 1713 2678 tege-

261 2685 387 2718 bantur
409 2682 638 2728 penetralibus
660 2682 775 2725 regiae
797 2682 876 2727 quin
901 2684 942 2717 ad
965 2684 1115 2718 notitiam
1139 2688 1352 2718 externorum
1373 2683 1605 2726 erumperent,
1621 2683 1712 2713 'tur-i

262 2730 364 2763 batus
395 2728 537 2774 augurio
560 2731 596 2761 et
618 2734 748 2762 secreta
782 2729 1030 2773 praesagitione
1061 2729 1182 2763 mentis
1211 2729 1470 2771 exhorrescens,
1512 2724 1713 2759 obfirmatus

263 2779 376 2810 tamen
398 2774 436 2810 in
457 2773 651 2822 proposito,
674 2773 750 2809 vale
771 2773 969 2809 necessariis
990 2775 1102 2818 dicto,
1124 2775 1300 2821 egreditur
1319 2773 1423 2816 ιιι-δας
1458 2781 1500 2806 ac
1521 2769 1712 2816 Selybriam·
