1884 3262
610 213 716 258 ΠΒ.
749 212 784 259 Ῑ.
833 213 1195 259 GLOSSARIUM.
1539 217 1638 265 563

174 322 326 359 sionem
340 325 505 371 vocant,
535 322 700 374 speciem
723 322 997 362 ecclesiasticae
1026 336 1211 363 censurae
1231 325 1636 366 excommunicatione

159 376 379 416 minorem.
435 377 542 428 quod
564 380 678 448 etiam
703 379 883 418 indicant
907 380 1027 419 verba
1055 394 1151 419 mox
1172 381 1394 431 sequentia:
1423 386 1539 425 τοῦτο
1583 381 1634 436 ἀρ

176 430 251 474 ov’n
272 433 381 483 ἔδοξε
409 437 592 475 τοιοῦτον
615 433 644 488 ἤ
671 451 709 475 τι
733 433 828 476 allo
850 435 1011 487 μέτριον
1040 453 1095 492 τῳ
1120 438 1277 489 βασιλεῖ
1301 434 1513 492 ἅγγελθὲν,
1545 437 1635 481 αλλ’

175 486 399 542 ἆφορισμός
416 488 617 542 ἄντικρυς.
655 492 798 542 quibus
817 492 1058 542 significatui
1077 493 1355 544 imperatorem
1372 507 1417 533 re
1435 496 1506 534 sibi
1525 511 1634 535 nun-

175 547 271 585 tiata
289 547 342 585 ita
368 547 578 591 exarsisse,
611 548 720 598 quasi
742 562 824 587 non
845 548 1046 612 suspensio
1072 550 1169 587 illud
1189 549 1258 589 sed
1279 552 1633 592 excommunicatio

173 604 300 641 maior
327 603 482 653 suisset,
513 604 789 643 confundendo
815 605 960 655 species
983 605 1206 656 gradusque
1231 618 1486 647 censurarum
1513 623 1636 648 cano-

172 660 365 698 nicarum.
428 660 640 698 Vaticanus
662 661 778 700 solita
790 661 974 700 libertate
989 661 1097 700 hunc
1114 662 1244 700 locum
1263 661 1532 717 παραφρᾶζει,
1559 679 1633 717 pro

173 716 249 755 illis
267 716 396 754 verbis
417 715 470 764 ὥς
488 713 757 768 πρόστιμον..
769 713 1066 770 ..ἐπίσχεσις
1037 720 1103 770 ἦν,
1132 719 1188 756 810
1204 718 1394 757 scribens:
1424 718 1634 772 ἐσχόλαστο

172 775 245 824 τῆς
267 769 487 824 ἱερωσύνης
518 770 628 824 παρὰ
654 789 725 814 του
749 790 997 828 πατριαρχου
1029 773 1126 828 πρὸς
1153 771 1304 829 καιρόν.
1362 775 1411 813 (le
1430 790 1502 816 suo
1520 779 1635 817 addit

173 828 412 868 mentionem
428 829 575 880 patria1
578 828 685 868 chae.

286 884 620 951 ἓταιρίαρχοι
655 899 694 938 p.
729 888 808 927 321
833 899 872 927 v,
892 886 933 928 5.
987 902 1082 934 τους
1104 885 1256 939 ἕπιτῆς
1287 886 1528 941 εἰσαγωγῆς,
1562 886 1635 938 οὓς
1657 890 1687 926 Ρ
1707 895 1777 933 386

174 938 447 993 ἓταιριᾶρχους
470 942 662 993 λέγουσιν.
717 941 835 990 hinc,
864 947 1020 993 praeter
1044 956 1088 980 ea
1110 956 1210 996 quae
1231 944 1280 981 de
1306 942 1382 981 hae
1404 958 1502 983 voce
1522 952 1638 985 notat

173 997 389 1045 Meursius,
419 997 669 1048 intelligimus
687 997 982 1037 introductores
1004 999 1086 1036 sive
1107 999 1400 1040 admissionales
1419 1000 1636 1052 imperato-

172 1067 266 1092 rum
290 1053 586 1091 hacta-turchos
614 1053 766 1104 dictos,
805 1054 914 1105 quod
944 1068 1084 1106 nempe
1106 1055 1257 1094 tribuni
1275 1057 1632 1107 praetorianorum,

173 1110 317 1160 quibus
334 1110 492 1161 proprie
510 1109 552 1148 id
570 1123 715 1148 nomen
732 1111 943 1162 convenit,
971 1111 1204 1163 plerumque
1221 1112 1298 1150 isto
1321 1113 1559 1153 admittendi
1581 1115 1634 1154 ad

172 1166 391 1218 principem
411 1166 539 1204 officio
557 1167 830 1217 fungerentur.

284 1220 605 1275 ἕτεροθαλής
632 1237 670 1276 p.
692 1227 775 1267 292
798 1237 838 1265 v,
863 1226 930 1265 10.
988 1220 1063 1274 τήν
1093 1221 1316 1277 &mosam
1342 1220 1498 1279 ἆὸελφη
1489 1222 1525 1266 ’ν
1558 1221 1633 1267 αὕ-

173 1281 275 1328 τῶν,
319 1291 458 1330 nempe
478 1279 636 1317 Ioannis
668 1286 708 1317 et
746 1279 992 1318 Theodosiae
1024 1280 1242 1320 liberorum
1280 1281 1457 1320 Marthae
1486 1284 1633 1321 sororis

173 1336 434 1386 imperatoris.
470 1349 555 1386 cap.
573 1336 751 1386 sequenti
779 1335 828 1373 de
859 1335 994 1373 eadem
1026 1336 1328 1387 Nostongonissa
1366 1337 1532 1389 loquens
1558 1354 1635 1378 no-

174 1398 256 1430 ster
279 1391 398 1430 habet
409 1392 483 1429 1te1
487 1405 553 1430 um
573 1392 640 1432 καὶ
661 1394 734 1444 τῆς
751 1388 884 1432 αυτῶν
903 1391 1167 1445 ἕτεροθαλοῦς
1182 1395 1254 1445 τῆς
1274 1396 1633 1447 Νοστογγονίσσης.

175 1448 274 1499 quid
289 1449 340 1486 sit
360 1447 437 1486 11οο
460 1449 547 1486 loco
573 1445 836 1500 ἓτεροθαλής,
876 1448 979 1487 elme
1017 1448 1134 1487 docet
1165 1448 1397 1487 Eustathius
1416 1450 1466 1488 ad
1484 1451 1593 1490 Iliad.
1611 1468 1634 1504 χ

173 1519 215 1558 Ρ.
239 1507 344 1547 ¹283
363 1518 400 1543 v.
420 1507 447 1546 2
477 1504 537 1542 ed.
566 1505 682 1547 Rom.
707 1506 848 1552 παῖδες
871 1501 1017 1557 πατρὸς
1044 1521 1099 1556 μη
1127 1501 1365 1557 ὁμομήτριοι
1385 1505 1635 1558 ἕτεροθαλεῖς

173 1560 365 1615 λέγονται.
410 1561 503 1612 filii
527 1563 662 1611 patris
685 1559 886 1610 eiusdem,
919 1560 991 1598 sed
1016 1563 1163 1599 matris
1184 1560 1375 1601 diversae.
1431 1576 1495 1601 res
1511 1577 1635 1615 porro

173 1618 215 1656 in
231 1617 426 1669 praesenti
440 1617 497 1655 sie
516 1630 556 1654 se
572 1616 735 1666 habuit,
763 1622 811 1655 ut
834 1617 978 1655 diserte
994 1617 1121 1656 tradit
1138 1616 1396 1669 Pachymeres
1425 1619 1497 1657 sub
1514 1620 1634 1660 finem

173 1687 209 1716 c.
236 1676 301 1716 19.
330 1673 596 1712 Tarchaniota
612 1675 675 1713 vir
694 1672 871 1712 Marthae
896 1680 936 1712 et
952 1687 1002 1712 ex
1025 1687 1069 1711 ea
1086 1679 1200 1726 pater
1214 1674 1372 1713 Ioannis
1390 1681 1430 1713 et
1446 1675 1635 1716 Theodo-

174 1730 279 1778 siae,
320 1742 372 1768 ex
397 1730 522 1781 priori
541 1744 668 1769 uxore
688 1736 878 1782 genuerat
898 1736 1010 1769 antea
1026 1730 1390 1783 Nostongonissam,
1419 1732 1485 1770 cui
1511 1733 1635 1772 vide-

173 1792 245 1826 tur
266 1785 319 1824 ad
337 1786 626 1826 distinctionem
643 1794 866 1826 maternum
890 1788 1056 1826 familiae
1076 1800 1221 1826 nomen
1250 1786 1480 1828 adhaesisse.
1536 1788 1636 1828 113εο

176 1856 224 1889 eo
242 1843 468 1882 notavimus
483 1845 573 1894 quia
592 1844 633 1882 in
649 1844 875 1895 vulgaribus
894 1844 1028 1882 lexicis
1054 1842 1166 1882 haud
1180 1843 1275 1883 satis
1297 1844 1475 1884 diser-tim
1494 1847 1634 1899 expri-

173 1899 299 1938 mitur
314 1899 413 1938 haec
431 1899 542 1939 istius
559 1900 670 1939 notio
686 1901 884 1940 vocabuli.

288 1952 499 2010 εὐλογία
526 1971 565 2009 p.
593 1957 678 2000 407
697 1971 739 2002 v.
769 1960 808 1999 8.
866 1956 939 1995 etsi
965 1956 1092 1996 videri
1119 1961 1253 2008 potest
1279 1969 1391 2008 agere
1419 1963 1560 1996 auctor
1580 1957 1631 1997 de

175 2012 447 2052 benedictione
465 2027 489 2051 a
504 2013 725 2066 patriarcha
744 2019 836 2066 post
855 2014 1144 2066 perceptionem
1161 2011 1357 2062 antidoti,
1385 2012 1463 2052 hoc
1481 2020 1552 2063 est,
1580 2020 1631 2053 ut

177 2083 249 2108 suo
273 2069 361 2107 loco
394 2070 775 2121 demonstravimus,
802 2073 929 2122 panis
959 2069 1174 2118 benedicti,
1211 2069 1455 2120 accipienda,
1495 2076 1631 2109 tamen

176 2125 425 2165 verisimilius
455 2133 514 2165 est
546 2123 728 2180 εὐλογίας
756 2127 950 2166 vocabulo
976 2139 1117 2178 panem
1144 2125 1272 2177 ipsum
1292 2125 1542 2164 benedictum
1564 2125 1630 2164 1110

177 2181 410 2232 significari,
438 2189 485 2221 ut
513 2184 560 2224 ἓν
586 2182 654 2225 δια
682 2185 796 2224 δυοῖν
821 2183 1034 2222 historicus
1066 2181 1322 2233 expresserit,
1353 2181 1449 2220 dum
1466 2188 1506 2220 et
1521 2178 1631 2223 α’ντι-

177 2235 312 2288 δώρου
333 2243 373 2275 et
395 2234 575 2292 ευλογίας
599 2240 780 2278 distinete
801 2240 1000 2288 meminit,
1034 2239 1115 2277 duo
1144 2237 1317 2276 eiusdem
1334 2237 1452 2276 unius
1471 2239 1532 2278 rei
1551 2253 1630 2278 vo-

178 2294 318 2331 cabula
338 2295 584 2338 continuans.
639 2297 784 2335 retinui
804 2310 925 2349 porro
945 2295 1083 2334 Latine
1098 2307 1240 2333 nomen
1260 2294 1456 2358 eulogiae,
1483 2295 1630 2348 quippe

177 2350 221 2388 in
247 2349 323 2389 hac
349 2351 510 2389 notione
539 2352 686 2391 Latinis
712 2353 966 2391 ecclesiastice
994 2350 1255 2389 scribentibus
1288 2350 1444 2393 tritum.
1500 2365 1628 2392 unum

178 2407 298 2445 affero
326 2413 544 2460 exemplum
564 2421 584 2445 e
602 2409 780 2473 plurimis
792 2409 939 2461 passim
956 2407 1198 2457 occursuris,
1228 2420 1279 2445 ex
1297 2406 1389 2446 decr
1390 2413 1455 2446 eto
1473 2405 1533 2448 Pii
1551 2423 1627 2461 pa-

177 2476 251 2516 pae
272 2464 353 2502 eius
374 2464 543 2503 nominis
564 2465 702 2516 primi,
735 2479 813 2516 quo
843 2471 1011 2516 putatur
1034 2463 1143 2504 hunc
1169 2477 1287 2502 usum
1313 2463 1485 2503 sanxisse
1501 2465 1627 2503 bene-

180 2520 277 2558 dicti
306 2523 418 2571 panis
447 2521 488 2559 in
519 2521 679 2560 ecclesia
710 2521 971 2560 distribuendi
999 2520 1062 2559 his
1091 2520 1159 2571 qui
1179 2519 1231 2559 ad
1258 2519 1514 2559 eucharistiae
1530 2535 1627 2572 per-

178 2577 394 2629 ceptionem
420 2577 550 2628 parati
577 2591 657 2616 non
681 2583 822 2620 essent.
876 2578 920 2616 id
952 2577 1008 2617 sic
1036 2576 1156 2616 habet
1182 2577 1444 2616 Conciliorum
1464 2583 1573 2616 tomo
1598 2582 1620 2620 1

176 2646 215 2684 p.
235 2632 318 2675 234
335 2634 395 2672 ed.
415 2634 509 2685 Reg.
541 2633 590 2672 de
617 2634 910 2682 oblationibus,
945 2647 1048 2687 quae
1082 2634 1306 2688 offiruntur
1326 2648 1355 2671 a
1377 2634 1551 2685 popule,
1589 2640 1627 2671 et

177 2691 543 2728 consecrationibus
570 2705 674 2742 quae
700 2698 936 2742 supersunt,
970 2691 1035 2728 vel
1060 2689 1108 2729 de
1116 2690 1300 2743 panibus
1323 2703 1425 2742 quo-9
1441 2688 1627 2740 deserunt

170 2744 315 2796 fideles
341 2746 402 2785 ad
429 2748 653 2798 ecclesiam,
682 2748 745 2784 vel
774 2754 875 2786 certe
901 2746 951 2785 de
980 2748 1090 2796 suis,
1120 2747 1327 2799 presbyter
1355 2747 1627 2784 convenienter

171 2810 314 2852 partes
332 2805 486 2841 incisas
501 2803 646 2842 habeat
662 2805 705 2842 in
721 2817 817 2842 vase
840 2803 971 2842 nitido
988 2811 1026 2841 et
1045 2805 1313 2853 convenienti,
1352 2809 1400 2840 ut
1410 2809 1507 2853 post
1525 2804 1627 2840 mis-—

179 2871 320 2897 sarum
338 2861 552 2912 solemnia,
584 2862 657 2914 qui
676 2863 969 2900 communicare
986 2874 1065 2901 non
1069 2862 1234 2912 suerint
1244 2860 1392 2914 parati
1406 2887 1419 2909 ,
1444 2859 1630 2912 eulogias
