1846 3262
433 233 512 303 DE
536 257 816 303 ΜΙοΗΑΕιΕ
842 261 1221 311 PALAEOLOGO
1253 264 1299 306 L.
1326 263 1380 306 11.
1549 264 1641 310 131

163 375 368 431 καὶμηδέν
383 373 486 429 ἔχων
507 374 530 418 δ’
549 393 587 418 τι
609 377 675 418 καὶ
695 373 857 432 δράσειε
875 379 958 418 τῶν
973 373 1168 420 ἁπάντων
1189 377 1518 434 διεγηγερμὲνων,
1541 377 1643 435 ἔγνω

163 446 250 501 ἅμα
271 447 428 500 γυναιξὶ
451 447 518 487 καὶ
545 446 721 497 τέκνοις,
750 444 853 499 πρὸς
873 445 918 487 δὲ
943 447 1010 486 καὶ
1041 450 1193 505 γηραιᾷ
1221 449 1371 501 μητρί,
1406 450 1642 504 Χριστιανῇ

163 518 220 565 εἷς
238 514 290 563 τὰ
308 512 490 567 μάλιστα
511 513 616 571 οὔσῃ
626 547 639 566 ,
676 515 743 556 καὶ
762 513 945 570 ἀδελφῇ,
984 513 1253 571 καταφεύγειν
1273 518 1330 565 εἷς
1347 516 1545 569 βασιλέα,
1585 515 1642 567 ὡς

164 587 319 627 ἐκεῖθεν
337 585 403 625 καὶ
422 582 561 637 μόνοις
582 571 683 634 ἔξεον
710 581 914 638 βοήθειαν
936 584 1003 624 καὶ
1034 583 1140 625 κατὰ
1160 584 1303 639 καιρὸν
1324 583 1537 639 ἐπανήξων
1562 581 1641 628 αὖ·

130 659 236 703 ὅθις
268 655 310 703 ἐξ
337 650 561 709 ὑπερτέρας
585 653 722 708 χειρὸς
748 653 815 693 καὶ
845 649 999 706 ι’σχύος.
1070 652 1178 708 μηδὲ
1204 653 1283 708 γὰρ
1317 652 1518 696 πιστεύειν
1539 653 1640 709 ἔχειν
1663 665 1691 700 Ρ
1715 666 1760 702 85

164 722 288 780 ἑτέρῳ
313 721 388 776 τὴν
412 723 645 777 σωτηρίαν,
683 721 764 763 ἐπεὶ
794 722 860 762 καὶ
883 719 905 763 ὃ
928 723 1183 777 προρρηθεὶς
1206 721 1354 776 Μελῆκ
1382 723 1461 777 πρὸ
1481 722 1643 779 χρόνων

163 788 454 845 αὐτομολήσας
474 790 587 845 παρὰ
616 788 819 844 βασιλέως
851 791 1079 843 κατείχετο,
1115 788 1162 832 ὃν
1180 789 1231 845 δὴ
1266 793 1334 833 καὶ
1369 790 1495 834 αὐτὸν
1524 790 1642 835 tincti-

163 878 308 904 πτευεν
328 859 527 916 ὁσημέραι
552 858 610 914 μὴ
632 860 775 908 λυθεὶς
806 857 951 915 ἐπιστῇ
973 859 1079 912 μετὰ
1110 857 1303 914 πλήθους
1329 861 1396 901 καὶ
1420 860 1468 902 οὐ
1503 866 1638 912 καλῶς

163 929 266 984 ἔχειν
287 928 334 972 τὸ
369 931 426 978 εἷς
456 928 586 984 ἀρχῆς
607 925 758 983 κράτος
784 929 975 970 ἐντεῦθεν
996 926 1151 984 γένοιτό
1179 928 1230 971 οἷ.
1302 929 1484 972 ἐπίστευε
1506 931 1551 972 δὲ
1573 933 1642 973 καὶ

108 1009 153 1044 10
165 1006 255 1048 ταῖς
277 1000 334 1047 εἷς
367 998 540 1051 βασιλέα
570 1001 763 1046 παλαιαῖς
789 997 958 1046 ἐκείναις
986 996 1332 1054 φιλοφρονήσεσι,
1371 1000 1438 1040 καὶ
1472 997 1642 1054 ἐθάρρει

164 1068 308 1125 φανεὶς
330 1064 480 1109 ἀνύσαι
497 1065 548 1108 τὰ
570 1065 674 1120 πρὸς
695 1069 853 1119 θυμοῦ.
922 1064 1200 1122 συμφορήσας
1233 1072 1453 1123 τοιγαροῦν
1475 1071 1641 1123 πλῆθος

161 1138 343 1191 χρυσίων
365 1136 413 1179 οὗ
435 1136 589 1195 ῥᾳδίως
608 1131 858 1190 ἀριθμητόν,
895 1136 962 1177 καὶ
982 1135 1053 1178 τὸν
1069 1139 1248 1191 Περσῶν
1266 1141 1445 1179 πλοῦτον
1464 1142 1637 1193 περιβα-
1661 1145 1691 1180 Β

164 1203 358 1259 λόμενος,
397 1203 484 1258 ἅμα
513 1205 671 1261 γυναιξὶ
702 1199 769 1246 καὶ
796 1204 973 1257 τέκνοις,
1007 1208 1082 1247 τοῦ
1102 1207 1327 1255 Πισσιδίας
1348 1211 1643 1262 προαγωγοῦν-

163 1291 236 1324 τος
262 1272 318 1324 ὥς
333 1273 508 1327 βασιλέα
530 1280 666 1329 χωρεῖ.
735 1270 757 1316 ὅ
779 1273 837 1325 δέ,
878 1270 934 1323 ὦς
953 1270 1082 1326 εἰκός,
1120 1273 1307 1327 ἀσμένως
1328 1272 1546 1328 δεξάμενος
1568 1275 1643 1319 οὐκ

108 1352 152 1388 15
165 1342 264 1399 εἶχεν
285 1342 307 1386 ὅ
331 1360 369 1385 τι
390 1340 589 1398 χρήσαιτο
617 1338 779 1399 τούτῳ,
818 1341 924 1396 πλὴν
952 1339 1067 1396 μάλα
1098 1341 1510 1400 φιλοφρονησάμενος
1539 1335 1643 1401 πρὸς

164 1414 338 1465 ἐκεῖνον,
374 1414 440 1454 καὶ
470 1416 643 1467 θαρρεῖν
677 1410 818 1460 διδούς
854 1408 910 1460 ὥς
942 1411 1049 1453 κατὰ
1082 1411 1223 1467 καιρὸν
1253 1409 1444 1466 ἐπανήξοι
1479 1414 1545 1454 καὶ
1566 1413 1642 1468 τὴν

163 1481 295 1538 ἀρχὴν
317 1478 520 1533 ἀναλάβοι
542 1479 673 1522 αὐτοῦ
701 1484 1016 1534 συνεργοῦντος,
1055 1480 1178 1536 ἐφῆκε
1208 1480 1357 1536 διάγειν
1381 1479 1437 1530 ὥς
1456 1479 1640 1538 οἰσύνη-

163 1554 240 1600 θες
259 1545 309 1604 ἦν
332 1549 445 1607 αὐτῷ
467 1549 569 1591 οἴκοι
587 1554 660 1603 τῆς
681 1550 887 1603 Περσίδος
907 1548 1088 1603 ἄρχοντι.
1161 1548 1262 1592 ὅθεν
1283 1551 1350 1592 καὶ
1368 1550 1540 1603 σε’λμασι
1558 1555 1641 1605 βα-

164 1623 333 1668 σιλικοῖς
361 1622 420 1677 τῷ
447 1622 614 1672 βασιλεῖ’
636 1618 903 1674 παρεδρίαζε,
951 1619 1019 1660 καὶ
1051 1619 1258 1676 φοβεροὺς
1285 1620 1375 1676 περὶ
1413 1618 1540 1662 αὐτὸν
1561 1618 1638 1674 εἶχε

255 1742 288 1777 9.
314 1740 389 1785 εἰς]
414 1738 483 1784 ἕξὲ
624 1741 680 1776 11.
705 1735 856 1784 θυμοῦς
879 1737 919 1773 Ρ.

116 1845 120 1847 ⁴
163 1848 292 1882 statum
316 1844 470 1880 nesciens
494 1856 561 1891 quo
585 1856 623 1881 se
645 1847 800 1880 verteret
823 1844 924 1880 cuive
948 1844 1154 1887 confideret,
1179 1843 1310 1879 cunctis
1332 1845 1477 1881 arrectis
1498 1845 1534 1880 in
1557 1857 1639 1891 spes

163 1897 318 1928 metusve
341 1903 454 1940 rerum
477 1891 716 1926 imminentium
740 1903 803 1927 nec
826 1892 910 1927 satis
933 1893 1062 1938 uspiam
1087 1891 1360 1935 consistentibus,
1383 1891 1538 1927 decrevit
1560 1903 1636 1927 cum

162 1938 327 1973 uxoribus
350 1943 386 1972 et
407 1938 487 1972 filiis
510 1949 653 1984 cumque
676 1942 787 1973 matre
816 1938 932 1973 vetula
954 1938 1084 1983 optima
1107 1937 1306 1972 Christiana
1321 1963 1332 1980 ‚
1356 1944 1536 1984 praeterea
1559 1950 1636 1973 cum

161 1996 280 2019 sorore
303 1984 347 2018 ad
369 1983 607 2029 imperatorem
634 1986 820 2030 confugere
835 2010 845 2026 ,
881 1996 901 2019 a
924 1996 992 2031 quo
1015 1985 1088 2019 solo
1111 1984 1172 2018 tali
1195 1984 1337 2018 articulo
1360 1996 1471 2019 rernm
1498 1995 1636 2019 suarum

161 2030 274 2067 iuvari
300 2035 439 2076 poterat
461 2034 498 2064 et
519 2031 554 2065 in
577 2036 752 2076 posterum
775 2031 934 2065 auxilium
957 2042 1100 2076 sperare
1115 2054 1128 2072 ,
1150 2041 1238 2076 quo,
1263 2030 1292 2065 si
1315 2042 1463 2077 unquam
1484 2030 1637 2065 resedis-

162 2081 217 2112 set
239 2076 298 2111 illa
322 2081 528 2121 tempestas,
561 2082 714 2112 tentaret
746 2078 892 2111 reditum
921 2077 956 2111 in
979 2076 1205 2122 principatum
1229 2077 1350 2111 validis
1373 2077 1548 2111 Romanae
1570 2088 1634 2121 po-

162 2122 291 2157 tentiae
323 2123 485 2157 subnixus
518 2123 638 2168 copiis.
687 2130 810 2158 cuncta
842 2123 932 2158 enim
966 2122 1259 2168 circumspiciens,
1282 2123 1446 2157 neminem
1472 2128 1554 2157 tunc
1577 2133 1635 2156 re-

161 2169 319 2214 periebat
342 2169 396 2202 cui
420 2172 516 2203 recte
540 2169 748 2204 committere
771 2170 914 2204 salutem
937 2181 1031 2204 suam
1056 2174 1092 2204 et
1114 2169 1222 2203 fidere
1244 2169 1330 2203 satis
1352 2174 1492 2215 posset,
1524 2179 1635 2213 quan-

162 2215 341 2260 doquidem
365 2218 401 2249 et
423 2216 520 2260 prius
551 2219 754 2250 memoratus
777 2216 935 2259 Melech,
975 2227 1051 2250 cum
1074 2216 1245 2261 aliquanto
1268 2219 1367 2250 antea
1391 2216 1467 2260 ipse
1495 2225 1634 2260 quoque

160 2260 417 2305 transfugisset,
440 2262 483 2296 ab
506 2261 714 2306 imperatore
732 2263 971 2305 detinebatur3
995 2274 1017 2296 a
1039 2274 1106 2308 quo
1131 2262 1262 2296 scilicet
1284 2261 1437 2307 quotidie
1459 2261 1634 2295 metuebat

161 2318 206 2341 ne
228 2319 297 2351 qua
320 2310 440 2340 nactus
468 2307 594 2342 exitum
618 2320 638 2342 e
663 2308 818 2343 custodia
841 2319 1053 2343 numerosum
1076 2308 1112 2342 in
1143 2319 1181 2342 se
1204 2307 1346 2341 duceret
1367 2307 1573 2348 exercitum,
1596 2311 1634 2340 et

161 2353 212 2388 sic
234 2353 269 2386 in
301 2352 434 2386 irritum
465 2353 659 2388 reciderent
689 2365 768 2399 spes
799 2360 1028 2400 conatusque,
1065 2365 1150 2400 quos
1172 2353 1371 2388 intendebat
1393 2353 1428 2387 in
1452 2353 1635 2388 statuendo

160 2398 229 2435 sibi
251 2398 484 2444 firmandoque
509 2399 714 2445 principatu.
761 2412 967 2446 magnopere
989 2405 1102 2435 autem
1125 2400 1296 2434 nitebatur
1312 2405 1432 2434 vetere
1445 2399 1635 2445 imperato-

160 2445 211 2480 ris
234 2445 402 2487 amicitia,
435 2445 567 2488 magnis
596 2445 662 2480 sibi
696 2446 844 2489 officiis,
875 2458 950 2481 cum
983 2450 1075 2481 esset
1103 2447 1180 2480 olim
1214 2446 1251 2480 in
1284 2445 1450 2490 Perside,
1478 2450 1632 2486 testata3

162 2491 446 2536 confidebatque,
487 2491 582 2525 simul
614 2491 688 2526 eius
719 2504 832 2527 coram
855 2492 984 2528 affandi
1005 2492 1205 2537 contigisset
1238 2492 1337 2538 copia
1351 2517 1362 2536 ,
1395 2504 1434 2526 se
1456 2491 1547 2537 quod
1571 2503 1633 2525 cu-

161 2542 262 2582 peret
282 2538 326 2571 ab
350 2549 390 2571 eo
412 2538 682 2582 impetraturum.
729 2545 893 2584 congesta
915 2539 1023 2585 igitur
1053 2539 1088 2572 in
1120 2549 1241 2584 capsas
1263 2549 1349 2584 quas
1371 2549 1485 2572 secum
1507 2537 1632 2572 extulit

161 2594 342 2617 aureorum
365 2583 580 2618 multitudine
602 2595 668 2618 non
690 2585 793 2619 facile
815 2584 1027 2626 numerabili,
1058 2589 1095 2618 et
1116 2584 1289 2619 ditissimis
1308 2585 1389 2619 luxu
1411 2583 1548 2618 Persico
1570 2595 1632 2617 ve-

161 2628 271 2663 stibus
294 2629 451 2671 indutus,
475 2641 550 2664 cum
573 2630 770 2675 coniugibus
794 2636 831 2665 et
854 2631 994 2672 liberis,
1026 2630 1172 2665 Pisidiae
1193 2631 1354 2675 praeside
1376 2631 1462 2664 duce
1484 2628 1632 2670 itineris,

160 2674 206 2709 ad
227 2674 464 2720 imperatorem
487 2687 526 2710 se
555 2677 690 2710 confert
703 2702 715 2718 ‚
738 2676 798 2721 qui
821 2688 897 2712 enm
918 2676 1151 2711 humanissime
1173 2677 1320 2722 excepit.
1365 2682 1402 2710 et
1426 2686 1630 2721 quamquam

162 2731 227 2754 nou
251 2721 372 2755 babuit
396 2725 478 2756 tunc
512 2722 547 2756 in
585 2733 652 2768 quo
681 2723 756 2757 eius
790 2734 896 2768 opera
918 2727 1095 2764 uteretur,
1127 2723 1216 2758 omni
1244 2729 1357 2757 tamen
1378 2721 1631 2766 significatione

161 2766 419 2802 benevolentiae
444 2768 635 2803 consolatus
658 2772 730 2811 est;
753 2779 916 2815 spemque
939 2770 1006 2815 ipsi
1028 2769 1112 2804 fecit
1133 2768 1334 2804 auxiliorum
1358 2780 1380 2802 a
1402 2779 1440 2802 se
1467 2765 1632 2801 submini-

161 2812 376 2847 strandornm
398 2813 432 2848 in
465 2818 640 2861 tempore,
671 2826 812 2860 quorum
836 2827 902 2861 ope
933 2819 1008 2850 tuto
1031 2815 1163 2850 rediret
1190 2815 1226 2848 in
1250 2813 1425 2849 Persidem
1442 2839 1454 2856 ,
1476 2818 1514 2847 et
1536 2811 1634 2857 prin-

161 2857 277 2903 cipatu
306 2865 510 2904 recuperato
541 2860 718 2895 florentem
750 2860 799 2895 ibi
821 2865 861 2895 ut
883 2861 979 2906 prius
1009 2866 1047 2896 et
1067 2860 1283 2906 tranquillam
1307 2859 1398 2894 domi
1420 2870 1504 2895 suae
1524 2857 1632 2893 vitam

160 2901 196 2937 in
236 2911 399 2941 consueta
428 2906 594 2951 dignitate
627 2907 781 2952 degeret.
827 2907 944 2954 itaque
978 2907 1013 2942 in
1042 2906 1263 2953 suggestibus
1294 2905 1400 2951 reglis
1431 2904 1631 2952 imperatori
