1884 3262
518 178 621 227 LIB.
638 180 714 226 ΠΙ.
767 181 1259 226 CHRONOLOGICUS.
1499 185 1538 235 ,7
1541 183 1607 232 49

152 308 252 348 quae
270 294 431 344 desunt,
459 298 608 331 resecta
627 292 787 332 ruerant
805 291 935 331 cultro
953 286 1129 334 librario.
1184 305 1229 332 ea
1248 305 1320 331 nos
1336 292 1380 331 in
1395 292 1504 332 hunc
1517 308 1606 333 mo-

152 354 247 392 dum
266 352 421 392 restitui
439 363 552 402 posse
573 349 809 402 putabamus

423 405 481 455 αἷς
508 402 676 458 ἆληθῶς
703 405 863 459 εἴρηκας
890 403 982 446 δέσ-

421 460 537 504 ποτά
554 477 631 515 μου
660 476 761 516 αγιε
815 460 884 502 καὶ
910 464 962 515 τῇ

420 534 513 574 γαρ
524 534 606 560 των
633 520 802 571 Περσων
829 516 1020 568 ἔπιθέσει,

421 575 490 617 καὶ
517 578 569 632 τῇ
597 571 757 631 αμελεία
782 576 865 615 ταῖν
890 589 992 628 κρα-

421 629 599 673 τούντων
625 627 878 702 συνελθουσῃ

417 693 502 737 τοῖς
524 687 717 758 Πέρσαις,
746 687 816 729 καὶ
841 703 869 740 η
898 682 1000 727 κατὰ

418 742 490 786 τᾶν
518 742 682 786 Πόντον
705 744 773 799 Ἡρ
776 741 912 785 ἄκλεια
939 738 1045 783 ἕαλω

413 800 459 842 ἐν
487 800 586 854 μηνὶ
609 761 773 858 Ἰουλίῳρ
782 802 819 842 δ.
849 802 899 841 Ν
916 793 966 853 ιγ’

414 860 490 898 τοῦ
518 854 645 912 ςωξη’
675 843 798 907 ἔτους.

141 878 241 951 liaee
261 912 316 951 sic
340 912 463 952 latine
486 920 644 954 sonant.
698 922 746 953 ut
772 928 860 953 vere
884 910 1052 961 dixisti,
1082 907 1241 948 domine
1260 910 1320 947 mi
1338 917 1486 950 sancte.
1542 919 1600 950 et-

141 971 247 1007 enim
273 971 498 1009 ane-ursione
531 972 770 1020 Persarum,
805 977 843 1008 et
867 968 1114 1020 negligentia
1140 969 1428 1018 imperantium
1458 982 1599 1020 coope-

141 1034 256 1064 rante
279 1028 438 1077 Persio,
466 1029 590 1064 etiam
614 1028 816 1065 Heraclea
845 1024 905 1063 ad
927 1027 1108 1062 Pontum
1131 1025 1216 1061 scta
1243 1030 1364 1075 capta
1391 1031 1450 1063 est
1468 1038 1598 1064 men-se

140 1083 271 1131 Iulio,
301 1081 367 1120 die
386 1084 436 1134 4,
465 1082 683 1121 indictione
701 1086 775 1135 13,
805 1083 906 1120 anni
922 1083 1045 1123 6868.

250 1139 320 1178 Est
351 1137 417 1178 hic
446 1153 574 1177 annus
598 1139 744 1178 Christi
770 1141 899 1185 1360,
928 1149 1011 1187 per.
1037 1135 1211 1173 Iulianae
1243 1138 1372 1184 6073,
1405 1149 1483 1186 quo
1515 1149 1598 1175 nu·-

137 1201 290 1234 mex-ata
317 1202 377 1233 est
407 1196 572 1234 indictio
605 1199 668 1238 13.
724 1193 982 1232 indictionem
1011 1190 1244 1243 ἐπινέμησιν
1272 1191 1411 1229 Graeci
1436 1199 1597 1243 vocant,

135 1257 177 1290 et
195 1264 339 1290 nomen
352 1251 461 1290 istud
475 1247 742 1305 ἐπινεμήσεως
757 1249 824 1288 hic
838 1255 933 1288 nota
947 1248 1016 1288 illa
1036 1250 1086 1287 N
1096 1247 1370 1312 compendiose
1384 1247 1597 1300 indicatur,

134 1314 287 1347 resecto
319 1321 415 1346 mox
447 1321 611 1347 numero
639 1324 697 1360 ιγ,
727 1306 806 1346 hoc
832 1312 892 1344 est
925 1309 1000 1354 13,
1028 1305 1184 1355 qualem
1215 1304 1336 1355 exigit
1358 1304 1423 1342 ille
1454 1318 1594 1350 annus.

135 1364 316 1403 nondum
349 1364 479 1416 reperi
514 1364 607 1403 alibi
643 1369 824 1403 notatam
853 1362 958 1401 hanc
993 1360 1323 1413 expugnationem
1362 1360 1596 1413 Heracleae3

136 1421 248 1459 cuius
269 1420 358 1458 ideo
379 1421 542 1459 sortasse
559 1435 641 1459 non
669 1421 745 1459 erit
772 1419 912 1459 inutile
930 1418 1254 1470 qualemcumque
1270 1418 1386 1455 istam
1405 1417 1498 1456 hinc
1515 1433 1595 1458 no·-

134 1477 264 1515 titiam
293 1477 512 1528 sumpsisse.
570 1477 784 1528 alloquitur
812 1490 954 1528 porro,
995 1487 1046 1513 ne
1077 1473 1157 1512 hoc
1186 1474 1375 1512 lectorem
1399 1481 1597 1526 moretur,

134 1533 372 1584 quicumque
389 1534 421 1571 is
436 1534 524 1583 suit,
547 1540 685 1573 auctor
703 1531 1051 1571 annotatiunculae
1068 1529 1326 1569 historicum'
1315 1544 1444 1582 ipsum
1464 1532 1593 1571 Geor-

133 1589 242 1641 gium
259 1589 548 1641 Pachymerem,
578 1604 695 1642 quem
710 1587 826 1644 ἅγιον
841 1584 1038 1640 δεσπότην
1052 1593 1234 1626 sanctum
1251 1586 1455 1627 dominum
1471 1594 1593 1630 vocat

133 1652 272 1699 utpote
290 1646 532 1686 sacerdotem
548 1653 587 1686 et
600 1648 643 1686 in
661 1646 917 1686 ecclesiastica
936 1644 1194 1684 constitutum
1213 1643 1414 1695 dignitate.

618 1734 1102 1785 CAPUTX.
1439 1743 1442 1746 “
1610 1744 1729 1782 9531

187 1805 382 1856 Synopsie
419 1804 705 1858 chronologica
732 1806 1053 1857 praecipuarum
1081 1816 1216 1841 rerum
1250 1802 1330 1840 hac
1357 1801 1532 1841 historia

391 1869 720 1910 memoratarum,
750 1875 818 1899 eas
843 1862 1063 1912 assignans
1084 1861 1206 1897 annio
1229 1860 1331 1898 ouis.

146 1934 227 1996 *022³
263 1934 390 1996 ΒωῦίΨ
389 1943 426 1996 θ’,
448 1934 613 1997 ξξζξθΐὸἲῑέ·
713 1939 884 1979 Moritur
918 1939 1134 1991 imperator
1162 1938 1325 1978 Ioannes
1352 1937 1480 1976 Ducas
1502 1938 1583 1976 Ba·-

284 2002 349 2030 tiict
333 2011 409 2030 cum.
489 2010 526 2030 en
528 2003 570 2031 ιιιι
658 2002 765 2034 tatza
787 2008 910 2048 prope
938 1995 1210 2047 Nymphaeum
1239 1997 1265 2036 3
1290 1994 1369 2032 kal.
1393 1994 1581 2034 Novemb.

262 2057 425 2086 Alexandri
468 2058 589 2086 loannis
660 2053 797 2103 Georg.
817 2051 1001 2104 Acropol.
1016 2051 1118 2089 Hist.
1139 2064 1170 2089 c.
1187 2051 1252 2092 52.
1297 2049 1389 2089 Vide
1403 2050 1430 2091 l.
1448 2053 1474 2092 3
1494 2051 1580 2090 Ob-

128 2128 235 2171 1255
318 2091 369 2170 ni
455 2091 610 2172 Βῦῑέζὸθ·
656 2108 926 2148 servationum
946 2113 1172 2145 nostrarum
1192 2120 1224 2144 c.
1243 2110 1282 2149 2.

712 2164 834 2203 Filius
854 2164 935 2202 eius
954 2162 1198 2211 Theodorus,
1217 2162 1390 2201 Laacaris
1410 2176 1432 2200 a
1450 2170 1578 2203 matre

653 2221 807 2270 dictus,
849 2220 1117 2272 proclamatur
1143 2219 1356 2270 imperator
1384 2233 1577 2262 consensu

655 2290 863 2330 procerum
880 2281 920 2315 et
937 2276 1085 2329 populi.
1143 2276 1288 2328 Acrop.

708 2334 927 2372 Recusante
979 2331 1292 2385 patriarchatum
1353 2331 1575 2384 Nicephoro

651 2388 888 2439 Blemmida,
919 2388 1106 2428 Arsenius
1130 2401 1151 2427 e
1178 2388 1417 2428 monasterio
1438 2389 1490 2427 ad
1515 2390 1576 2428 la-

652 2459 743 2485 cum
762 2445 1028 2497 Apolloniadis
1046 2446 1256 2486 accersitus
1271 2446 1320 2486 fit
1333 2445 1573 2499 patriarcha.

648 2502 754 2541 idem
774 2502 916 2555 Acrop.

703 2559 741 2597 Is
772 2565 938 2598 coronat
967 2558 1219 2598 Theodorum
1246 2558 1309 2598 die
1335 2558 1479 2597 Christi
1496 2571 1571 2596 na-

647 2614 730 2654 tali.
788 2615 950 2655 Observ.
969 2614 1086 2655 Pach.
1103 2615 1130 2655 l.
1148 2618 1174 2658 3
1194 2630 1227 2655 c.
1244 2619 1271 2657 2
1285 2630 1324 2654 n.
1339 2617 1380 2658 3.

702 2672 824 2711 Sexto
844 2678 935 2725 post
955 2672 1039 2722 die,
1069 2676 1124 2715 30
1142 2671 1385 2716 Decembris,
1416 2669 1568 2722 eclipsis

645 2727 736 2766 solia
774 2728 975 2768 horrenda
1008 2729 1170 2768 Nicaeae
1206 2728 1383 2768 cernitur
1410 2726 1510 2766 hora
1538 2729 1565 2768 3

643 2790 735 2834 post
751 2785 967 2825 meridiem.
1020 2785 1249 2837 Pachym.1.
1272 2788 1294 2827 1
1317 2798 1349 2824 c.
1371 2786 1435 2827 13.
1472 2782 1567 2823 vide

642 2842 820 2894 superius
843 2856 878 2884 c.
898 2847 927 2888 2
943 2856 985 2882 n.
1005 2841 1034 2886 4
1057 2849 1098 2883 et
1118 2848 1246 2882 totum
1268 2855 1301 2883 e.
1321 2843 1361 2885 3·

232 2687 242 2888 Ι
