<?xml version="1.0" encoding="UTF-8"?>
<!DOCTYPE html PUBLIC "-//W3C//DTD XHTML 1.0 Transitional//EN"
    "http://www.w3.org/TR/xhtml1/DTD/xhtml1-transitional.dtd">
<html xmlns="http://www.w3.org/1999/xhtml" xml:lang="en" lang="en">
 <head>
  <title>
</title>
<meta http-equiv="Content-Type" content="text/html;charset=utf-8" />
  <meta name='ocr-system' content='tesseract 3.04.00' />
  <meta name='ocr-capabilities' content='ocr_page ocr_carea ocr_par ocr_line ocrx_word'/>
</head>
<body>
  <div class='ocr_page' id='page_1' title='image "./corpusscriptorum17niebuoft_0740.png"; bbox 0 0 1884 3262; ppageno 0'>
   <div class='ocr_carea' id='block_1_1' title="bbox 113 409 237 446">
    <p class='ocr_par' dir='ltr' id='par_1_1' title="bbox 113 409 237 446">
     <span class='ocr_line' id='line_1_1' title="bbox 113 409 237 446; baseline -0.016 0"><span class='ocrx_word' id='word_1_1' title='bbox 113 410 144 446; x_wconf 83' lang='lat' dir='ltr'>P</span> <span class='ocrx_word' id='word_1_2' title='bbox 167 409 237 446; x_wconf 86' lang='lat'><strong>510</strong></span> 
     </span>
    </p>
   </div>
   <div class='ocr_carea' id='block_1_2' title="bbox 264 222 1326 281">
    <p class='ocr_par' dir='ltr' id='par_1_2' title="bbox 264 222 1326 281">
     <span class='ocr_line' id='line_1_2' title="bbox 264 222 1326 281; baseline -0.008 0"><span class='ocrx_word' id='word_1_3' title='bbox 264 233 296 281; x_wconf 85' lang='lat'>7</span> <span class='ocrx_word' id='word_1_4' title='bbox 299 235 364 280; x_wconf 81' lang='lat'><strong>22</strong></span> <span class='ocrx_word' id='word_1_5' title='bbox 639 252 643 258; x_wconf 42' lang='lat' dir='ltr'><strong>r</strong></span> <span class='ocrx_word' id='word_1_6' title='bbox 665 222 980 274; x_wconf 84' lang='lat' dir='ltr'><strong>OBSERVAT.</strong></span> <span class='ocrx_word' id='word_1_7' title='bbox 1011 222 1326 272; x_wconf 83' lang='lat' dir='ltr'><strong>PACHYMER.</strong></span> 
     </span>
    </p>
   </div>
   <div class='ocr_carea' id='block_1_3' title="bbox 259 331 1736 2933">
    <p class='ocr_par' dir='ltr' id='par_1_3' title="bbox 263 331 1736 447">
     <span class='ocr_line' id='line_1_3' title="bbox 264 331 1736 390; baseline -0.005 -7"><span class='ocrx_word' id='word_1_8' title='bbox 264 343 367 383; x_wconf 86' lang='lat' dir='ltr'><strong>citus</strong></span> <span class='ocrx_word' id='word_1_9' title='bbox 394 346 434 380; x_wconf 86' lang='lat' dir='ltr'><strong>et</strong></span> <span class='ocrx_word' id='word_1_10' title='bbox 465 335 723 379; x_wconf 77' lang='lat' dir='ltr'><strong>Muzalon&#39;um</strong></span> <span class='ocrx_word' id='word_1_11' title='bbox 753 334 893 377; x_wconf 82' lang='lat' dir='ltr'><strong>caedes</strong></span> <span class='ocrx_word' id='word_1_12' title='bbox 921 331 1149 389; x_wconf 76' lang='lat' dir='ltr'><strong>Magnesiae</strong></span> <span class='ocrx_word' id='word_1_13' title='bbox 1166 336 1212 376; x_wconf 83' lang='lat' dir='ltr'><strong>iu</strong></span> <span class='ocrx_word' id='word_1_14' title='bbox 1244 335 1396 390; x_wconf 82' lang='lat' dir='ltr'><strong>templo</strong></span> <span class='ocrx_word' id='word_1_15' title='bbox 1420 337 1736 388; x_wconf 32' lang='lat' dir='ltr'><strong>Sosandrorum5.</strong></span> 
     </span>
     <span class='ocr_line' id='line_1_4' title="bbox 263 394 1723 447; baseline -0.005 -9"><span class='ocrx_word' id='word_1_16' title='bbox 263 401 361 439; x_wconf 90' lang='lat' dir='ltr'><strong>dum</strong></span> <span class='ocrx_word' id='word_1_17' title='bbox 387 398 492 436; x_wconf 87' lang='lat' dir='ltr'><strong>iusta</strong></span> <span class='ocrx_word' id='word_1_18' title='bbox 519 396 730 435; x_wconf 86' lang='lat' dir='ltr'><strong>Theodoro</strong></span> <span class='ocrx_word' id='word_1_19' title='bbox 761 394 888 434; x_wconf 89' lang='lat' dir='ltr'><strong>eidem</strong></span> <span class='ocrx_word' id='word_1_20' title='bbox 925 394 1108 433; x_wconf 81' lang='lat' dir='ltr'>funebria</span> <span class='ocrx_word' id='word_1_21' title='bbox 1138 394 1450 447; x_wconf 61' lang='lat' dir='ltr'><strong>persolvuntur,</strong></span> <span class='ocrx_word' id='word_1_22' title='bbox 1481 394 1723 447; x_wconf 79' lang='lat' dir='ltr'><strong>perpetrata,</strong></span> 
     </span>
    </p>

    <p class='ocr_par' dir='ltr' id='par_1_4' title="bbox 259 449 1731 1961">
     <span class='ocr_line' id='line_1_5' title="bbox 262 449 1725 507; baseline -0.003 -13.885"><span class='ocrx_word' id='word_1_23' title='bbox 262 469 378 496; x_wconf 84' lang='lat' dir='ltr'><strong>n·ona</strong></span> <span class='ocrx_word' id='word_1_24' title='bbox 390 459 483 507; x_wconf 88' lang='lat' dir='ltr'><strong>post</strong></span> <span class='ocrx_word' id='word_1_25' title='bbox 501 459 669 492; x_wconf 77' lang='lat' dir='ltr'><strong>moltem</strong></span> <span class='ocrx_word' id='word_1_26' title='bbox 690 451 892 492; x_wconf 85' lang='lat' dir='ltr'><strong>Theodori</strong></span> <span class='ocrx_word' id='word_1_27' title='bbox 908 451 971 490; x_wconf 89' lang='lat' dir='ltr'><strong>die</strong></span> <span class='ocrx_word' id='word_1_28' title='bbox 997 451 1175 502; x_wconf 85' lang='lat' dir='ltr'><strong>contigit.</strong></span> <span class='ocrx_word' id='word_1_29' title='bbox 1235 451 1342 489; x_wconf 83' lang='lat' dir='ltr'><strong>clare</strong></span> <span class='ocrx_word' id='word_1_30' title='bbox 1374 449 1453 488; x_wconf 87' lang='lat' dir='ltr'><strong>hoc</strong></span> <span class='ocrx_word' id='word_1_31' title='bbox 1473 451 1667 502; x_wconf 86' lang='lat' dir='ltr'><strong>Gregoras</strong></span> <span class='ocrx_word' id='word_1_32' title='bbox 1683 455 1725 488; x_wconf 86' lang='lat' dir='ltr'><strong>et</strong></span> 
     </span>
     <span class='ocr_line' id='line_1_6' title="bbox 261 506 1725 564; baseline -0.003 -14"><span class='ocrx_word' id='word_1_33' title='bbox 261 511 523 564; x_wconf 87' lang='lat' dir='ltr'><strong>Pachymeres</strong></span> <span class='ocrx_word' id='word_1_34' title='bbox 546 515 741 549; x_wconf 89' lang='lat' dir='ltr'><strong>asserunt.</strong></span> <span class='ocrx_word' id='word_1_35' title='bbox 797 508 960 549; x_wconf 86' lang='lat' dir='ltr'><strong>Priorl.</strong></span> <span class='ocrx_word' id='word_1_36' title='bbox 979 510 1004 549; x_wconf 80' lang='lat'><strong>3</strong></span> <span class='ocrx_word' id='word_1_37' title='bbox 1023 522 1060 560; x_wconf 89' lang='lat' dir='ltr'><strong>p</strong></span> <span class='ocrx_word' id='word_1_38' title='bbox 1081 511 1136 550; x_wconf 85' lang='grc'><strong>80</strong></span> <span class='ocrx_word' id='word_1_39' title='bbox 1154 507 1213 557; x_wconf 77' lang='lat' dir='ltr'><strong>ed.</strong></span> <span class='ocrx_word' id='word_1_40' title='bbox 1241 507 1360 548; x_wconf 89' lang='lat' dir='ltr'><strong>Basil.</strong></span> <span class='ocrx_word' id='word_1_41' title='bbox 1386 507 1444 545; x_wconf 89' lang='lat' dir='ltr'><strong>sic</strong></span> <span class='ocrx_word' id='word_1_42' title='bbox 1469 507 1652 559; x_wconf 84' lang='lat' dir='ltr'><strong>loquitur</strong></span> <span class='ocrx_word' id='word_1_43' title='bbox 1673 506 1725 545; x_wconf 90' lang='lat' dir='ltr'><strong>de</strong></span> 
     </span>
     <span class='ocr_line' id='line_1_7' title="bbox 261 561 1727 632; baseline -0.004 -24"><span class='ocrx_word' id='word_1_44' title='bbox 261 569 338 608; x_wconf 84' lang='lat' dir='ltr'><strong>ista</strong></span> <span class='ocrx_word' id='word_1_45' title='bbox 367 568 506 606; x_wconf 86' lang='lat' dir='ltr'><strong>caede:</strong></span> <span class='ocrx_word' id='word_1_46' title='bbox 536 562 682 619; x_wconf 83' lang='grc' dir='ltr'><strong><em>ἐννατη</em></strong></span> <span class='ocrx_word' id='word_1_47' title='bbox 706 563 779 618; x_wconf 81' lang='grc' dir='ltr'><strong>μὲν</strong></span> <span class='ocrx_word' id='word_1_48' title='bbox 814 562 889 618; x_wconf 77' lang='grc' dir='ltr'><strong>γοῖρ</strong></span> <span class='ocrx_word' id='word_1_49' title='bbox 915 562 1045 629; x_wconf 77' lang='grc' dir='ltr'><strong><em>ημέρα</em></strong></span> <span class='ocrx_word' id='word_1_50' title='bbox 1069 567 1205 628; x_wconf 80' lang='grc' dir='ltr'><strong><em>παρῆν</em></strong></span> <span class='ocrx_word' id='word_1_51' title='bbox 1233 561 1329 616; x_wconf 78' lang='grc' dir='ltr'><strong>μετοῖ</strong></span> <span class='ocrx_word' id='word_1_52' title='bbox 1358 578 1435 616; x_wconf 86' lang='grc' dir='ltr'><strong>την</strong></span> <span class='ocrx_word' id='word_1_53' title='bbox 1448 561 1634 632; x_wconf 68' lang='grc' dir='ltr'><strong><em>τελευτὴν</em></strong></span> <span class='ocrx_word' id='word_1_54' title='bbox 1651 564 1727 604; x_wconf 77' lang='grc' dir='ltr'><strong><em>τοῦ</em></strong></span> 
     </span>
     <span class='ocr_line' id='line_1_8' title="bbox 262 613 1726 679; baseline -0.007 -13"><span class='ocrx_word' id='word_1_55' title='bbox 262 623 468 679; x_wconf 81' lang='grc' dir='ltr'><strong><em>βασιλέως.</em></strong></span> <span class='ocrx_word' id='word_1_56' title='bbox 526 623 592 662; x_wconf 91' lang='lat' dir='ltr'><strong>cui</strong></span> <span class='ocrx_word' id='word_1_57' title='bbox 613 635 835 662; x_wconf 84' lang='lat' dir='ltr'>consonans</span> <span class='ocrx_word' id='word_1_58' title='bbox 852 628 988 660; x_wconf 87' lang='lat' dir='ltr'><strong>noster</strong></span> <span class='ocrx_word' id='word_1_59' title='bbox 1009 620 1123 659; x_wconf 88' lang='lat' dir='ltr'><strong>initio</strong></span> <span class='ocrx_word' id='word_1_60' title='bbox 1144 634 1178 659; x_wconf 85' lang='lat' dir='ltr'><strong>c.</strong></span> <span class='ocrx_word' id='word_1_61' title='bbox 1201 623 1253 664; x_wconf 89' lang='grc'><strong>19</strong></span> <span class='ocrx_word' id='word_1_62' title='bbox 1272 620 1297 660; x_wconf 94' lang='lat' dir='ltr'><strong>l.</strong></span> <span class='ocrx_word' id='word_1_63' title='bbox 1317 623 1338 662; x_wconf 87' lang='lat'>1</span> <span class='ocrx_word' id='word_1_64' title='bbox 1370 619 1466 668; x_wconf 84' lang='grc' dir='ltr'><strong><em>τέως</em></strong></span> <span class='ocrx_word' id='word_1_65' title='bbox 1482 613 1523 660; x_wconf 78' lang='grc' dir='ltr'><strong>δ’</strong></span> <span class='ocrx_word' id='word_1_66' title='bbox 1545 635 1648 669; x_wconf 84' lang='grc' dir='ltr'><strong><em>ουν,</em></strong></span> <span class='ocrx_word' id='word_1_67' title='bbox 1658 619 1726 656; x_wconf 86' lang='lat' dir='ltr'><strong>in-</strong></span> 
     </span>
     <span class='ocr_line' id='line_1_9' title="bbox 264 673 1726 735; baseline -0.005 -14"><span class='ocrx_word' id='word_1_68' title='bbox 264 682 377 735; x_wconf 88' lang='lat' dir='ltr'><strong>quit,</strong></span> <span class='ocrx_word' id='word_1_69' title='bbox 407 697 434 733; x_wconf 79' lang='grc' dir='ltr'>η</span> <span class='ocrx_word' id='word_1_70' title='bbox 453 679 545 733; x_wconf 84' lang='grc' dir='ltr'><strong><em>περὶ</em></strong></span> <span class='ocrx_word' id='word_1_71' title='bbox 566 682 622 735; x_wconf 79' lang='grc' dir='ltr'><strong>τῷ</strong></span> <span class='ocrx_word' id='word_1_72' title='bbox 650 676 902 733; x_wconf 76' lang='grc' dir='ltr'><strong><em>ἆποιχομὲνῳ</em></strong></span> <span class='ocrx_word' id='word_1_73' title='bbox 934 673 1078 729; x_wconf 80' lang='grc' dir='ltr'><strong><em>ἒννάτη</em></strong></span> <span class='ocrx_word' id='word_1_74' title='bbox 1099 676 1266 732; x_wconf 79' lang='grc' dir='ltr'><strong><em>κειμένῳ</em></strong></span> <span class='ocrx_word' id='word_1_75' title='bbox 1293 679 1427 728; x_wconf 81' lang='grc' dir='ltr'><strong><em>παρῆν</em></strong></span> <span class='ocrx_word' id='word_1_76' title='bbox 1451 682 1527 714; x_wconf 89' lang='lat' dir='ltr'><strong>ete.</strong></span> <span class='ocrx_word' id='word_1_77' title='bbox 1584 682 1624 714; x_wconf 89' lang='lat' dir='ltr'><strong>et</strong></span> <span class='ocrx_word' id='word_1_78' title='bbox 1647 673 1726 714; x_wconf 81' lang='lat' dir='ltr'><strong>hoc</strong></span> 
     </span>
     <span class='ocr_line' id='line_1_10' title="bbox 262 733 1728 790; baseline -0.004 -14"><span class='ocrx_word' id='word_1_79' title='bbox 262 752 356 790; x_wconf 86' lang='lat' dir='ltr'><strong>ergo</strong></span> <span class='ocrx_word' id='word_1_80' title='bbox 376 751 450 789; x_wconf 89' lang='lat' dir='ltr'><strong>pro</strong></span> <span class='ocrx_word' id='word_1_81' title='bbox 472 737 671 775; x_wconf 86' lang='lat' dir='ltr'><strong>constanti</strong></span> <span class='ocrx_word' id='word_1_82' title='bbox 690 735 924 784; x_wconf 89' lang='lat' dir='ltr'><strong>tenendum,</strong></span> <span class='ocrx_word' id='word_1_83' title='bbox 953 735 1049 773; x_wconf 91' lang='lat' dir='ltr'><strong>licet</strong></span> <span class='ocrx_word' id='word_1_84' title='bbox 1065 733 1298 786; x_wconf 82' lang='lat' dir='ltr'><strong>Acropolita</strong></span> <span class='ocrx_word' id='word_1_85' title='bbox 1315 733 1364 772; x_wconf 84' lang='lat' dir='ltr'><strong>de</strong></span> <span class='ocrx_word' id='word_1_86' title='bbox 1384 733 1449 770; x_wconf 87' lang='lat' dir='ltr'><strong>die</strong></span> <span class='ocrx_word' id='word_1_87' title='bbox 1465 738 1620 782; x_wconf 84' lang='lat' dir='ltr'><strong>taceat,</strong></span> <span class='ocrx_word' id='word_1_88' title='bbox 1639 743 1728 770; x_wconf 85' lang='lat' dir='ltr'><strong>no·-</strong></span> 
     </span>
     <span class='ocr_line' id='line_1_11' title="bbox 261 789 1730 860; baseline -0.005 -26"><span class='ocrx_word' id='word_1_89' title='bbox 261 809 316 835; x_wconf 86' lang='lat' dir='ltr'><strong>no</strong></span> <span class='ocrx_word' id='word_1_90' title='bbox 338 800 430 860; x_wconf 80' lang='lat' dir='ltr'><strong>post</strong></span> <span class='ocrx_word' id='word_1_91' title='bbox 448 799 616 832; x_wconf 88' lang='lat' dir='ltr'><strong>mortem</strong></span> <span class='ocrx_word' id='word_1_92' title='bbox 637 792 839 832; x_wconf 85' lang='lat' dir='ltr'><strong>Theodori</strong></span> <span class='ocrx_word' id='word_1_93' title='bbox 861 791 924 830; x_wconf 88' lang='lat' dir='ltr'><strong>die</strong></span> <span class='ocrx_word' id='word_1_94' title='bbox 953 791 1183 830; x_wconf 85' lang='lat' dir='ltr'><strong>Muzalones</strong></span> <span class='ocrx_word' id='word_1_95' title='bbox 1212 791 1346 833; x_wconf 84' lang='lat' dir='ltr'><strong>surore</strong></span> <span class='ocrx_word' id='word_1_96' title='bbox 1366 789 1539 828; x_wconf 87' lang='lat' dir='ltr'><strong>militum</strong></span> <span class='ocrx_word' id='word_1_97' title='bbox 1563 801 1730 841; x_wconf 82' lang='lat' dir='ltr'><strong>oppres-</strong></span> 
     </span>
     <span class='ocr_line' id='line_1_12' title="bbox 261 845 1728 915; baseline -0.005 -25"><span class='ocrx_word' id='word_1_98' title='bbox 261 866 326 890; x_wconf 85' lang='lat' dir='ltr'><strong>sos</strong></span> <span class='ocrx_word' id='word_1_99' title='bbox 342 852 385 890; x_wconf 89' lang='lat' dir='ltr'><strong>in</strong></span> <span class='ocrx_word' id='word_1_100' title='bbox 404 851 554 915; x_wconf 80' lang='lat' dir='ltr'><strong>templo</strong></span> <span class='ocrx_word' id='word_1_101' title='bbox 577 855 616 888; x_wconf 90' lang='lat' dir='ltr'><strong>et</strong></span> <span class='ocrx_word' id='word_1_102' title='bbox 634 850 895 888; x_wconf 80' lang='lat' dir='ltr'><strong>obtruncatos</strong></span> <span class='ocrx_word' id='word_1_103' title='bbox 915 849 1092 900; x_wconf 88' lang='lat' dir='ltr'><strong>periisse.</strong></span> <span class='ocrx_word' id='word_1_104' title='bbox 1149 846 1380 885; x_wconf 78' lang='lat' dir='ltr'><strong>deliberatio</strong></span> <span class='ocrx_word' id='word_1_105' title='bbox 1410 845 1504 884; x_wconf 87' lang='lat' dir='ltr'><strong>inde</strong></span> <span class='ocrx_word' id='word_1_106' title='bbox 1529 846 1578 884; x_wconf 90' lang='lat' dir='ltr'><strong>de</strong></span> <span class='ocrx_word' id='word_1_107' title='bbox 1603 845 1728 884; x_wconf 84' lang='lat' dir='ltr'><strong>tutela</strong></span> 
     </span>
     <span class='ocr_line' id='line_1_13' title="bbox 259 901 1729 961; baseline -0.005 -14"><span class='ocrx_word' id='word_1_108' title='bbox 259 907 378 961; x_wconf 85' lang='lat' dir='ltr'><strong>pueri</strong></span> <span class='ocrx_word' id='word_1_109' title='bbox 405 905 627 960; x_wconf 84' lang='lat' dir='ltr'><strong>principis,</strong></span> <span class='ocrx_word' id='word_1_110' title='bbox 674 905 815 945; x_wconf 85' lang='lat' dir='ltr'><strong>electio</strong></span> <span class='ocrx_word' id='word_1_111' title='bbox 847 905 897 943; x_wconf 82' lang='lat' dir='ltr'><strong>ad</strong></span> <span class='ocrx_word' id='word_1_112' title='bbox 930 904 973 943; x_wconf 90' lang='lat' dir='ltr'><strong>id</strong></span> <span class='ocrx_word' id='word_1_113' title='bbox 1003 903 1206 944; x_wconf 78' lang='lat' dir='ltr'><strong>Michaelis</strong></span> <span class='ocrx_word' id='word_1_114' title='bbox 1233 902 1477 953; x_wconf 83' lang='lat' dir='ltr'><strong>Palaeologi,</strong></span> <span class='ocrx_word' id='word_1_115' title='bbox 1514 901 1631 941; x_wconf 86' lang='lat' dir='ltr'><strong>huius</strong></span> <span class='ocrx_word' id='word_1_116' title='bbox 1655 914 1729 953; x_wconf 87' lang='lat' dir='ltr'><strong>per</strong></span> 
     </span>
     <span class='ocr_line' id='line_1_14' title="bbox 260 957 1728 1016; baseline -0.004 -14"><span class='ocrx_word' id='word_1_117' title='bbox 260 964 409 1016; x_wconf 88' lang='lat' dir='ltr'><strong>gradus</strong></span> <span class='ocrx_word' id='word_1_118' title='bbox 439 963 490 1001; x_wconf 89' lang='lat' dir='ltr'><strong>ad</strong></span> <span class='ocrx_word' id='word_1_119' title='bbox 520 962 732 1014; x_wconf 87' lang='lat' dir='ltr'><strong>imperium</strong></span> <span class='ocrx_word' id='word_1_120' title='bbox 760 961 961 1014; x_wconf 87' lang='lat' dir='ltr'><strong>adreptio,</strong></span> <span class='ocrx_word' id='word_1_121' title='bbox 1002 961 1099 999; x_wconf 86' lang='lat' dir='ltr'><strong>dum</strong></span> <span class='ocrx_word' id='word_1_122' title='bbox 1122 960 1296 1013; x_wconf 89' lang='lat' dir='ltr'><strong>primum</strong></span> <span class='ocrx_word' id='word_1_123' title='bbox 1323 958 1457 1011; x_wconf 86' lang='lat' dir='ltr'><strong>magni</strong></span> <span class='ocrx_word' id='word_1_124' title='bbox 1474 959 1587 998; x_wconf 87' lang='lat' dir='ltr'><strong>ducis</strong></span> <span class='ocrx_word' id='word_1_125' title='bbox 1609 957 1728 996; x_wconf 86' lang='lat' dir='ltr'><strong>titulo</strong></span> 
     </span>
     <span class='ocr_line' id='line_1_15' title="bbox 261 1016 1730 1071; baseline -0.005 -12"><span class='ocrx_word' id='word_1_126' title='bbox 261 1020 497 1071; x_wconf 85' lang='lat' dir='ltr'><strong>insignitur,</strong></span> <span class='ocrx_word' id='word_1_127' title='bbox 520 1019 673 1058; x_wconf 79' lang='lat' dir='ltr'><strong>deinde</strong></span> <span class='ocrx_word' id='word_1_128' title='bbox 699 1026 890 1070; x_wconf 79' lang='lat' dir='ltr'><strong>tanquam</strong></span> <span class='ocrx_word' id='word_1_129' title='bbox 917 1018 967 1056; x_wconf 85' lang='lat' dir='ltr'><strong>atl</strong></span> <span class='ocrx_word' id='word_1_130' title='bbox 996 1018 1275 1056; x_wconf 87' lang='lat' dir='ltr'><strong>demandatum</strong></span> <span class='ocrx_word' id='word_1_131' title='bbox 1310 1029 1454 1055; x_wconf 87' lang='lat' dir='ltr'><strong>munus</strong></span> <span class='ocrx_word' id='word_1_132' title='bbox 1480 1016 1557 1054; x_wconf 85' lang='lat' dir='ltr'><strong>rite</strong></span> <span class='ocrx_word' id='word_1_133' title='bbox 1578 1027 1730 1066; x_wconf 68' lang='lat' dir='ltr'><strong>geren—</strong></span> 
     </span>
     <span class='ocr_line' id='line_1_16' title="bbox 264 1071 1730 1140; baseline -0.004 -25"><span class='ocrx_word' id='word_1_134' title='bbox 264 1078 362 1116; x_wconf 85' lang='lat' dir='ltr'><strong>dum</strong></span> <span class='ocrx_word' id='word_1_135' title='bbox 380 1076 600 1115; x_wconf 84' lang='lat' dir='ltr'><strong>necessaria</strong></span> <span class='ocrx_word' id='word_1_136' title='bbox 619 1081 813 1140; x_wconf 82' lang='lat' dir='ltr'><strong>potestate</strong></span> <span class='ocrx_word' id='word_1_137' title='bbox 833 1075 1020 1126; x_wconf 86' lang='lat' dir='ltr'><strong>despotae</strong></span> <span class='ocrx_word' id='word_1_138' title='bbox 1037 1081 1214 1114; x_wconf 90' lang='lat' dir='ltr'><strong>ornatur.</strong></span> <span class='ocrx_word' id='word_1_139' title='bbox 1245 1071 1419 1124; x_wconf 89' lang='lat' dir='ltr'><strong>denique</strong></span> <span class='ocrx_word' id='word_1_140' title='bbox 1434 1072 1590 1125; x_wconf 84' lang='lat' dir='ltr'><strong>pupillo</strong></span> <span class='ocrx_word' id='word_1_141' title='bbox 1609 1071 1730 1125; x_wconf 85' lang='lat' dir='ltr'><strong>prin-</strong></span> 
     </span>
     <span class='ocr_line' id='line_1_17' title="bbox 266 1128 1729 1186; baseline -0.004 -15"><span class='ocrx_word' id='word_1_142' title='bbox 266 1134 346 1186; x_wconf 83' lang='lat' dir='ltr'><strong>cipi</strong></span> <span class='ocrx_word' id='word_1_143' title='bbox 378 1133 525 1182; x_wconf 76' lang='lat' dir='ltr'><strong>collega</strong></span> <span class='ocrx_word' id='word_1_144' title='bbox 554 1132 595 1170; x_wconf 90' lang='lat' dir='ltr'><strong>in</strong></span> <span class='ocrx_word' id='word_1_145' title='bbox 621 1131 794 1184; x_wconf 74' lang='lat' dir='ltr'><strong>impeiio</strong></span> <span class='ocrx_word' id='word_1_146' title='bbox 829 1131 1068 1170; x_wconf 81' lang='lat' dir='ltr'><strong>decernitur.</strong></span> <span class='ocrx_word' id='word_1_147' title='bbox 1135 1128 1256 1179; x_wconf 89' lang='lat' dir='ltr'><strong>haec,</strong></span> <span class='ocrx_word' id='word_1_148' title='bbox 1295 1130 1479 1180; x_wconf 87' lang='lat' dir='ltr'><strong>inquam,</strong></span> <span class='ocrx_word' id='word_1_149' title='bbox 1527 1134 1568 1167; x_wconf 89' lang='lat' dir='ltr'><strong>et</strong></span> <span class='ocrx_word' id='word_1_150' title='bbox 1592 1128 1729 1167; x_wconf 84' lang='lat' dir='ltr'><strong>variae</strong></span> 
     </span>
     <span class='ocr_line' id='line_1_18' title="bbox 262 1180 1728 1238; baseline -0.003 -10"><span class='ocrx_word' id='word_1_151' title='bbox 262 1189 426 1228; x_wconf 73' lang='lat' dir='ltr'><strong>inteiim</strong></span> <span class='ocrx_word' id='word_1_152' title='bbox 446 1203 466 1225; x_wconf 88' lang='lat' dir='ltr'><strong>a</strong></span> <span class='ocrx_word' id='word_1_153' title='bbox 487 1188 719 1238; x_wconf 85' lang='lat' dir='ltr'><strong>Palaeologo</strong></span> <span class='ocrx_word' id='word_1_154' title='bbox 749 1193 788 1225; x_wconf 88' lang='lat' dir='ltr'><strong>et</strong></span> <span class='ocrx_word' id='word_1_155' title='bbox 802 1180 921 1226; x_wconf 78' lang='lat' dir='ltr'><strong>liuius</strong></span> <span class='ocrx_word' id='word_1_156' title='bbox 942 1186 1132 1225; x_wconf 83' lang='lat' dir='ltr'><strong>studiosis</strong></span> <span class='ocrx_word' id='word_1_157' title='bbox 1154 1186 1350 1224; x_wconf 86' lang='lat' dir='ltr'><strong>exercitae</strong></span> <span class='ocrx_word' id='word_1_158' title='bbox 1368 1184 1594 1223; x_wconf 75' lang='lat' dir='ltr'><strong>ambitionis</strong></span> <span class='ocrx_word' id='word_1_159' title='bbox 1621 1191 1728 1223; x_wconf 71' lang='lat' dir='ltr'><strong>anes</strong></span> 
     </span>
     <span class='ocr_line' id='line_1_19' title="bbox 263 1240 1728 1295; baseline -0.003 -12"><span class='ocrx_word' id='word_1_160' title='bbox 263 1245 353 1284; x_wconf 82' lang='lat' dir='ltr'><strong>istis</strong></span> <span class='ocrx_word' id='word_1_161' title='bbox 372 1244 592 1291; x_wconf 78' lang='lat' dir='ltr'><strong>honoribus</strong></span> <span class='ocrx_word' id='word_1_162' title='bbox 620 1258 639 1282; x_wconf 84' lang='lat' dir='ltr'><strong>a</strong></span> <span class='ocrx_word' id='word_1_163' title='bbox 670 1244 777 1282; x_wconf 85' lang='lat' dir='ltr'><strong>clero</strong></span> <span class='ocrx_word' id='word_1_164' title='bbox 799 1250 838 1282; x_wconf 88' lang='lat' dir='ltr'><strong>et</strong></span> <span class='ocrx_word' id='word_1_165' title='bbox 865 1242 1114 1295; x_wconf 87' lang='lat' dir='ltr'><strong>patriarcha,</strong></span> <span class='ocrx_word' id='word_1_166' title='bbox 1144 1258 1167 1281; x_wconf 84' lang='lat' dir='ltr'><strong>a</strong></span> <span class='ocrx_word' id='word_1_167' title='bbox 1189 1247 1328 1281; x_wconf 88' lang='lat' dir='ltr'><strong>senatu</strong></span> <span class='ocrx_word' id='word_1_168' title='bbox 1352 1247 1390 1280; x_wconf 88' lang='lat' dir='ltr'><strong>et</strong></span> <span class='ocrx_word' id='word_1_169' title='bbox 1417 1242 1571 1294; x_wconf 86' lang='lat' dir='ltr'><strong>populo</strong></span> <span class='ocrx_word' id='word_1_170' title='bbox 1589 1240 1728 1279; x_wconf 88' lang='lat' dir='ltr'><strong>eblan-</strong></span> 
     </span>
     <span class='ocr_line' id='line_1_20' title="bbox 266 1297 1729 1351; baseline -0.004 -10"><span class='ocrx_word' id='word_1_171' title='bbox 266 1300 440 1349; x_wconf 86' lang='lat' dir='ltr'><strong>diendis,</strong></span> <span class='ocrx_word' id='word_1_172' title='bbox 471 1301 587 1339; x_wconf 80' lang='lat' dir='ltr'><strong>facile</strong></span> <span class='ocrx_word' id='word_1_173' title='bbox 606 1299 729 1339; x_wconf 87' lang='lat' dir='ltr'><strong>trium</strong></span> <span class='ocrx_word' id='word_1_174' title='bbox 750 1305 790 1337; x_wconf 83' lang='lat' dir='ltr'><strong>et</strong></span> <span class='ocrx_word' id='word_1_175' title='bbox 813 1299 921 1351; x_wconf 89' lang='lat' dir='ltr'><strong>quod</strong></span> <span class='ocrx_word' id='word_1_176' title='bbox 938 1299 1120 1338; x_wconf 85' lang='lat' dir='ltr'><strong>excurrit</strong></span> <span class='ocrx_word' id='word_1_177' title='bbox 1137 1298 1332 1337; x_wconf 87' lang='lat' dir='ltr'><strong>mensium</strong></span> <span class='ocrx_word' id='word_1_178' title='bbox 1358 1297 1529 1349; x_wconf 79' lang='lat' dir='ltr'><strong>spatium</strong></span> <span class='ocrx_word' id='word_1_179' title='bbox 1548 1298 1729 1349; x_wconf 82' lang='lat' dir='ltr'><strong>exigunt,</strong></span> 
     </span>
     <span class='ocr_line' id='line_1_21' title="bbox 266 1354 1730 1411; baseline -0.003 -15"><span class='ocrx_word' id='word_1_180' title='bbox 266 1371 346 1411; x_wconf 91' lang='lat' dir='ltr'><strong>quo</strong></span> <span class='ocrx_word' id='word_1_181' title='bbox 371 1357 447 1396; x_wconf 88' lang='lat' dir='ltr'><strong>sub</strong></span> <span class='ocrx_word' id='word_1_182' title='bbox 475 1357 594 1395; x_wconf 88' lang='lat' dir='ltr'><strong>finem</strong></span> <span class='ocrx_word' id='word_1_183' title='bbox 622 1355 848 1396; x_wconf 84' lang='lat' dir='ltr'><strong>Decembris</strong></span> <span class='ocrx_word' id='word_1_184' title='bbox 875 1355 1081 1407; x_wconf 85' lang='lat' dir='ltr'><strong>impetrari</strong></span> <span class='ocrx_word' id='word_1_185' title='bbox 1105 1356 1283 1393; x_wconf 89' lang='lat' dir='ltr'><strong>omnium</strong></span> <span class='ocrx_word' id='word_1_186' title='bbox 1315 1354 1501 1392; x_wconf 87' lang='lat' dir='ltr'><strong>ordinum</strong></span> <span class='ocrx_word' id='word_1_187' title='bbox 1533 1365 1730 1392; x_wconf 85' lang='lat' dir='ltr'><strong>consensu</strong></span> 
     </span>
     <span class='ocr_line' id='line_1_22' title="bbox 266 1411 1731 1469; baseline -0.003 -16"><span class='ocrx_word' id='word_1_188' title='bbox 266 1414 444 1469; x_wconf 84' lang='lat' dir='ltr'><strong>potuerit</strong></span> <span class='ocrx_word' id='word_1_189' title='bbox 461 1421 509 1453; x_wconf 90' lang='lat' dir='ltr'><strong>ut</strong></span> <span class='ocrx_word' id='word_1_190' title='bbox 527 1414 569 1452; x_wconf 91' lang='lat' dir='ltr'><strong>in</strong></span> <span class='ocrx_word' id='word_1_191' title='bbox 586 1413 790 1465; x_wconf 85' lang='lat' dir='ltr'><strong>proximas</strong></span> <span class='ocrx_word' id='word_1_192' title='bbox 814 1413 1004 1452; x_wconf 86' lang='lat' dir='ltr'><strong>kalendas</strong></span> <span class='ocrx_word' id='word_1_193' title='bbox 1033 1411 1231 1451; x_wconf 83' lang='lat' dir='ltr'><strong>Ianuarias</strong></span> <span class='ocrx_word' id='word_1_194' title='bbox 1257 1411 1501 1450; x_wconf 86' lang='lat' dir='ltr'><strong>indiceretur</strong></span> <span class='ocrx_word' id='word_1_195' title='bbox 1527 1411 1624 1449; x_wconf 87' lang='lat' dir='ltr'><strong>novi</strong></span> <span class='ocrx_word' id='word_1_196' title='bbox 1642 1411 1731 1449; x_wconf 88' lang='lat' dir='ltr'><strong>im-</strong></span> 
     </span>
     <span class='ocr_line' id='line_1_23' title="bbox 266 1466 1730 1525; baseline -0.003 -15"><span class='ocrx_word' id='word_1_197' title='bbox 266 1470 464 1525; x_wconf 85' lang='lat' dir='ltr'><strong>peratoris</strong></span> <span class='ocrx_word' id='word_1_198' title='bbox 492 1469 695 1509; x_wconf 72' lang='lat' dir='ltr'><strong>Michaelis</strong></span> <span class='ocrx_word' id='word_1_199' title='bbox 719 1470 938 1519; x_wconf 75' lang='lat' dir='ltr'><strong>palaeologi</strong></span> <span class='ocrx_word' id='word_1_200' title='bbox 958 1469 1190 1508; x_wconf 83' lang='lat' dir='ltr'><strong>acclamatio</strong></span> <span class='ocrx_word' id='word_1_201' title='bbox 1220 1467 1421 1508; x_wconf 87' lang='lat' dir='ltr'><strong>solemnis.</strong></span> <span class='ocrx_word' id='word_1_202' title='bbox 1466 1466 1567 1506; x_wconf 88' lang='lat' dir='ltr'><strong>hoc</strong></span> <span class='ocrx_word' id='word_1_203' title='bbox 1576 1467 1634 1506; x_wconf 89' lang='lat' dir='ltr'><strong>sic</strong></span> <span class='ocrx_word' id='word_1_204' title='bbox 1649 1480 1730 1505; x_wconf 85' lang='lat' dir='ltr'><strong>no·-</strong></span> 
     </span>
     <span class='ocr_line' id='line_1_24' title="bbox 267 1521 1730 1591; baseline -0.003 -24"><span class='ocrx_word' id='word_1_205' title='bbox 267 1535 349 1567; x_wconf 87' lang='lat' dir='ltr'><strong>ster</strong></span> <span class='ocrx_word' id='word_1_206' title='bbox 368 1527 553 1578; x_wconf 85' lang='lat' dir='ltr'><strong>exprimit</strong></span> <span class='ocrx_word' id='word_1_207' title='bbox 572 1527 644 1565; x_wconf 91' lang='lat' dir='ltr'><strong>sub</strong></span> <span class='ocrx_word' id='word_1_208' title='bbox 669 1527 787 1565; x_wconf 86' lang='lat' dir='ltr'><strong>finem</strong></span> <span class='ocrx_word' id='word_1_209' title='bbox 808 1526 947 1579; x_wconf 86' lang='lat' dir='ltr'><strong>capitis</strong></span> <span class='ocrx_word' id='word_1_210' title='bbox 972 1529 1026 1568; x_wconf 81' lang='lat'><strong>29</strong></span> <span class='ocrx_word' id='word_1_211' title='bbox 1047 1527 1075 1565; x_wconf 90' lang='lat' dir='ltr'><strong>l.</strong></span> <span class='ocrx_word' id='word_1_212' title='bbox 1100 1529 1145 1568; x_wconf 85' lang='grc'><strong>1·</strong></span> <span class='ocrx_word' id='word_1_213' title='bbox 1182 1521 1331 1591; x_wconf 80' lang='grc' dir='ltr'><strong><em>ω’ριστο</em></strong></span> <span class='ocrx_word' id='word_1_214' title='bbox 1353 1522 1425 1577; x_wconf 84' lang='grc' dir='ltr'><strong>μὲν</strong></span> <span class='ocrx_word' id='word_1_215' title='bbox 1446 1539 1523 1565; x_wconf 89' lang='grc' dir='ltr'><strong><em>ουν</em></strong></span> <span class='ocrx_word' id='word_1_216' title='bbox 1546 1523 1576 1577; x_wconf 76' lang='grc' dir='ltr'><em>ἦ</em></span> <span class='ocrx_word' id='word_1_217' title='bbox 1597 1523 1730 1577; x_wconf 81' lang='grc' dir='ltr'><strong><em>ημὲροι</em></strong></span> 
     </span>
     <span class='ocr_line' id='line_1_25' title="bbox 266 1577 1730 1636; baseline -0.003 -12"><span class='ocrx_word' id='word_1_218' title='bbox 266 1587 341 1634; x_wconf 79' lang='grc' dir='ltr'><strong>τῆς</strong></span> <span class='ocrx_word' id='word_1_219' title='bbox 360 1579 618 1635; x_wconf 78' lang='grc' dir='ltr'><strong><em>αναρρήσεως</em></strong></span> <span class='ocrx_word' id='word_1_220' title='bbox 636 1582 956 1635; x_wconf 72' lang='grc' dir='ltr'><strong><em>ἑκατομβαιῶνος</em></strong></span> <span class='ocrx_word' id='word_1_221' title='bbox 973 1582 1174 1636; x_wconf 83' lang='grc' dir='ltr'><strong><em>νουμηνία</em></strong></span> <span class='ocrx_word' id='word_1_222' title='bbox 1191 1597 1262 1633; x_wconf 84' lang='grc' dir='ltr'><strong>της</strong></span> <span class='ocrx_word' id='word_1_223' title='bbox 1287 1577 1373 1622; x_wconf 81' lang='grc' dir='ltr'><em>τότε</em></span> <span class='ocrx_word' id='word_1_224' title='bbox 1399 1578 1540 1633; x_wconf 64' lang='lat' dir='ltr'><strong>vpsxot&#39;</strong></span> <span class='ocrx_word' id='word_1_225' title='bbox 1545 1592 1616 1632; x_wconf 82' lang='grc' dir='ltr'><strong>σης</strong></span> <span class='ocrx_word' id='word_1_226' title='bbox 1636 1581 1730 1621; x_wconf 83' lang='grc' dir='ltr'><em>δευ-</em></span> 
     </span>
     <span class='ocr_line' id='line_1_26' title="bbox 266 1635 1729 1693; baseline -0.005 -12"><span class='ocrx_word' id='word_1_227' title='bbox 266 1640 381 1693; x_wconf 74' lang='grc' dir='ltr'><strong><em>τέρας</em></strong></span> <span class='ocrx_word' id='word_1_228' title='bbox 410 1636 679 1692; x_wconf 74' lang='grc' dir='ltr'><strong><em>ἕπινεμησεως</em></strong></span> <span class='ocrx_word' id='word_1_229' title='bbox 702 1654 756 1691; x_wconf 79' lang='lat' dir='ltr'><strong>pr</strong></span> <span class='ocrx_word' id='word_1_230' title='bbox 758 1641 925 1692; x_wconf 74' lang='lat' dir='ltr'><strong>aefinita</strong></span> <span class='ocrx_word' id='word_1_231' title='bbox 956 1646 1013 1677; x_wconf 74' lang='lat' dir='ltr'><strong>est</strong></span> <span class='ocrx_word' id='word_1_232' title='bbox 1051 1638 1137 1677; x_wconf 78' lang='lat' dir='ltr'><strong>dies</strong></span> <span class='ocrx_word' id='word_1_233' title='bbox 1179 1638 1488 1676; x_wconf 75' lang='lat' dir='ltr'><strong>acclamationis</strong></span> <span class='ocrx_word' id='word_1_234' title='bbox 1534 1635 1729 1675; x_wconf 81' lang='lat' dir='ltr'><strong>kalendae</strong></span> 
     </span>
     <span class='ocr_line' id='line_1_27' title="bbox 266 1693 1729 1746; baseline -0.005 -9"><span class='ocrx_word' id='word_1_235' title='bbox 266 1697 444 1737; x_wconf 75' lang='lat' dir='ltr'><strong>Ianuar</strong></span> <span class='ocrx_word' id='word_1_236' title='bbox 429 1710 492 1734; x_wconf 83' lang='grc' dir='ltr'><strong>ιαε</strong></span> <span class='ocrx_word' id='word_1_237' title='bbox 512 1699 706 1734; x_wconf 71' lang='lat' dir='ltr'><strong>currentis·</strong></span> <span class='ocrx_word' id='word_1_238' title='bbox 730 1704 828 1734; x_wconf 78' lang='lat' dir='ltr'><strong>tunc</strong></span> <span class='ocrx_word' id='word_1_239' title='bbox 845 1694 1042 1734; x_wconf 79' lang='lat' dir='ltr'><strong>secundae</strong></span> <span class='ocrx_word' id='word_1_240' title='bbox 1060 1695 1308 1733; x_wconf 72' lang='lat' dir='ltr'><strong>indictionis.</strong></span> <span class='ocrx_word' id='word_1_241' title='bbox 1364 1694 1443 1732; x_wconf 81' lang='lat' dir='ltr'><strong>fuit</strong></span> <span class='ocrx_word' id='word_1_242' title='bbox 1460 1693 1528 1732; x_wconf 90' lang='lat' dir='ltr'><strong>hic</strong></span> <span class='ocrx_word' id='word_1_243' title='bbox 1545 1693 1628 1732; x_wconf 83' lang='lat' dir='ltr'><strong>dies</strong></span> <span class='ocrx_word' id='word_1_244' title='bbox 1647 1693 1729 1746; x_wconf 63' lang='lat' dir='ltr'><strong>pri-4</strong></span> 
     </span>
     <span class='ocr_line' id='line_1_28' title="bbox 268 1750 1729 1805; baseline -0.002 -14"><span class='ocrx_word' id='word_1_245' title='bbox 268 1767 357 1793; x_wconf 87' lang='lat' dir='ltr'><strong>mus</strong></span> <span class='ocrx_word' id='word_1_246' title='bbox 380 1753 474 1790; x_wconf 84' lang='lat' dir='ltr'><strong>anni</strong></span> <span class='ocrx_word' id='word_1_247' title='bbox 496 1753 641 1791; x_wconf 84' lang='lat' dir='ltr'><strong>Christi</strong></span> <span class='ocrx_word' id='word_1_248' title='bbox 665 1755 786 1802; x_wconf 80' lang='lat'><strong>1260,</strong></span> <span class='ocrx_word' id='word_1_249' title='bbox 808 1753 877 1805; x_wconf 94' lang='lat' dir='ltr'><strong>qui</strong></span> <span class='ocrx_word' id='word_1_250' title='bbox 912 1764 1001 1790; x_wconf 89' lang='lat' dir='ltr'><strong>cum</strong></span> <span class='ocrx_word' id='word_1_251' title='bbox 1033 1753 1085 1791; x_wconf 88' lang='lat' dir='ltr'><strong>sit</strong></span> <span class='ocrx_word' id='word_1_252' title='bbox 1101 1752 1254 1804; x_wconf 85' lang='lat' dir='ltr'><strong>periodi</strong></span> <span class='ocrx_word' id='word_1_253' title='bbox 1271 1750 1448 1790; x_wconf 89' lang='lat' dir='ltr'><strong>Iulianae</strong></span> <span class='ocrx_word' id='word_1_254' title='bbox 1468 1750 1595 1797; x_wconf 65' lang='lat'><strong><em>59723,</em></strong></span> <span class='ocrx_word' id='word_1_255' title='bbox 1621 1750 1729 1789; x_wconf 80' lang='lat' dir='ltr'><strong>indi-</strong></span> 
     </span>
     <span class='ocr_line' id='line_1_29' title="bbox 270 1806 1730 1859; baseline -0.001 -13"><span class='ocrx_word' id='word_1_256' title='bbox 270 1809 416 1848; x_wconf 81' lang='lat' dir='ltr'><strong>ctionis</strong></span> <span class='ocrx_word' id='word_1_257' title='bbox 442 1822 651 1848; x_wconf 89' lang='lat' dir='ltr'><strong>numerum</strong></span> <span class='ocrx_word' id='word_1_258' title='bbox 679 1809 820 1848; x_wconf 88' lang='lat' dir='ltr'><strong>habuit</strong></span> <span class='ocrx_word' id='word_1_259' title='bbox 851 1808 1038 1858; x_wconf 72' lang='lat' dir='ltr'><strong>tertium,</strong></span> <span class='ocrx_word' id='word_1_260' title='bbox 1081 1808 1149 1847; x_wconf 89' lang='lat' dir='ltr'><strong>sed</strong></span> <span class='ocrx_word' id='word_1_261' title='bbox 1167 1822 1188 1846; x_wconf 83' lang='lat' dir='ltr'><strong>a</strong></span> <span class='ocrx_word' id='word_1_262' title='bbox 1211 1806 1432 1859; x_wconf 83' lang='lat' dir='ltr'><strong>Septembri</strong></span> <span class='ocrx_word' id='word_1_263' title='bbox 1454 1807 1679 1845; x_wconf 82' lang='lat' dir='ltr'><strong>duntaxat·</strong></span> <span class='ocrx_word' id='word_1_264' title='bbox 1666 1820 1730 1845; x_wconf 87' lang='lat' dir='ltr'><strong>m·-</strong></span> 
     </span>
     <span class='ocr_line' id='line_1_30' title="bbox 271 1863 1727 1935; baseline -0.001 -32"><span class='ocrx_word' id='word_1_265' title='bbox 271 1865 509 1904; x_wconf 88' lang='lat' dir='ltr'><strong>choandum.</strong></span> <span class='ocrx_word' id='word_1_266' title='bbox 565 1866 672 1903; x_wconf 89' lang='lat' dir='ltr'><strong>unde</strong></span> <span class='ocrx_word' id='word_1_267' title='bbox 690 1871 798 1903; x_wconf 87' lang='lat' dir='ltr'><strong>recte</strong></span> <span class='ocrx_word' id='word_1_268' title='bbox 829 1865 1015 1904; x_wconf 79' lang='lat' dir='ltr'><strong>convenit</strong></span> <span class='ocrx_word' id='word_1_269' title='bbox 1045 1866 1150 1916; x_wconf 91' lang='lat' dir='ltr'><strong>quod</strong></span> <span class='ocrx_word' id='word_1_270' title='bbox 1175 1865 1314 1903; x_wconf 85' lang='lat' dir='ltr'><strong>scribit</strong></span> <span class='ocrx_word' id='word_1_271' title='bbox 1342 1870 1478 1903; x_wconf 86' lang='lat' dir='ltr'><strong>noster</strong></span> <span class='ocrx_word' id='word_1_272' title='bbox 1498 1863 1727 1935; x_wconf 79' lang='lat' dir='ltr'><strong>historicus,</strong></span> 
     </span>
     <span class='ocr_line' id='line_1_31' title="bbox 268 1920 1288 1961; baseline 0 -2"><span class='ocrx_word' id='word_1_273' title='bbox 268 1921 529 1959; x_wconf 83' lang='lat' dir='ltr'><strong>indictionem</strong></span> <span class='ocrx_word' id='word_1_274' title='bbox 549 1926 648 1958; x_wconf 87' lang='lat' dir='ltr'><strong>tunc</strong></span> <span class='ocrx_word' id='word_1_275' title='bbox 667 1920 799 1958; x_wconf 90' lang='lat' dir='ltr'><strong>adhuc</strong></span> <span class='ocrx_word' id='word_1_276' title='bbox 820 1921 1033 1961; x_wconf 89' lang='lat' dir='ltr'><strong>secundam</strong></span> <span class='ocrx_word' id='word_1_277' title='bbox 1053 1921 1288 1959; x_wconf 76' lang='lat' dir='ltr'><strong>cucuriisse.</strong></span> 
     </span>
    </p>

    <p class='ocr_par' dir='ltr' id='par_1_5' title="bbox 270 1966 1727 2933">
     <span class='ocr_line' id='line_1_32' title="bbox 381 1966 1726 2028; baseline -0.001 -13"><span class='ocrx_word' id='word_1_278' title='bbox 381 1977 453 2017; x_wconf 83' lang='grc' dir='ltr'>ΙΙΙ.</span> <span class='ocrx_word' id='word_1_279' title='bbox 512 1977 608 2015; x_wconf 85' lang='lat' dir='ltr'><strong>Post</strong></span> <span class='ocrx_word' id='word_1_280' title='bbox 636 1983 867 2016; x_wconf 86' lang='lat' dir='ltr'><strong>coronatum</strong></span> <span class='ocrx_word' id='word_1_281' title='bbox 896 1977 1169 2028; x_wconf 84' lang='lat' dir='ltr'><strong>Palaeologum</strong></span> <span class='ocrx_word' id='word_1_282' title='bbox 1190 2006 1201 2027; x_wconf 89' lang='lat'>‚</span> <span class='ocrx_word' id='word_1_283' title='bbox 1249 1976 1318 2027; x_wconf 89' lang='lat' dir='ltr'><strong>qui</strong></span> <span class='ocrx_word' id='word_1_284' title='bbox 1352 1975 1522 2015; x_wconf 80' lang='lat' dir='ltr'><strong>maxime</strong></span> <span class='ocrx_word' id='word_1_285' title='bbox 1555 1966 1726 2014; x_wconf 79' lang='lat' dir='ltr'><strong>illustris</strong></span> 
     </span>
     <span class='ocr_line' id='line_1_33' title="bbox 270 2032 1727 2086; baseline -0.001 -14"><span class='ocrx_word' id='word_1_286' title='bbox 270 2039 437 2072; x_wconf 83' lang='lat' dir='ltr'><strong>eventus</strong></span> <span class='ocrx_word' id='word_1_287' title='bbox 464 2033 654 2083; x_wconf 79' lang='lat' dir='ltr'><strong>contigit,</strong></span> <span class='ocrx_word' id='word_1_288' title='bbox 683 2033 761 2071; x_wconf 86' lang='lat' dir='ltr'><strong>fuit</strong></span> <span class='ocrx_word' id='word_1_289' title='bbox 781 2033 1031 2086; x_wconf 87' lang='lat' dir='ltr'><strong>recuperatio</strong></span> <span class='ocrx_word' id='word_1_290' title='bbox 1059 2033 1186 2084; x_wconf 83' lang='lat' dir='ltr'><strong>regiae</strong></span> <span class='ocrx_word' id='word_1_291' title='bbox 1211 2033 1322 2071; x_wconf 88' lang='lat' dir='ltr'><strong>urbis</strong></span> <span class='ocrx_word' id='word_1_292' title='bbox 1340 2032 1489 2071; x_wconf 88' lang='lat' dir='ltr'><strong>dudum</strong></span> <span class='ocrx_word' id='word_1_293' title='bbox 1510 2038 1727 2085; x_wconf 85' lang='lat' dir='ltr'><strong>occupatae</strong></span> 
     </span>
     <span class='ocr_line' id='line_1_34' title="bbox 270 2089 1727 2142; baseline -0.001 -14"><span class='ocrx_word' id='word_1_294' title='bbox 270 2090 520 2139; x_wconf 86' lang='lat' dir='ltr'><strong>insessaeque</strong></span> <span class='ocrx_word' id='word_1_295' title='bbox 539 2102 560 2126; x_wconf 88' lang='lat' dir='ltr'><strong>a</strong></span> <span class='ocrx_word' id='word_1_296' title='bbox 582 2089 743 2129; x_wconf 82' lang='lat' dir='ltr'><strong>Latinis.</strong></span> <span class='ocrx_word' id='word_1_297' title='bbox 800 2101 923 2142; x_wconf 85' lang='lat' dir='ltr'><strong>quare</strong></span> <span class='ocrx_word' id='word_1_298' title='bbox 941 2090 1058 2141; x_wconf 85' lang='lat' dir='ltr'><strong>digna</strong></span> <span class='ocrx_word' id='word_1_299' title='bbox 1077 2097 1134 2128; x_wconf 90' lang='lat' dir='ltr'><strong>est</strong></span> <span class='ocrx_word' id='word_1_300' title='bbox 1153 2103 1216 2128; x_wconf 87' lang='lat' dir='ltr'><strong>res</strong></span> <span class='ocrx_word' id='word_1_301' title='bbox 1236 2091 1350 2128; x_wconf 90' lang='lat' dir='ltr'><strong>cuius</strong></span> <span class='ocrx_word' id='word_1_302' title='bbox 1373 2095 1549 2141; x_wconf 85' lang='lat' dir='ltr'><strong>patratae</strong></span> <span class='ocrx_word' id='word_1_303' title='bbox 1568 2094 1727 2141; x_wconf 85' lang='lat' dir='ltr'><strong>tempus</strong></span> 
     </span>
     <span class='ocr_line' id='line_1_35' title="bbox 270 2145 1726 2199; baseline 0.003 -15"><span class='ocrx_word' id='word_1_304' title='bbox 270 2146 394 2199; x_wconf 88' lang='lat' dir='ltr'><strong>paulo</strong></span> <span class='ocrx_word' id='word_1_305' title='bbox 419 2145 645 2196; x_wconf 87' lang='lat' dir='ltr'><strong>diligentius</strong></span> <span class='ocrx_word' id='word_1_306' title='bbox 671 2146 913 2198; x_wconf 87' lang='lat' dir='ltr'><strong>exploretur.</strong></span> <span class='ocrx_word' id='word_1_307' title='bbox 971 2153 1107 2185; x_wconf 85' lang='lat' dir='ltr'><strong>narrat</strong></span> <span class='ocrx_word' id='word_1_308' title='bbox 1125 2146 1233 2184; x_wconf 90' lang='lat' dir='ltr'><strong>illam</strong></span> <span class='ocrx_word' id='word_1_309' title='bbox 1250 2152 1386 2184; x_wconf 85' lang='lat' dir='ltr'><strong>noster</strong></span> <span class='ocrx_word' id='word_1_310' title='bbox 1402 2145 1428 2185; x_wconf 91' lang='lat' dir='ltr'><strong>l.</strong></span> <span class='ocrx_word' id='word_1_311' title='bbox 1454 2150 1481 2188; x_wconf 84' lang='lat'><strong>2</strong></span> <span class='ocrx_word' id='word_1_312' title='bbox 1503 2159 1536 2184; x_wconf 77' lang='lat' dir='ltr'><strong>c.</strong></span> <span class='ocrx_word' id='word_1_313' title='bbox 1555 2149 1610 2188; x_wconf 78' lang='lat'><strong>26</strong></span> <span class='ocrx_word' id='word_1_314' title='bbox 1624 2149 1726 2196; x_wconf 59' lang='lat'><strong>-83</strong></span> 
     </span>
     <span class='ocr_line' id='line_1_36' title="bbox 271 2202 1727 2255; baseline 0 -15"><span class='ocrx_word' id='word_1_315' title='bbox 271 2215 368 2255; x_wconf 89' lang='lat' dir='ltr'><strong>prae</strong></span> <span class='ocrx_word' id='word_1_316' title='bbox 392 2202 546 2240; x_wconf 86' lang='lat' dir='ltr'><strong>cunctis</strong></span> <span class='ocrx_word' id='word_1_317' title='bbox 567 2202 654 2240; x_wconf 89' lang='lat' dir='ltr'><strong>aliis</strong></span> <span class='ocrx_word' id='word_1_318' title='bbox 675 2202 718 2240; x_wconf 91' lang='lat' dir='ltr'><strong>in</strong></span> <span class='ocrx_word' id='word_1_319' title='bbox 737 2202 815 2241; x_wconf 87' lang='lat' dir='ltr'><strong>isto</strong></span> <span class='ocrx_word' id='word_1_320' title='bbox 833 2209 1062 2255; x_wconf 85' lang='lat' dir='ltr'><strong>argumento</strong></span> <span class='ocrx_word' id='word_1_321' title='bbox 1079 2202 1245 2242; x_wconf 85' lang='lat' dir='ltr'><strong>versatis</strong></span> <span class='ocrx_word' id='word_1_322' title='bbox 1263 2202 1421 2254; x_wconf 83' lang='lat' dir='ltr'><strong>copiose</strong></span> <span class='ocrx_word' id='word_1_323' title='bbox 1441 2215 1487 2239; x_wconf 86' lang='lat' dir='ltr'><strong>ac</strong></span> <span class='ocrx_word' id='word_1_324' title='bbox 1507 2202 1727 2252; x_wconf 67' lang='lat' dir='ltr'><strong>diligenter.</strong></span> 
     </span>
     <span class='ocr_line' id='line_1_37' title="bbox 273 2258 1725 2310; baseline 0 -14"><span class='ocrx_word' id='word_1_325' title='bbox 273 2258 325 2297; x_wconf 84' lang='lat' dir='ltr'><strong>de</strong></span> <span class='ocrx_word' id='word_1_326' title='bbox 344 2264 522 2310; x_wconf 88' lang='lat' dir='ltr'><strong>tempore</strong></span> <span class='ocrx_word' id='word_1_327' title='bbox 538 2258 637 2297; x_wconf 86' lang='lat' dir='ltr'><strong>haec</strong></span> <span class='ocrx_word' id='word_1_328' title='bbox 661 2260 790 2298; x_wconf 84' lang='lat' dir='ltr'><strong>solum</strong></span> <span class='ocrx_word' id='word_1_329' title='bbox 820 2259 945 2299; x_wconf 85' lang='lat' dir='ltr'><strong>tradit</strong></span> <span class='ocrx_word' id='word_1_330' title='bbox 970 2260 1042 2298; x_wconf 88' lang='lat' dir='ltr'><strong>sub</strong></span> <span class='ocrx_word' id='word_1_331' title='bbox 1071 2260 1189 2298; x_wconf 85' lang='lat' dir='ltr'><strong>finem</strong></span> <span class='ocrx_word' id='word_1_332' title='bbox 1214 2262 1247 2297; x_wconf 79' lang='lat' dir='ltr'><strong>c.</strong></span> <span class='ocrx_word' id='word_1_333' title='bbox 1268 2263 1335 2308; x_wconf 81' lang='lat'><strong>27,</strong></span> <span class='ocrx_word' id='word_1_334' title='bbox 1364 2264 1520 2310; x_wconf 86' lang='lat' dir='ltr'><strong>captam</strong></span> <span class='ocrx_word' id='word_1_335' title='bbox 1542 2259 1681 2297; x_wconf 74' lang='lat' dir='ltr'><strong>urbem&#39;</strong></span> <span class='ocrx_word' id='word_1_336' title='bbox 1702 2272 1725 2296; x_wconf 84' lang='lat' dir='ltr'><strong>a</strong></span> 
     </span>
     <span class='ocr_line' id='line_1_38' title="bbox 275 2314 1726 2370; baseline 0.001 -18"><span class='ocrx_word' id='word_1_337' title='bbox 275 2315 438 2353; x_wconf 85' lang='lat' dir='ltr'><strong>Caesare</strong></span> <span class='ocrx_word' id='word_1_338' title='bbox 470 2314 611 2354; x_wconf 84' lang='lat' dir='ltr'><strong>Alexio</strong></span> <span class='ocrx_word' id='word_1_339' title='bbox 643 2317 920 2370; x_wconf 87' lang='lat' dir='ltr'><strong>Strategopulo</strong></span> <span class='ocrx_word' id='word_1_340' title='bbox 950 2316 1208 2355; x_wconf 77' lang='lat' dir='ltr'><strong>die-Sanctae</strong></span> <span class='ocrx_word' id='word_1_341' title='bbox 1239 2315 1374 2354; x_wconf 82' lang='lat' dir='ltr'><strong>Annae</strong></span> <span class='ocrx_word' id='word_1_342' title='bbox 1400 2315 1516 2353; x_wconf 83' lang='lat' dir='ltr'><strong>matri</strong></span> <span class='ocrx_word' id='word_1_343' title='bbox 1545 2314 1726 2368; x_wconf 77' lang='lat' dir='ltr'><strong>deiparae</strong></span> 
     </span>
     <span class='ocr_line' id='line_1_39' title="bbox 275 2370 1727 2424; baseline 0.001 -16"><span class='ocrx_word' id='word_1_344' title='bbox 275 2384 387 2409; x_wconf 88' lang='lat' dir='ltr'><strong>sacra</strong></span> <span class='ocrx_word' id='word_1_345' title='bbox 407 2370 543 2422; x_wconf 89' lang='lat' dir='ltr'><strong>quinta</strong></span> <span class='ocrx_word' id='word_1_346' title='bbox 563 2377 602 2410; x_wconf 89' lang='lat' dir='ltr'><strong>et</strong></span> <span class='ocrx_word' id='word_1_347' title='bbox 618 2372 804 2424; x_wconf 75' lang='lat' dir='ltr'><strong>vigesima</strong></span> <span class='ocrx_word' id='word_1_348' title='bbox 831 2373 977 2412; x_wconf 89' lang='lat' dir='ltr'><strong>mensis</strong></span> <span class='ocrx_word' id='word_1_349' title='bbox 1001 2372 1111 2411; x_wconf 86' lang='lat' dir='ltr'><strong>Iulii:</strong></span> <span class='ocrx_word' id='word_1_350' title='bbox 1141 2386 1233 2411; x_wconf 88' lang='lat' dir='ltr'><strong>nam</strong></span> <span class='ocrx_word' id='word_1_351' title='bbox 1261 2385 1306 2410; x_wconf 89' lang='lat' dir='ltr'><strong>eo</strong></span> <span class='ocrx_word' id='word_1_352' title='bbox 1325 2371 1389 2410; x_wconf 89' lang='lat' dir='ltr'><strong>die</strong></span> <span class='ocrx_word' id='word_1_353' title='bbox 1412 2371 1555 2410; x_wconf 86' lang='lat' dir='ltr'><strong>Graeci</strong></span> <span class='ocrx_word' id='word_1_354' title='bbox 1576 2373 1613 2411; x_wconf 89' lang='lat' dir='ltr'><strong>S.</strong></span> <span class='ocrx_word' id='word_1_355' title='bbox 1633 2372 1727 2410; x_wconf 74' lang='lat' dir='ltr'><strong>An·-</strong></span> 
     </span>
     <span class='ocr_line' id='line_1_40' title="bbox 274 2428 1726 2490; baseline 0 -24"><span class='ocrx_word' id='word_1_356' title='bbox 274 2440 352 2466; x_wconf 85' lang='lat' dir='ltr'><strong>nae</strong></span> <span class='ocrx_word' id='word_1_357' title='bbox 368 2428 617 2490; x_wconf 81' lang='lat' dir='ltr'><strong>memoriam,</strong></span> <span class='ocrx_word' id='word_1_358' title='bbox 646 2429 778 2482; x_wconf 86' lang='lat' dir='ltr'><strong>pridie</strong></span> <span class='ocrx_word' id='word_1_359' title='bbox 794 2443 911 2480; x_wconf 88' lang='lat' dir='ltr'><strong>quam</strong></span> <span class='ocrx_word' id='word_1_360' title='bbox 934 2430 1063 2467; x_wconf 89' lang='lat' dir='ltr'><strong>Latini</strong></span> <span class='ocrx_word' id='word_1_361' title='bbox 1081 2431 1254 2478; x_wconf 85' lang='lat' dir='ltr'><strong>soleant,</strong></span> <span class='ocrx_word' id='word_1_362' title='bbox 1282 2429 1431 2467; x_wconf 89' lang='lat' dir='ltr'><strong>colunt.</strong></span> <span class='ocrx_word' id='word_1_363' title='bbox 1487 2441 1726 2466; x_wconf 71' lang='lat' dir='ltr'><strong>annumex-</strong></span> 
     </span>
     <span class='ocr_line' id='line_1_41' title="bbox 276 2482 1724 2537; baseline 0.001 -16"><span class='ocrx_word' id='word_1_364' title='bbox 276 2482 416 2536; x_wconf 86' lang='lat' dir='ltr'><strong>primit</strong></span> <span class='ocrx_word' id='word_1_365' title='bbox 436 2484 627 2534; x_wconf 81' lang='lat' dir='ltr'><strong>Georgius</strong></span> <span class='ocrx_word' id='word_1_366' title='bbox 645 2485 901 2537; x_wconf 88' lang='lat' dir='ltr'><strong>Acropolita,</strong></span> <span class='ocrx_word' id='word_1_367' title='bbox 926 2486 1037 2524; x_wconf 84' lang='lat' dir='ltr'><strong>cuius</strong></span> <span class='ocrx_word' id='word_1_368' title='bbox 1063 2487 1106 2524; x_wconf 86' lang='lat' dir='ltr'><strong>in</strong></span> <span class='ocrx_word' id='word_1_369' title='bbox 1134 2485 1213 2524; x_wconf 89' lang='lat' dir='ltr'><strong>hoc</strong></span> <span class='ocrx_word' id='word_1_370' title='bbox 1241 2491 1386 2523; x_wconf 89' lang='lat' dir='ltr'><strong>eventu</strong></span> <span class='ocrx_word' id='word_1_371' title='bbox 1402 2484 1518 2523; x_wconf 85' lang='lat' dir='ltr'><strong>finem</strong></span> <span class='ocrx_word' id='word_1_372' title='bbox 1536 2484 1724 2523; x_wconf 83' lang='lat' dir='ltr'><strong>historiae</strong></span> 
     </span>
     <span class='ocr_line' id='line_1_42' title="bbox 272 2538 1723 2595; baseline 0.004 -19.021"><span class='ocrx_word' id='word_1_373' title='bbox 272 2549 372 2577; x_wconf 82' lang='lat' dir='ltr'><strong>suae</strong></span> <span class='ocrx_word' id='word_1_374' title='bbox 391 2538 597 2590; x_wconf 85' lang='lat' dir='ltr'><strong>defigentis</strong></span> <span class='ocrx_word' id='word_1_375' title='bbox 614 2543 735 2581; x_wconf 85' lang='lat' dir='ltr'><strong>verba</strong></span> <span class='ocrx_word' id='word_1_376' title='bbox 753 2542 851 2581; x_wconf 82' lang='lat' dir='ltr'><strong>haec</strong></span> <span class='ocrx_word' id='word_1_377' title='bbox 871 2543 1059 2594; x_wconf 85' lang='lat' dir='ltr'><strong>leguntur</strong></span> <span class='ocrx_word' id='word_1_378' title='bbox 1076 2558 1115 2595; x_wconf 87' lang='lat' dir='ltr'><strong>p.</strong></span> <span class='ocrx_word' id='word_1_379' title='bbox 1138 2546 1218 2586; x_wconf 87' lang='grc'><strong>100</strong></span> <span class='ocrx_word' id='word_1_380' title='bbox 1237 2542 1300 2582; x_wconf 88' lang='lat' dir='ltr'><strong>ed.</strong></span> <span class='ocrx_word' id='word_1_381' title='bbox 1323 2543 1411 2592; x_wconf 79' lang='lat' dir='ltr'><strong>Reg.</strong></span> <span class='ocrx_word' id='word_1_382' title='bbox 1468 2539 1536 2582; x_wconf 81' lang='grc' dir='ltr'><strong>καὶ</strong></span> <span class='ocrx_word' id='word_1_383' title='bbox 1554 2539 1584 2594; x_wconf 78' lang='grc' dir='ltr'><em>ἤ</em></span> <span class='ocrx_word' id='word_1_384' title='bbox 1607 2545 1723 2582; x_wconf 52' lang='lat' dir='ltr'><strong>Kane·</strong></span> 
     </span>
     <span class='ocr_line' id='line_1_43' title="bbox 279 2594 1722 2653; baseline 0.001 -17"><span class='ocrx_word' id='word_1_385' title='bbox 279 2595 489 2636; x_wconf 76' lang='grc' dir='ltr'><strong><em>σταντὶνου</em></strong></span> <span class='ocrx_word' id='word_1_386' title='bbox 521 2599 692 2653; x_wconf 79' lang='grc' dir='ltr'><strong><em>προνοίᾳ</em></strong></span> <span class='ocrx_word' id='word_1_387' title='bbox 717 2601 821 2639; x_wconf 79' lang='grc' dir='ltr'><strong><em>θεοῦ</em></strong></span> <span class='ocrx_word' id='word_1_388' title='bbox 843 2594 967 2648; x_wconf 82' lang='grc' dir='ltr'><strong><em>αυθις</em></strong></span> <span class='ocrx_word' id='word_1_389' title='bbox 991 2597 1071 2640; x_wconf 69' lang='lat' dir='ltr'><strong>v‘nd</strong></span> <span class='ocrx_word' id='word_1_390' title='bbox 1096 2603 1206 2652; x_wconf 82' lang='grc' dir='ltr'><strong><em>χεῖρα</em></strong></span> <span class='ocrx_word' id='word_1_391' title='bbox 1231 2600 1306 2638; x_wconf 81' lang='grc' dir='ltr'><strong><em>τοῦ</em></strong></span> <span class='ocrx_word' id='word_1_392' title='bbox 1326 2597 1516 2649; x_wconf 78' lang='grc' dir='ltr'><strong><em>βασιλέως</em></strong></span> <span class='ocrx_word' id='word_1_393' title='bbox 1531 2612 1612 2638; x_wconf 77' lang='grc' dir='ltr'><strong>πων</strong></span> <span class='ocrx_word' id='word_1_394' title='bbox 1630 2596 1722 2636; x_wconf 85' lang='grc' dir='ltr'><strong>Ῥω-</strong></span> 
     </span>
     <span class='ocr_line' id='line_1_44' title="bbox 274 2650 1723 2721; baseline 0.001 -30.007"><span class='ocrx_word' id='word_1_395' title='bbox 274 2652 411 2704; x_wconf 79' lang='grc' dir='ltr'><strong><em>μαίων</em></strong></span> <span class='ocrx_word' id='word_1_396' title='bbox 442 2650 593 2704; x_wconf 81' lang='grc' dir='ltr'><strong><em>ἐγένετο</em></strong></span> <span class='ocrx_word' id='word_1_397' title='bbox 619 2652 718 2694; x_wconf 80' lang='grc' dir='ltr'><strong><em>κατα</em></strong></span> <span class='ocrx_word' id='word_1_398' title='bbox 743 2654 863 2708; x_wconf 84' lang='grc' dir='ltr'><strong><em>λόγον</em></strong></span> <span class='ocrx_word' id='word_1_399' title='bbox 890 2653 1043 2696; x_wconf 80' lang='grc' dir='ltr'><strong><em>δίκαιόν</em></strong></span> <span class='ocrx_word' id='word_1_400' title='bbox 1072 2671 1113 2697; x_wconf 87' lang='grc' dir='ltr'><strong>τε</strong></span> <span class='ocrx_word' id='word_1_401' title='bbox 1130 2654 1198 2695; x_wconf 83' lang='grc' dir='ltr'><strong>καὶ</strong></span> <span class='ocrx_word' id='word_1_402' title='bbox 1217 2651 1471 2721; x_wconf 80' lang='grc' dir='ltr'><strong><em>προσήκοντα</em></strong></span> <span class='ocrx_word' id='word_1_403' title='bbox 1487 2650 1649 2694; x_wconf 79' lang='grc' dir='ltr'><strong><em>Ἰουλίου</em></strong></span> <span class='ocrx_word' id='word_1_404' title='bbox 1669 2652 1723 2693; x_wconf 82' lang='grc' dir='ltr'><strong>εἶ-</strong></span> 
     </span>
     <span class='ocr_line' id='line_1_45' title="bbox 276 2705 1723 2777; baseline 0.001 -30"><span class='ocrx_word' id='word_1_405' title='bbox 276 2705 429 2777; x_wconf 65' lang='grc' dir='ltr'><strong><em>οξοστην</em></strong></span> <span class='ocrx_word' id='word_1_406' title='bbox 446 2724 514 2749; x_wconf 83' lang='grc' dir='ltr'><strong>και</strong></span> <span class='ocrx_word' id='word_1_407' title='bbox 531 2724 712 2761; x_wconf 82' lang='grc' dir='ltr'><strong><em>πεμπτην</em></strong></span> <span class='ocrx_word' id='word_1_408' title='bbox 737 2726 924 2763; x_wconf 81' lang='grc' dir='ltr'><strong><em>αγοντος,</em></strong></span> <span class='ocrx_word' id='word_1_409' title='bbox 970 2710 1093 2763; x_wconf 86' lang='grc' dir='ltr'><strong><em>ου’σης</em></strong></span> <span class='ocrx_word' id='word_1_410' title='bbox 1125 2707 1390 2762; x_wconf 79' lang='grc' dir='ltr'><strong><em>ἕπινεμήσεως</em></strong></span> <span class='ocrx_word' id='word_1_411' title='bbox 1420 2707 1623 2763; x_wconf 71' lang='grc' dir='ltr'><strong><em>τετάρτης,</em></strong></span> <span class='ocrx_word' id='word_1_412' title='bbox 1652 2708 1723 2750; x_wconf 83' lang='grc' dir='ltr'><strong>καὶ</strong></span> 
     </span>
     <span class='ocr_line' id='line_1_46' title="bbox 278 2759 1725 2830; baseline 0.001 -27"><span class='ocrx_word' id='word_1_413' title='bbox 278 2759 358 2804; x_wconf 75' lang='grc' dir='ltr'><strong><em>ἄπο</em></strong></span> <span class='ocrx_word' id='word_1_414' title='bbox 378 2764 565 2830; x_wconf 81' lang='grc' dir='ltr'><strong><em>γενέσεως</em></strong></span> <span class='ocrx_word' id='word_1_415' title='bbox 579 2762 731 2818; x_wconf 80' lang='grc' dir='ltr'><strong><em>κόσμου</em></strong></span> <span class='ocrx_word' id='word_1_416' title='bbox 747 2766 898 2816; x_wconf 78' lang='grc' dir='ltr'><strong><em>ἔτους”</em></strong></span> <span class='ocrx_word' id='word_1_417' title='bbox 873 2783 990 2817; x_wconf 81' lang='grc' dir='ltr'><strong><em>ουτος</em></strong></span> <span class='ocrx_word' id='word_1_418' title='bbox 1010 2765 1144 2823; x_wconf 83' lang='grc' dir='ltr'><em>ςψξθ’</em></span> <span class='ocrx_word' id='word_1_419' title='bbox 1145 2796 1164 2816; x_wconf 90' lang='grc'>,</span> <span class='ocrx_word' id='word_1_420' title='bbox 1185 2765 1266 2808; x_wconf 74' lang='grc' dir='ltr'><strong>ὑπό</strong></span> <span class='ocrx_word' id='word_1_421' title='bbox 1284 2767 1364 2807; x_wconf 73' lang='grc' dir='ltr'><strong>τῶν</strong></span> <span class='ocrx_word' id='word_1_422' title='bbox 1382 2767 1538 2818; x_wconf 75' lang='grc' dir='ltr'><strong><em>ἐχθρῶν</em></strong></span> <span class='ocrx_word' id='word_1_423' title='bbox 1557 2775 1725 2818; x_wconf 59' lang='grc' dir='ltr'><strong><em>κρατουό</em></strong></span> 
     </span>
     <span class='ocr_line' id='line_1_47' title="bbox 277 2819 1722 2874; baseline -0.009 -3"><span class='ocrx_word' id='word_1_424' title='bbox 277 2819 376 2871; x_wconf 68' lang='grc' dir='ltr'>μένη</span> <span class='ocrx_word' id='word_1_425' title='bbox 397 2835 565 2871; x_wconf 69' lang='grc' dir='ltr'>χρθνῡυς</span> <span class='ocrx_word' id='word_1_426' title='bbox 593 2819 839 2874; x_wconf 78' lang='grc' dir='ltr'><strong><em>πεντήκοντα</em></strong></span> <span class='ocrx_word' id='word_1_427' title='bbox 868 2823 937 2865; x_wconf 86' lang='grc' dir='ltr'><strong>καὶ</strong></span> <span class='ocrx_word' id='word_1_428' title='bbox 966 2821 1080 2865; x_wconf 77' lang='grc' dir='ltr'><strong><em>ὀκτώ.</em></strong></span> <span class='ocrx_word' id='word_1_429' title='bbox 1137 2831 1174 2862; x_wconf 84' lang='lat' dir='ltr'><strong>et</strong></span> <span class='ocrx_word' id='word_1_430' title='bbox 1196 2822 1566 2873; x_wconf 71' lang='lat' dir='ltr'><strong>Constantinopolzs</strong></span> <span class='ocrx_word' id='word_1_431' title='bbox 1580 2823 1722 2873; x_wconf 47' lang='lat' dir='ltr'><strong>prove}</strong></span> 
     </span>
     <span class='ocr_line' id='line_1_48' title="bbox 275 2874 1725 2933; baseline 0.002 -20"><span class='ocrx_word' id='word_1_432' title='bbox 275 2874 415 2914; x_wconf 76' lang='lat' dir='ltr'><strong>dentia</strong></span> <span class='ocrx_word' id='word_1_433' title='bbox 434 2875 500 2915; x_wconf 81' lang='lat' dir='ltr'><strong>dec&#39;</strong></span> <span class='ocrx_word' id='word_1_434' title='bbox 513 2892 660 2917; x_wconf 71' lang='lat' dir='ltr'><strong>rmus</strong></span> <span class='ocrx_word' id='word_1_435' title='bbox 679 2879 754 2918; x_wconf 71' lang='lat' dir='ltr'><strong>sub</strong></span> <span class='ocrx_word' id='word_1_436' title='bbox 771 2894 898 2919; x_wconf 62' lang='lat' dir='ltr'><strong>mame</strong></span> <span class='ocrx_word' id='word_1_437' title='bbox 916 2882 1171 2933; x_wconf 78' lang='lat' dir='ltr'><strong>imperatoris</strong></span> <span class='ocrx_word' id='word_1_438' title='bbox 1186 2882 1462 2920; x_wconf 80' lang='lat' dir='ltr'><strong>Romanorum</strong></span> <span class='ocrx_word' id='word_1_439' title='bbox 1468 2879 1579 2933; x_wconf 73' lang='lat' dir='ltr'><strong>salt,</strong></span> <span class='ocrx_word' id='word_1_440' title='bbox 1599 2884 1725 2931; x_wconf 80' lang='lat' dir='ltr'><strong>prout</strong></span> 
     </span>
    </p>
   </div>
  </div>
 </body>
</html>
