1884 3262
279 177 375 224 668
670 173 986 219 OBSERVAT.
1021 174 1337 223 PACHYMER.

275 301 408 340 μενον.
465 285 548 324 scio
573 284 746 324 Graecos
771 284 815 322 in
843 283 1073 324 Florentino
1100 285 1270 324 concilio
1299 299 1391 326 sess.
1421 290 1447 329 6
1477 292 1616 326 contra
1645 287 1723 326 hoc

273 341 495 393 excepisse,
537 341 691 380 codices
723 354 860 379 eorum
893 340 1078 393 antiquos
1099 342 1348 380 continentes
1377 346 1462 381 acta
1483 344 1676 381 Nicaenae
1695 347 1723 386 2

274 398 416 449 synodi
435 397 657 449 symbolum
675 397 760 436 sine
776 396 978 435 additione
992 398 1153 436 illorum
1171 398 1382 438 verborum
1399 398 1466 438 καὶ
1481 399 1523 440 ἐκ
1539 402 1612 440 τοῦ
1629 400 1725 440 υἷοῦ

274 460 311 491 et
331 454 481 505 exsilio
503 453 702 493 exhibere.
759 454 828 492 sed
844 453 915 503 iis,
945 459 990 491 ut
1009 453 1157 492 ibidem
1174 455 1367 504 refertur,
1395 460 1494 492 tunc
1513 456 1638 494 Latini
1659 469 1724 494 re·-

137 517 165 550 P
188 516 254 551 468
279 511 526 562 sponderunt
545 510 690 549 habere
714 523 754 549 se
774 510 981 562 antiquum
1004 511 1198 548 Graecum
1224 511 1420 560 codicem,
1449 510 1493 547 in
1512 525 1590 562 quo
1608 511 1723 549 addi-

272 566 331 604 tio
362 566 567 605 manifeste
600 573 865 618 compareret,
895 567 1000 605 sicut
1026 573 1064 604 et
1088 567 1129 605 in
1158 566 1548 619 interpretationibus
1575 567 1723 606 Latinis

272 623 350 660 iam
380 622 475 661 olim
503 623 618 661 editis
650 624 731 662 eius
759 636 891 661 sacrae
920 623 1075 675 synodi.
1130 623 1248 662 verba
1275 623 1451 675 ipsorum
1482 623 1722 662 Graecorum

272 678 351 717 hoc
368 678 477 729 quod
494 679 584 718 dico
604 680 830 718 testantium
849 679 944 717 haec
958 685 1051 717 sunt
1070 693 1163 719 sess.
1173 683 1199 722 6
1219 680 1359 719 concil.
1376 679 1549 720 Florent.
1564 685 1658 718 tom.
1669 682 1723 723 32

271 735 334 773 ed.
346 736 437 786 Reg.
461 749 500 787 p.
518 737 585 777 84.
613 732 756 776 τούτου
776 738 849 776 τοῦ
872 732 968 790 ὅρου
988 732 1161 788 ἑβδόμης
1182 733 1354 777 συνόδου
1373 732 1472 789 παρ’
1488 734 1604 787 ’ἡμῶν
1625 730 1724 774 οἴνω-

271 791 589 844 γινωσκομένου,
615 793 898 860 ,προεκομίσθη
937 789 1050 843 παροὶ
1074 793 1263 833 Λατίνων
1294 792 1449 858 βιβλίον
1483 790 1612 844 ετερον
1646 807 1723 830 πα-

273 845 387 888 λαιόν
409 846 698 902 γεγραμμένον,
727 846 798 888 τὸν
818 845 939 889 αὐτὸν
959 845 1056 899 ὅρον
1078 851 1150 900 τῆς
1173 844 1341 890 συνόδου
1362 844 1507 900 ταύτης
1528 846 1722 900 περιέχον,

274 903 318 944 ἐν
349 899 381 959 ᾦ
391 903 557 974 εὑρέθη
586 906 872 974 προσκείμενον
900 904 942 945 ἐν
972 908 1022 960 τῇ
1048 906 1237 960 θεολογίοε
1260 920 1329 944 του
1351 903 1467 957 ἁγίου
1486 901 1722 955 πνεύματος,

275 959 334 1007 εἷς
356 957 400 1000 ‘co‘
431 960 474 1001 ἐκ
498 963 572 1001 τοῦ
589 958 735 1013 πατρός
752 957 1086 1014 ἐκπορευόμενον,
1114 958 1157 1000 τὸ
1178 960 1243 1001 καὶ
1268 960 1310 1000 ἐκ
1329 975 1399 1000 του
1418 960 1528 1000 υἱοῦ.
1586 966 1625 998 et
1645 959 1722 996 ad-

275 1015 335 1053 dit
369 1017 537 1054 Glaecos
564 1016 677 1054 illum
707 1031 799 1054 suae
829 1017 986 1067 linguae
1015 1017 1191 1055 codicem
1227 1031 1318 1055 cum
1346 1015 1602 1054 admilatione
1626 1028 1722 1066 spe-

274 1078 425 1121 ctasse,
455 1078 494 1110 et
522 1073 689 1124 probum
718 1072 847 1124 specie
874 1086 1091 1123 manusque
1114 1073 1369 1123 perantiquae
1388 1073 1591 1123 reperisse.
1647 1084 1722 1108 ea·—

272 1128 442 1179 demque
471 1128 520 1166 de
544 1141 588 1166 le
613 1143 652 1179 p.
681 1128 823 1166 deinde
851 1131 904 1171 86
933 1131 1161 1167 leseruntul
1186 1128 1329 1166 Iuliani
1354 1128 1572 1166 cardinalis
1599 1127 1721 1166 veiha

272 1182 372 1222 haec
391 1184 441 1221 ad
465 1184 740 1251 imperatorem
763 1185 1024 1222 Graecorum:
1063 1180 1302 1250 γαληνότατε
1333 1185 1517 1250 βασιλεῦ’·
1546 1199 1589 1225 το
1619 1198 1721 1236 προ-

270 1238 468 1291 κομισθὲν
491 1235 591 1307 παρ’
614 1239 731 1292 ἡμῶν
753 1236 991 1291 σύμβολον’
973 1255 1016 1280 εν
1019 1245 1086 1309 τῇ
1104 1237 1250 1295 ἕβδόμῃ
1283 1236 1437 1294 συνόδῳ
1455 1238 1561 1280 ἐστὶν
1587 1239 1629 1280 ἐν
1653 1240 1721 1291 βι-

270 1296 371 1364 βλίῳ
395 1291 665 1348 παλαιοτάτω,
695 1295 762 1335 καὶ
782 1292 983 1336 ἀδύνατον
1003 1295 1228 1348 ὑπονοῆσαι
1247 1295 1450 1365 γενέσθαι
1451 1292 1539 1335 viva*
1559 1295 1722 1336 ἐναλλα-

265 1367 349 1405 ’γην
371 1351 414 1392 ἒν
433 1348 550 1407 αὐτῷ.
609 1352 745 1404 ε’χομεν
768 1351 810 1392 δὲ
831 1349 1031 1406 ἱστορικόν
1053 1350 1180 1405 ἄνδρα
1197 1348 1364 1393 παλαιὸν
1387 1349 1454 1392 καὶ
1473 1347 1625 1402 σοφόν,
1652 1365 1720 1417 γε-

270 1405 447 1478 γραφὸτα
464 1423 564 1475 περι
590 1411 747 1448 πολλῶν
779 1406 907 1448 ἄλλων
922 1436 931 1453 ,
963 1408 1032 1448 καὶ
1051 1406 1101 1477 δή
1123 1407 1190 1448 καὶ
1201 1408 1299 1474 περὶ
1321 1405 1466 1449 τούτου
1493 1403 1720 1458 διειληφόία

270 1460 332 1504 ὅτι
355 1480 398 1504 το
424 1461 624 1516 σύμβολον
646 1461 771 1512 οὕτως
788 1464 948 1516 ἐξετέθη
970 1464 1039 1504 καὶ
1059 1460 1294 1517 ἅνεγνωσθη
1322 1462 1431 1518 παραὶ
1452 1466 1522 1515 τῆς
1547 1459 1721 1516 ἑβδόμης

270 1516 457 1561 συνόδου.
514 1522 759 1558 serenissime
774 1522 890 1572 impe}
893 1528 1013 1559 ··.·at01
1036 1521 1246 1572 prolatam
1266 1535 1292 1558 a
1306 1521 1422 1559 nobis
1440 1519 1691 1571 symbolum
1675 1534 1719 1558 m

268 1579 440 1628 septima
456 1576 606 1627 synodo
626 1584 683 1615 est
699 1579 742 1614 in
761 1577 863 1614 libro
883 1579 1189 1629 antiquissimo,
1217 1591 1286 1615 nec
1304 1578 1477 1628 cogitari
1493 1583 1569 1613 aut
1593 1577 1720 1627 excipi

267 1646 358 1670 cum
384 1632 660 1684 fundamento
682 1641 819 1685 potest
851 1634 1071 1671 alteratum
1099 1641 1172 1671 aut
1198 1641 1429 1685 corruptum
1454 1631 1503 1670 id
1522 1632 1720 1683 exemplar

255 1690 408 1740 fuisse.
463 1689 658 1727 habemus
683 1697 818 1727 autem.
847 1690 1111 1738 historicum,
1145 1692 1327 1741 priscum
1355 1690 1554 1726 hominem
1585 1695 1620 1724 et
1646 1702 1718 1725 ,ςα-

260 1747 460 1797 pientem,
489 1748 563 1797 qai
577 1760 667 1784 cum
686 1745 734 1784 de
750 1747 848 1783 aliis
862 1747 1058 1797 plurimis
1077 1748 1262 1797 scripsit,
1293 1753 1380 1783 tum
1402 1744 1450 1783 de
1467 1745 1542 1782 lzoc
1557 1745 1719 1796 proprie

267 1801 316 1838 de
345 1815 424 1852 quo
452 1815 560 1839 nunc
587 1804 749 1853 agitur,
778 1803 1010 1853 affirmavit
1037 1802 1259 1852 symbolum
1282 1804 1343 1839 sic
1365 1803 1581 1852 expositum
1603 1807 1639 1837 et
1659 1800 1717 1837 le·-

268 1864 378 1894 ctum
408 1857 523 1908 apud
551 1860 760 1908 septimam
778 1859 921 1908 fuisse
951 1858 1165 1908 synodum.
1224 1871 1271 1896 ex
1303 1858 1365 1896 his
1403 1857 1591 1895 habemus
1621 1855 1715 1894 satis

267 1918 376 1951 certo
409 1918 587 1951 constare
616 1913 828 1951 Nicaenam
866 1914 1078 1952 secundam
1107 1914 1303 1965 synodum
1340 1913 1555 1964 generalem
1585 1911 1716 1962 septi-

269 1981 394 2016 mam,
422 1982 561 2008 revera
589 1969 774 2007 disertam
798 1969 1082 2021 professionem
1103 1969 1365 2021 processionis
1395 1968 1529 2006 Sancti
1542 1967 1715 2019 Spiritus

269 2037 319 2063 ex
336 2024 420 2062 filio
443 2025 879 2077 Constantinopolitano
901 2026 1081 2077 symbolo
1097 2025 1314 2076 addidisse,
1342 2031 1556 2075 utcumque
1575 2022 1716 2061 Graeci

268 2081 428 2132 quidam
458 2081 660 2120 codicibus
689 2082 989 2134 corrumpendis
1016 2082 1097 2120 eius
1120 2082 1178 2120 rei
1199 2083 1341 2120 famam
1361 2081 1526 2119 obruere
1546 2080 1627 2117 sint
1645 2093 1714 2116 co-

266 2137 362 2178 nati.
410 2150 531 2188 quare
549 2137 682 2176 Latini
700 2138 885 2190 deinceps
901 2138 1044 2190 synodi
1061 2138 1334 2176 oecumenicae
1353 2136 1589 2175 auctoritate
1608 2134 1725 2184 freti,

266 2207 350 2232 non
370 2193 496 2231 solum
515 2200 561 2232 ut
579 2201 690 2232 antea
711 2208 812 2233 voce
828 2201 944 2233 tenus
959 2225 970 2244 ,
1000 2194 1071 2233 sed
1094 2193 1243 2246 scripto
1259 2195 1336 2231 iam
1363 2205 1518 2244 quoque
1535 2191 1714 2231 vocabu-

263 2250 348 2288 lum
361 2250 535 2301 filioque
561 2251 741 2302 symbolo
764 2251 934 2289 inserere
952 2257 1182 2302 potuerunt.
1238 2249 1417 2287 nondum
1438 2255 1568 2286 tamen
1587 2247 1712 2286 aude-

264 2305 363 2343 bant
389 2307 608 2357 symbolum
637 2321 726 2345 cum
744 2307 820 2345 ista
841 2307 1041 2346 additione
1059 2307 1164 2346 inter
1180 2320 1291 2344 sacla
1309 2318 1468 2354 canere3
1499 2305 1566 2356 qui
1584 2309 1714 2344 restae

263 2361 332 2399 bat
350 2367 436 2399 tum
453 2363 615 2401 adhuc·
603 2378 646 2401 m
669 2364 782 2402 istius
800 2363 1013 2402 additionis
1029 2376 1282 2415 progressu„
1263 2362 1403 2400 “radus
1421 2360 1573 2399 tertius.
1630 2360 1711 2397 Ro-

264 2417 371 2456 mani
391 2409 598 2468 pontifices
619 2433 710 2458 cum
736 2426 774 2457 et
796 2426 976 2459 constare
997 2420 1045 2457 de
1069 2420 1249 2469 dogmate
1267 2417 1528 2470 processionis
1551 2417 1589 2454 S.
1611 2414 1710 2479 Spi-

263 2473 366 2511 ritus
387 2486 435 2510 cx
451 2474 534 2512 filio
552 2475 749 2526 viderent,
780 2482 819 2514 et
844 2468 1105 2527 symbolum
1093 2488 1225 2527 ipsum
1244 2474 1432 2513 haberent
1461 2472 1607 2511 diserta
1626 2470 1708 2508 eius

264 2529 325 2567 rei
358 2530 602 2580 professione
637 2538 818 2581 auctum,
855 2534 986 2584 palam
1017 2532 1266 2584 propositum
1295 2544 1317 2568 a
1343 2528 1513 2580 generali
1540 2525 1707 2579 synodo,

264 2585 395 2623 minus
414 2587 674 2626 necessarium
695 2588 886 2639 putabant
910 2589 953 2626 id
980 2589 1071 2627 addi
1095 2593 1251 2625 cantato
1272 2586 1316 2624 in
1331 2586 1494 2623 ecclesia
1514 2581 1706 2635 symbolo,

265 2641 373 2691 quod
393 2641 484 2680 satis
505 2642 690 2680 aliunde
675 2657 722 2681 m
742 2658 786 2682 eo
805 2644 973 2695 intelligi
992 2643 1254 2683 confidebant.
1312 2647 1421 2680 extat
1439 2639 1553 2679 istius
1572 2651 1638 2675 e01
1642 2650 1707 2674 um

264 2697 336 2733 tali
354 2697 402 2735 de
422 2710 466 2736 re
482 2697 621 2736 iudicii
640 2706 937 2738 monumentum
955 2699 1144 2739 illustre‘
1133 2713 1175 2737 m
1194 2698 1354 2751 primis,
1384 2695 1491 2748 quod
1509 2693 1576 2732 hic
1597 2692 1706 2733 reci-

265 2751 341 2790 tari
364 2765 385 2791 e
412 2766 455 2791 re
478 2760 590 2805 puto.
646 2769 749 2793 anno
772 2756 917 2794 Christi
934 2759 1017 2798 809
1039 2756 1231 2794 celebrata
1257 2760 1316 2792 est
1337 2749 1573 2803 Aquisgrani
1591 2761 1707 2802 prae-

265 2814 374 2847 sente
399 2808 634 2862 imperatore
662 2811 801 2850 carolo
827 2812 968 2864 Magno
1000 2813 1185 2864 frequens
1209 2808 1382 2863 synodus
1405 2806 1707 2846 Gallicanorum
