<?xml version="1.0" encoding="UTF-8"?>
<!DOCTYPE html PUBLIC "-//W3C//DTD XHTML 1.0 Transitional//EN"
    "http://www.w3.org/TR/xhtml1/DTD/xhtml1-transitional.dtd">
<html xmlns="http://www.w3.org/1999/xhtml" xml:lang="en" lang="en">
 <head>
  <title>
</title>
<meta http-equiv="Content-Type" content="text/html;charset=utf-8" />
  <meta name='ocr-system' content='tesseract 3.04.00' />
  <meta name='ocr-capabilities' content='ocr_page ocr_carea ocr_par ocr_line ocrx_word'/>
</head>
<body>
  <div class='ocr_page' id='page_1' title='image "./corpusscriptorum17niebuoft_0639.png"; bbox 0 0 1884 3262; ppageno 0'>
   <div class='ocr_carea' id='block_1_1' title="bbox 614 207 1637 256">
    <p class='ocr_par' dir='ltr' id='par_1_1' title="bbox 614 207 1637 256">
     <span class='ocr_line' id='line_1_1' title="bbox 614 207 1637 256; baseline -0.002 0"><span class='ocrx_word' id='word_1_1' title='bbox 614 211 718 256; x_wconf 80' lang='grc' dir='ltr'>ΠΒ.</span> <span class='ocrx_word' id='word_1_2' title='bbox 735 210 772 256; x_wconf 92' lang='grc' dir='ltr'>Ι.</span> <span class='ocrx_word' id='word_1_3' title='bbox 822 207 1189 255; x_wconf 83' lang='lat' dir='ltr'><strong>GLOSSARIUM.</strong></span> <span class='ocrx_word' id='word_1_4' title='bbox 1533 207 1637 254; x_wconf 19' lang='lat'>621*</span> 
     </span>
    </p>
   </div>
   <div class='ocr_carea' id='block_1_2' title="bbox 168 318 1635 829">
    <p class='ocr_par' dir='ltr' id='par_1_2' title="bbox 168 318 1635 829">
     <span class='ocr_line' id='line_1_2' title="bbox 176 318 1635 378; baseline -0.006 -12"><span class='ocrx_word' id='word_1_5' title='bbox 176 326 273 366; x_wconf 85' lang='lat' dir='ltr'>dicit</span> <span class='ocrx_word' id='word_1_6' title='bbox 293 323 547 378; x_wconf 77' lang='grc' dir='ltr'><strong><em>ψωμίζεσθαι</em></strong></span> <span class='ocrx_word' id='word_1_7' title='bbox 565 325 745 376; x_wconf 79' lang='grc' dir='ltr'><em>χρυσοῖς,</em></span> <span class='ocrx_word' id='word_1_8' title='bbox 773 320 885 372; x_wconf 81' lang='lat' dir='ltr'>quasi</span> <span class='ocrx_word' id='word_1_9' title='bbox 903 319 1052 359; x_wconf 80' lang='lat' dir='ltr'>diceres</span> <span class='ocrx_word' id='word_1_10' title='bbox 1070 319 1166 371; x_wconf 75' lang='lat' dir='ltr'><strong><em>⁰sfi⁸</em></strong></span> <span class='ocrx_word' id='word_1_11' title='bbox 1184 319 1322 357; x_wconf 71' lang='lat' dir='ltr'>aureis</span> <span class='ocrx_word' id='word_1_12' title='bbox 1341 318 1386 356; x_wconf 82' lang='lat' dir='ltr'>in</span> <span class='ocrx_word' id='word_1_13' title='bbox 1404 331 1450 356; x_wconf 78' lang='lat' dir='ltr'>os</span> <span class='ocrx_word' id='word_1_14' title='bbox 1464 319 1635 371; x_wconf 73' lang='lat' dir='ltr'>ingestis</span> 
     </span>
     <span class='ocr_line' id='line_1_3' title="bbox 168 374 1635 436; baseline -0.005 -16"><span class='ocrx_word' id='word_1_15' title='bbox 168 384 300 436; x_wconf 76' lang='lat' dir='ltr'>pas-ci.</span> <span class='ocrx_word' id='word_1_16' title='bbox 327 409 329 411; x_wconf 77' lang='lat'>·</span> <span class='ocrx_word' id='word_1_17' title='bbox 358 381 428 419; x_wconf 86' lang='lat' dir='ltr'>sed</span> <span class='ocrx_word' id='word_1_18' title='bbox 461 392 545 419; x_wconf 89' lang='lat' dir='ltr'>rem</span> <span class='ocrx_word' id='word_1_19' title='bbox 578 379 639 417; x_wconf 87' lang='lat' dir='ltr'>uti</span> <span class='ocrx_word' id='word_1_20' title='bbox 664 391 706 416; x_wconf 89' lang='lat' dir='ltr'>se</span> <span class='ocrx_word' id='word_1_21' title='bbox 733 377 897 426; x_wconf 85' lang='lat' dir='ltr'>habuit,</span> <span class='ocrx_word' id='word_1_22' title='bbox 926 377 1102 415; x_wconf 83' lang='lat' dir='ltr'><strong>declarat</strong></span> <span class='ocrx_word' id='word_1_23' title='bbox 1124 375 1337 415; x_wconf 78' lang='lat' dir='ltr'>Vaticanus</span> <span class='ocrx_word' id='word_1_24' title='bbox 1357 374 1635 427; x_wconf 79' lang='lat' dir='ltr'>Paraplirastes</span> 
     </span>
     <span class='ocr_line' id='line_1_4' title="bbox 174 429 1633 486; baseline -0.003 -8"><span class='ocrx_word' id='word_1_25' title='bbox 174 440 284 478; x_wconf 87' lang='lat' dir='ltr'>hunc</span> <span class='ocrx_word' id='word_1_26' title='bbox 314 438 446 476; x_wconf 89' lang='lat' dir='ltr'>locum</span> <span class='ocrx_word' id='word_1_27' title='bbox 481 436 536 474; x_wconf 89' lang='lat' dir='ltr'>sic</span> <span class='ocrx_word' id='word_1_28' title='bbox 566 434 774 473; x_wconf 74' lang='lat' dir='ltr'><strong>exhibens:</strong></span> <span class='ocrx_word' id='word_1_29' title='bbox 807 433 831 475; x_wconf 79' lang='grc' dir='ltr'>ὁ</span> <span class='ocrx_word' id='word_1_30' title='bbox 857 430 931 486; x_wconf 83' lang='grc' dir='ltr'>μὲν</span> <span class='ocrx_word' id='word_1_31' title='bbox 959 435 1157 483; x_wconf 83' lang='grc' dir='ltr'><strong><em>Χαλυφᾶς</em></strong></span> <span class='ocrx_word' id='word_1_32' title='bbox 1183 434 1332 485; x_wconf 82' lang='grc' dir='ltr'><em>χρυσοῦ</em></span> <span class='ocrx_word' id='word_1_33' title='bbox 1365 431 1516 480; x_wconf 78' lang='grc' dir='ltr'><strong><em>ζέοντος</em></strong></span> <span class='ocrx_word' id='word_1_34' title='bbox 1533 429 1633 473; x_wconf 68' lang='lat' dir='ltr'>nocto?</span> 
     </span>
     <span class='ocr_line' id='line_1_5' title="bbox 172 484 1635 549; baseline -0.008 -13"><span class='ocrx_word' id='word_1_35' title='bbox 172 495 370 549; x_wconf 78' lang='grc' dir='ltr'><em>λάρυγγος</em></span> <span class='ocrx_word' id='word_1_36' title='bbox 385 493 539 534; x_wconf 76' lang='grc' dir='ltr'><strong><em>ἐκείνου</em></strong></span> <span class='ocrx_word' id='word_1_37' title='bbox 556 491 750 544; x_wconf 82' lang='grc' dir='ltr'><strong><em>χυθέντος</em></strong></span> <span class='ocrx_word' id='word_1_38' title='bbox 769 484 959 531; x_wconf 77' lang='grc' dir='ltr'><em>ἐτελεύτα.</em></span> <span class='ocrx_word' id='word_1_39' title='bbox 1019 489 1230 540; x_wconf 73' lang='lat' dir='ltr'>Clzalyplza</span> <span class='ocrx_word' id='word_1_40' title='bbox 1246 487 1408 540; x_wconf 80' lang='lat' dir='ltr'>quidem</span> <span class='ocrx_word' id='word_1_41' title='bbox 1428 502 1530 526; x_wconf 82' lang='lat' dir='ltr'>auro</span> <span class='ocrx_word' id='word_1_42' title='bbox 1537 489 1635 543; x_wconf 85' lang='lat' dir='ltr'>ser-</span> 
     </span>
     <span class='ocr_line' id='line_1_6' title="bbox 173 544 1634 600; baseline -0.004 -11"><span class='ocrx_word' id='word_1_43' title='bbox 173 559 287 590; x_wconf 70' lang='lat' dir='ltr'>vente</span> <span class='ocrx_word' id='word_1_44' title='bbox 310 553 355 588; x_wconf 85' lang='lat' dir='ltr'>in</span> <span class='ocrx_word' id='word_1_45' title='bbox 370 557 520 600; x_wconf 78' lang='lat' dir='ltr'>guttur</span> <span class='ocrx_word' id='word_1_46' title='bbox 535 550 620 586; x_wconf 67' lang='lat' dir='ltr'>eia-s</span> <span class='ocrx_word' id='word_1_47' title='bbox 635 548 775 600; x_wconf 77' lang='lat' dir='ltr'>infuso</span> <span class='ocrx_word' id='word_1_48' title='bbox 797 552 984 584; x_wconf 74' lang='lat' dir='ltr'>mortuus</span> <span class='ocrx_word' id='word_1_49' title='bbox 1001 553 1072 583; x_wconf 77' lang='lat' dir='ltr'>est.</span> <span class='ocrx_word' id='word_1_50' title='bbox 1132 544 1242 595; x_wconf 85' lang='lat' dir='ltr'>quod</span> <span class='ocrx_word' id='word_1_51' title='bbox 1263 545 1319 583; x_wconf 87' lang='lat' dir='ltr'>ita</span> <span class='ocrx_word' id='word_1_52' title='bbox 1336 550 1489 596; x_wconf 85' lang='lat' dir='ltr'>gestum</span> <span class='ocrx_word' id='word_1_53' title='bbox 1508 545 1634 584; x_wconf 82' lang='lat' dir='ltr'>adsti-</span> 
     </span>
     <span class='ocr_line' id='line_1_7' title="bbox 171 600 1635 660; baseline -0.005 -14"><span class='ocrx_word' id='word_1_54' title='bbox 171 609 335 660; x_wconf 84' lang='lat' dir='ltr'>pulatur</span> <span class='ocrx_word' id='word_1_55' title='bbox 365 606 539 644; x_wconf 76' lang='lat' dir='ltr'>Marinus.</span> <span class='ocrx_word' id='word_1_56' title='bbox 567 606 741 643; x_wconf 87' lang='lat' dir='ltr'>Sanutus</span> <span class='ocrx_word' id='word_1_57' title='bbox 763 603 790 642; x_wconf 89' lang='lat' dir='ltr'>l.</span> <span class='ocrx_word' id='word_1_58' title='bbox 810 605 835 645; x_wconf 84' lang='lat'><strong>3</strong></span> <span class='ocrx_word' id='word_1_59' title='bbox 865 602 989 654; x_wconf 86' lang='lat' dir='ltr'>partis</span> <span class='ocrx_word' id='word_1_60' title='bbox 1021 604 1071 643; x_wconf 81' lang='lat'>13</span> <span class='ocrx_word' id='word_1_61' title='bbox 1107 614 1139 639; x_wconf 93' lang='lat' dir='ltr'>c.</span> <span class='ocrx_word' id='word_1_62' title='bbox 1169 604 1197 642; x_wconf 91' lang='lat'>7</span> <span class='ocrx_word' id='word_1_63' title='bbox 1224 600 1279 638; x_wconf 87' lang='lat' dir='ltr'>sic</span> <span class='ocrx_word' id='word_1_64' title='bbox 1304 601 1495 640; x_wconf 86' lang='lat' dir='ltr'>scribens:</span> <span class='ocrx_word' id='word_1_65' title='bbox 1526 603 1635 653; x_wconf 73' lang='lat' dir='ltr'>capti</span> 
     </span>
     <span class='ocr_line' id='line_1_8' title="bbox 176 656 1632 716; baseline -0.005 -14"><span class='ocrx_word' id='word_1_66' title='bbox 176 664 382 716; x_wconf 81' lang='lat' dir='ltr'>Calyplzae</span> <span class='ocrx_word' id='word_1_67' title='bbox 402 663 567 715; x_wconf 72' lang='lat' dir='ltr'>gutturi</span> <span class='ocrx_word' id='word_1_68' title='bbox 593 662 796 713; x_wconf 79' lang='lat' dir='ltr'>liquatum</span> <span class='ocrx_word' id='word_1_69' title='bbox 829 672 981 696; x_wconf 76' lang='lat' dir='ltr'>aarum</span> <span class='ocrx_word' id='word_1_70' title='bbox 1015 659 1140 696; x_wconf 69' lang='lat' dir='ltr'>iussit</span> <span class='ocrx_word' id='word_1_71' title='bbox 1169 656 1418 711; x_wconf 82' lang='lat' dir='ltr'>(Haolonus)</span> <span class='ocrx_word' id='word_1_72' title='bbox 1450 658 1632 710; x_wconf 80' lang='lat' dir='ltr'>infundi,</span> 
     </span>
     <span class='ocr_line' id='line_1_9' title="bbox 171 714 1631 771; baseline -0.005 -12"><span class='ocrx_word' id='word_1_73' title='bbox 171 722 399 759; x_wconf 77' lang='lat' dir='ltr'>avaritiam</span> <span class='ocrx_word' id='word_1_74' title='bbox 425 717 683 771; x_wconf 70' lang='lat' dir='ltr'><strong><em>exprobrans,</em></strong></span> <span class='ocrx_word' id='word_1_75' title='bbox 723 718 823 769; x_wconf 79' lang='lat' dir='ltr'>quia</span> <span class='ocrx_word' id='word_1_76' title='bbox 847 729 939 753; x_wconf 83' lang='lat' dir='ltr'>eum</span> <span class='ocrx_word' id='word_1_77' title='bbox 962 716 1167 752; x_wconf 67' lang='lat' dir='ltr'>immensis</span> <span class='ocrx_word' id='word_1_78' title='bbox 1198 715 1388 766; x_wconf 71' lang='lat' dir='ltr'>afflueret</span> <span class='ocrx_word' id='word_1_79' title='bbox 1413 714 1631 764; x_wconf 69' lang='lat' dir='ltr'>thesauris,</span> 
     </span>
     <span class='ocr_line' id='line_1_10' title="bbox 171 770 1633 829; baseline -0.004 -14"><span class='ocrx_word' id='word_1_80' title='bbox 171 777 398 829; x_wconf 79' lang='lat' dir='ltr'>cupiditate</span> <span class='ocrx_word' id='word_1_81' title='bbox 427 774 611 813; x_wconf 66' lang='lat' dir='ltr'>detentus·</span> <span class='ocrx_word' id='word_1_82' title='bbox 633 788 713 827; x_wconf 82' lang='lat' dir='ltr'>pro</span> <span class='ocrx_word' id='word_1_83' title='bbox 741 773 878 812; x_wconf 73' lang='lat' dir='ltr'>salute</span> <span class='ocrx_word' id='word_1_84' title='bbox 905 786 986 811; x_wconf 76' lang='lat' dir='ltr'>sua</span> <span class='ocrx_word' id='word_1_85' title='bbox 1013 786 1078 810; x_wconf 73' lang='lat' dir='ltr'>eos</span> <span class='ocrx_word' id='word_1_86' title='bbox 1100 770 1312 823; x_wconf 81' lang='lat' dir='ltr'><em>expendere</em></span> <span class='ocrx_word' id='word_1_87' title='bbox 1332 773 1480 812; x_wconf 80' lang='lat' dir='ltr'>renuit.</span> <span class='ocrx_word' id='word_1_88' title='bbox 1535 770 1633 809; x_wconf 82' lang='lat' dir='ltr'>haec</span> 
     </span>
    </p>
   </div>
   <div class='ocr_carea' id='block_1_3' title="bbox 168 836 354 872">
    <p class='ocr_par' dir='ltr' id='par_1_3' title="bbox 168 836 354 872">
     <span class='ocr_line' id='line_1_11' title="bbox 168 836 354 872; baseline -0.005 -1"><span class='ocrx_word' id='word_1_89' title='bbox 168 836 354 872; x_wconf 74' lang='lat' dir='ltr'>sanutus.</span> 
     </span>
    </p>
   </div>
   <div class='ocr_carea' id='block_1_4' title="bbox 167 907 1630 1082">
    <p class='ocr_par' dir='ltr' id='par_1_4' title="bbox 167 907 1630 1082">
     <span class='ocr_line' id='line_1_12' title="bbox 283 907 1630 967; baseline -0.005 -9"><span class='ocrx_word' id='word_1_90' title='bbox 283 911 455 958; x_wconf 74' lang='grc' dir='ltr'><strong><em>αἷᾶτον</em></strong></span> <span class='ocrx_word' id='word_1_91' title='bbox 501 928 539 967; x_wconf 87' lang='lat' dir='ltr'>p.</span> <span class='ocrx_word' id='word_1_92' title='bbox 568 912 651 957; x_wconf 87' lang='lat'>405</span> <span class='ocrx_word' id='word_1_93' title='bbox 693 926 733 952; x_wconf 85' lang='lat' dir='ltr'>v.</span> <span class='ocrx_word' id='word_1_94' title='bbox 767 915 806 955; x_wconf 88' lang='lat'>9.</span> <span class='ocrx_word' id='word_1_95' title='bbox 873 925 956 951; x_wconf 90' lang='lat' dir='ltr'>non</span> <span class='ocrx_word' id='word_1_96' title='bbox 993 911 1085 950; x_wconf 86' lang='lat' dir='ltr'>alibi</span> <span class='ocrx_word' id='word_1_97' title='bbox 1127 923 1354 962; x_wconf 80' lang='lat' dir='ltr'>repereram</span> <span class='ocrx_word' id='word_1_98' title='bbox 1387 907 1518 952; x_wconf 75' lang='grc' dir='ltr'><strong><em>ὥᾶτον</em></strong></span> <span class='ocrx_word' id='word_1_99' title='bbox 1554 925 1630 963; x_wconf 82' lang='lat' dir='ltr'>pro</span> 
     </span>
     <span class='ocr_line' id='line_1_13' title="bbox 167 968 1630 1026; baseline -0.005 -11"><span class='ocrx_word' id='word_1_100' title='bbox 167 973 378 1026; x_wconf 74' lang='grc' dir='ltr'><strong><em>ὖπεροῖον,</em></strong></span> <span class='ocrx_word' id='word_1_101' title='bbox 420 971 632 1010; x_wconf 84' lang='lat' dir='ltr'>coenaculo</span> <span class='ocrx_word' id='word_1_102' title='bbox 669 975 741 1007; x_wconf 87' lang='lat' dir='ltr'>aut</span> <span class='ocrx_word' id='word_1_103' title='bbox 775 968 865 1007; x_wconf 82' lang='lat' dir='ltr'>aula</span> <span class='ocrx_word' id='word_1_104' title='bbox 900 968 1094 1021; x_wconf 84' lang='lat' dir='ltr'>superiori</span> <span class='ocrx_word' id='word_1_105' title='bbox 1130 973 1325 1006; x_wconf 86' lang='lat' dir='ltr'>camerata</span> <span class='ocrx_word' id='word_1_106' title='bbox 1363 968 1467 1007; x_wconf 87' lang='lat' dir='ltr'>ovali</span> <span class='ocrx_word' id='word_1_107' title='bbox 1490 968 1630 1008; x_wconf 87' lang='lat' dir='ltr'>forma.</span> 
     </span>
     <span class='ocr_line' id='line_1_14' title="bbox 169 1025 913 1082; baseline -0.009 -13"><span class='ocrx_word' id='word_1_108' title='bbox 169 1031 268 1082; x_wconf 83' lang='lat' dir='ltr'>quid</span> <span class='ocrx_word' id='word_1_109' title='bbox 288 1029 393 1067; x_wconf 82' lang='lat' dir='ltr'>enim</span> <span class='ocrx_word' id='word_1_110' title='bbox 410 1026 478 1067; x_wconf 81' lang='lat' dir='ltr'>hic</span> <span class='ocrx_word' id='word_1_111' title='bbox 496 1027 604 1065; x_wconf 87' lang='lat' dir='ltr'>aliud</span> <span class='ocrx_word' id='word_1_112' title='bbox 622 1025 913 1076; x_wconf 77' lang='lat' dir='ltr'><strong>intelligamus?</strong></span> 
     </span>
    </p>
   </div>
   <div class='ocr_carea' id='block_1_5' title="bbox 165 1107 1631 2349">
    <p class='ocr_par' dir='ltr' id='par_1_5' title="bbox 165 1107 1631 2349">
     <span class='ocr_line' id='line_1_15' title="bbox 282 1107 1627 1165; baseline -0.004 -14"><span class='ocrx_word' id='word_1_113' title='bbox 282 1107 637 1165; x_wconf 81' lang='grc' dir='ltr'><strong><em>ω’ργυιωμὲνοι</em></strong></span> <span class='ocrx_word' id='word_1_114' title='bbox 667 1123 706 1161; x_wconf 90' lang='lat' dir='ltr'>p.</span> <span class='ocrx_word' id='word_1_115' title='bbox 724 1108 809 1151; x_wconf 75' lang='lat'>424</span> <span class='ocrx_word' id='word_1_116' title='bbox 842 1122 881 1150; x_wconf 76' lang='lat' dir='ltr'>v·</span> <span class='ocrx_word' id='word_1_117' title='bbox 903 1111 968 1152; x_wconf 87' lang='lat'>16.</span> <span class='ocrx_word' id='word_1_118' title='bbox 1025 1107 1082 1146; x_wconf 82' lang='lat' dir='ltr'>ait</span> <span class='ocrx_word' id='word_1_119' title='bbox 1107 1107 1319 1146; x_wconf 81' lang='lat' dir='ltr'>immissam</span> <span class='ocrx_word' id='word_1_120' title='bbox 1343 1121 1367 1145; x_wconf 83' lang='lat' dir='ltr'>a</span> <span class='ocrx_word' id='word_1_121' title='bbox 1389 1116 1500 1160; x_wconf 88' lang='lat' dir='ltr'>tergo</span> <span class='ocrx_word' id='word_1_122' title='bbox 1533 1107 1627 1147; x_wconf 88' lang='lat' dir='ltr'>navi</span> 
     </span>
     <span class='ocr_line' id='line_1_16' title="bbox 169 1165 1628 1219; baseline -0.004 -11"><span class='ocrx_word' id='word_1_123' title='bbox 169 1168 364 1208; x_wconf 87' lang='lat' dir='ltr'>Genuensi</span> <span class='ocrx_word' id='word_1_124' title='bbox 382 1168 506 1219; x_wconf 87' lang='lat' dir='ltr'>plenis</span> <span class='ocrx_word' id='word_1_125' title='bbox 525 1167 621 1206; x_wconf 86' lang='lat' dir='ltr'>velis</span> <span class='ocrx_word' id='word_1_126' title='bbox 638 1165 809 1204; x_wconf 85' lang='lat' dir='ltr'>elabenti</span> <span class='ocrx_word' id='word_1_127' title='bbox 824 1166 1045 1204; x_wconf 86' lang='lat' dir='ltr'>onerariam</span> <span class='ocrx_word' id='word_1_128' title='bbox 1063 1165 1313 1212; x_wconf 81' lang='lat' dir='ltr'>Catalanam,</span> <span class='ocrx_word' id='word_1_129' title='bbox 1341 1177 1442 1215; x_wconf 86' lang='lat' dir='ltr'>quae</span> <span class='ocrx_word' id='word_1_130' title='bbox 1461 1170 1628 1204; x_wconf 89' lang='lat' dir='ltr'>ventum</span> 
     </span>
     <span class='ocr_line' id='line_1_17' title="bbox 168 1220 1629 1277; baseline -0.004 -13"><span class='ocrx_word' id='word_1_131' title='bbox 168 1227 204 1264; x_wconf 91' lang='lat' dir='ltr'>ei</span> <span class='ocrx_word' id='word_1_132' title='bbox 221 1240 244 1262; x_wconf 87' lang='lat' dir='ltr'>a</span> <span class='ocrx_word' id='word_1_133' title='bbox 262 1224 386 1277; x_wconf 88' lang='lat' dir='ltr'>puppi</span> <span class='ocrx_word' id='word_1_134' title='bbox 402 1237 564 1262; x_wconf 81' lang='lat' dir='ltr'>suorum</span> <span class='ocrx_word' id='word_1_135' title='bbox 582 1222 763 1261; x_wconf 84' lang='lat' dir='ltr'>velorum</span> <span class='ocrx_word' id='word_1_136' title='bbox 783 1235 963 1274; x_wconf 81' lang='lat' dir='ltr'>oppansu</span> <span class='ocrx_word' id='word_1_137' title='bbox 977 1221 1236 1273; x_wconf 21' lang='lat' dir='ltr'>interciperet(</span> <span class='ocrx_word' id='word_1_138' title='bbox 1250 1235 1296 1258; x_wconf 88' lang='lat' dir='ltr'>ac</span> <span class='ocrx_word' id='word_1_139' title='bbox 1311 1220 1367 1258; x_wconf 89' lang='lat' dir='ltr'>sic</span> <span class='ocrx_word' id='word_1_140' title='bbox 1384 1220 1629 1259; x_wconf 86' lang='lat' dir='ltr'>sufflamina-</span> 
     </span>
     <span class='ocr_line' id='line_1_18' title="bbox 166 1275 1629 1332; baseline -0.004 -11"><span class='ocrx_word' id='word_1_141' title='bbox 166 1288 231 1321; x_wconf 84' lang='lat' dir='ltr'>ret</span> <span class='ocrx_word' id='word_1_142' title='bbox 250 1282 440 1332; x_wconf 82' lang='lat' dir='ltr'>impetum</span> <span class='ocrx_word' id='word_1_143' title='bbox 457 1279 622 1318; x_wconf 79' lang='lat' dir='ltr'>ruentis·</span> <span class='ocrx_word' id='word_1_144' title='bbox 680 1275 983 1332; x_wconf 83' lang='grc' dir='ltr'><strong><em>ω’ργυιωμένους</em></strong></span> <span class='ocrx_word' id='word_1_145' title='bbox 1000 1278 1158 1315; x_wconf 81' lang='lat' dir='ltr'>Tzetzes</span> <span class='ocrx_word' id='word_1_146' title='bbox 1175 1277 1227 1315; x_wconf 87' lang='lat' dir='ltr'>ad</span> <span class='ocrx_word' id='word_1_147' title='bbox 1244 1276 1543 1329; x_wconf 84' lang='lat' dir='ltr'>Lycophronem</span> <span class='ocrx_word' id='word_1_148' title='bbox 1561 1278 1629 1316; x_wconf 88' lang='lat' dir='ltr'>in·—</span> 
     </span>
     <span class='ocr_line' id='line_1_19' title="bbox 166 1333 1627 1390; baseline -0.002 -14"><span class='ocrx_word' id='word_1_149' title='bbox 166 1343 409 1390; x_wconf 79' lang='lat' dir='ltr'>terpretatur</span> <span class='ocrx_word' id='word_1_150' title='bbox 434 1335 731 1387; x_wconf 77' lang='grc' dir='ltr'><strong><em>ἔκτεταμένους,</em></strong></span> <span class='ocrx_word' id='word_1_151' title='bbox 761 1333 1023 1387; x_wconf 75' lang='grc' dir='ltr'><strong><em>ἦπλωμένους</em></strong></span> <span class='ocrx_word' id='word_1_152' title='bbox 1052 1341 1210 1372; x_wconf 67' lang='lat' dir='ltr'>extensa</span> <span class='ocrx_word' id='word_1_153' title='bbox 1242 1341 1278 1371; x_wconf 83' lang='lat' dir='ltr'>et</span> <span class='ocrx_word' id='word_1_154' title='bbox 1304 1335 1504 1385; x_wconf 81' lang='lat' dir='ltr'>explicata</span> <span class='ocrx_word' id='word_1_155' title='bbox 1527 1335 1627 1373; x_wconf 76' lang='lat' dir='ltr'>vela.</span> 
     </span>
     <span class='ocr_line' id='line_1_20' title="bbox 167 1386 1630 1444; baseline -0.001 -11"><span class='ocrx_word' id='word_1_156' title='bbox 167 1395 380 1444; x_wconf 84' lang='lat' dir='ltr'>subditque</span> <span class='ocrx_word' id='word_1_157' title='bbox 408 1393 597 1430; x_wconf 88' lang='lat' dir='ltr'>continuo</span> <span class='ocrx_word' id='word_1_158' title='bbox 617 1391 875 1444; x_wconf 78' lang='grc' dir='ltr'><strong><em>ἕτυμολογίαν</em></strong></span> <span class='ocrx_word' id='word_1_159' title='bbox 891 1390 933 1428; x_wconf 88' lang='lat' dir='ltr'>in</span> <span class='ocrx_word' id='word_1_160' title='bbox 950 1389 1060 1428; x_wconf 82' lang='lat' dir='ltr'>hunc</span> <span class='ocrx_word' id='word_1_161' title='bbox 1079 1390 1260 1429; x_wconf 87' lang='lat' dir='ltr'>modum:</span> <span class='ocrx_word' id='word_1_162' title='bbox 1289 1386 1319 1441; x_wconf 73' lang='grc' dir='ltr'><em>ἢ</em></span> <span class='ocrx_word' id='word_1_163' title='bbox 1350 1387 1430 1431; x_wconf 68' lang='lat' dir='ltr'>ulmi</span> <span class='ocrx_word' id='word_1_164' title='bbox 1455 1393 1528 1442; x_wconf 84' lang='grc' dir='ltr'>τῆς</span> <span class='ocrx_word' id='word_1_165' title='bbox 1557 1387 1630 1443; x_wconf 79' lang='grc' dir='ltr'>ὄρ·</span> 
     </span>
     <span class='ocr_line' id='line_1_21' title="bbox 167 1441 1628 1506; baseline -0.003 -15"><span class='ocrx_word' id='word_1_166' title='bbox 167 1454 307 1506; x_wconf 81' lang='grc' dir='ltr'><strong><em>γυιᾶς,</em></strong></span> <span class='ocrx_word' id='word_1_167' title='bbox 337 1448 429 1502; x_wconf 82' lang='grc' dir='ltr'><strong><em>ἤτοι</em></strong></span> <span class='ocrx_word' id='word_1_168' title='bbox 451 1452 523 1501; x_wconf 80' lang='grc' dir='ltr'>τῆς</span> <span class='ocrx_word' id='word_1_169' title='bbox 549 1444 744 1496; x_wconf 76' lang='grc' dir='ltr'><strong><em>ἐκτάσεως</em></strong></span> <span class='ocrx_word' id='word_1_170' title='bbox 768 1450 849 1488; x_wconf 78' lang='grc' dir='ltr'><strong><em>ταῖν</em></strong></span> <span class='ocrx_word' id='word_1_171' title='bbox 873 1450 1027 1500; x_wconf 78' lang='grc' dir='ltr'><strong><em>χειρῶν.</em></strong></span> <span class='ocrx_word' id='word_1_172' title='bbox 1082 1443 1112 1498; x_wconf 78' lang='grc' dir='ltr'><em>ἢ</em></span> <span class='ocrx_word' id='word_1_173' title='bbox 1146 1445 1215 1487; x_wconf 76' lang='grc' dir='ltr'>καὶ</span> <span class='ocrx_word' id='word_1_174' title='bbox 1245 1441 1326 1487; x_wconf 61' lang='lat' dir='ltr'>nino*</span> <span class='ocrx_word' id='word_1_175' title='bbox 1354 1449 1431 1488; x_wconf 79' lang='grc' dir='ltr'>τοῦ</span> <span class='ocrx_word' id='word_1_176' title='bbox 1460 1443 1564 1500; x_wconf 82' lang='grc' dir='ltr'>ὄργῶ</span> <span class='ocrx_word' id='word_1_177' title='bbox 1581 1443 1628 1487; x_wconf 64' lang='lat' dir='ltr'>w*</span> 
     </span>
     <span class='ocr_line' id='line_1_22' title="bbox 169 1498 1630 1561; baseline -0.004 -12"><span class='ocrx_word' id='word_1_178' title='bbox 169 1508 294 1561; x_wconf 78' lang='grc' dir='ltr'><strong><em>ὄρμοῖ.</em></strong></span> <span class='ocrx_word' id='word_1_179' title='bbox 354 1501 481 1560; x_wconf 81' lang='grc' dir='ltr'><strong><em>ὄργᾶν</em></strong></span> <span class='ocrx_word' id='word_1_180' title='bbox 495 1503 539 1546; x_wconf 83' lang='grc' dir='ltr'>δὲ</span> <span class='ocrx_word' id='word_1_181' title='bbox 552 1501 598 1546; x_wconf 71' lang='grc' dir='ltr'>τό</span> <span class='ocrx_word' id='word_1_182' title='bbox 615 1503 659 1545; x_wconf 79' lang='grc' dir='ltr'>ἐκ</span> <span class='ocrx_word' id='word_1_183' title='bbox 682 1507 758 1558; x_wconf 82' lang='grc' dir='ltr'>γῆς</span> <span class='ocrx_word' id='word_1_184' title='bbox 779 1499 986 1555; x_wconf 83' lang='grc' dir='ltr'><strong><em>συντόμως</em></strong></span> <span class='ocrx_word' id='word_1_185' title='bbox 1002 1498 1167 1555; x_wconf 79' lang='grc' dir='ltr'><strong><em>σ’ρούειν</em></strong></span> <span class='ocrx_word' id='word_1_186' title='bbox 1184 1518 1222 1543; x_wconf 84' lang='grc' dir='ltr'>τι</span> <span class='ocrx_word' id='word_1_187' title='bbox 1241 1504 1323 1543; x_wconf 76' lang='grc' dir='ltr'>τῶν</span> <span class='ocrx_word' id='word_1_188' title='bbox 1342 1506 1483 1548; x_wconf 77' lang='grc' dir='ltr'><strong><em>φυτῶν</em></strong></span> <span class='ocrx_word' id='word_1_189' title='bbox 1498 1501 1527 1554; x_wconf 72' lang='grc' dir='ltr'><em>ἢ</em></span> <span class='ocrx_word' id='word_1_190' title='bbox 1547 1505 1630 1543; x_wconf 77' lang='grc' dir='ltr'>τῶν</span> 
     </span>
     <span class='ocr_line' id='line_1_23' title="bbox 167 1553 1631 1617; baseline -0.006 -12"><span class='ocrx_word' id='word_1_191' title='bbox 167 1566 363 1617; x_wconf 76' lang='grc' dir='ltr'><strong><em>βοτανῶν.</em></strong></span> <span class='ocrx_word' id='word_1_192' title='bbox 420 1562 477 1600; x_wconf 83' lang='lat' dir='ltr'>ita</span> <span class='ocrx_word' id='word_1_193' title='bbox 504 1562 591 1610; x_wconf 83' lang='lat' dir='ltr'>ille,</span> <span class='ocrx_word' id='word_1_194' title='bbox 620 1561 688 1611; x_wconf 91' lang='lat' dir='ltr'>qui</span> <span class='ocrx_word' id='word_1_195' title='bbox 716 1561 850 1599; x_wconf 80' lang='lat' dir='ltr'>statim</span> <span class='ocrx_word' id='word_1_196' title='bbox 874 1559 988 1598; x_wconf 84' lang='lat' dir='ltr'>addit</span> <span class='ocrx_word' id='word_1_197' title='bbox 1007 1559 1127 1598; x_wconf 86' lang='lat' dir='ltr'>scribi</span> <span class='ocrx_word' id='word_1_198' title='bbox 1153 1558 1294 1598; x_wconf 90' lang='lat' dir='ltr'>debere</span> <span class='ocrx_word' id='word_1_199' title='bbox 1321 1553 1631 1613; x_wconf 75' lang='grc' dir='ltr'><strong><em>ω’ργυιωμένους</em></strong></span> 
     </span>
     <span class='ocr_line' id='line_1_24' title="bbox 167 1615 1629 1668; baseline -0.003 -10"><span class='ocrx_word' id='word_1_200' title='bbox 167 1620 357 1659; x_wconf 84' lang='lat' dir='ltr'>adiuncto</span> <span class='ocrx_word' id='word_1_201' title='bbox 388 1633 403 1659; x_wconf 87' lang='grc' dir='ltr'><strong><em>ι</em></strong></span> <span class='ocrx_word' id='word_1_202' title='bbox 434 1617 487 1657; x_wconf 83' lang='lat' dir='ltr'>ad</span> <span class='ocrx_word' id='word_1_203' title='bbox 513 1633 538 1658; x_wconf 86' lang='lat' dir='ltr'><em>v</em></span> <span class='ocrx_word' id='word_1_204' title='bbox 570 1617 765 1655; x_wconf 89' lang='lat' dir='ltr'>secundae</span> <span class='ocrx_word' id='word_1_205' title='bbox 798 1617 990 1668; x_wconf 85' lang='lat' dir='ltr'>syllabae3</span> <span class='ocrx_word' id='word_1_206' title='bbox 1019 1616 1128 1655; x_wconf 90' lang='lat' dir='ltr'>unde</span> <span class='ocrx_word' id='word_1_207' title='bbox 1146 1630 1217 1655; x_wconf 89' lang='lat' dir='ltr'>nos</span> <span class='ocrx_word' id='word_1_208' title='bbox 1234 1615 1408 1655; x_wconf 85' lang='lat' dir='ltr'>codicem</span> <span class='ocrx_word' id='word_1_209' title='bbox 1432 1621 1629 1665; x_wconf 85' lang='lat' dir='ltr'>nostrum,</span> 
     </span>
     <span class='ocr_line' id='line_1_25' title="bbox 167 1669 1629 1730; baseline -0.005 -12"><span class='ocrx_word' id='word_1_210' title='bbox 167 1677 235 1728; x_wconf 83' lang='lat' dir='ltr'>qui</span> <span class='ocrx_word' id='word_1_211' title='bbox 251 1674 538 1730; x_wconf 84' lang='grc' dir='ltr'><strong><em>ω’ργυωμένους</em></strong></span> <span class='ocrx_word' id='word_1_212' title='bbox 552 1674 760 1723; x_wconf 80' lang='lat' dir='ltr'>scribebat,</span> <span class='ocrx_word' id='word_1_213' title='bbox 779 1673 1033 1712; x_wconf 84' lang='lat' dir='ltr'>correximus.</span> <span class='ocrx_word' id='word_1_214' title='bbox 1063 1669 1379 1726; x_wconf 78' lang='grc' dir='ltr'><strong><em>ω’ργυιωμένους,</em></strong></span> <span class='ocrx_word' id='word_1_215' title='bbox 1393 1674 1449 1712; x_wconf 81' lang='lat' dir='ltr'>ait</span> <span class='ocrx_word' id='word_1_216' title='bbox 1458 1674 1629 1722; x_wconf 78' lang='lat' dir='ltr'>Tzetzes,</span> 
     </span>
     <span class='ocr_line' id='line_1_26' title="bbox 167 1727 1630 1786; baseline -0.003 -13"><span class='ocrx_word' id='word_1_217' title='bbox 167 1730 263 1785; x_wconf 77' lang='grc' dir='ltr'>μετὰ</span> <span class='ocrx_word' id='word_1_218' title='bbox 283 1734 543 1786; x_wconf 84' lang='grc' dir='ltr'><strong><em>προσγραφῆς</em></strong></span> <span class='ocrx_word' id='word_1_219' title='bbox 562 1733 636 1771; x_wconf 83' lang='grc' dir='ltr'>τοῦ</span> <span class='ocrx_word' id='word_1_220' title='bbox 657 1747 671 1771; x_wconf 89' lang='grc' dir='ltr'><strong><em>ι</em></strong></span> <span class='ocrx_word' id='word_1_221' title='bbox 690 1731 755 1771; x_wconf 79' lang='grc' dir='ltr'>δεῖ</span> <span class='ocrx_word' id='word_1_222' title='bbox 768 1727 952 1784; x_wconf 73' lang='grc' dir='ltr'>γράφειν.</span> <span class='ocrx_word' id='word_1_223' title='bbox 999 1729 1112 1769; x_wconf 86' lang='lat' dir='ltr'>vides</span> <span class='ocrx_word' id='word_1_224' title='bbox 1133 1729 1229 1768; x_wconf 87' lang='lat' dir='ltr'>hinc</span> <span class='ocrx_word' id='word_1_225' title='bbox 1250 1729 1378 1768; x_wconf 88' lang='lat' dir='ltr'>obiter</span> <span class='ocrx_word' id='word_1_226' title='bbox 1399 1730 1630 1768; x_wconf 84' lang='lat' dir='ltr'>familiarem</span> 
     </span>
     <span class='ocr_line' id='line_1_27' title="bbox 166 1786 1627 1841; baseline -0.001 -13"><span class='ocrx_word' id='word_1_227' title='bbox 166 1788 399 1841; x_wconf 83' lang='lat' dir='ltr'>Pachymeri</span> <span class='ocrx_word' id='word_1_228' title='bbox 418 1788 536 1827; x_wconf 81' lang='lat' dir='ltr'>fuisse</span> <span class='ocrx_word' id='word_1_229' title='bbox 552 1786 863 1839; x_wconf 86' lang='lat' dir='ltr'>Lycophronem,</span> <span class='ocrx_word' id='word_1_230' title='bbox 891 1786 1002 1838; x_wconf 88' lang='lat' dir='ltr'>genio</span> <span class='ocrx_word' id='word_1_231' title='bbox 1019 1786 1203 1826; x_wconf 85' lang='lat' dir='ltr'>videlicet</span> <span class='ocrx_word' id='word_1_232' title='bbox 1222 1786 1456 1825; x_wconf 84' lang='lat' dir='ltr'>conciliante</span> <span class='ocrx_word' id='word_1_233' title='bbox 1475 1799 1627 1827; x_wconf 71' lang='grc' dir='ltr'><strong><em>σκοτει-</em></strong></span> 
     </span>
     <span class='ocr_line' id='line_1_28' title="bbox 165 1843 1625 1901; baseline -0.005 -13"><span class='ocrx_word' id='word_1_234' title='bbox 165 1843 243 1887; x_wconf 77' lang='grc' dir='ltr'>νὸν</span> <span class='ocrx_word' id='word_1_235' title='bbox 262 1848 462 1901; x_wconf 76' lang='grc' dir='ltr'><strong><em>σκοτεινῷ.</em></strong></span> <span class='ocrx_word' id='word_1_236' title='bbox 518 1850 559 1882; x_wconf 89' lang='lat' dir='ltr'>et</span> <span class='ocrx_word' id='word_1_237' title='bbox 575 1844 686 1882; x_wconf 83' lang='lat' dir='ltr'>illum</span> <span class='ocrx_word' id='word_1_238' title='bbox 705 1843 863 1895; x_wconf 89' lang='lat' dir='ltr'>quidem</span> <span class='ocrx_word' id='word_1_239' title='bbox 880 1849 1075 1892; x_wconf 83' lang='lat' dir='ltr'>nostrum,</span> <span class='ocrx_word' id='word_1_240' title='bbox 1107 1843 1175 1894; x_wconf 89' lang='lat' dir='ltr'>qui</span> <span class='ocrx_word' id='word_1_241' title='bbox 1193 1844 1368 1881; x_wconf 89' lang='lat' dir='ltr'>omnium</span> <span class='ocrx_word' id='word_1_242' title='bbox 1384 1844 1625 1895; x_wconf 85' lang='lat' dir='ltr'>scriptorum</span> 
     </span>
     <span class='ocr_line' id='line_1_29' title="bbox 165 1899 1625 1952; baseline -0.001 -12"><span class='ocrx_word' id='word_1_243' title='bbox 165 1902 348 1941; x_wconf 81' lang='lat' dir='ltr'>tenebras</span> <span class='ocrx_word' id='word_1_244' title='bbox 371 1901 415 1939; x_wconf 86' lang='lat' dir='ltr'>in</span> <span class='ocrx_word' id='word_1_245' title='bbox 447 1914 563 1939; x_wconf 91' lang='lat' dir='ltr'>suum</span> <span class='ocrx_word' id='word_1_246' title='bbox 595 1913 693 1952; x_wconf 88' lang='lat' dir='ltr'>opus</span> <span class='ocrx_word' id='word_1_247' title='bbox 727 1913 936 1951; x_wconf 84' lang='lat' dir='ltr'>congerere</span> <span class='ocrx_word' id='word_1_248' title='bbox 963 1899 1163 1949; x_wconf 86' lang='lat' dir='ltr'>studeret,</span> <span class='ocrx_word' id='word_1_249' title='bbox 1202 1911 1284 1938; x_wconf 89' lang='lat' dir='ltr'>non</span> <span class='ocrx_word' id='word_1_250' title='bbox 1309 1905 1625 1952; x_wconf 89' lang='lat' dir='ltr'>temperaturum</span> 
     </span>
     <span class='ocr_line' id='line_1_30' title="bbox 166 1955 1623 2009; baseline -0.001 -11"><span class='ocrx_word' id='word_1_251' title='bbox 166 1959 359 2008; x_wconf 80' lang='lat' dir='ltr'>arbitror,</span> <span class='ocrx_word' id='word_1_252' title='bbox 388 1957 423 1996; x_wconf 80' lang='lat' dir='ltr'>si</span> <span class='ocrx_word' id='word_1_253' title='bbox 442 1970 520 2009; x_wconf 88' lang='lat' dir='ltr'>qua</span> <span class='ocrx_word' id='word_1_254' title='bbox 539 1957 688 1996; x_wconf 84' lang='lat' dir='ltr'>occasio</span> <span class='ocrx_word' id='word_1_255' title='bbox 706 1956 892 2006; x_wconf 84' lang='lat' dir='ltr'>daretur,</span> <span class='ocrx_word' id='word_1_256' title='bbox 917 1955 1035 1994; x_wconf 85' lang='lat' dir='ltr'>etiam</span> <span class='ocrx_word' id='word_1_257' title='bbox 1059 1958 1384 2009; x_wconf 79' lang='grc' dir='ltr'><strong><em>πελαργοχρῶτας</em></strong></span> <span class='ocrx_word' id='word_1_258' title='bbox 1401 1957 1469 1997; x_wconf 79' lang='grc' dir='ltr'>καὶ</span> <span class='ocrx_word' id='word_1_259' title='bbox 1488 1960 1623 2006; x_wconf 77' lang='grc' dir='ltr'><strong><em>φαλα-</em></strong></span> 
     </span>
     <span class='ocr_line' id='line_1_31' title="bbox 165 2010 1622 2083; baseline -0.005 -27"><span class='ocrx_word' id='word_1_260' title='bbox 165 2016 309 2070; x_wconf 85' lang='grc' dir='ltr'><strong><em>κραίας</em></strong></span> <span class='ocrx_word' id='word_1_261' title='bbox 334 2011 459 2068; x_wconf 81' lang='grc' dir='ltr'><strong><em>κόρας</em></strong></span> <span class='ocrx_word' id='word_1_262' title='bbox 486 2020 525 2052; x_wconf 89' lang='lat' dir='ltr'>et</span> <span class='ocrx_word' id='word_1_263' title='bbox 549 2010 768 2068; x_wconf 63' lang='grc' dir='ltr'><strong><em>ἀπαρκτίας</em></strong></span> <span class='ocrx_word' id='word_1_264' title='bbox 792 2016 1021 2083; x_wconf 50' lang='grc' dir='ltr'><strong><em>πρηστῆρος</em></strong></span> <span class='ocrx_word' id='word_1_265' title='bbox 1040 2013 1221 2061; x_wconf 76' lang='grc' dir='ltr'><strong><em>αἴθωνος</em></strong></span> <span class='ocrx_word' id='word_1_266' title='bbox 1238 2010 1389 2062; x_wconf 68' lang='grc' dir='ltr'><strong><em>πνοάς,</em></strong></span> <span class='ocrx_word' id='word_1_267' title='bbox 1419 2026 1519 2063; x_wconf 87' lang='lat' dir='ltr'>quae</span> <span class='ocrx_word' id='word_1_268' title='bbox 1538 2012 1622 2064; x_wconf 76' lang='lat' dir='ltr'>Ly-</span> 
     </span>
     <span class='ocr_line' id='line_1_32' title="bbox 166 2067 1620 2124; baseline -0.003 -14"><span class='ocrx_word' id='word_1_269' title='bbox 166 2070 345 2124; x_wconf 87' lang='lat' dir='ltr'>cophron</span> <span class='ocrx_word' id='word_1_270' title='bbox 376 2070 498 2110; x_wconf 84' lang='lat' dir='ltr'>habet</span> <span class='ocrx_word' id='word_1_271' title='bbox 528 2071 674 2110; x_wconf 88' lang='lat' dir='ltr'>ibidem</span> <span class='ocrx_word' id='word_1_272' title='bbox 703 2070 811 2109; x_wconf 87' lang='lat' dir='ltr'>unde</span> <span class='ocrx_word' id='word_1_273' title='bbox 842 2067 1145 2123; x_wconf 80' lang='grc' dir='ltr'><strong><em>ωργυιωμένους</em></strong></span> <span class='ocrx_word' id='word_1_274' title='bbox 1175 2069 1419 2120; x_wconf 84' lang='lat' dir='ltr'>exscriptum</span> <span class='ocrx_word' id='word_1_275' title='bbox 1454 2074 1514 2107; x_wconf 88' lang='lat' dir='ltr'>est</span> <span class='ocrx_word' id='word_1_276' title='bbox 1527 2098 1539 2118; x_wconf 90' lang='lat'>,</span> <span class='ocrx_word' id='word_1_277' title='bbox 1577 2069 1620 2106; x_wconf 90' lang='lat' dir='ltr'>in</span> 
     </span>
     <span class='ocr_line' id='line_1_33' title="bbox 166 2124 1621 2179; baseline -0.003 -13"><span class='ocrx_word' id='word_1_278' title='bbox 166 2128 379 2179; x_wconf 85' lang='lat' dir='ltr'>scriptione</span> <span class='ocrx_word' id='word_1_279' title='bbox 394 2126 471 2165; x_wconf 88' lang='lat' dir='ltr'>hac</span> <span class='ocrx_word' id='word_1_280' title='bbox 488 2141 558 2166; x_wconf 87' lang='lat' dir='ltr'>sua</span> <span class='ocrx_word' id='word_1_281' title='bbox 573 2139 738 2179; x_wconf 72' lang='lat' dir='ltr'>ponere,</span> <span class='ocrx_word' id='word_1_282' title='bbox 767 2140 885 2177; x_wconf 87' lang='lat' dir='ltr'>quam</span> <span class='ocrx_word' id='word_1_283' title='bbox 904 2132 994 2164; x_wconf 90' lang='lat' dir='ltr'>tum</span> <span class='ocrx_word' id='word_1_284' title='bbox 1021 2125 1180 2163; x_wconf 85' lang='lat' dir='ltr'>demum</span> <span class='ocrx_word' id='word_1_285' title='bbox 1200 2125 1411 2176; x_wconf 84' lang='lat' dir='ltr'>elegantem</span> <span class='ocrx_word' id='word_1_286' title='bbox 1429 2130 1468 2163; x_wconf 89' lang='lat' dir='ltr'>et</span> <span class='ocrx_word' id='word_1_287' title='bbox 1482 2124 1621 2163; x_wconf 87' lang='lat' dir='ltr'>erudi-</span> 
     </span>
     <span class='ocr_line' id='line_1_34' title="bbox 167 2181 1620 2233; baseline -0.002 -11"><span class='ocrx_word' id='word_1_288' title='bbox 167 2190 252 2223; x_wconf 86' lang='lat' dir='ltr'>tam</span> <span class='ocrx_word' id='word_1_289' title='bbox 277 2183 407 2223; x_wconf 79' lang='lat' dir='ltr'>visum</span> <span class='ocrx_word' id='word_1_290' title='bbox 433 2183 485 2221; x_wconf 86' lang='lat' dir='ltr'>iri</span> <span class='ocrx_word' id='word_1_291' title='bbox 513 2184 700 2233; x_wconf 87' lang='lat' dir='ltr'>credidit,</span> <span class='ocrx_word' id='word_1_292' title='bbox 728 2185 760 2221; x_wconf 89' lang='lat' dir='ltr'>si</span> <span class='ocrx_word' id='word_1_293' title='bbox 788 2182 963 2221; x_wconf 87' lang='lat' dir='ltr'>omnium</span> <span class='ocrx_word' id='word_1_294' title='bbox 983 2181 1089 2232; x_wconf 89' lang='lat' dir='ltr'>inligi</span> <span class='ocrx_word' id='word_1_295' title='bbox 1106 2181 1368 2219; x_wconf 86' lang='lat' dir='ltr'>metuentium</span> <span class='ocrx_word' id='word_1_296' title='bbox 1383 2181 1620 2233; x_wconf 87' lang='lat' dir='ltr'>scriptorum</span> 
     </span>
     <span class='ocr_line' id='line_1_35' title="bbox 167 2236 1620 2293; baseline -0.001 -15"><span class='ocrx_word' id='word_1_297' title='bbox 167 2239 325 2293; x_wconf 80' lang='lat' dir='ltr'>griphos</span> <span class='ocrx_word' id='word_1_298' title='bbox 353 2245 394 2278; x_wconf 89' lang='lat' dir='ltr'>et</span> <span class='ocrx_word' id='word_1_299' title='bbox 416 2245 551 2278; x_wconf 83' lang='lat' dir='ltr'>noctes</span> <span class='ocrx_word' id='word_1_300' title='bbox 578 2240 693 2278; x_wconf 81' lang='lat' dir='ltr'>avide</span> <span class='ocrx_word' id='word_1_301' title='bbox 722 2239 960 2290; x_wconf 86' lang='lat' dir='ltr'>conquisitas</span> <span class='ocrx_word' id='word_1_302' title='bbox 979 2243 1218 2287; x_wconf 84' lang='lat' dir='ltr'>ostentaret,</span> <span class='ocrx_word' id='word_1_303' title='bbox 1248 2251 1387 2290; x_wconf 88' lang='lat' dir='ltr'>parum</span> <span class='ocrx_word' id='word_1_304' title='bbox 1410 2239 1522 2290; x_wconf 87' lang='lat' dir='ltr'>pensi</span> <span class='ocrx_word' id='word_1_305' title='bbox 1542 2236 1620 2277; x_wconf 82' lang='lat' dir='ltr'>ha-</span> 
     </span>
     <span class='ocr_line' id='line_1_36' title="bbox 167 2294 1418 2349; baseline -0.001 -13"><span class='ocrx_word' id='word_1_306' title='bbox 167 2297 265 2336; x_wconf 84' lang='lat' dir='ltr'>bens</span> <span class='ocrx_word' id='word_1_307' title='bbox 282 2309 379 2349; x_wconf 85' lang='lat' dir='ltr'>quas</span> <span class='ocrx_word' id='word_1_308' title='bbox 398 2308 532 2336; x_wconf 87' lang='lat' dir='ltr'>cruces</span> <span class='ocrx_word' id='word_1_309' title='bbox 545 2295 757 2336; x_wconf 87' lang='lat' dir='ltr'>lectoribus</span> <span class='ocrx_word' id='word_1_310' title='bbox 777 2302 847 2335; x_wconf 82' lang='lat' dir='ltr'>aut</span> <span class='ocrx_word' id='word_1_311' title='bbox 864 2294 1148 2348; x_wconf 86' lang='lat' dir='ltr'>interpretibus</span> <span class='ocrx_word' id='word_1_312' title='bbox 1170 2295 1248 2333; x_wconf 79' lang='lat' dir='ltr'>suis</span> <span class='ocrx_word' id='word_1_313' title='bbox 1269 2294 1418 2347; x_wconf 69' lang='lat' dir='ltr'>figeret.</span> 
     </span>
    </p>
   </div>
  </div>
 </body>
</html>
