1884 3262
411 223 486 265 DE
519 221 794 265 ΜΙοΗΑΕιΕ
827 223 1200 268 PALAEOLOGO
1238 225 1285 265 L.
1326 190 1400 267 vi.
1549 222 1647 269 453

179 339 330 392 πικρῶς
364 343 660 393 συκοφαντοῖεν
689 337 728 379 οἱ
751 335 953 393 λέγοντες,
1000 337 1067 380 καὶ
1099 338 1135 380 εἰ
1166 335 1316 392 ἤθελεν
1349 330 1470 384 οὗτος
1500 336 1639 393 λέγειν,

178 403 252 447 οὐκ
283 403 334 446 ἄν
357 407 635 461 συκοφαντίας
654 405 861 462 ἠνοίγοντο
881 403 1083 459 στόματα.
1153 400 1203 460 ἧν
1233 405 1484 462 δ’,ἓμφανὴς
1505 407 1641 448 ἐντεῦ-

175 477 252 515 θεν
283 476 592 527 προσονειδίζων
621 478 679 532 τῷ
710 471 941 530 πατριάρχῃ
971 474 1019 516 τὸ
1049 473 1152 529 πρὸς
1179 474 1328 517 ἐκεῖνον
1362 475 1519 531 φίλερι“
1555 474 1640 529 ἶριν
1664 487 1693 520 D

175 540 253 597 γὰρ
285 541 356 584 τὸν
387 544 528 597 ζῆλον,
577 544 643 584 καὶ
677 542 724 585 τὸ
757 540 858 599 ὑπὲρ
888 547 970 585 τῶν
1006 541 1282 595 ἀδικουμένων
1312 542 1436 599 λέγειν
1465 545 1639 598 ἐνοχλεῖν

142 608 339 667 δῖκρινεν.

314 679 388 724 12,
464 677 524 720 Οὐ
554 685 687 735 χεῖρον
713 678 758 721 δὲ
783 679 849 720 καὶ
883 677 931 721 τὸ
961 678 1003 720 ἓν
1033 677 1139 735 ἀρχῇ
1165 682 1248 720 τῶν
1283 676 1634 734 κατηγορημάτων
1658 689 1686 722 Ρ
1713 689 1781 725 310

173 744 352 800 συμβάν,
386 744 440 796 ὥς
453 744 616 802 χάριεν,
651 747 888 802 ἱστορῆσαι,
926 748 993 788 καὶ
1013 748 1141 797 δεῖξαι
1162 745 1295 789 ὁπόσα
1313 750 1488 803 πονηρία
1507 765 1637 803 προσ-

173 819 360 867 λαβοῦσα
381 814 519 869 καιρὸν
541 813 663 858 ἄνι’-ει.
734 813 912 870 σύνηθες
926 816 1000 869 μὲν
1018 810 1092 857 οὖν
1111 810 1160 870 ἦν
1176 820 1409 871 περιφανῶς
1428 820 1634 859 τελεῖσθαι

173 887 222 939 τῇ
257 884 444 941 ἐκκλησία
478 883 551 936 τὴν
582 887 655 938 τῆς
690 881 933 938 ὗπαπαντῆς
962 881 1130 938 ἑορτήν,
1169 882 1239 926 ἅτε
1263 883 1359 926 κατ’
1388 885 1539 939 ἐκείνην
1561 901 1636 926 τυ-

118 950 315 1005 ῙΟχόντος
333 951 432 1006 παρ’
455 950 606 1006 Ἰωσὴφ
627 956 701 992 τοῦ
721 956 970 1005 κρατοῦντος
987 957 1059 1005 τῆς
1081 950 1397 1006 συγχωρήσεως·
1433 949 1484 1007 ἦν
1506 954 1550 995 δὲ
1568 955 1635 995 καὶ

170 1017 292 1076 ἑφθῷ
316 1020 415 1077 σίτῳ
439 1016 602 1072 συνάμα
626 1026 797 1073 καρποῖς
827 1019 998 1074 ὀπωρῶν
1027 1013 1335 1072 ποικιλλομὲνας
1363 1020 1438 1069 τὰς
1459 1025 1542 1063 τῶν
1568 1022 1634 1064 ε’κ-

171 1085 377 1140 πωμάτων
397 1088 588 1136 πλατείας
609 1089 664 1136 εἷς
681 1087 866 1143 εὐλογίαν
887 1088 1191 1141 προτίθεσθαι,
1228 1082 1285 1130 ὧν
1308 1087 1364 1138 ὥς
1385 1087 1550 1144 ἄπαρχῆ
1567 1106 1628 1139 τις
1651 1098 1679 1132 Β

167 1153 194 1210 ἦ
214 1157 404 1210 κρείττων
425 1159 482 1212 τῷ
501 1159 665 1207 βασιλεῖ
678 1153 900 1211 προσήγετο
921 1154 1168 1211 ἐπιδόρπιος.
1239 1158 1320 1199 ἐπεὶ
1351 1156 1391 1199 δ”
1426 1158 1530 1207 εἰκὸς
1557 1158 1632 1207 τὰς

162 1228 319 1277 χαλκᾶς
339 1224 490 1272 ἐκείνας
508 1225 700 1273 πλατείας
719 1222 926 1274 ὗποδοκὰς
949 1226 1140 1274 πλείστας
1162 1224 1288 1274 οὔσας
1309 1225 1465 1275 ἔξωθεν
1493 1227 1628 1280 ἐρανί-

114 1305 155 1340 15
168 1293 310 1343 ζεσθαι
322 1325 333 1343 ,
370 1293 446 1333 σὺν
479 1299 569 1340 ταῖς
599 1291 741 1342 ἄλλαις
762 1288 812 1346 ἦν
829 1295 903 1346 μία
926 1294 1105 1335 δοκοῦσα
1125 1295 1191 1335 καὶ
1212 1293 1430 1349 πρωτεύειν
1448 1299 1506 1352 τῷ
1526 1293 1627 1337 κάλ-

165 1364 222 1402 λει
248 1362 314 1402 καὶ
348 1360 440 1409 ἀξία
466 1365 522 1417 τῷ
544 1364 708 1411 βασιλεῖ
725 1359 1033 1416 προσάγεσθαι,
1070 1360 1095 1415 ἢ
1119 1362 1169 1415 δὴ
1192 1365 1259 1403 καὶ
1282 1360 1517 1417 γράμμασιν
1539 1365 1625 1406 Αἷ-

163 1429 343 1483 γυπτίοις
363 1426 417 1475 ὠς
438 1430 674 1481 ποικίλμασί
689 1445 792 1470 τισιν
811 1427 1070 1471 ἐνεσκεύαστο
1085 1443 1094 1452 ·
1133 1430 1309 1472 εἴθισται
1328 1428 1405 1485 γάρ
1416 1462 1429 1482 ,
1460 1428 1515 1479 ὥς
1537 1431 1623 1472 ἐλέ-

163 1513 280 1552 γετο,
315 1497 556 1551 Αἰγυπτίοις
584 1495 679 1537 ἀντ’
706 1496 842 1539 ἄλλων
870 1502 991 1540 τινῶν
1022 1496 1296 1551 ποικιλμάτων
1321 1498 1363 1540 ἕν
1385 1515 1426 1540 τε
1452 1499 1620 1549 πέπλοις
1644 1509 1674 1543 C

163 1566 230 1606 καὶ
258 1571 521 1621 φωταγωγοῖς
551 1566 617 1606 καὶ
646 1563 799 1607 σκεύεσι
835 1568 1042 1616 παντοίοις
1068 1573 1153 1616 τοῖς
1181 1565 1393 1624 γράμμασι
1418 1571 1618 1623 χρῆσθαι.

162 1684 276 1708 omnes
301 1673 463 1707 videbant
487 1674 529 1707 ab
553 1677 666 1708 astuto
692 1674 844 1720 principe
866 1674 914 1708 ita
938 1675 1012 1709 fieri
1026 1700 1037 1716 ‚
1074 1677 1112 1708 ut
1134 1686 1195 1719 per
1219 1686 1257 1709 se
1279 1674 1476 1720 patriarcha
1497 1675 1620 1709 intelli-

160 1724 261 1764 geret
282 1718 375 1752 luere
399 1730 436 1753 se
459 1731 598 1764 poenam
631 1720 860 1754 contentiosae
898 1719 1107 1765 pertinaciae
1129 1732 1196 1765 qua
1218 1720 1349 1765 iurgari
1373 1732 1446 1755 cum
1469 1722 1621 1767 principe

161 1777 227 1799 non
260 1770 352 1798 esset
383 1765 523 1799 veritus.
570 1766 709 1808 iurgium
734 1766 822 1799 enim
845 1766 902 1800 ille
930 1778 971 1800 ac
999 1767 1244 1800 contentiosam
1270 1767 1522 1812 pugnacitatem
1556 1779 1619 1812 ap-

158 1810 312 1856 pellabat
333 1811 524 1854 religiosum
548 1811 654 1845 zelum
677 1812 911 1857 patrocinandi
935 1812 1168 1846 circumventis
1191 1812 1356 1847 calumnia
1379 1813 1432 1847 vel
1452 1812 1519 1847 alia
1534 1825 1618 1858 qua-

159 1856 214 1891 vis
234 1855 360 1890 iniuria
383 1856 561 1901 oppressis.

251 1903 304 1936 12.
352 1902 432 1936 Non
456 1903 518 1936 abs
542 1913 580 1936 re
601 1902 704 1936 fuerit
727 1907 762 1936 et
784 1902 872 1946 quod
895 1902 992 1936 initio
1015 1902 1112 1937 huius
1135 1902 1360 1937 accusationis
1381 1902 1506 1937 accidit
1520 1904 1616 1938 iocu-

157 1947 229 1981 lare
251 1959 292 1981 ac
315 1947 408 1981 dictu
433 1948 576 1993 lepidum
600 1949 746 1990 referre,
779 1953 818 1982 ut
841 1960 883 1982 ex
907 1949 970 1982 hoc
991 1948 1174 1994 specimine
1196 1949 1305 1982 lector
1327 1949 1484 1983 aestimet
1506 1960 1614 1994 quan-

157 1997 227 2027 tum
256 1992 319 2027 sibi
347 1993 448 2028 licere
480 1993 670 2038 malignitas
702 1994 786 2028 velit
816 1999 852 2028 et
884 1994 963 2039 quid
988 2006 1052 2028 non
1075 1994 1254 2030 occasione
1279 1999 1416 2040 arrepta
1446 1995 1613 2040 perficiat.

157 2038 200 2077 ad
228 2044 421 2074 consuetum
447 2040 572 2085 ubique
595 2051 636 2073 ac
658 2051 791 2085 semper
814 2040 981 2074 celebrem
1011 2046 1210 2086 apparatum
1239 2042 1406 2086 ritumque
1435 2046 1613 2085 augustum

156 2084 384 2119 anniversario
420 2087 512 2120 cultu
545 2086 758 2120 honorandae
790 2085 1012 2120 solemnitatis
1037 2087 1257 2131 Hypapantes
1288 2086 1414 2131 aliquid
1438 2087 1503 2119 hoc
1523 2090 1612 2120 tem-

157 2140 240 2174 pore
262 2131 471 2165 ceremoniae
494 2131 723 2176 exquisitioris
745 2132 895 2165 adhiberi
918 2137 995 2165 erat
1019 2131 1169 2173 solitum,
1198 2132 1234 2166 in
1257 2132 1401 2176 gratiam
1423 2135 1527 2176 atque
1548 2132 1612 2165 ho-

155 2185 271 2208 norem
293 2175 523 2219 imperatoris,
547 2177 635 2222 quod
658 2177 708 2218 is,
734 2183 773 2211 ut
794 2178 921 2211 dictum
945 2181 1017 2220 est,
1041 2177 1101 2211 tali
1125 2177 1178 2211 die
1201 2176 1422 2211 communioni
1442 2177 1609 2211 ecclesiae

155 2220 334 2254 restitutus
356 2226 392 2254 et
414 2223 625 2256 anathemate
646 2223 775 2257 solutus
798 2235 820 2258 a
843 2223 984 2268 Iosepho
1013 2223 1143 2256 fuisset.
1188 2223 1221 2256 in
1246 2222 1297 2255 his
1319 2227 1430 2256 autem
1453 2234 1542 2267 quae
1564 2234 1607 2257 ex

154 2265 338 2299 abundanti
361 2267 573 2301 addebantur
595 2268 638 2301 ad
661 2269 783 2312 passim
806 2269 952 2303 usitatos
975 2268 1047 2302 eius
1070 2267 1240 2312 religionis
1269 2268 1376 2309 ritus,
1413 2267 1497 2302 illud
1531 2273 1607 2303 erat

155 2315 193 2345 ut
214 2311 248 2344 in
267 2311 420 2345 lancibus
443 2313 633 2347 encaustico
655 2325 758 2358 opere
781 2314 984 2358 variegatis,
1018 2314 1154 2358 pictura
1184 2315 1314 2348 fructus
1336 2315 1410 2348 fere
1431 2319 1606 2348 autumna-

153 2358 203 2391 les
227 2357 458 2402 exprimente,
495 2359 694 2393 frumentum
717 2364 843 2394 tostum
868 2360 1082 2404 patriarchae
1106 2359 1148 2393 ad
1172 2371 1264 2394 aram
1287 2359 1444 2394 facientis
1467 2360 1606 2394 benedi-

153 2403 266 2436 ctione
288 2403 562 2437 sanctificandum
585 2404 784 2446 offerretur,
823 2410 892 2439 tum
916 2406 1034 2439 harum
1056 2405 1199 2439 lancium
1223 2405 1344 2439 eximia
1366 2416 1452 2446 uns,
1487 2405 1604 2451 primi-

151 2448 276 2483 tiarum
301 2448 370 2481 ritu
393 2449 550 2493 quodam,
572 2451 721 2494 epulanti
743 2452 895 2494 Augusto
910 2451 1032 2484 mensis
1047 2451 1204 2484 secundis
1219 2451 1412 2486 inferretur.
1445 2451 1602 2496 quoniam

151 2505 233 2528 vero
257 2505 437 2528 aenearum
458 2494 647 2528 istiusmodi
670 2496 812 2530 lancium
835 2497 879 2530 ad
902 2497 962 2529 hos
985 2507 1065 2530 usus
1089 2497 1259 2541 corrugari
1282 2498 1326 2531 ab
1348 2498 1499 2531 externis
1523 2497 1602 2541 plu-

150 2539 252 2573 rimas
282 2551 420 2574 necesse
451 2546 544 2581 erat,
581 2539 672 2574 inter
701 2541 776 2575 illas
805 2553 893 2586 qnae
916 2542 979 2575 hoc
1002 2553 1088 2575 anno
1110 2543 1338 2577 commodatae
1359 2555 1380 2577 a
1402 2543 1504 2576 variis
1526 2545 1600 2576 fue·

150 2591 248 2626 rant,
284 2597 351 2619 una
373 2587 463 2619 forte
485 2585 669 2630 speciosior
694 2587 769 2620 visa
791 2587 957 2629 caeteris,
995 2592 1030 2621 et
1059 2599 1100 2621 eo
1131 2588 1234 2633 digna
1254 2600 1336 2634 prae
1360 2588 1489 2622 cunctis
1511 2599 1600 2632 quae

148 2629 346 2675 imperatori
376 2631 572 2670 sisteretur,
609 2632 759 2676 seposita
791 2633 836 2666 ad
866 2634 930 2666 hoc
957 2633 1065 2677 ipsum
1093 2638 1155 2669 est.
1203 2634 1279 2668 huic
1301 2646 1425 2680 porro,
1463 2637 1600 2678 praeter

150 2681 320 2710 caeteram
350 2676 477 2710 inducti
510 2677 684 2721 eleganter
714 2678 850 2712 tectorii
879 2679 1048 2723 speciem,
1084 2679 1244 2725 Aegyptii
1273 2691 1407 2726 quoque
1440 2677 1599 2723 inscripti

150 2721 362 2756 characteres
384 2722 530 2757 inerant.
577 2726 770 2757 consuetum
792 2724 939 2769 quippe,
973 2730 1012 2758 nt
1033 2724 1146 2768 aiunt,
1181 2725 1360 2770 Aegyptiis
1381 2728 1434 2759 est
1454 2725 1488 2758 in
1515 2723 1599 2758 velis

150 2767 360 2802 candelabris
391 2769 550 2814 vasisque
582 2768 719 2814 reliquis
741 2769 959 2813 insigniendis
979 2769 1080 2804 istam
1104 2782 1124 2805 e
1145 2771 1251 2805 literis
1274 2772 1421 2816 ipsorum
1444 2769 1598 2814 speciose

147 2811 241 2846 illitis
274 2814 460 2848 ornamenti
495 2813 660 2849 rationem
693 2814 870 2849 affectare.
912 2816 1000 2850 forte
1030 2821 1142 2851 autem
1165 2816 1300 2858 evenit,
1339 2821 1377 2850 ut
1399 2827 1487 2860 qnae
1510 2815 1598 2848 banc

147 2856 344 2903 imperatori
373 2860 576 2895 destinatam
604 2860 731 2895 lancem
759 2861 924 2896 elementa
954 2863 1125 2909 Aegyptia
1161 2863 1366 2909 pingebant,
1397 2859 1597 2896 execrabilis
