1884 3262
242 190 345 237 2520
485 207 489 211 -
662 185 903 231 GEORGII
929 176 1279 230 PACHYMERIS

247 307 323 358 τῆς
351 304 433 345 τῶν
453 300 613 353 Λαζῶν
638 297 804 355 ἄρχοντι
821 293 991 356 ’Ῑωάννῃ
1013 294 1274 353 παρασήμοις
1289 301 1513 351 βασιλικοῖς
1540 289 1701 352 ἕμπομί-

250 367 413 416 πεῦοντι
425 401 439 420 ,
480 367 528 411 οὔ
567 367 691 423 μετὸν
734 365 840 417 ὅλως
871 367 1081 421 βασιλείας
1111 366 1269 423 ἐκείνῳ,
1313 366 1479 420 πέμπων
1507 365 1702 417 πολλάκις

249 435 460 493 ἐπήγγελλε
480 439 554 490 τῆς
571 436 645 490 μὲν
662 435 765 479 καθ’
789 433 915 478 αὑτὸν
935 436 1122 486 ἐξουσίας
1141 434 1287 488 ἀνέδην
1305 433 1404 488 ἔχειν
1422 432 1477 485 ὥς
1493 433 1700 488 βούλεται,

249 502 464 557 ὀνομάτων
493 505 538 546 δὲ
567 505 636 546 καὶ
664 501 922 559 παρασήμων
949 506 1172 557 βασιλικῶν
1202 503 1440 558 φείδεσθαι·
1481 503 1587 558 μηδὲ
1623 503 1703 559 γὰρ

251 571 388 625 ἄξιον,
425 570 555 616 αὐτοῦ
577 572 778 626 βασιλέως
798 571 942 624 ὄντος,
984 570 1055 613 ἐπ’
1079 570 1207 613 αὐτοῦ
1232 571 1451 613 Βασιλείου
1472 568 1615 614 θῶκον
1636 573 1736 616 καὶὸ

201 644 234 679 C
256 638 433 693 πόλεως,
472 641 544 683 καί
559 656 670 690 τινας
690 639 839 689 ἄλλους
858 640 922 681 ἐπὶ
939 643 1013 682 τοῦ
1030 636 1211 693 μείζονός
1227 655 1269 681 τε
1287 640 1353 680 καὶ
1373 636 1600 694 ὖπερτάτου
1621 656 1705 695 φη-

253 709 447 765 μίζεσθαι
479 705 736 762 ἀξιώματος,
783 707 888 751 ἀλλὰ
920 708 1042 762 μέρος
1072 706 1170 750 ὄντα
1201 706 1383 749 κάκεῖνον
1422 703 1706 750 ἐπισυνάπτειν

253 781 314 836 τῷ
349 775 455 835 ὅλῳ,
498 776 603 832 μηδ’
634 775 765 826 οὕτως
802 779 992 832 βασιλικῇ
1029 772 1139 826 τάξει
1166 774 1241 830 τὴν
1265 772 1459 830 σύγχυσιν
1494 775 1708 832 ἐπιφέρειν.

254 848 379 888 τοῦτο
401 847 499 899 γοῦν
523 842 717 894 πολλάκις
738 848 864 887 ποιῶν
882 843 1000 887 οὐδὲν
1019 843 1141 886 πλέον
1161 842 1304 898 ἤνυτεν
1319 842 1345 899 ἢ
1363 843 1410 886 τὸ
1428 845 1560 886 δοκεῖν
1580 844 1708 899 μηδὲν

254 910 357 967 ἔχων
388 909 559 956 ἀνύτειν.
628 910 876 969 ὑπερηφάνει
900 911 978 968 γὰρ
1000 910 1216 968 βάρβαρος
1237 911 1294 954 ὢν
1316 913 1381 954 καὶ
1401 909 1612 967 ὑπερεώρα
1634 911 1764 966 τὴν10

254 977 500 1037 πρόσταξιν,
536 980 609 1023 καί
634 997 748 1030 τινας
776 977 1000 1036 προφάσεις
1020 984 1094 1023 τοῦ
1114 980 1170 1034 μὴ
1193 979 1318 1030 αὐτὸς
1337 978 1536 1036 κατάρξαι
1554 984 1627 1034 τῆς
1646 980 1710 1022 ἐπὶ

188 1088 190 1090 .
255 1045 418 1098 τούτοις
438 1049 703 1104 παραιβασίας
723 1047 818 1090 ἀλλ’
838 1047 919 1090 ἀπὸ
938 1047 1122 1104 πατέρων
1146 1048 1247 1102 ἔχειν
1267 1046 1509 1091 Ramnete·
1543 1047 1711 1104 προσέτι

190 1111 240 1156 'D
262 1116 308 1159 δὲ
327 1117 434 1172 μηδὲ
451 1116 549 1167 τοὺς
564 1118 656 1174 περὶ
676 1115 802 1159 αὐτὸν
826 1116 895 1159 ε’ἄν
914 1115 1017 1172 ἔλεγε
1037 1114 1215 1159 κολούειν
1235 1115 1366 1166 οὕτως
1381 1116 1542 1171 ἀξίωμα
1562 1133 1711 1172 πατρι-

256 1183 329 1227 κὸν
359 1185 403 1227 ἐκ
430 1186 620 1228 πλείστου
647 1186 714 1227 καὶ
748 1185 789 1234 ἐς
817 1183 943 1227 αὐτὸν
962 1181 1126 1237 κατιόν,
1163 1184 1268 1239 μηδ’
1293 1184 1446 1234 ἀκλεεῖς
1469 1186 1536 1227 καὶ
1561 1183 1712 1234 αὐτοὺς

257 1249 359 1295 εἶναι
387 1251 436 1295 τὸ
461 1251 585 1310 μέρος
623 1251 802 1301 εὐκλείας
830 1250 1101 1307 στερηθέντος
1134 1252 1282 1295 ἐκείνου
1314 1256 1540 1307 βασιλικῆς.
1608 1251 1767 1307 μείω15

257 1319 337 1377 γὰρ
367 1317 530 1376 φθόνον
556 1321 728 1363 πεδίλων
757 1317 856 1363 εἶναι
886 1324 1156 1375 κοκκοβαφῶν
1184 1321 1250 1362 καὶ
1278 1322 1486 1373 βασιλείας
1511 1317 1714 1375 ὀνόματος

116 1391 147 1427 Ρ
169 1391 238 1429 354
261 1392 319 1447 τῷ
348 1387 402 1431 τὰ
429 1389 551 1443 μείζω
577 1387 729 1443 ἔχοντι·
773 1387 826 1431 τὰ
853 1386 896 1430 δ’
929 1383 1000 1444 ἦν,
1039 1386 1094 1437 ὥς
1119 1387 1270 1444 ἔλεγεν,
1305 1386 1539 1438 ὑπόπτωσίς
1567 1405 1611 1432 τε
1645 1391 1714 1431 καὶ

259 1455 426 1512 δουλικὴ
453 1457 614 1513 ἑντυχία
630 1458 698 1499 καὶ
719 1457 911 1512 εἰρηνικαὶ
937 1458 1111 1499 σπονδαὶ
1131 1458 1197 1499 καὶ
1219 1456 1322 1513 πρὸς
1338 1456 1386 1499 τὸ
1411 1457 1716 1514 συγκεχωρηκὸς

201 1568 203 1570 ,
260 1523 331 1583 ἐφ’
352 1522 521 1571 ἅπασιν.
577 1525 677 1582 ἴγνω
695 1529 795 1581 γοῦν
811 1522 833 1568 ὃ
852 1528 1012 1582 κρατῶν
1030 1524 1099 1568 διὰ
1115 1528 1247 1569 ταῦτα
1262 1529 1472 1580 μετελθεῖν
1490 1524 1622 1576 ἄλλως
1641 1525 1714 1587 τὸν

261 1711 378 1736 zorum
400 1712 485 1736 vero
508 1702 655 1748 principi
678 1701 820 1744 Ioanni,
851 1701 910 1747 qui
941 1701 1036 1747 regni
1066 1701 1253 1746 insignibus
1283 1706 1411 1737 temere
1433 1713 1475 1737 ac
1497 1703 1635 1747 praeter
1660 1701 1716 1736 fas

261 1747 444 1794 assumptis
465 1759 503 1782 se
525 1749 741 1790 ostentabat,
774 1747 910 1793 saepius
938 1748 1148 1782 denuntiavit
1170 1748 1252 1782 nibil
1273 1760 1311 1783 se
1333 1748 1467 1794 quidem
1490 1749 1627 1783 obstare
1649 1758 1716 1793 quo

261 1793 373 1827 minus
402 1793 547 1828 dominio
578 1794 631 1829 sui
663 1793 872 1839 principatus
894 1804 956 1839 pro
979 1794 1076 1828 libito
1107 1799 1282 1828 uteretur:
1315 1793 1397 1828 illud
1420 1805 1623 1838 magnopere
1643 1804 1718 1827 mo-

262 1847 366 1880 nere,
390 1839 576 1873 abstineret
597 1840 729 1874 nomine
752 1839 866 1883 regio,
903 1850 966 1872 nec
988 1850 1062 1872 eum
1085 1839 1246 1873 vestitum
1269 1844 1330 1873 aut
1353 1843 1506 1873 ornatum
1528 1839 1718 1881 adhiberet,

263 1881 324 1927 qui
346 1884 574 1918 characterem
597 1886 789 1930 praeferret
815 1884 1006 1918 Caesareae
1038 1885 1230 1929 potestatis.
1274 1884 1546 1929 meminissetque
1568 1895 1635 1918 non
1657 1884 1718 1917 de·

265 1939 343 1962 cere
361 1928 486 1973 ipsum,
509 1929 567 1975 qui
587 1941 668 1976 pars
692 1934 784 1964 esset
805 1929 936 1974 imperii
960 1929 1115 1971 Romani,
1139 1930 1212 1964 eius
1234 1930 1300 1964 sibi
1322 1929 1445 1964 cultum
1468 1935 1504 1963 et
1525 1933 1622 1964 notas
1644 1940 1719 1963 ma·-

265 1972 400 2008 i'estatis
423 1986 603 2019 arrogare,
638 1975 696 2020 qui
722 1975 867 2020 legitime
889 1975 1090 2010 constitutus
1111 1974 1147 2009 in
1173 1976 1296 2010 throno
1318 1976 1470 2020 Augusto
1493 1974 1719 2020 imperatricis

265 2018 360 2053 urbis
383 2019 447 2053 loci
468 2019 541 2054 eius
564 2020 671 2066 ipsius
693 2025 728 2055 et
751 2031 898 2055 summae
920 2020 1093 2064 dignitatis
1126 2021 1240 2055 officio
1264 2027 1443 2065 cogeretur
1465 2021 1549 2055 dare
1569 2031 1719 2065 operam,

265 2074 312 2099 ne
343 2065 526 2099 membrum
554 2070 761 2112 exaequaret
791 2077 830 2100 se
860 2065 965 2111 capiti
995 2072 1030 2100 et
1059 2066 1251 2100 discrimina
1271 2067 1436 2111 graduum
1458 2066 1594 2100 honoris
1613 2065 1721 2100 ambi·-

266 2109 361 2144 tione
383 2111 579 2146 turbulenta
603 2112 832 2146 confunderet,
878 2122 995 2146 verum
1019 2123 1059 2146 ex
1084 2112 1196 2155 hisce,
1228 2112 1310 2146 licet
1338 2112 1472 2156 saepius
1493 2111 1625 2146 iteratis
1646 2122 1721 2146 mcv-⁴

268 2154 374 2197 uitis,
405 2167 472 2190 non
498 2157 599 2191 alium
625 2159 797 2202 Augustus
818 2158 963 2191 fructum
985 2158 1101 2194 retulit
1122 2169 1221 2203 quam
1244 2158 1515 2203 desperationem
1536 2157 1720 2203 quidquam

268 2199 430 2247 deinceps
461 2202 525 2236 hac
554 2203 616 2238 via
649 2202 857 2248 proficiendi.
902 2203 1142 2248 superciliosus
1172 2203 1298 2249 quippe
1329 2204 1496 2238 barbarus
1525 2207 1657 2237 tumore
1682 2213 1721 2239 se

269 2244 416 2281 inflabat
437 2258 497 2282 suo
521 2248 826 2294 admonitionesque
849 2250 1050 2293 spernebat,
1079 2254 1276 2295 praetextus
1300 2250 1486 2283 obtendens
1505 2259 1630 2290 vanna,
1653 2248 1721 2282 fin-

270 2302 422 2337 gensque
451 2304 489 2327 se
517 2305 582 2328 non
614 2295 756 2340 primum
786 2294 944 2328 inchoare
974 2295 1062 2339 ista,
1095 2306 1235 2340 quorum
1266 2295 1396 2330 scilicet
1424 2306 1518 2329 usum
1542 2305 1564 2328 a
1586 2297 1720 2339 patrum

271 2336 433 2382 exemplis
456 2338 613 2382 duceret3
636 2351 676 2374 ac
700 2340 833 2386 quando
857 2340 1010 2385 redigere
1040 2353 1079 2375 sc
1108 2341 1198 2374 ultro
1230 2341 1264 2375 in
1295 2341 1444 2375 ordinem
1474 2340 1596 2381 vellet,
1629 2339 1720 2374 baud

271 2392 432 2428 passuros
460 2383 498 2417 id
526 2396 626 2427 suos,
658 2386 702 2421 ad
730 2386 875 2420 dedecus
904 2386 1064 2432 propriae
1099 2387 1304 2431 reipublicae
1330 2387 1501 2431 pertinere
1531 2390 1651 2429 ratos,
1689 2384 1722 2419 si

271 2427 503 2481 transmissum
525 2431 617 2465 avita
637 2431 849 2466 successione
872 2431 1078 2478 principatus
1099 2432 1201 2466 decus
1224 2432 1368 2475 dynasta
1391 2431 1539 2477 ipsorum
1562 2428 1722 2474 degeneri

272 2472 406 2508 vilitate
426 2474 602 2510 abiiceret.
649 2477 736 2512 baud
768 2477 854 2512 enim
887 2489 926 2512 se
950 2483 1018 2512 tam
1052 2478 1335 2523 contemptibilem
1357 2477 1488 2522 imperii
1510 2477 1580 2511 late
1602 2474 1723 2510 elaris·-

275 2517 351 2552 simi
374 2523 504 2564 partem
527 2532 623 2562 esse,
656 2526 695 2556 ut
724 2523 851 2567 indigni
871 2523 977 2557 videri
1003 2524 1164 2557 deberent
1186 2523 1244 2569 qui
1266 2524 1454 2569 splendoris
1478 2522 1568 2556 illius
1590 2520 1721 2565 antiqui

275 2563 418 2599 residuis
438 2565 548 2600 adhuc
569 2567 765 2611 quibusdam
787 2569 884 2614 quasi
905 2569 1010 2604 radiis
1032 2570 1210 2614 fulgerent.
1255 2581 1318 2604 nec
1348 2579 1424 2603 esse
1451 2579 1512 2602 cur
1532 2565 1722 2600 invideatur

276 2607 382 2644 honos
411 2611 586 2645 rubrorum
618 2615 803 2647 calceorum
833 2618 868 2648 et
897 2615 994 2658 regni
1025 2627 1142 2649 nomen
1173 2615 1300 2650 maiora
1331 2615 1448 2659 utique
1476 2611 1623 2647 babenti.
1669 2611 1720 2645 sic

276 2653 355 2708 ille.
390 2666 452 2701 per
479 2655 538 2691 illa
567 2657 713 2701 maiora,
743 2659 863 2704 quibus
893 2660 960 2694 frui
986 2672 1024 2694 se
1054 2660 1281 2703 gloriabatur,
1313 2660 1453 2695 innuens
1473 2657 1721 2702 prostrationes

277 2699 342 2744 ipsi
364 2712 385 2735 a
406 2700 548 2737 subditis
569 2703 605 2737 in
627 2715 769 2737 occursu
792 2706 1031 2741 venerantibus
1054 2706 1130 2740 fieri
1150 2706 1289 2749 solitas,
1325 2711 1361 2740 et
1381 2702 1602 2739 tractationes
1626 2702 1721 2748 pacis

278 2754 322 2780 ac
348 2746 487 2783 foedera
514 2759 623 2796 aequo
653 2748 727 2784 iure
749 2761 823 2785 cum
845 2751 996 2786 maximis
1017 2751 1154 2796 regibus
1172 2751 1267 2787 inita.
1311 2750 1363 2786 liis
1382 2751 1572 2795 turgentem
1594 2747 1724 2792 magni-
