1884 3262
444 191 519 235 DE
544 190 820 235 MICHAELE
845 191 1215 237 PALAEOLOGO
1245 193 1294 238 L.
1319 192 1395 238 vl.
1533 192 1645 241 ⁷499

191 304 304 362 νίτζῃ
320 304 394 358 μὲν
413 298 486 346 οὖν
504 305 571 347 καὶ
591 307 648 362 τῷ
667 308 842 364 γαμβρῷΙ
866 305 1081 361 Τορνικίου
1110 305 1386 362 ἐπηρτημένον
1408 305 1478 350 τὸν
1504 306 1642 351 κίνδυ-

191 390 264 416 νον
290 372 482 424 βλέποντι
509 372 668 428 ἀγαθὸν
691 370 820 416 ἐδόκει
846 372 894 415 τὸ
920 370 1155 428 βούλευμα,
1192 375 1258 417 καὶ
1289 379 1348 433 τῷ
1373 373 1643 428 βουλεύσαντι

187 445 339 496 χρᾶται
357 441 503 497 μεσίτῃ
523 440 626 496 πρὸς
640 440 812 494 βασιλέα
834 440 906 497 ἐφ’
927 434 960 500 ᾧ
981 440 1053 483 τὸν
1072 442 1254 496 μοναχὸν
1269 436 1499 485 ’ὖπενδῦναι
1508 476 1522 496 ,
1569 443 1644 488 κό-

190 525 296 561 σμον
313 509 380 551 καὶ
401 508 453 550 τὰ
470 506 625 562 κόσμου
640 509 795 564 χαίρειν
817 506 953 558 ἐάσας.
1026 507 1082 558 ὦς
1106 509 1152 552 δ’
1176 508 1358 566 ἀπῄτηατο
1384 513 1451 553 καὶ
1473 512 1575 555 αὐτὸ
1592 512 1640 556 τὸ

156 576 340 619 ὄτέλειον
368 581 506 631 σχῆμα
534 574 755 630 λαμβάνειν
779 577 847 619 καὶ
882 576 1087 619 κατένευεν
1118 576 1288 630 αὖτίκα,
1333 577 1557 630 ἀπολυθεὶς
1573 597 1642 623 τε-

189 648 318 686 λεῖται
347 644 400 686 τὰ
426 648 642 698 μοναχῶν,
680 645 747 686 καὶ
776 642 797 687 ὅ
822 645 927 699 χθὲς
950 642 1154 700 λῃστεύων
1193 643 1372 701 σώφρων
1401 645 1537 702 ὥρᾶτο
1571 650 1640 691 καὶ

189 711 364 764 ἄκακος,
402 711 506 766 πλὴν
535 711 583 754 οὗ
611 716 662 768 τῇ
686 716 760 767 τῆς
783 717 922 767 ,ψυχῆς
940 713 1134 768 προθέσει
1153 711 1259 755 ἀλλὰ
1278 711 1391 771 μόνῳ
1411 719 1470 772 τῷ
1493 732 1640 771 φαινο-

188 780 320 838 μένῳ·
357 777 378 822 ὅ
408 779 486 835 γὰρ
512 779 856 835 μεμεριμνημένος
884 780 1036 830 σκοπὸς
1066 782 1130 823 ἐπὶ
1157 779 1290 839 τούτῳ
1310 782 1377 824 καὶ
1400 783 1491 824 λίαν
1514 782 1636 838 ἀπῆν,
1659 789 1690 825 Β

190 845 370 903 ἀνάγκης
398 848 443 890 δὲ
470 846 544 904 ἄρ’
575 845 759 902 ὑπούσης
785 848 832 890 τὸ
868 846 1075 904 γινόμενον
1100 848 1284 899 ἀσθενές.
1354 850 1397 899 ἐς
1426 848 1578 894 ὁπόσον
1597 853 1643 895 δὲ

137 933 183 967 10
193 915 298 958 κατὰ
319 919 467 958 τοῦτον
490 915 668 971 προέβη,
707 917 878 966 ἐσαῦθις
894 917 1075 971 ἐροῦμεν.
1148 914 1284 973 ὅγοῦν
1308 920 1642 975 πορφυρογέννη-

190 1000 263 1033 τος
285 985 348 1025 ἐπὶ
365 980 524 1032 τούτοις
540 983 635 1026 κατ’
657 983 860 1032 ἀνατολὰς
876 985 1047 1039 γίνεται,
1084 985 1151 1026 καὶ
1173 989 1247 1028 τοῦ
1267 986 1469 1038 βασιλέως
1485 988 1640 1032 ἐκεῖθεν

189 1049 425 1108 ἀπάραντος
445 1050 571 1098 αὐτὸς
591 1046 640 1105 ἦν
659 1050 754 1093 ἄντ’
775 1051 923 1094 ἐκείνου
939 1053 1222 1107 μεταχειρίζων
1240 1052 1366 1096 τᾶκεΐ.

324 1119 403 1164 28.
466 1117 579 1160 Ἀλλ’
615 1118 750 1174 ὀλίγον
781 1119 829 1161 τὸ
856 1117 1034 1173 μεταξύ,
1080 1118 1194 1174 καὶῆ
1227 1121 1418 1163 δέσποινα
1432 1120 1640 1175 μέν’Άννα
1663 1130 1695 1166 C

187 1187 270 1229 ἐκεῖ
284 1189 450 1245 τελευτᾷ
470 1186 542 1228 τὸν
557 1187 671 1240 βίον,
701 1187 930 1242 ἀγγέλλεται
949 1188 993 1230 δὲ
1009 1186 1104 1242 μετ’
1130 1187 1263 1243 ὀλίγον
1282 1193 1340 1247 τῷ
1357 1193 1538 1242 βασιλεῖ·
1573 1193 1643 1233 καὶ

134 1269 177 1305 15
191 1254 236 1305 ὃς
252 1255 422 1313 προνοίᾳ
441 1258 515 1296 τοῦ
535 1254 591 1309 μὴ
609 1258 762 1308 μαθεῖν
779 1255 850 1298 τὸν
868 1253 957 1298 υἱόν
977 1272 1019 1298 τε
1037 1257 1104 1297 καὶ
1122 1256 1308 1309 βασιλέα,
1346 1255 1401 1305 ὥς
1421 1257 1489 1299 ἐπ’
1509 1258 1643 1316 ἄπορ-

189 1320 316 1380 ρήτῳ,
352 1322 505 1365 στέλλει
523 1322 594 1365 τὸν
614 1322 743 1365 αὖτσῦ
760 1323 835 1376 μὲν
854 1321 1135 1379 ἅρχιόιάκονον
1152 1328 1227 1379 τῆς
1245 1325 1458 1378 ἐκκλησίας
1476 1327 1520 1368 δὲ
1532 1343 1642 1382 χαρ-

187 1389 429 1447 τοφύλακα,
465 1390 536 1433 τὸν
561 1388 872 1446 Μελιτηνιιῦτην
896 1394 1208 1435 Κωνσταντΐνον
1219 1424 1234 1444 ,
1265 1390 1336 1448 ἐφ’
1366 1386 1399 1450 ᾧ
1417 1396 1642 1447 μετακομί-

190 1460 268 1511 ζειν
283 1458 355 1502 τὸν
373 1454 536 1515 νεκρόν,
573 1456 629 1509 ὥς
649 1459 793 1517 ε’χρῆν,
834 1460 889 1510 εἷς
905 1459 1095 1505 Νίκαιαν.
1164 1457 1251 1515 ἅμα
1277 1460 1322 1503 δὲ
1340 1460 1480 1518 καιρὸν
1497 1461 1638 1517 λαβὼν

279 1591 337 1626 18.
361 1588 439 1635 εἰς]
462 1585 513 1632 ὥς
533 1588 575 1624 P.

190 1725 266 1750 cum
289 1725 437 1750 summae
458 1713 510 1748 rei
534 1713 720 1750 rationibus
748 1713 926 1750 subductis
955 1724 1021 1750 non
1049 1713 1118 1749 alia
1139 1713 1265 1750 certior
1295 1716 1477 1761 appareret
1497 1714 1556 1751 via
1576 1715 1640 1751 de-

187 1761 364 1795 clinandae
396 1760 503 1805 pestis
531 1760 604 1794 eius
635 1761 789 1805 geminae
812 1772 900 1806 quae
918 1761 1077 1795 Ioannem
1096 1761 1247 1796 Tornicii
1267 1772 1426 1805 generum
1448 1773 1555 1805 nuper
1576 1774 1638 1807 op·

186 1811 387 1851 presserat,
409 1810 552 1840 mentem
576 1806 618 1839 ad
642 1806 866 1840 necessarium
891 1806 1062 1840 consilium
1088 1807 1279 1852 appeilens,
1302 1810 1376 1851 ipso
1399 1807 1641 1851 Porphyroge-

186 1851 262 1886 nito
293 1852 481 1896 interprete
513 1851 642 1885 veniam
671 1853 715 1886 ab
739 1853 892 1896 Augusto
921 1853 1059 1886 abstulit
1086 1852 1248 1897 sequendi
1272 1851 1363 1897 quod
1385 1852 1639 1887 ostendebatur.

187 1908 332 1943 cumque
354 1897 497 1942 petitum
527 1897 571 1931 ab
602 1897 675 1942 ipso
705 1902 796 1931 esset
823 1902 863 1932 ut
893 1897 1001 1943 ipsum
1025 1898 1176 1933 habitum
1205 1897 1421 1943 professionis
1442 1897 1534 1932 vitae
1557 1908 1638 1943 per-

186 1943 302 1977 fectae
323 1942 464 1976 indicem
486 1947 653 1984 sumeret,
676 1944 790 1977 statim
820 1944 956 1985 annuit,
992 1948 1029 1978 et
1059 1944 1181 1978 mundo
1212 1944 1286 1978 vale
1307 1943 1424 1977 dicens
1443 1943 1478 1977 in
1504 1955 1637 1978 sacram

187 1998 228 2023 se
261 1988 474 2033 transcripsit
502 1988 672 2030 militiam,
705 1988 891 2023 mutatione
920 1988 1007 2023 mira
1036 2001 1079 2023 ex
1106 1989 1264 2024 hesterno
1291 1988 1423 2022 latrone
1454 1989 1637 2023 hodiernus

188 2034 386 2074 monachus,
409 2033 621 2068 innocentiae
643 2045 685 2068 ac
705 2035 950 2079 temperantiae
973 2035 1072 2069 modo
1094 2035 1253 2077 studens,
1276 2034 1375 2078 longe
1397 2033 1498 2067 aliter
1520 2034 1637 2068 vivere

189 2090 298 2124 nuper
321 2083 488 2114 assuetus.
535 2079 595 2113 sed
619 2090 734 2114 verum
757 2083 846 2114 intus
869 2080 1075 2125 propositum
1097 2080 1141 2114 ad
1166 2084 1275 2114 ratam
1301 2078 1495 2122 religionem
1517 2090 1638 2112 neces-

189 2125 315 2159 sarium
338 2124 524 2158 simulatori
546 2125 665 2159 deerat
692 2125 813 2161 animo.
857 2126 1010 2159 nimirum
1040 2137 1138 2171 quem
1159 2124 1281 2159 intueri
1302 2124 1411 2157 solent
1433 2124 1492 2168 qui
1513 2129 1637 2167 sponte

192 2169 282 2203 fiunt
303 2170 475 2212 monachi,
508 2170 611 2205 divini
641 2171 750 2205 cuitus
783 2175 819 2205 et
849 2171 1006 2217 propriae
1028 2178 1186 2205 aeternae
1208 2169 1326 2204 salutis
1347 2180 1504 2214 scopum,
1531 2169 1638 2203 Cota-

191 2214 286 2249 nitza
310 2226 392 2248 sane
414 2226 479 2249 non
501 2216 698 2260 spectabat,
723 2217 850 2251 amoliri
871 2216 1055 2262 periculum
1076 2216 1206 2249 instans
1226 2216 1289 2248 hoc
1313 2216 1409 2259 quasi
1431 2214 1530 2248 mimo
1553 2226 1637 2259 poe-

191 2259 357 2294 nitentiae
380 2266 578 2303 contentus3
601 2272 643 2295 ex
665 2273 732 2306 quo
754 2262 834 2307 quid
858 2268 1070 2296 consecutum
1102 2260 1246 2306 denique
1268 2259 1335 2300 sit,
1367 2270 1428 2293 suo
1450 2260 1636 2294 referemus

190 2305 278 2340 loco.
323 2305 385 2339 sub
406 2305 492 2339 haec
513 2317 614 2350 porro
634 2307 942 2352 Porphyrogenitus
963 2307 1000 2340 in
1022 2306 1197 2340 Orientem
1220 2308 1274 2340 est
1293 2306 1466 2349 profectus
1479 2330 1490 2348 ,
1514 2305 1636 2350 patris,

192 2350 252 2396 qui
274 2351 374 2396 paulo
395 2354 475 2385 ante
495 2350 575 2384 inde
596 2358 809 2396 recesserat,
831 2353 922 2386 vices
946 2352 1100 2386 obiturus
1113 2378 1124 2396 ‚
1153 2349 1402 2392 sustentandis,
1431 2356 1534 2396 prout
1554 2361 1636 2397 pos-

189 2397 269 2438 het,
289 2397 360 2430 illic
379 2396 413 2430 in
435 2395 564 2430 ruinam
585 2397 700 2442 pronis
719 2399 822 2432 rebus
840 2397 980 2443 imperii.

283 2442 340 2476 28.
386 2441 467 2475 Non
494 2441 594 2487 longo
615 2446 695 2487 post
715 2443 799 2477 haec
819 2443 997 2477 intervallo
1020 2441 1151 2476 domina
1172 2441 1269 2475 Anna
1301 2439 1395 2475 vitae
1415 2441 1516 2475 finem
1538 2439 1637 2474 inve-

190 2486 246 2522 nit
277 2486 347 2521 illic
377 2486 437 2520 ubi
470 2498 545 2522 eam
577 2487 729 2522 haesisse
761 2488 924 2531 diximus,
957 2488 1030 2522 viro
1062 2499 1104 2521 ex
1126 2486 1269 2522 Oriente
1289 2497 1426 2520 reverso
1446 2486 1483 2520 in
1505 2486 1634 2520 urbem.

191 2532 345 2579 perlatus
365 2532 462 2566 brevi
494 2533 537 2567 ad
566 2533 802 2577 imperatorem
835 2538 889 2567 est
922 2533 995 2567 eius
1021 2532 1138 2568 acerbi
1173 2542 1270 2567 casus
1292 2531 1448 2574 nuntius,
1480 2542 1580 2577 quem
1604 2531 1635 2564 is

191 2588 398 2623 magnopere
419 2578 538 2623 haberi
559 2578 688 2612 studuit
706 2590 866 2613 arcanum
883 2606 893 2622 ,
913 2590 956 2613 ne
977 2578 1079 2613 citius
1100 2589 1199 2624 quam
1222 2587 1306 2624 opus
1327 2580 1418 2612 esset
1440 2577 1635 2622 perveniret

142 2655 146 2659 .
194 2623 240 2658 ad
259 2623 410 2657 notitiam
431 2623 574 2658 iunioris
603 2624 767 2668 Augusti,
792 2624 856 2659 tali
883 2627 992 2658 morte
1018 2624 1189 2658 carissima
1219 2634 1325 2658 uxore
1356 2622 1498 2656 viduati.
1544 2621 1635 2655 misit

193 2680 276 2713 ergo
301 2669 475 2703 confestim
496 2669 531 2703 in
555 2669 748 2713 Orientem,
779 2670 892 2704 celata.
918 2669 1094 2714 diligenter
1121 2669 1414 2710 mittendi-causa,
1445 2666 1637 2701 Melitenio-

194 2718 254 2748 ten
277 2714 553 2757 Constantinum,
577 2726 672 2750 suum
690 2715 845 2760 quidem,
874 2715 938 2750 hoc
969 2719 1022 2750 est
1051 2714 1197 2760 palatini·
1222 2714 1326 2756 cleri,
1355 2712 1635 2753 archidiaconum,

195 2758 360 2794 ecclesiae
387 2772 469 2795 vero
500 2761 811 2805 chartophylacem,
849 2763 889 2807 ut
916 2759 1068 2796 cadaver·
1095 2761 1276 2795 defunctae
1304 2757 1439 2804 portari
1468 2757 1511 2791 de
1543 2768 1637 2791 more

195 2804 360 2841 Nicaeam
380 2810 527 2844 curaret.
570 2806 670 2843 simul
700 2807 799 2846 etiam
819 2806 1028 2844 occasionem
1050 2817 1090 2844 se
1110 2805 1316 2843 commodum
1335 2803 1533 2839 offerentem
1554 2813 1638 2849 pru-
