1846 3262
430 196 506 239 DE
537 195 821 239 MICHAELE
851 195 1233 239 PALAEOLOGO
1265 195 1311 238 L.
1342 195 1397 238 11.
1562 195 1656 240 101

172 311 333 366 ἡλικίαν
366 309 505 352 ἀτελεῖ
528 310 603 365 τὴν
631 314 705 365 τῆς
729 309 944 364 βασιλείας
971 309 1181 352 ταινίωσιν
1210 307 1489 365 προδεδὲχθαι
1521 309 1593 351 καί
1619 309 1660 351 οἱ

174 377 486 436 προβεβηκότος
525 378 606 435 ἤδη
647 380 715 421 καὶ
755 378 827 422 τὸν
865 379 960 430 βίον
989 375 1340 436 κατατετριφότος
1368 378 1411 421 ἓν
1446 375 1658 434 πράγμασι

175 453 451 506 προηγεῖσθαι
480 447 522 491 ἔν
549 445 779 504 θριάμβοις
807 448 875 490 καὶ
904 445 1125 503 εὐφημίαις
1134 480 1148 500 ,
1187 445 1359 505 ε’θοὶρρει
1384 447 1527 501 λαβὼν
1546 444 1653 490 iino-
1676 452 1710 487 D

176 517 357 572 σχέσεις,
397 515 454 567 ὥς
484 518 552 560 καὶ
585 516 738 567 αὐτοὺς
767 515 987 567 ἀξιοῦντας
1007 521 1142 559 ταῦτα
1166 518 1235 559 καὶ
1257 514 1313 566 ὥς
1333 517 1505 566 δικαίοις
1524 533 1658 572 προσ-

141 587 384 641 5κειμένους
419 593 505 636 τοῖς
538 586 768 642 λεγομένοις
797 585 900 640 ἔχειν
929 586 998 628 καὶ
1027 584 1101 628 τὸν
1132 583 1393 642 πατριάρχην
1415 586 1658 639 συμπείθειν

173 656 251 705 τὰς
282 656 348 698 ἐπὶ
380 660 439 714 τῷ
467 657 582 698 παιδὶ
616 652 864 710 ἀναρρήσεις
893 653 997 710 πρὸς
1027 654 1076 697 τὸ
1108 654 1244 711 παρὸν
1263 651 1579 707 ἀναβάλλεσθαι
1600 652 1658 704 ὥς

178 726 377 781 ἓγκαίρως
407 724 788 782 ταινιωθησομὲνῳ.
860 724 992 767 ε’ίπετο
1026 724 1072 766 δὲ
1101 721 1268 773 πάντως
1294 720 1486 766 ἐντεῦθεν
1495 756 1509 776 ,
1543 725 1578 766 εἷ
1595 724 1655 778 μὴ

171 797 398 848 βασιλικῶς
433 793 647 850 στέφοιτο,
687 793 764 835 κᾶν
794 799 887 843 ταῖς
917 792 1138 850 εὐφημίαις
1164 794 1232 835 καὶ
1259 797 1383 835 πᾶσιν
1404 790 1557 849 ἑτέροις
1577 796 1654 835 τοῦ

172 863 253 918 ἤδη
284 862 573 916 ταινιωθέντος
598 866 882 918 καθυστερεῖν.
911 872 914 874 ’
955 861 1063 917 πλὴν
1086 861 1306 919 σοφιστέον
1329 862 1466 918 ἔλεγον
1487 862 1563 917 τὴν
1583 862 1650 917 ε’γ-
1672 869 1706 903 E

118 941 162 974 10
169 934 352 987 χείρησιν
361 965 374 984 ,
412 933 479 974 §eal
511 929 599 986 ἅμα
631 931 885 985 τελουμένων
921 931 1105 986 κινητέον
1136 931 1189 974 τὰ
1217 933 1309 985 περὶ
1331 930 1507 982 τούτου,
1543 930 1655 979 ὅπως

169 1001 226 1055 μὴ
259 1002 326 1043 καὶ
356 998 691 1058 προαισθόμενος
718 1000 764 1044 τὸ
798 1000 952 1058 στέφος
982 998 1130 1044 δώσων
1162 1000 1239 1051 τὰς
1272 997 1498 1049 ταινιώσεις
1524 997 1653 1054 ὑπέρ-

169 1074 307 1113 θοιτο.

309 1139 354 1184 8.
419 1133 500 1181 Ἦν
532 1142 690 1191 ταῦτα,
739 1139 807 1181 καὶ
837 1135 864 1192 ἧ
905 1137 1028 1194 κυρία
1055 1142 1139 1181 τῶν
1171 1136 1335 1196 ἡμερῶν
1371 1141 1535 1194 παρῆν,
1584 1138 1651 1180 καὶ
1675 1142 1703 1176 Ρ
1730 1142 1775 1176 65

168 1205 296 1251 πάντ’
329 1206 505 1263 εὐτρεπῆ
535 1203 666 1262 ἦσαν,
704 1209 771 1250 καὶ
801 1206 998 1264 ἀρχιερεῖς
1020 1207 1096 1258 τὰς
1117 1207 1270 1258 στολὰς
1290 1205 1479 1256 ἐνδύντες
1498 1206 1574 1256 τὰς
1595 1207 1652 1248 ἱε-

115 1288 158 1322 15
171 1278 247 1334 ριὶς
265 1277 369 1333 πρὸς
386 1276 433 1319 τὸ
456 1276 508 1319 τοὶ
529 1281 602 1331 τῆς
621 1281 787 1332 τελετῆς
810 1278 980 1333 ἐνεργεῖν
998 1275 1173 1332 ἑτοίμως
1192 1275 1300 1332 εἶχον
1312 1309 1324 1329 ,
1362 1277 1430 1318 καὶ
1448 1275 1547 1325 τοὺς
1567 1280 1650 1328 βα-
1689 1280 1692 1283 ’

168 1344 406 1396 σαλεύοντας
440 1346 687 1401 περιέμενον.
760 1345 859 1389 ἀλλ’
899 1346 1056 1396 εὐθέως
1088 1353 1252 1389 κινεῖται
1282 1346 1330 1389 τὸ
1359 1345 1544 1399 σκέμμα,
1580 1346 1651 1386 καὶ

165 1415 329 1472 ταραχὴ
351 1411 425 1470 ἦν,
459 1419 544 1457 τῶν
563 1416 639 1469 μὲν
661 1419 796 1458 ταῦτα
815 1419 900 1458 τῶν
922 1415 967 1457 δ’
990 1416 1121 1458 ἐκεῖνα
1147 1413 1362 1471 λεγόντων.
1431 1418 1515 1456 τῶν
1539 1406 1588 1456 δέ
1606 1431 1648 1469 γε

167 1490 244 1539 τῆς
274 1484 491 1541 γερουσίας
508 1485 613 1533 τινες
631 1486 698 1526 καὶ
717 1484 1019 1540 προσηπείλουν
1039 1488 1175 1534 κακῶς
1197 1487 1301 1540 δρᾶν
1321 1483 1369 1526 τὸ
1388 1483 1552 1525 παιδίον
1580 1484 1647 1524 καὶ

168 1555 451 1611 διαχρᾶσθαι,
499 1554 534 1595 εἶ
572 1553 709 1604 ἄλλως
746 1551 940 1611 πράττειν
974 1551 1001 1609 ἢ
1033 1554 1226 1610 ἐκκλησία
1253 1551 1465 1608 βούλοιτο.
1533 1549 1648 1607 λόγοι

246 1689 293 1722 ’1.
315 1684 593 1734 προσδεδέχθαι
613 1685 656 1720 Ρ.
798 1688 854 1721 11.
877 1684 945 1732 τὸ]
971 1683 992 1721 ὁ
1015 1684 1090 1723 vo?

165 1802 310 1837 tistitum
332 1800 398 1835 sibi
420 1800 529 1845 magis
553 1800 709 1835 obnoxiis
733 1804 993 1846 composuerat,
1017 1801 1103 1835 clam
1123 1800 1218 1846 ipsos
1243 1799 1465 1842 conveniens,
1490 1802 1527 1834 et
1548 1799 1644 1833 factu

163 1848 339 1893 indignum
362 1848 613 1892 absurdumque
635 1847 810 1882 affirmans
834 1847 1012 1892 puerulum
1033 1846 1178 1881 rationis
1199 1846 1289 1881 haud
1313 1851 1500 1892 compotem
1524 1847 1644 1890 Augu-

164 1900 219 1930 sto
244 1894 457 1936 diademate,
487 1894 679 1928 ceremonia
701 1894 978 1938 religiosissima,
1013 1893 1213 1928 celebritate
1245 1893 1450 1938 amplissima
1472 1891 1642 1933 decorari,

163 1942 374 1988 plaususque
401 1944 437 1974 et
458 1941 742 1975 acclamationum
766 1940 891 1985 primas
924 1942 1036 1985 ferre,
1073 1950 1111 1974 se
1134 1951 1218 1974 vero
1240 1940 1366 1974 aetatis
1391 1939 1566 1985 perfectae
1589 1937 1643 1972 vi-

163 1999 261 2030 rum,
293 1991 367 2021 tota
390 1987 461 2020 vita
486 1987 646 2031 gerendis
669 1987 815 2031 negotiis
838 1986 992 2021 maximis
1015 1986 1159 2027 tritum,
1190 1986 1353 2021 asseclam
1386 1985 1515 2020 larvati
1538 1995 1641 2019 orna-

163 2040 278 2068 mento
301 2033 487 2078 incongruo
510 2033 666 2067 infantuli
689 2034 826 2068 traduci
848 2033 943 2078 regia
967 2044 1090 2079 pompa
1114 2036 1150 2066 et
1174 2032 1274 2078 plane
1305 2031 1517 2077 triumphari.
1565 2029 1640 2076 qui—

162 2081 227 2115 bus
258 2079 309 2113 illi
340 2091 379 2114 se
413 2090 596 2124 persuasos
629 2079 733 2121 sassi,
764 2081 1020 2125 spoponderunt
1052 2079 1194 2113 daturos
1218 2089 1354 2124 operam
1377 2084 1417 2112 ut
1440 2076 1640 2123 patriarcha

163 2126 382 2161 coronatione
404 2126 500 2171 pueri
523 2127 559 2161 in
583 2137 747 2171 praesens
770 2127 1034 2172 supersederet,
1065 2125 1181 2169 specie
1201 2125 1293 2159 illius
1316 2125 1352 2159 in
1374 2129 1509 2168 tempus
1529 2122 1640 2167 magis

162 2177 388 2218 opportunum
421 2172 645 2207 differendae.
692 2185 796 2218 porro
830 2183 1041 2218 consequens
1064 2172 1144 2206 hinc
1166 2173 1315 2206 futurum
1339 2172 1407 2213 ut‚'
1433 2170 1462 2204 si
1486 2179 1573 2215 puer
1597 2179 1640 2203 ea

161 2220 219 2252 die
240 2230 307 2252 non
330 2224 512 2252 ornaretur
533 2219 754 2264 imperatoria
786 2231 932 2260 corona,
964 2219 998 2253 in
1022 2219 1148 2252 honore
1172 2217 1425 2252 acclamationis
1448 2221 1484 2250 et
1508 2214 1639 2249 cunctis

159 2265 197 2299 id
220 2276 327 2309 genus
349 2265 576 2309 auspiciorum
598 2277 640 2300 ac
662 2265 784 2299 iurium
808 2265 1058 2311 praerogativis
1080 2263 1216 2299 omniuo
1241 2267 1271 2298 ei
1295 2263 1558 2307 subiungeretur
1582 2259 1639 2294 cui

160 2311 227 2346 soli
250 2322 293 2345 ea
314 2310 518 2345 celebritate
539 2312 695 2346 diadema
716 2311 848 2357 imperii
870 2312 1024 2357 augustis
1047 2311 1170 2345 ritibus
1193 2313 1285 2345 esset
1306 2308 1510 2355 impositum.
1558 2318 1639 2341 cae·-

160 2362 270 2391 terum
295 2357 468 2391 addebant
489 2358 651 2392 utendum
675 2363 752 2392 arte
780 2370 822 2392 ac
852 2357 1107 2402 gubernandum
1137 2368 1263 2392 arcano
1287 2355 1427 2390 cons-ilio
1449 2353 1638 2398 negotium,

160 2415 225 2438 nec
246 2402 344 2449 prius
369 2403 413 2436 de
434 2403 495 2437 tali
519 2414 557 2439 re
579 2404 776 2438 hiscendum
800 2416 900 2449 quam
924 2404 994 2438 iam
1017 2403 1176 2438 inchoata
1197 2402 1381 2437 communis
1402 2400 1481 2434 inan
1509 2400 1637 2433 uratio-

158 2449 214 2485 nis
246 2449 458 2491 ceremonia,
489 2461 534 2484 ne
562 2454 782 2495 praemature
812 2450 894 2496 quid
927 2454 1121 2485 strueretur
1154 2449 1305 2484 sentiens
1335 2447 1365 2482 is
1395 2446 1455 2493 qui
1507 2446 1636 2480 iadema

158 2505 236 2530 erat
256 2496 494 2541 impositurus,
517 2501 624 2530 totam
647 2496 893 2531 solemnitatem
916 2499 953 2530 et
975 2508 1019 2530 ex
1043 2507 1154 2542 aequo
1177 2495 1430 2530 coronationem
1454 2491 1636 2540 utriusque

157 2542 380 2576 differendam
405 2542 438 2576 in
460 2548 594 2587 tempus
617 2542 712 2577 aliud
734 2543 947 2576 decerneret.

252 2589 285 2623 8.
331 2588 395 2622 His
427 2588 461 2622 in
490 2589 580 2623 hunc
613 2589 745 2623 modum
779 2588 997 2630 constitutis,
1030 2587 1144 2623 adfuit
1177 2587 1273 2624 dicta
1304 2585 1515 2622 coronationi
1550 2584 1632 2626 dies,

156 2639 284 2669 cuncta
306 2638 406 2669 erant
428 2635 472 2668 ad
496 2635 720 2669 ceremoniam
743 2639 888 2680 parata,
921 2634 1030 2669 sacris
1059 2634 1172 2670 induti
1202 2634 1358 2669 vestibus
1388 2631 1565 2679 praesules
1594 2630 1631 2664 in

157 2680 334 2725 procinctu
358 2680 541 2726 religiosae
563 2681 747 2716 functionis
769 2682 907 2716 stabant
929 2687 966 2716 et
986 2682 1159 2727 Augustos
1180 2681 1424 2728 expectabant,
1447 2689 1524 2713 cum
1547 2687 1632 2711 ecce

155 2725 432 2771 inopinatissima
472 2729 675 2774 proponitur
718 2726 801 2773 quid
835 2727 1058 2772 Palaeologus
1097 2739 1241 2774 aequum
1274 2731 1425 2761 censeat.
1470 2724 1631 2758 turbatur

158 2772 298 2814 statim,
321 2776 358 2807 et
378 2774 476 2808 varie
496 2786 647 2808 murmur
668 2774 799 2819 gliscit,
821 2774 906 2808 haec
922 2774 1134 2820 quomndam
1155 2774 1295 2809 aliorum
1319 2773 1386 2808 alia
1408 2770 1629 2816 loquentium.

158 2819 299 2853 auditae
320 2819 410 2854 iuter
431 2821 518 2855 baec
542 2821 653 2855 minae
675 2820 908 2855 nonnullorum
931 2832 951 2854 e
978 2824 1119 2861 senatu,
1141 2821 1209 2855 vim
1233 2831 1341 2866 puero
1361 2817 1570 2852 inferendam
1595 2819 1631 2848 et

157 2865 263 2899 vitam
293 2865 524 2910 adimendam,
554 2868 584 2902 si
616 2867 837 2902 obfirmas-ent
868 2866 1014 2903 animum
1046 2867 1223 2914 praesules
1252 2867 1286 2901 in
1321 2863 1461 2900 consilio
1485 2863 1559 2898 eius
1582 2862 1630 2897 sic
