1846 3262
212 194 278 242 74
635 194 872 239 GEORGII
904 195 1259 240 PACHYMERIS

212 327 284 354 νον
318 308 377 364 μὴ
406 305 592 366 παρόντα
622 309 686 351 ἐπὶ
715 313 791 353 τοῦ
823 314 960 353 κοινοῦ
991 309 1206 367 συνεδρίου
1233 309 1357 354 ἐποίει
1368 342 1382 363 ,
1428 311 1496 353 καὶ
1534 308 1581 361 ὃς
1607 309 1683 354 οὔκ

216 379 329 434 ἠξίου
353 376 455 433 ὑπὲρ
486 378 586 429 τούς
614 377 767 428 ἄλλους
797 377 870 423 τόν
897 377 1187 436 Παλαιολόγον
1214 377 1280 422 ἐπὶ
1306 384 1390 423 τῶν
1413 383 1560 422 κοινῶν
1581 378 1683 423 εἶναι

213 447 532 490 κατασταθέντα
543 472 567 501 ,-
596 447 702 502 πλὴν
731 449 800 490 καὶ
831 449 895 490 ἐπὶ
920 449 1130 502 μεγίσταις
1159 448 1292 499 ἀξίαις
1321 450 1389 491 κὰὶ
1416 445 1682 502 βασιλεωπά-

210 533 315 572 τορα
335 514 623 573 φημιζόμενᾰν.
694 520 827 560 ταῦτα
846 516 891 559 δ’
915 513 1021 573 ἦσαν
1051 518 1342 574 αἳ“νυκτεριναὶ
1370 516 1474 572 πρὸς
1505 518 1681 567 ἐκείνους

210 585 386 639 πέμψεις
417 586 484 627 καὶ
521 586 685 639 σκέψεις
717 587 783 628 καὶ
816 585 919 640 πρὸς
949 586 996 629 τὸ
1030 587 1180 640 μέλλον
1211 583 1450 640 ὖποσχέσεις
1474 586 1708 642 μεγίσταις5

211 650 518 710 συγκροτήσεσι.
591 654 695 713 (27)
730 658 790 713 τῷ
817 655 896 711 γὰρ
929 653 1098 714 ὖπούλῳ
1127 659 1200 710 τῆς
1227 652 1391 711 γνώμης
1417 655 1485 696 καὶ
1519 658 1577 714 τῷ
1596 658 1679 697 τῶν

210 720 373 776 τρόπων
398 727 643 782 θωπευτικῷ
678 722 809 774 οὕτως
840 722 1026 767 ἑάλωσαν
1051 721 1223 777 πάντες,
1261 721 1316 773 ὥς
1331 723 1545 779 ἐκκλησίας
1565 740 1682 779 γενο-

209 792 334 847 μένης
354 791 425 849 ἐφ’
451 786 485 851 ᾧ
515 793 612 843 τούς
644 791 835 850 ἷεράρχας
865 791 1031 848 συνάμα
1058 800 1145 842 τοΐς
1166 792 1208 836 ἓν
1227 792 1329 835 τέλει
1350 794 1441 849 περὶ
1459 795 1533 846 τῆς
1551 791 1682 849 ἀρχῆς

91 875 120 909 Ρ
142 874 189 911 44
212 861 486 915 σκέπτεσθαι,
520 863 588 904 καὶ
619 859 640 904 ὃ
670 861 810 919 καιρὸς
837 860 964 917 ἐζήτει
994 861 1065 905 τὸν
1085 867 1169 905 τῶν
1191 858 1444 918 πραγμάτων
1468 858 1682 917 ἀφηγησά-

209 947 354 985 μενον,
388 930 488 981 τούς
507 935 582 974 τοῦ
604 931 714 988 ἱεροῦ
738 928 967 986 καταλόγου
986 928 1144 981 πάντας
1163 929 1264 987 ὑπὲρ
1291 931 1443 974 ἐκείνου
1466 929 1590 985 λέγειν
1612 930 1679 972 καὶ
1692 941 1733 976 10

211 998 269 1054 μὴ
298 1003 550 1053 λαλοῦντος,
598 998 653 1050 ὦς
684 999 732 1043 οὗ
762 999 843 1055 χρὴ
869 999 942 1042 τὸν
973 1003 1047 1054 τῆς
1073 1001 1285 1054 βασιλείας
1324 1000 1543 1055 ἐπίτροπον
1553 1031 1568 1052 ,
1611 999 1681 1041 καὶ

210 1072 348 1111 ταῦτα
366 1073 552 1111 τοιοῦτον
576 1067 676 1112 ὅντα
687 1102 700 1122 ,
738 1068 844 1111 κατὰ
863 1068 961 1117 τοὺς
982 1067 1132 1117 ἄλλους
1151 1067 1273 1121 εἶναι,
1305 1067 1403 1111 ἀλλ’
1432 1067 1679 1124 ἐξῃρημένον

211 1141 294 1180 τῶν
323 1141 486 1181 πολλῶν
519 1139 696 1197 μεγίστῳ
720 1134 996 1192 σεμνύνεσθαι
1023 1139 1091 1180 καὶ
1109 1141 1309 1195 βασιλικῷ
1329 1133 1543 1191 ἀξιώματι.
1613 1136 1680 1178 ἐπὶ

210 1207 253 1249 τί
279 1206 358 1262 γὰρ
389 1208 455 1249 καὶ
484 1207 710 1264 φροντίζων
740 1205 940 1264 ὁσημέραι
970 1207 1116 1262 πονοιή
1147 1208 1215 1248 καὶ
1235 1204 1370 1267 φόβον
1391 1207 1433 1248 ἐν
1454 1203 1587 1263 ἑαυτῷ
1606 1203 1680 1248 τὸν

209 1277 399 1331 μέγιστον
430 1275 536 1318 ἕλκοι
547 1309 561 1329 ,
602 1278 636 1318 εἰ
664 1273 723 1332 μή
745 1293 783 1319 τι
815 1277 882 1319 καὶ
907 1277 1128 1333 κερδαίνειν
1145 1274 1228 1330 ἔχοι
1248 1273 1270 1318 ὖ
1291 1271 1414 1318 τόσον
1434 1272 1556 1330 ὄχλον
1575 1272 1678 1316 ἀνα-
1691 1285 1733 1322 15

211 1342 455 1399 ὄεξάμενοςς
491 1346 558 1387 καὶ
578 1344 712 1395 ἄλλως
729 1344 860 1395 οὕτως
886 1344 999 1404 αὐτῷ
1027 1347 1094 1388 καὶ
1114 1344 1160 1387 τὸ
1181 1348 1255 1400 τῆς
1275 1344 1467 1399 ἐπιταγῆς
1483 1339 1677 1399 ἀνυστόν,

160 1418 190 1453 Β
215 1413 322 1470 εἴπερ
343 1411 445 1470 ὑπὲρ
462 1413 559 1464 τοὺς
579 1413 731 1464 ἄλλους
752 1413 809 1457 ὢν
830 1412 1044 1457 ἐπιτάττει.
1089 1412 1215 1456 καλὸν
1233 1410 1509 1467 σεμνύνεσθαι
1529 1413 1680 1454 δεσπο-

209 1484 299 1543 τεία
327 1482 399 1526 τὸν
429 1487 504 1525 τοῦ
534 1483 738 1537 βασιλέως
764 1483 984 1540 ἐπίτροπον
998 1497 1008 1507 ·
1052 1482 1160 1525 οὕτω
1180 1484 1247 1525 καὶ
1268 1481 1346 1539 γὰρ
1367 1481 1494 1531 αὐτὸς
1511 1476 1680 1536 τηρήσει

209 1551 261 1595 τὰ
285 1556 359 1608 τῆς
376 1551 536 1603 εὐνοίας
559 1550 758 1597 ἇθόλωτα
767 1586 782 1607 ,
819 1551 922 1611 πρὸς
939 1552 1011 1596 τὸν
1031 1553 1075 1596 ἐκ
1096 1551 1236 1609 γένους
1254 1547 1528 1607 βασιλεύοντα
1560 1548 1679 1601 ἀξίαν

303 1687 338 1721 9.
362 1685 449 1732 καὶ]
475 1683 581 1723 guez?

211 1789 339 1825 coelum
369 1791 479 1825 ferret
494 1816 506 1833 ‚
536 1793 572 1826 et
605 1802 707 1826 unum
740 1790 883 1826 omnium
923 1790 1152 1837 dignissimum
1185 1787 1403 1838 praedicaret
1436 1785 1678 1838 Palaeologum

210 1835 272 1880 qui
292 1842 470 1882 praeesset
498 1838 599 1872 rebus
625 1842 794 1883 potestate
827 1849 927 1883 quam
956 1837 1160 1882 amplissima
1173 1862 1184 1878 ‚
1217 1835 1339 1881 cuique
1361 1838 1500 1880 praeter
1517 1831 1680 1886 *exquiru-

212 1882 361 1917 tissimos
394 1894 548 1930 quosque
581 1889 738 1919 caeteros
771 1885 918 1919 honores
941 1885 1044 1918 etiam
1078 1883 1260 1928 appellatio
1286 1881 1395 1927 patris
1419 1878 1584 1932 principis
1605 1889 1680 1932 me-

214 1929 282 1962 rito
304 1930 523 1965 tribueretur.
571 1929 627 1964 hic
651 1930 684 1965 ei
717 1931 896 1965 constabat
926 1931 1058 1965 fructus
1082 1933 1326 1964 nocturnarum
1349 1927 1393 1961 ad
1416 1927 1508 1972 ipsos
1531 1928 1681 1978 mis-sita·-

212 1974 343 2009 tionum
367 1981 402 2010 et
425 1976 685 2012 artificiosarum
708 1976 991 2021 significationum
1015 1976 1192 2021 obsequii,
1217 1973 1384 2010 adiunctis
1407 1971 1622 2024 amplissimis
1643 1981 1680 2004 m

212 2026 387 2065 posterum
414 2022 602 2068 promissis.
649 2024 731 2068 (27)
754 2035 831 2057 nam
853 2023 920 2056 ista
944 2022 1065 2057 callida
1091 2022 1219 2056 utilium
1243 2021 1288 2056 ad
1310 2019 1462 2054 occultos
1488 2016 1680 2051 ambitionis

213 2067 300 2101 fines
336 2069 571 2103 blanditiarum
609 2074 685 2103 arte
724 2074 760 2103 et
794 2068 1019 2115 pellacissima
1057 2068 1298 2103 commoditate
1332 2076 1461 2100 morum
1493 2063 1544 2097 ita
1565 2072 1680 2096 omnes

214 2113 309 2158 capti
333 2120 432 2157 sunt,
456 2118 495 2149 ut
518 2126 593 2149 cum
616 2119 800 2150 conventus
823 2116 1007 2150 haberetur
1031 2127 1095 2157 quo
1119 2125 1292 2148 sacrorum
1316 2110 1493 2158 praesides
1517 2120 1583 2143 una
1605 2119 1680 2142 cum

214 2160 424 2204 reipublicae
458 2161 654 2206 proceribus
684 2161 727 2195 de
761 2161 901 2208 imperio
933 2161 1182 2203 deliberarent,
1212 2157 1364 2194 universi
1386 2156 1478 2192 sacri
1504 2155 1680 2201 praesules

216 2207 312 2240 velut
337 2218 379 2240 ex
403 2208 589 2253 composito
613 2220 687 2242 eum
710 2208 754 2242 de
778 2219 816 2242 se
839 2208 993 2242 silentem
1018 2206 1174 2241 certatim
1202 2205 1405 2240 extollerent
1428 2200 1680 2237 studiosissimis

217 2253 431 2287 orationibus
462 2254 560 2288 huius
589 2255 696 2289 ferme
726 2254 934 2296 sententiae,
957 2254 1046 2288 haud
1076 2254 1200 2288 decere
1228 2250 1365 2297 imperii
1387 2254 1554 2290 tutorem,
1578 2258 1680 2292 prae-

213 2299 331 2332 sertim
363 2299 406 2333 iis
440 2300 589 2334 moribus
620 2300 664 2335 iis
695 2300 829 2335 dotibus
867 2299 1078 2346 praeditum,
1108 2299 1225 2334 eadem
1254 2296 1365 2332 teneri
1395 2295 1589 2348 conditione
1611 2304 1681 2339 qua

214 2344 338 2388 vulgus
363 2345 552 2388 hominum,
583 2347 643 2381 sed
667 2347 825 2381 eximium
854 2352 889 2380 et
920 2346 1119 2381 eminentem
1142 2356 1247 2392 supra
1273 2344 1454 2390 plerosque
1477 2351 1622 2375 maxima
1644 2341 1681 2393 et

214 2392 313 2435 regia
335 2392 547 2426 venerationi
569 2392 726 2438 publicae
748 2392 974 2428 commendari
1004 2392 1181 2437 dignitate.
1228 2402 1290 2425 cur
1311 2389 1401 2424 enim
1423 2391 1477 2422 tot
1505 2398 1544 2421 se
1565 2389 1680 2432 quou—

215 2437 272 2470 die
295 2438 384 2471 curis
407 2442 594 2482 attereret,
618 2444 750 2474 tantum
771 2451 930 2484 angorem
953 2451 997 2473 ex
1018 2443 1109 2474 metu
1140 2437 1278 2473 assiduo
1301 2434 1532 2483 periculorum
1552 2432 1680 2477 impen-

216 2483 366 2517 dentium
390 2484 524 2519 subiret
537 2510 548 2523 ,
571 2485 601 2519 si
624 2486 750 2520 nullum
773 2486 838 2532 ipsi
860 2486 990 2520 lucrum
1011 2485 1141 2519 rediret
1164 2496 1206 2518 ex
1240 2489 1311 2518 tam
1332 2481 1539 2516 tumultuosa
1557 2488 1682 2532 procu:

214 2529 347 2564 ratione
369 2529 404 2563 in
439 2531 610 2576 publicum
640 2535 800 2580 suscepta
833 2526 1073 2566 commodum?
1104 2529 1305 2576 praesertim
1336 2539 1411 2562 cum
1432 2526 1501 2561 ista
1514 2536 1623 2579 ‘quam
1647 2533 1681 2558 el

216 2579 372 2620 optamus
406 2587 509 2622 supra
544 2581 700 2612 caeteros
735 2578 935 2612 excellentia
971 2577 1214 2612 efficacitatem
1242 2575 1451 2620 reipublicae
1472 2573 1591 2606 utllem
1614 2569 1681 2605 ad·-

215 2621 372 2657 iunctura
403 2623 449 2658 sit
482 2624 650 2658 mandatis
678 2624 897 2670 imperiisque
930 2624 1144 2668 salubribus,
1177 2624 1307 2668 absque
1329 2618 1447 2656 maiori
1467 2629 1570 2663 quam
1591 2627 1682 2662 quae

214 2679 303 2702 nunc
328 2672 382 2703 est
401 2669 548 2704 iubentis
571 2667 778 2704 auctoritate
798 2669 902 2704 facile
922 2670 1129 2716 impuneque
1151 2667 1374 2715 negligendis.
1419 2664 1558 2710 dignum
1581 2673 1682 2716 Prof-

213 2725 272 2748 sus
303 2726 514 2760 aequumque
548 2719 602 2750 est
633 2716 747 2750 ornari
779 2715 906 2750 domini
936 2716 1166 2762 appellatione
1193 2719 1341 2749 tutorem
1371 2709 1606 2765 imperatoris:
1629 2718 1681 2743 slc

213 2760 301 2794 enim
326 2761 400 2806 ipse
426 2760 598 2800 ¹sincerum
619 2762 782 2797 affectum
805 2768 969 2807 paternae
999 2762 1156 2797 caritatis
1179 2772 1263 2805 erga
1285 2771 1382 2800 eum,
1418 2768 1475 2792 cm
1509 2766 1584 2790 sors
1618 2766 1681 2789 na-

211 2807 328 2841 scendi
352 2808 405 2842 ius
429 2808 563 2853 imperii
587 2807 748 2851 contulit,
771 2808 940 2851 tuebitur,
965 2819 1040 2842 eam
1062 2808 1173 2842 vicem
1195 2806 1300 2843 officii
1321 2809 1470 2840 mutuam
1492 2803 1619 2836 debere
1641 2811 1680 2855 se

212 2854 364 2888 sentiens
389 2853 419 2890 ei
450 2854 546 2890 cuius
580 2865 683 2890 causa
716 2857 752 2889 et
775 2865 915 2890 assensu
937 2854 1004 2890 isto
1040 2866 1078 2890 se
1101 2853 1230 2889 viderit
1255 2853 1383 2888 honore
1405 2853 1552 2886 auctum.
1599 2846 1680 2893 quid
