1846 3262
236 194 331 240 186
656 193 892 238 GEORGII
926 194 1280 249 PACHYMERIS

229 326 391 366 ρυκτον.
463 310 550 356 πῶς
586 301 659 350 οὖν
694 307 734 350 οῗ
759 304 883 351 τόσον
909 305 1194 365 διαφερόμενοι
1234 310 1337 366 πρὸς
1372 311 1446 356 τὸν
1472 307 1695 370 Κάρουλον

83 389 111 422 Ρ
138 389 205 424 124
230 376 442 434 ὅμαιχμεῖν
462 375 567 430 μετὰ
589 380 665 419 τοῦ
685 377 889 429 βασιλέως
919 377 1087 432 ἒῇιιελλον
1107 377 1295 435 πώποτε,·
1357 407 1359 410 <

351 444 492 498 ‘'Opawg
511 444 558 487 τὸ
579 443 858 499 μελετώμενον
879 445 1170 503 ἀπεκρούσθη,
1209 450 1275 490 καὶ
1302 446 1324 491 ὅ
1346 448 1539 503 βασιλεὺς
1558 447 1692 503 ἔμενεν

225 516 288 557 ἐπὶ
312 511 467 569 τρόπου
493 514 559 556 καὶ
580 513 633 556 τὰ
654 512 783 557 αὐτοῦ
804 514 990 571 ἔπραττε.
1062 515 1115 559 τοὶ
1141 515 1186 558 δ’
1206 512 1311 572 ἦσαν
1328 516 1376 560 τὸ
1392 517 1550 571 βουλὰς
1565 514 1700 574 ὖφαί-’

223 601 305 627 νειν
329 582 404 625 σὺν
426 581 645 637 ἄρχουσιν,
683 582 796 633 ὅπως
817 583 1070 637 ἀνακτίζοιτο
1087 585 1162 639 μὲν
1179 583 1204 640 ἦ
1224 583 1342 636 πόλις
1359 585 1428 628 διὰ
1447 585 1601 640 ταχέων
1621 586 1688 629 ἐπ’
1702 596 1724 631 5

222 650 365 709 ἀδήλῳ
399 655 458 710 τῷ
480 652 524 694 τί
545 651 695 694 Ἰταλοὶ
727 660 916 709 φρονοῖεν
945 655 1035 708 περὶ
1065 653 1195 708 αὐτῆς
1213 654 1323 713 (δέος
1344 654 1421 711 γὰρ
1439 654 1496 709 μὴ
1521 654 1693 711 ἀφανῶς

221 719 478 777 ἐπιθοῖντο),
521 719 633 770 ὅπως
660 722 706 763 δὲ
734 723 968 778 φυλαχθείη
992 720 1208 777 Ῥωμαίοις
1234 721 1486 766 ἐπιστάντων
1517 724 1692 776 ἐκείνων,

221 791 287 832 καὶ
305 789 364 844 μὴ
387 789 580 846 φανέντες
601 787 824 846 λαφῦξαιεν
847 789 903 841 ὥς
924 791 966 841 ἓξ
987 790 1166 847 ἀνάγκης
1188 790 1479 847 κραταιότερον
1499 792 1692 846 ἐπιθέμε-

220 876 297 902 νοι.
373 858 470 901 οὐδὲ
492 858 569 914 γὰρ
587 858 749 915 ἠρεμεῖν
779 858 875 902 οὐδὲ
902 860 1048 916 μικρὸν
1068 858 1286 915 ἠκούοντο,
1325 860 1431 903 ἀλλὰ
1451 858 1599 902 στόλον
1615 861 1692 913 μέ,-

168 944 197 977 B
221 945 360 983 γιστον
393 926 472 970 ἀπὸ
506 932 580 983 γῆς
615 929 681 970 καὶ
711 926 933 983 θαλάσσης
962 929 1066 972 κατὰ
1107 933 1183 985 τῆς
1209 927 1363 980 πόλεως
1400 926 1686 985 ἐξαρτύεσθαι.
1702 939 1748 974 10

171 1006 201 1038 C
226 996 295 1055 (9)
333 994 460 1040 ἐδόκει
490 1001 589 1052 γοῦν
619 996 723 1053 πρὸς
755 997 807 1039 τὰ
837 995 1109 1053 παραστάντα
1139 997 1206 1040 διὰ
1234 998 1389 1052 ταχέων
1421 997 1609 1050 ἀνυψοῢν
1637 997 1690 1040 τὰ

218 1067 329 1120 τείχη
355 1070 426 1121 τῆς
452 1063 632 1117 πόλεως,
670 1067 737 1107 καὶ
757 1070 917 1119 μᾶλλον
937 1066 988 1108 τὰ
1018 1067 1122 1123 πρὸς
1152 1071 1203 1124 τῇ
1231 1065 1453 1123 θαλάσσῃ,
1494 1065 1520 1107 ἃ
1546 1065 1597 1120 δὴ
1622 1067 1692 1109 καὶ

214 1134 419 1189 χθαμαλὰ
439 1129 544 1188 ἦσαν
564 1132 727 1184 εἰκότως
746 1139 1191 1191 θαλασσοκρατοῦντος
1205 1134 1296 1178 τότε
1313 1139 1387 1179 τοῦ
1405 1132 1579 1190 πρώτως
1595 1133 1690 1183 ἀνε-

219 1205 429 1259 γείραντος
458 1205 775 1246 Κωνσταντίνου
803 1208 878 1246 τοῦ
912 1203 987 1258 οὐχ
1016 1198 1140 1259 ἦττον
1162 1204 1209 1247 τὸ
1237 1204 1361 1257 σε’βας
1385 1202 1410 1258 ἢ
1431 1203 1505 1253 τὰς
1525 1201 1689 1259 πράξεις

217 1274 433 1327 μεγίστου,
474 1273 780 1327 κατεπείγοντος
813 1273 857 1314 δὲ
874 1276 948 1314 τοῦ
973 1277 1140 1327 καιροῦ,
1179 1273 1261 1315 ἐπεὶ
1282 1272 1357 1315 οὐκ
1377 1272 1503 1326 ἔχοιεν
1519 1272 1684 1328 πέτραις
1699 1283 1743 1318 16

219 1341 295 1384 σὺν
326 1339 475 1398 τιτάνῳ
511 1340 586 1395 τὴν
615 1338 932 1395 ἀνοικοδόμησιν
961 1341 1152 1394 ἐκτελεῖν,
1196 1339 1373 1395 μόσυσι,
1416 1343 1552 1382 σανίσι
1577 1343 1686 1382 πλα-

217 1410 342 1459 τείαις
360 1411 427 1452 καὶ
451 1407 659 1464 ἔπιμήκεσι
683 1409 759 1451 σὺν
787 1414 845 1467 τῷ
869 1411 935 1451 καὶ
952 1410 1154 1466 στιβαρὰς
1174 1410 1277 1466 πρὸς
1294 1410 1341 1453 τὸ
1363 1416 1454 1457 ταῖς
1471 1411 1686 1465 ἐπιφοραῖς

163 1491 195 1526 D
220 1478 397 1534 ἀντέχειν
421 1476 519 1521 εἶναι
529 1510 542 1531 ,
578 1475 676 1528 τούς
692 1495 734 1521 τε
753 1476 933 1535 πύργους
954 1479 1022 1521 καὶ
1042 1479 1095 1523 τοὶ
1115 1479 1225 1535 τεΙχη
1244 1482 1558 1537 προσανυψοῦν,
1583 1477 1686 1536 πρὸς

305 1600 359 1634 17.
385 1600 582 1646 στιβαραῖς
605 1595 699 1643 πρὸς
722 1596 765 1634 τό
789 1595 859 1639 τὰς
882 1597 1071 1645 ἐπιφοράς
1093 1598 1133 1632 Ρ.

213 1702 288 1724 cum
314 1690 439 1724 Carolo
464 1690 648 1724 communis
670 1690 706 1724 in
731 1701 792 1725 nos
815 1690 1046 1736 expeditionis
1065 1690 1265 1726 societatem
1287 1689 1431 1732 inirent,
1461 1689 1594 1735 quicum
1625 1701 1684 1724 ea-

211 1736 373 1781 pitalibus
397 1737 567 1771 commissi
590 1737 678 1771 odiis
701 1737 910 1772 interneciuo
942 1738 1028 1771 bello
1060 1738 1104 1772 de
1136 1739 1231 1770 statu
1264 1742 1300 1770 et
1320 1736 1432 1770 salute
1454 1736 1684 1771 dimicabant?

303 1782 343 1816 In
368 1783 456 1816 hunc
479 1783 612 1817 modum
634 1783 713 1817 illae
736 1784 781 1817 de
810 1795 900 1819 novo
936 1783 1090 1829 coniugio
1113 1781 1330 1828 imperatoris
1353 1782 1575 1826 cogitationes
1599 1794 1682 1816 eva.-

210 1834 379 1871 nuerunt,
413 1828 487 1874 ipso
520 1829 555 1862 in
587 1829 700 1863 officio
734 1835 954 1874 permanente
985 1842 1027 1864 ac
1058 1831 1102 1864 de
1138 1834 1274 1863 caetero
1306 1827 1439 1862 intento
1463 1829 1567 1862 rebus
1598 1828 1680 1862 suis.

209 1874 301 1908 inter
325 1885 409 1920 quas
433 1885 521 1920 quae
542 1879 624 1909 tunc
656 1876 842 1920 urgebant,
875 1880 972 1910 erant
994 1876 1256 1910 deliberationes
1289 1875 1409 1908 crebro
1434 1874 1478 1908 ab
1504 1874 1562 1908 illo
1584 1873 1683 1908 babi-

209 1925 269 1954 tae
292 1932 364 1954 cum
390 1920 509 1966 primis
533 1932 669 1955 suorum
704 1922 747 1955 de
778 1922 1001 1956 restauranda
1033 1921 1277 1967 quamprimum
1309 1921 1418 1961 urbe,
1449 1919 1568 1965 sicque
1591 1920 1681 1954 omni

211 1967 456 2012 praesidiorum
488 1978 614 2010 genere
651 1971 686 2002 et
717 1967 867 2002 intentae
890 1968 1030 2013 vigiliae
1060 1966 1216 2001 custodia
1237 1966 1422 2005 firmanda,
1447 1971 1487 1999 ut
1509 1977 1599 2010 quae
1620 1977 1680 2000 ar-

211 2023 296 2046 cano
326 2013 514 2059 comparari
544 2014 744 2048 ferebantur
776 2015 819 2048 ad
856 2026 928 2048 eam
964 2013 1229 2059 recuperandam
1270 2012 1453 2046 insidiosae
1490 2012 1680 2046 molitiones

210 2058 431 2102 Latinorum,
456 2060 734 2105 quandocumque
761 2059 797 2094 in
822 2060 888 2094 vim
913 2061 1126 2104 erupissent,
1150 2069 1308 2092 successu
1332 2060 1591 2092 frustrarentur.
1633 2057 1678 2092 ti-

210 2105 390 2139 mebantur
414 2105 502 2139 enim
525 2106 680 2140 occultae
712 2112 805 2140 artes
838 2110 873 2141 et
895 2106 1121 2152 proditionum
1150 2105 1299 2139 fraudes.
1347 2105 1520 2149 copiarum
1544 2115 1680 2148 quoque

210 2163 252 2185 ac
284 2156 493 2185 caeterorum
527 2158 748 2197 apparatuum
783 2153 864 2186 belli
894 2153 1079 2187 curabatur
1095 2177 1106 2193 ‚
1137 2155 1176 2185 ut
1209 2155 1341 2184 tantum
1364 2156 1457 2184 esset
1479 2149 1523 2184 ad
1545 2160 1680 2184 manum

209 2201 370 2242 quantum
396 2209 481 2243 opus
503 2203 580 2232 erat
602 2198 647 2232 ad
670 2198 933 2243 prohibendum,
956 2210 999 2233 ne
1020 2198 1138 2233 statim
1162 2199 1265 2242 atque
1283 2197 1318 2231 in
1342 2200 1560 2241 conspectum
1583 2195 1680 2230 urbis

209 2241 362 2277 venisset
384 2243 607 2278 formidabilis
640 2244 716 2283 ille.
750 2257 849 2290 quem
881 2247 972 2279 fama
995 2248 1071 2279 erat
1094 2243 1273 2284 adornari,
1298 2243 1471 2276 exercitus
1501 2242 1678 2283 Italorum,

209 2300 285 2322 eam
319 2290 541 2330 absorberet,
572 2291 635 2324 sed
666 2291 709 2325 ab
742 2290 874 2326 illorum
908 2290 1121 2337 quantumvis
1150 2289 1406 2323 vehementibus
1438 2288 1678 2322 defenderetur

207 2335 389 2369 insultibus
414 2341 448 2369 et
471 2336 622 2370 Romano
654 2337 796 2382 imperio
827 2342 1036 2372 servaretur.
1081 2337 1279 2381 frequentes
1312 2346 1415 2381 porro
1446 2334 1679 2368 memorabant

208 2380 320 2414 nuntii
345 2381 432 2415 haud
469 2393 606 2416 cessare
635 2383 706 2417 ulla
735 2382 770 2417 in
800 2389 902 2429 parte
932 2383 1059 2424 Italos,
1089 2382 1150 2416 sed
1182 2382 1216 2416 in
1249 2380 1475 2427 expeditionis
1505 2384 1677 2425 apparatu

208 2425 335 2471 duplici
359 2431 452 2461 totos
477 2439 576 2461 esse:
608 2439 685 2463 nam
710 2435 746 2464 et
769 2429 910 2464 classem
930 2429 1145 2463 instruebant
1166 2427 1363 2470 maximam,
1386 2438 1474 2473 quae
1495 2425 1582 2460 mari
1603 2435 1676 2459 rem

207 2476 365 2516 gereret,
389 2477 426 2507 et
458 2477 658 2508 terrestrem
690 2476 876 2510 exercitum
899 2475 1130 2521 praevalidum
1154 2475 1351 2516 armabant,
1374 2485 1441 2519 quo
1464 2473 1546 2506 urbs
1568 2471 1677 2505 unde-

208 2529 342 2563 cunque
365 2525 632 2563 oppugnaretur.
681 2522 742 2565 (9)
765 2522 873 2556 uisum
896 2522 1000 2567 igitur
1023 2527 1078 2555 eat
1099 2520 1328 2555 necessarium
1366 2519 1409 2554 ad
1433 2518 1676 2552 occurrendum

206 2564 416 2599 instantibus
439 2570 520 2599 ante
543 2565 652 2600 omnia
682 2578 809 2601 summa
836 2568 1013 2603 celeritate
1035 2566 1167 2601 moenia
1188 2567 1284 2601 urbis
1306 2566 1486 2606 attollere,
1515 2574 1676 2609 praeser-

207 2610 269 2644 tim
293 2622 379 2653 quae
402 2622 495 2645 mare
518 2613 722 2657 spectabant
737 2638 748 2655 ‚
784 2614 912 2659 quippe
941 2626 1028 2660 quae
1060 2613 1236 2647 humiliora
1258 2617 1376 2655 erant,
1409 2622 1451 2645 eo
1474 2611 1533 2656 qui
1555 2609 1675 2644 condi-

206 2656 284 2698 dit,
307 2657 396 2702 quod
421 2657 507 2691 mari
531 2659 785 2702 dominaretur,
817 2661 949 2694 munire
971 2660 1032 2695 illa.
1054 2659 1249 2704 diligentius
1271 2670 1312 2693 ea
1333 2661 1436 2713 parte
1466 2655 1674 2701 superfluum

205 2708 296 2736 rato.
342 2702 374 2737 is
396 2703 463 2737 fuit
486 2703 749 2746 Constantinus,
773 2716 839 2738 non
870 2705 1034 2751 religione
1057 2706 1166 2740 minus
1188 2716 1289 2751 quam
1313 2703 1469 2739 civilibus
1486 2707 1523 2738 et
1543 2700 1676 2736 bellicis

206 2748 294 2782 actis
317 2748 460 2783 maxime
482 2749 642 2794 inclytus.
689 2750 769 2796 quia
799 2762 881 2785 vero
905 2752 1068 2796 angustiis
1100 2752 1265 2796 temporis
1294 2750 1503 2795 urgebantur
1525 2759 1590 2782 nec
1611 2758 1674 2792 pe-

205 2798 282 2827 trae
314 2799 351 2828 et
386 2795 462 2829 calx
497 2795 540 2829 ad
571 2806 705 2830 manum
740 2801 858 2838 erant,
887 2798 1013 2832 tabulis
1043 2798 1125 2833 latis
1155 2803 1192 2832 et
1215 2796 1407 2843 praelongis
1430 2795 1484 2829 usi
1506 2794 1675 2835 trabibus,

205 2851 292 2885 quas
317 2840 374 2875 ubi
397 2840 581 2877 deficiebat
601 2842 777 2877 summitas
807 2842 1031 2889 depressioris
1063 2843 1171 2885 muri,
1205 2841 1328 2878 validis
1349 2841 1494 2878 nexibus
1516 2840 1673 2877 aedificio
