1846 3262
208 229 274 276 36
447 207 451 215 ’
629 224 867 271 GEORGn
900 223 1257 270 PACHYMERIS

208 341 253 386 αἱ
278 340 359 398 γὰρ
389 343 550 397 πρῶται
577 343 662 383 τῶν
685 338 951 397 θυγατέρων,
987 335 1015 395 ἦ
1042 339 1117 395 μὲν
1140 342 1200 398 τῷ
1227 337 1490 396 Βουλγαρίας
1513 336 1682 395 ἄρχοντι

208 410 512 467 Κωνσταντίνῳ
533 412 591 467 τῷ
614 409 747 468 Tam)
758 441 771 463 ,
809 407 836 464 ἡ
856 409 901 452 δὲ
920 411 977 467 τῷ
994 413 1069 452 τοῦ
1090 411 1260 452 δυσικοῦ
1281 405 1481 451 δεσπότου
1505 408 1680 463 ΙΙΊιχαὴλ

211 481 326 523 παιδὶ
355 474 613 536 Νικηφόρῳ,
651 478 755 534 πρὸς
780 475 914 534 γάμον
943 476 1139 535 ἴφθασαν
1175 478 1412 531 ἐκδοθῆναι.
1481 474 1504 520 ὃ
1532 477 1584 532 δὴ
1612 477 1681 519 καὶ

156 560 188 594 Ε
211 544 471 605 προεσήμηνέ
494 563 533 589 τι
563 553 756 602 σημεῖον·
783 545 899 602 ἥλιος
928 546 1006 603 γὰρ
1038 546 1256 590 {amacina
1286 545 1359 603 ἐφ’
1393 543 1507 602 ὥραν
1537 546 1680 602 τρίτην

209 621 284 672 τῆς
317 616 436 671 ἕκτης
465 612 645 671 ἡμέρας,
683 617 751 658 καὶ
776 615 894 671 βαθῦ
924 613 1072 666 σκότος
1101 615 1148 658 τὸ
1179 620 1261 658 πᾶν
1280 612 1537 671 κατειλήφει,
1576 612 1713 657 ὥστε5

210 686 276 729 καὶ
305 683 441 740 ι’ίστρα
467 688 648 741 φανῆναι
675 684 771 728 κατ’
808 684 1000 742 οὐρανοῦ.
1074 686 1141 728 καὶ
1170 684 1222 739 δὴ
1254 681 1479 741 ἁρπάζεται
1507 684 1574 726 καὶ
1600 681 1680 738 πρὸ

209 753 321 811 ὥρας
343 752 447 810 ἀνὴρ
466 757 689 808 βασιλικῶς
711 753 785 809 μὲν
806 756 874 797 καὶ
893 755 1109 810 γιεννηθεῖςΥ
1131 755 1199 796 καὶ
1229 753 1421 810 τραφείς,
1458 755 1682 807 βασιλικῶς

209 822 256 865 d’
291 821 488 878 ἀναχθεὶς
519 823 585 865 καὶ
616 824 876 875 παιδευθείς,
913 822 989 866 κᾶν
1017 824 1050 865 εἲ
1078 827 1136 881 τῷ
1165 824 1289 879 πατρὶ
1313 822 1361 865 οὐ
1380 818 1602 879 προσεῴκει
1633 819 1681 863 τὸ

209 889 330 946 βαθύ
358 907 403 934 τε
430 891 499 934 καὶ
520 891 689 935 συνετὸν
718 891 822 948 πρὸς
844 890 865 934 ὅ
886 908 925 934 τι
946 891 1050 943 λέξοι
1071 893 1138 935 καὶ
1157 889 1305 948 πράξω
1324 892 1391 934 καὶ
1411 890 1460 933 τὸ
1481 894 1557 946 τῆς
1576 887 1683 946 γνώ-

212 977 295 1016 μης
321 956 491 1017 στερρόν
521 976 564 1003 τε
591 962 658 1003 καὶ
689 958 972 1016 ἀμετάθετον,
1011 960 1107 1003 ἀλλ’
1129 955 1202 1004 οὖν
1224 961 1268 1003 ἐκ
1288 957 1460 1004 πάππου
1483 959 1558 1014 μὲν
1579 958 1682 1014 ἔχων
1695 966 1740 1001 10

92 1037 122 1071 Ρ
145 1037 191 1072 20
213 1029 262 1073 τὸ
289 1030 331 1079 ἐς
363 1027 488 1071 πάντ’
523 1028 594 1080 ὀξὺ
622 1031 689 1072 καὶ
717 1027 977 1087 μεγαλόφρον
997 1031 1064 1073 καὶ
1085 1027 1269 1087 ἁρεΐκόν,
1305 1029 1349 1071 ἐκ
1379 1029 1423 1071 δὲ
1447 1027 1605 1084 μητρὸς
1635 1026 1684 1071 τὸ

214 1095 574 1156 φιλοδωρότατον,
613 1096 669 1148 ὥς
697 1098 811 1149 ὅλαις
829 1099 945 1156 χερσὶ
962 1105 1049 1149 τοῖς
1065 1096 1261 1154 ὑπηκόοις
1280 1098 1332 1140 τὰ
1349 1094 1546 1154 χρήματα
1565 1098 1684 1148 ἐξαν-

213 1171 323 1211 τλεῖν
353 1168 420 1209 καὶ
441 1166 714 1217 ἓξαντλοῦντα
736 1167 811 1223 οὐχ
832 1166 944 1218 ὅπως
964 1168 1164 1211 ἀνιᾶσθαι
1185 1165 1289 1209 ἀλλὰ
1312 1167 1378 1208 καὶ
1398 1166 1575 1222 χαίρειν,
1614 1181 1686 1221 φι-

214 1233 499 1292 λολογώτατος
532 1234 576 1277 δ’
611 1237 652 1287 ἐς
680 1236 733 1279 τὰ
753 1235 935 1292 μάλιστα
956 1236 1034 1290 ὤν,
1073 1238 1141 1279 καὶ
1163 1240 1263 1278 πᾶσι
1280 1235 1356 1290 μὲν
1377 1238 1552 1291 λογικοῖς
1571 1233 1685 1290 εὐερ-

215 1309 383 1361 γετικῶς
414 1303 772 1361 προσφερόμενος,
811 1305 887 1360 οὐχ
916 1299 1043 1361 ἧττον
1061 1306 1106 1348 δὲ
1125 1306 1191 1348 καὶ
1213 1303 1338 1354 αὐτὸς
1363 1294 1502 1361 λογικῇ
1521 1303 1684 1362 παιδείᾳ
1697 1311 1740 1348 15

215 1371 531 1430 προσεσχηκώς,
569 1373 617 1416 οὗ
647 1378 808 1428 μᾶλλον
837 1375 880 1417 ἐκ
913 1372 1140 1430 μαθήσεως
1173 1372 1200 1429 ἢ
1230 1370 1394 1431 φύσεως
1424 1372 1500 1428 τὴν
1527 1371 1684 1429 περὶτὰ

215 1438 388 1499 γράφειν
424 1439 599 1497 δύναμιν
633 1442 756 1498 ἔχων,
797 1441 853 1493 ὥς
881 1445 949 1486 καὶ
978 1443 1111 1486 πολλὰ
1142 1440 1363 1500 ἔπιρρῦδην
1385 1440 1614 1494 ἐκτιθέναι,
1652 1441 1687 1483 εἰ

217 1508 345 1566 μόνον
376 1507 613 1566 ὁρμήσειεν·
651 1511 730 1555 ἔδει
761 1509 863 1569 γάρ,
900 1513 967 1555 καὶ
990 1516 1132 1556 σιωπῶ
1152 1511 1205 1555 τὰ
1223 1515 1416 1564 πλεῖστα,
1451 1508 1476 1566 ἦ
1507 1526 1688 1567 περιφα-

165 1586 196 1621 Β
219 1579 292 1634 νὴς
313 1577 429 1636 ἇγίου
453 1577 675 1637 ἐφειστήκει
699 1578 863 1637 μνήμη,
901 1580 1020 1625 οὐδὲν
1040 1580 1304 1638 προσθέντα,
1333 1578 1367 1636 ἦ
1393 1577 1505 1628 ὅπως
1525 1577 1687 1636 μακρὸν

218 1653 303 1691 τῶν
333 1646 586 1704 πραγμάτων
621 1649 847 1702 ἀνεθέντα,
886 1648 974 1700 ἑνὸς
1005 1655 1088 1694 τῶν
1119 1654 1194 1693 τοῦ
1217 1647 1370 1706 κλήρου
1398 1646 1743 1704 σχολαιότερονρο

219 1716 268 1761 τὸ
285 1717 637 1775 προκαταρκτικὸν
655 1723 730 1763 τοῦ
750 1718 911 1777 ὄρθρου
930 1723 1255 1776 μονολογοῦντος
1273 1715 1514 1774 ἑξάψαλμον
1533 1714 1687 1761 κανόνα

310 1844 664 1895 ammaon).

221 1965 361 1998 fuerant
396 1963 432 1998 in
464 1962 738 2007 matrimonium,
775 1977 843 2001 una
877 1965 1009 2012 quidem
1044 1965 1270 2002 Constantino
1303 1966 1425 2001 Techo
1457 1964 1688 2010 Bulgarorum

222 2009 402 2056 principi,
445 2010 556 2045 altera
597 2023 681 2046 vero
713 2012 916 2058 Nicephoro
949 2012 1132 2047 Michaelis
1166 2015 1332 2059 despotae
1367 2011 1571 2046 Occidentis
1602 2011 1688 2045 filio.

222 2067 287 2091 nec
315 2056 419 2101 plane
448 2055 655 2102 improvisus
692 2057 817 2093 accidit
846 2059 902 2093 hic
937 2070 1036 2093 casus
1055 2084 1065 2102 ‚
1100 2059 1231 2105 quippe
1256 2058 1516 2104 praenuntiatus
1545 2055 1689 2091 coelesti

224 2106 401 2148 portento.'
446 2103 570 2137 etenim
593 2104 645 2139 sol
668 2104 843 2140 defecerat
865 2104 910 2140 ad
933 2105 1050 2141 horam
1073 2105 1210 2140 tertiam
1233 2110 1356 2140 sextae
1380 2104 1470 2146 diei,
1504 2106 1540 2137 et
1560 2103 1689 2137 densae

222 2149 390 2183 tenebrae
415 2153 549 2184 ¹cuncta
581 2151 928 2197 comprehenderant,
963 2152 1049 2186 adeo
1073 2157 1111 2186 ut
1134 2155 1345 2198 apparerent
1378 2150 1499 2186 stellae
1522 2160 1586 2195 per
1608 2160 1690 2183 coe-

223 2194 302 2229 lum.
348 2193 400 2229 ita
435 2195 648 2241 praeripitur
680 2199 806 2232 acerba
835 2200 944 2233 morte
973 2197 1027 2233 vir
1058 2197 1155 2242 regie
1186 2202 1287 2232 natus
1318 2201 1354 2232 et
1388 2196 1557 2238 nutritus,
1590 2194 1690 2240 regie

224 2251 365 2286 quoque
395 2240 562 2289 educatus
593 2247 629 2278 et
660 2242 820 2286 edoctus,
852 2244 943 2290 patri
974 2256 1040 2278 non
1062 2244 1122 2278 ille
1144 2244 1280 2290 quidem
1315 2242 1429 2278 similis
1456 2243 1492 2277 in
1514 2240 1690 2296 profunda

225 2292 525 2340 consummataque
549 2289 729 2335 prudentia
753 2290 918 2325 dictorum
942 2290 1073 2336 pariter
1104 2295 1140 2325 et
1172 2296 1345 2334 actorum,
1379 2300 1490 2335 neque
1513 2300 1549 2322 m
1571 2288 1692 2322 immu-

225 2332 327 2367 tabili
350 2334 543 2369 constantia
572 2336 674 2370 semel
707 2340 801 2371 recte
823 2336 1059 2376 decretorum,
1095 2340 1267 2370 caeterum
1292 2348 1334 2371 ex
1359 2347 1424 2371 avo
1448 2335 1578 2370 habens
1599 2333 1692 2368 cele-

228 2389 300 2413 rem
324 2378 369 2413 ad
393 2379 526 2423 omnia,
562 2382 732 2417 excelsum
755 2395 795 2418 ac
819 2394 976 2428 magnum
998 2382 1157 2427 belloque
1180 2394 1292 2417 acrem
1317 2383 1483 2424 animum,
1516 2392 1558 2415 ex
1582 2384 1692 2414 matre

228 2435 313 2460 vero
345 2425 689 2466 beneficentissimam,
714 2434 890 2471 naturam,
928 2441 1016 2474 quae
1040 2429 1200 2463 ambabus
1224 2429 1380 2463 manibus
1402 2429 1493 2463 dona
1512 2426 1550 2461 in
1572 2425 1694 2460 subdi-

229 2474 284 2504 tos
307 2470 522 2516 effunderet,
547 2475 638 2509 nullo
662 2486 815 2509 moerore
837 2474 1045 2521 largissime,
1070 2475 1169 2510 immo
1193 2475 1371 2509 effundere
1395 2473 1575 2520 gauderet.
1616 2476 1693 2506 stu-

229 2515 439 2571 diosissimus
471 2519 507 2552 in
539 2519 658 2566 primis
689 2521 885 2564 literarum,
920 2526 957 2557 et
987 2521 1143 2556 literatos
1170 2522 1330 2568 amplecti
1357 2519 1534 2555 beneficiis
1556 2518 1692 2560 solitus,

230 2563 444 2599 meditationi
465 2564 547 2611 quin
571 2565 672 2601 etiam
696 2567 897 2612 optimarum
929 2567 1052 2602 artium
1075 2567 1247 2610 intentus,
1275 2573 1312 2602 et
1333 2578 1401 2601 nou
1423 2565 1531 2611 magis
1551 2563 1694 2598 institua-

231 2608 325 2644 tione
355 2621 453 2657 quam
485 2610 599 2647 indole
621 2624 776 2659 magnam
799 2613 976 2658 eleganter
1005 2614 1180 2649 scribendi
1202 2614 1401 2649 facultatem
1423 2615 1620 2652 assecutus,
1654 2611 1695 2644 ut

231 2654 336 2690 multa
366 2656 494 2692 diserte
524 2663 742 2704 componeret
776 2660 911 2706 quoties
937 2660 1026 2694 tanti
1055 2660 1198 2695 duceret
1222 2660 1258 2695 in
1281 2660 1317 2694 id
1339 2658 1548 2694 incumbere.
1594 2655 1694 2690 cuius

232 2701 285 2734 rei
316 2701 549 2738 documentum
584 2705 716 2748 (multa
747 2705 872 2740 similia
900 2706 1077 2751 reticens)
1109 2707 1243 2741 unicum
1279 2707 1462 2752 proferam.
1507 2702 1567 2737 ubi
1602 2702 1693 2736 sule-

233 2746 343 2781 mnius
366 2749 477 2784 sancti
499 2750 685 2797 cuiuspiam
708 2752 830 2787 festum
854 2751 1036 2794 illuxerat,
1060 2764 1128 2787 non
1153 2753 1220 2788 alia
1246 2752 1399 2787 adhibita
1425 2761 1510 2798 prae
1536 2748 1694 2783 aratione

233 2804 345 2848 quam·
367 2795 569 2832 avocatione
600 2797 721 2832 mentis
752 2809 774 2832 a
804 2798 974 2852 negotiis,
1009 2809 1076 2832 uno
1108 2799 1207 2834 modo
1242 2799 1442 2834 clericorum
1464 2807 1502 2830 se
1528 2793 1617 2829 atius
1640 2793 1696 2827 di-

231 2843 461 2887 stinctiusque
487 2843 727 2888 pronuntiante
748 2855 918 2879 senarium
942 2845 1147 2891 psalmorum
1170 2843 1230 2891 qui
1252 2844 1427 2892 praemitti
1444 2842 1695 2877 consueverunt

232 2886 397 2922 matutino
421 2888 557 2935 cantui,
581 2890 730 2936 elogium
751 2889 866 2933 beati,
889 2891 982 2938 quod
1007 2897 1132 2928 vocant
1154 2903 1338 2935 canonem,
1363 2901 1405 2927 ex
1428 2891 1582 2935 tempore
1607 2897 1696 2934 pan-
