1884 3262
440 197 516 239 DE
548 195 832 239 MICHAELE
858 196 1236 241 PALAEOLOGO
1271 199 1319 241 L.
1356 199 1413 242 V.
1561 200 1658 245 337

187 309 263 366 γᾶς
287 313 370 352 τοῦ
394 307 609 353 θανάτου·
645 310 749 367 πρὸς
776 310 855 367 γὰρ
883 318 974 360 ταῖς
991 310 1138 363 ἄλλαις
1158 313 1225 355 καὶ
1248 313 1349 366 μιάν
1372 312 1448 367 τὴν
1467 313 1572 356 κατὰ
1592 331 1657 357 νε-

187 382 306 436 φρῶν
332 377 409 433 εἶχε
440 381 600 435 καιρίαν
628 379 876 423 ἀπειλοῦσαν
908 378 1110 424 θάνατον.
1181 379 1283 424 ὅθεν
1300 382 1368 424 καὶ
1392 383 1548 438 ἰατροῖς
1568 383 1653 425 lm·-
1679 393 1708 426 C

187 448 382 502 μεληθεὶς
400 449 467 490 καὶ
487 446 606 502 μόλις
625 449 728 505 πρὸς
748 448 794 491 τὸ
816 446 1080 503 ὑγιεινότερον
1102 450 1240 500 κλίνας
1257 449 1304 492 τὸ
1325 451 1415 506 περὶ
1437 450 1567 493 αὐτοῦ
1590 453 1659 494 δε-

189 516 366 558 δοικέναι
386 516 482 566 τοὺς
502 517 680 567 πολλοὺς
708 516 921 574 ἀφῃρεῖτο.
991 518 1075 558 ἐπεὶ
1099 518 1144 560 δὲ
1167 520 1234 560 καὶ
1255 517 1444 573 ἇγάλλειν
1462 519 1541 562 ἔδει
1559 524 1659 563 τοῦ-

155 596 176 631 5
192 601 262 627 τον
282 584 352 627 τὸν
369 585 543 638 βασιλέα
561 585 774 628 ἀντίποινα
801 589 883 628 τῶν
911 586 1052 628 δεινῶν
1073 579 1130 628 ὧν
1148 586 1374 641 ἐκαρτέρει,
1411 591 1470 646 τῷ
1490 592 1565 630 τοῦ
1582 605 1659 643 με-

188 650 316 709 γάλου
337 653 483 703 δουκός
501 659 609 714 τιμᾷ
623 652 838 707 ἀξιώματι.
895 651 916 696 ὅ
939 654 1078 709 μέντοι
1095 671 1138 710 γε
1159 653 1340 711 ἀδελφὸς
1360 659 1434 698 τοῦ
1454 661 1658 710 κρατοῦν-

188 737 260 771 τος
282 718 511 777 ὃἸωάννης
531 723 607 777 τὴν
626 724 760 764 αι’τίαν
780 721 1027 777 ἂπαιτηθεῖς
1051 722 1155 779 παρ’
1179 722 1229 778 ἣν
1252 725 1319 766 καὶ
1340 723 1392 766 τὰ
1413 728 1488 778 τῆς
1507 726 1658 768 δεσπο-

188 790 298 839 τείας
316 789 494 843 ἀπέβαλε
514 789 719 844 σύμβολα,
755 791 827 833 καί
844 790 884 845 y'
909 790 1150 847 ἀποκριθεὶς
1171 791 1224 834 τοὶ
1238 792 1288 842 ,ἐς
1305 789 1441 848 χάριν,
1480 791 1535 843 ὥς
1556 794 1658 837 υἱῶν

188 858 340 901 ἐκείνου
371 858 669 914 ἀνδρωθέντων
703 859 783 914 ’ἤδη
813 859 871 914 μὴ
900 858 950 902 ἂν
973 861 1128 903 δίκαιον
1147 858 1247 903 εἶναι
1267 862 1505 912 δεσποτείας
1523 861 1655 917 ὄνομα
1678 876 1710 910 D

134 940 178 974 10
191 926 324 983 φέρειν
345 927 442 976 τοὺς
465 927 623 978 ἔξωθεν
635 960 649 980 ,
687 930 754 970 καὶ
777 928 1109 984 προσαπεδίχθη.
1154 927 1255 971 ὅθεν
1276 931 1343 972 καὶ
1364 930 1502 984 κοινὴν
1524 930 1660 980 ἄλλως

186 995 231 1037 ἐκ
253 994 598 1051 χρυσοσύρματος
624 994 862 1051 καλύπτραν
893 997 1132 1050 ἐνθέμενος,
1170 998 1459 1054 μελαμβαφίσι
1480 1000 1525 1041 δὲ
1542 1001 1658 1041 πεδί-

186 1067 272 1112 λοις
293 1065 463 1113 καὶτοῖς
486 1064 592 1106 καθ’
610 1066 736 1106 ἵππον
759 1069 996 1119 στολισμοΐς
1022 1063 1234 1122 χρώμενος
1242 1098 1257 1119 ,
1285 1064 1415 1121 μόνον
1435 1066 1484 1110 ‘td
1508 1066 1658 1111 δεσπό-

185 1147 260 1186 της
281 1135 506 1186 κεκλῆσθαι
526 1132 802 1189 ἀναφαίρετον
825 1131 916 1188 εἶχε.

325 1202 370 1245 2.
445 1201 511 1243 Τὰ
533 1200 673 1255 μέντοι
700 1204 777 1256 τῆς
805 1201 1019 1256 ἐκκλησίας
1049 1198 1177 1245 ἐνόσει
1207 1206 1466 1259 περιφανῶς,
1512 1206 1581 1247 καὶ
1607 1204 1655 1248 τὸ
1679 1216 1708 1250 Ρ
1733 1218 1798 1252 231

133 1275 176 1311 15
189 1269 340 1323 σχίσμα
367 1271 423 1319 εἷς
452 1269 558 1325 μέγα
588 1269 735 1326 ᾔρετο,
771 1274 856 1313 τῶν
868 1270 1139 1327 Ἀρσενιατῶν
1156 1272 1220 1313 ἐπὶ
1238 1272 1360 1314 πλέον
1379 1273 1658 1328 προστιθεμέ-

186 1354 294 1388 νων,
331 1335 387 1387 ὥς
416 1337 473 1392 μὴ
500 1336 653 1392 μόνους
672 1338 846 1388 ἐκείνους
869 1339 914 1381 οἳ
930 1339 981 1392 δὴ
1003 1342 1062 1396 τῷ
1079 1336 1312 1396 πατριάρχῃ
1327 1339 1519 1399 ’Λρσενίῳ
1539 1341 1658 1383 ἐντυ-

184 1402 325 1459 χόντες
345 1404 453 1448 εἶδον
473 1407 688 1460 σχίζεσθαί
705 1423 745 1448 τε
765 1409 831 1449 καὶ
851 1410 997 1462 ζηλοῦν
1014 1405 1116 1462 ὑπὲρ
1136 1408 1308 1460 ἐκείνου,
1348 1407 1454 1450 ἀλλὰ
1473 1410 1541 1450 καὶ
1560 1409 1659 1459 τοί-ς

185 1476 272 1528 μηδ
279 1473 291 1489 '
313 1472 418 1524 ὅλως
440 1473 605 1525 ἰδόντας
624 1475 990 1532 καθυπαγομένους
1011 1482 1097 1525 τοῖς
1115 1474 1267 1526 ἅλλοις.
1340 1476 1440 1519 ποτὲ
1457 1478 1586 1520 δὲκαὶ
1608 1477 1655 1521 τὸ

186 1650 354 1696 perabat,
389 1649 442 1684 ita
474 1649 708 1684 decumbentis
739 1661 782 1684 ex
810 1649 1006 1684 vulneribus
1038 1651 1148 1685 navali
1181 1651 1312 1696 praelio
1346 1651 1497 1697 acceptis
1521 1656 1559 1687 ut
1582 1653 1654 1687 eius

189 1697 282 1730 vitae
313 1695 502 1730 timeretur.
549 1697 666 1730 horum
698 1701 775 1730 erat
805 1696 979 1730 vulnerum
1003 1707 1103 1731 unum
1127 1698 1328 1742 praesertim
1351 1698 1387 1732 in
1410 1698 1547 1732 renibus
1571 1711 1654 1743 gra-

186 1742 283 1784 vius,
314 1753 358 1776 ex
393 1753 461 1787 quo
493 1746 685 1776 secuturam
719 1746 860 1775 mortem
894 1742 1049 1787 plerique
1080 1743 1326 1778 ominabantur.
1371 1744 1510 1778 evanuit
1541 1749 1655 1779 tamen

186 1787 287 1821 triste
317 1788 516 1831 augurium,
548 1787 685 1821 medicis
717 1787 816 1822 enixe
847 1788 891 1822 ad
924 1788 1108 1822 curandum
1142 1800 1282 1833 aegrum
1305 1801 1370 1823 nec
1393 1790 1466 1823 sine
1492 1801 1654 1826 successu

187 1833 491 1874 contendentibus,
517 1833 568 1867 ita
592 1839 631 1868 ut
654 1833 749 1868 brevi
778 1838 856 1878 post
886 1838 1039 1879 tempore
1062 1846 1127 1868 non
1151 1835 1264 1869 dubiis
1286 1835 1463 1870 rediturae
1485 1836 1653 1871 valetudi-

185 1879 240 1914 nis
261 1878 392 1913 indiciis
415 1880 634 1922 extantibus,
664 1880 722 1925 qui
745 1879 819 1913 eius
842 1891 947 1914 causa
978 1880 1102 1914 soliciti
1134 1882 1294 1924 fuerant,
1327 1893 1411 1916 cura
1431 1881 1655 1926 solverentur,

185 1925 319 1970 quando
341 1925 527 1971 imperator
549 1936 683 1959 suarum
707 1937 784 1959 esse
806 1926 953 1970 partium
988 1932 1086 1960 ratus
1110 1927 1275 1961 consolari
1298 1939 1434 1973 passum
1457 1932 1494 1962 et
1516 1928 1655 1973 pericli-

184 1976 295 2005 tatum
325 1982 388 2005 sua
421 1982 525 2006 causa
547 1971 648 2004 talem
673 1971 804 2013 virum,
838 1971 983 2016 pretium
1007 1971 1040 2006 ei
1064 1984 1299 2007 aerumnarum
1322 1985 1364 2008 ac
1384 1975 1561 2018 plagarum
1596 1986 1652 2009 re-

186 2017 305 2060 pendit
334 2016 501 2062 amplum,
533 2017 644 2061 magni
675 2017 771 2051 ducis
803 2017 971 2062 dignitate
1002 2017 1111 2063 ipsum
1142 2019 1349 2054 honorando.
1395 2022 1505 2054 frater
1537 2025 1650 2055 autem

186 2061 385 2107 imperantis
407 2062 572 2104 Ioannes,
596 2074 671 2096 cum
694 2069 787 2097 esset
808 2075 850 2097 ex
877 2075 919 2097 eo
942 2065 1130 2108 quaesitum
1155 2076 1214 2099 cur
1237 2065 1401 2110 despotae
1420 2065 1565 2109 insignia
1588 2066 1649 2099 de-

185 2108 377 2153 posuisset,
409 2108 555 2143 obnoxie
576 2109 620 2142 ad
643 2109 790 2152 gratiam
823 2111 1019 2154 respondit,
1053 2115 1232 2156 postquam
1263 2112 1329 2145 iam
1352 2110 1414 2144 filii
1437 2122 1480 2144 ex
1494 2111 1650 2155 Augusto

188 2153 260 2187 nati
283 2153 318 2187 in
340 2154 434 2188 viros
458 2154 698 2197 adolevissent,
721 2155 811 2189 haud
835 2166 978 2200 aequum
1002 2166 1078 2190 esse
1101 2156 1300 2201 despoticae
1325 2155 1507 2201 potestatis
1529 2167 1650 2191 nomen

185 2198 220 2233 in
243 2199 415 2233 extraneis
436 2200 588 2234 haerere.
636 2204 778 2245 accepta
800 2201 976 2246 responsio
1000 2207 1075 2242 est,
1098 2202 1310 2246 libenterque
1332 2201 1385 2235 uti
1406 2201 1566 2247 deinceps
1587 2213 1651 2237 sua

135 2258 139 2265 ¹
187 2244 256 2278 ista
287 2244 455 2279 modestia
487 2245 647 2280 Ioannem
681 2246 888 2292 imperantes
923 2246 1159 2291 permiserunt.
1205 2259 1287 2290 ergo
1308 2247 1337 2280 is
1360 2257 1422 2293 pro
1445 2258 1550 2281 aureo
1572 2247 1650 2282 fim-

186 2289 323 2332 briato,
347 2301 456 2335 quem
488 2291 586 2335 prius
615 2297 839 2336 gestaverat,
874 2294 1048 2337 vulgarem
1080 2291 1263 2338 promiscui
1287 2303 1368 2327 usus
1398 2293 1504 2338 cap³ti
1524 2293 1647 2339 pileum

184 2334 366 2380 imposuit3
389 2335 494 2380 nigris
517 2347 652 2382 quoque
674 2337 788 2372 induit
810 2338 914 2383 pedes
939 2338 1074 2380 calceis,
1097 2338 1202 2383 nigris
1225 2349 1331 2384 equos
1352 2339 1508 2384 proprios
1527 2340 1648 2385 ephip-

185 2380 252 2426 piis
275 2380 446 2415 instravit.
493 2381 636 2416 vocitari
659 2386 770 2417 tamen
793 2383 827 2417 in
852 2388 1025 2428 posterum
1050 2395 1186 2429 quoque
1208 2383 1372 2430 despota,
1395 2388 1435 2418 ut
1455 2389 1558 2427 ante,
1579 2397 1646 2420 non

186 2426 308 2468 desiit,
338 2426 462 2472 populo
485 2438 528 2459 ex
553 2428 794 2463 consuetudine
816 2429 1013 2472 deferente,
1036 2441 1099 2464 nec
1120 2429 1283 2475 Augustis
1305 2429 1552 2472 invidentibus,
1575 2443 1647 2467 me-

185 2482 258 2506 rum
282 2475 318 2506 et
339 2483 378 2505 re
398 2471 590 2516 significata
613 2485 756 2508 vacuum
778 2486 910 2509 nomen.

275 2519 310 2552 2.
357 2517 496 2551 Interim
525 2519 778 2554 ecclesiasticae
807 2531 863 2554 res
890 2519 1100 2555 manifestius
1129 2520 1194 2556 iam
1222 2532 1322 2568 quam
1345 2524 1386 2556 ut
1405 2526 1524 2567 posset
1544 2521 1646 2557 dissi-

184 2562 304 2598 mulari
326 2564 550 2605 laborabant,
583 2567 619 2597 et
641 2565 784 2602 schisma
805 2566 1020 2600 incrementis
1042 2566 1235 2611 ingentibus
1258 2568 1470 2612 augebatur,
1492 2568 1644 2613 plurimis

184 2619 223 2642 se
254 2608 290 2642 in
322 2607 396 2643 dies
429 2609 472 2644 ad
504 2609 756 2645 Arsenaitarum
786 2612 965 2646 factionem
988 2612 1203 2648 addentibus.
1249 2625 1359 2659 neque
1380 2614 1466 2648 enim
1490 2614 1514 2647 ii
1538 2614 1644 2648 solum

185 2653 244 2698 qui
265 2655 440 2689 Arsenium
462 2655 691 2700 patriarcham
711 2656 867 2691 viderant
890 2657 988 2703 eique
1008 2658 1228 2702 studuerant,
1251 2659 1451 2695 abscindere
1473 2671 1512 2694 se
1534 2659 1599 2693 iam
1623 2671 1644 2693 a

185 2700 413 2735 communione
445 2700 719 2736 adversariorum
749 2703 823 2737 eius
849 2707 885 2738 et
915 2714 978 2749 pro
1009 2704 1115 2750 ipsius
1139 2705 1351 2740 restitutione
1374 2711 1509 2740 certare
1532 2705 1644 2750 palam

185 2746 423 2789 cernebantur,
449 2747 510 2781 sed
532 2753 569 2781 et
592 2747 646 2780 alii
670 2748 794 2793 passim
816 2750 908 2784 nulla
929 2749 1018 2784 illius
1042 2751 1206 2797 peculiari
1228 2751 1371 2794 notitia,
1395 2751 1484 2786 nullo
1507 2750 1543 2784 in
1566 2762 1642 2785 eum

184 2791 323 2836 proprio
346 2792 475 2827 affectu
502 2794 744 2839 praeoccupati
766 2806 912 2840 unquam
934 2800 1060 2839 antea,
1098 2803 1211 2833 tamen
1232 2797 1269 2831 in
1291 2809 1351 2831 eas
1372 2802 1490 2843 partes
1513 2797 1644 2832 ambitu

135 2875 139 2877 ,
185 2839 223 2869 et
254 2836 366 2872 studio
399 2838 622 2874 sectariorum
644 2839 719 2874 eius
740 2841 1011 2878 attrahebantur.
1056 2845 1160 2889 vulgo
1182 2844 1219 2879 in
1240 2843 1359 2890 primis
1384 2841 1470 2876 illud
1502 2841 1644 2877 omnium

241 2888 413 2934 Georgius
442 2891 666 2936 Pachymeres
698 2893 728 2927 Ι.
1313 2893 1368 2932 22
