1884 3262
236 180 331 226 308
650 172 887 220 GEORGII
928 173 1280 218 PACHYMERIS

235 290 365 350 φόρος
395 286 534 344 ἠγάπα
563 288 743 342 κατέχεον
770 286 822 330 τὰ
853 284 1027 339 ἑαυτοῦ,
1073 284 1094 329 ὅ
1127 286 1173 328 δέ
1205 284 1396 341 ’Ῑωάννης
1423 287 1490 328 καὶ
1520 283 1624 342 ὑπὲρ
1653 284 1706 327 τὰ

236 358 469 413 ἐσκαμμένα
489 358 624 411 πηδᾶν
646 356 815 413 ὠρέγετο
841 357 907 398 καὶ
925 359 1006 398 τῶν
1028 352 1101 397 τοῦ
1123 354 1306 411 ἀδελφοῦ
1324 353 1602 409 ἀποσχόμενος
1623 358 1706 396 τῶν

185 441 216 476 Β
239 427 442 482 ἡμετέρων
473 422 756 480 προσήπτετο,
803 421 1008 467 σκυλεῦων
1037 423 1083 467 τὸ
1126 421 1382 479 προστυχόν,
1430 424 1594 481 πολέμῳ
1631 423 1706 476 μὲν

235 492 425 540 ἐκεῖνονὸ
453 493 646 547 βασιλεὺς
671 492 849 548 μετιέναι
875 492 948 535 οὐκ
980 493 1190 546 ἐδοκίμαζε
1220 491 1478 547 θερμουργὸν
1509 490 1610 533 ὄντα
1639 492 1706 533 καὶ
1755 519 1761 526 -

235 565 325 608 νέον
349 563 478 618 ἀρχῆς
496 560 736 615 ἁψάμενον,
775 561 836 604 δι’
865 559 1027 616 εῗρήνης
1059 561 1103 603 δ’
1145 559 1340 603 ὑπελθεῖν
1370 560 1438 601 καὶ
1459 559 1564 602 κατὰ
1582 561 1739 614 κῆδος5

237 632 489 677 σπένδεσθαι
531 635 670 689 πολλῷ
719 637 901 686 κρεῖττον
946 628 1077 686 ἡγεῖτο
1118 634 1192 672 τοῦ
1228 633 1431 682 πολεμεῖν.
1502 625 1603 670 ὅθεν
1640 630 1707 669 καὶ

236 701 470 757 πρεσβείαις
487 697 561 753 μ’ὲν
582 699 628 742 τὸ
655 699 831 755 σκληρὸν
864 699 1015 741 ἐκείνου
1044 695 1259 760 μαλάσσεί
1280 699 1348 740 καὶ
1378 695 1585 748 αὔθαδες,
1623 696 1708 737 ἐπεὶ

238 770 284 813 δ’
309 771 456 819 ἐκεῖνος
479 770 546 811 καὶ
567 766 722 823 ὡραίαν
745 766 878 823 γάμου
901 766 1041 824 ἔτρεφε
1059 761 1297 823 θυγατέρα,
1332 763 1525 818 ἐβούλετο
1547 763 1615 806 διὰ
1634 762 1708 819 κή-

186 848 217 882 C
243 841 341 888 δους
367 834 685 890 βεβαιώσασθαι
713 836 788 891 τὴν
820 834 995 892 εἰρήνην.
1065 831 1115 890 ἦν
1136 836 1215 892 γὰρ
1238 836 1304 877 καὶ
1325 833 1459 882 ἄλλως
1479 830 1499 875 ὃ
1517 830 1710 886 Ἰωάννης

239 905 512 963 δραστήριος,
550 903 604 955 ὥς
625 907 690 948 καὶ
713 910 762 961 τῇ
783 909 865 947 τῶν
885 902 1216 959 ἐπιτηδευμάτων
1235 901 1432 957 ταχύτητι
1449 901 1523 944 σὺν
1550 906 1601 957 τῇ
1620 902 1708 956 περὶ
1723 912 1766 945 10

236 975 312 1026 τὰς
328 972 465 1030 μάχας
485 974 639 1016 συνέσει
661 975 728 1016 καὶ
746 974 836 1015 λίαν
858 972 1151 1028 ἄριστουργεΐν,
1187 974 1254 1015 καὶ
1276 974 1331 1021 εἷς
1353 971 1444 1019 δέος
1465 969 1536 1012 τὸν
1560 966 1710 1012 δεσπό-

238 1063 313 1100 την
333 1041 529 1091 πολλάκις
559 1043 710 1094 ἐτίθει,
744 1039 802 1096 μή
834 1058 921 1091 πως
952 1043 1019 1083 καὶ
1051 1041 1178 1083 αὐτὸν
1206 1038 1543 1095 ἐπιτηδευόμενος
1571 1055 1710 1094 παρα-

237 1111 457 1170 κρούσαιτο
489 1112 556 1154 καὶ
584 1115 635 1167 τῇ
669 1115 743 1165 τῆς
776 1111 888 1164 νίκης
914 1109 1059 1169 ἀδοξίᾳ
1098 1113 1329 1166 περιβαλεῖν
1359 1107 1570 1162 δυνηθείη.
1641 1105 1710 1148 διὰ

238 1186 374 1224 ταῦτα
407 1180 474 1222 καὶ
505 1177 687 1228 σπεύσας
716 1177 736 1221 ὃ
767 1177 961 1231 βασιλεὺς
987 1180 1079 1220 λίαν
1110 1183 1251 1234 σοφῶς
1269 1195 1310 1219 τε
1328 1178 1394 1219 καὶ
1415 1176 1616 1232 ἀσφαλῶς
1634 1174 1710 1229 τὴν

239 1250 390 1293 ἐκείνου
415 1245 802 1303 προκατελάμβανεν
825 1245 1007 1297 εὔνοιαν,
1045 1248 1112 1288 καὶ
1141 1246 1215 1301 τὴν
1244 1244 1457 1301 θυγατέρα
1476 1248 1550 1286 τοῦ
1568 1239 1710 1286 Ἰωάν-
1724 1254 1766 1290 15

187 1337 219 1372 1)
242 1336 314 1362 νου
339 1321 398 1375 τῷ
418 1316 575 1373 ἀνεψιῷ
594 1314 723 1357 αὐτοῦ
743 1316 810 1357 καὶ
828 1314 903 1374 υἱῷ
924 1318 981 1373 τῷ
1002 1318 1076 1370 τῆς
1095 1314 1289 1371 Μάρθας
1300 1313 1570 1371 Ἀνδρονίκῳ,
1607 1311 1712 1366 πέμ-

242 1398 332 1440 ψας
350 1386 416 1428 καὶ
442 1384 517 1426 σὺν
540 1382 615 1426 οὐκ
639 1383 751 1440 ὀλίγῃ
773 1388 870 1440 τιμῇ
894 1381 1080 1439 ἀγαγών,
1116 1385 1172 1433 εἷς
1203 1380 1335 1438 γάμον
1366 1383 1526 1432 ἐδίδου,
1557 1377 1712 1434 ὄνομά-

243 1458 320 1507 ζων
346 1455 387 1504 ἐξ
410 1449 654 1504 ἀξιωμάτων
675 1451 746 1494 τὸν
763 1451 952 1507 γαμβρὸν
978 1451 1106 1508 με’γαν
1125 1455 1402 1495 κονοσταῦλον
1412 1481 1426 1502 ,
1465 1448 1535 1492 τὸν
1554 1449 1599 1491 δὲ
1615 1465 1712 1491 πεν-

241 1522 369 1581 θερὸν
387 1518 580 1576 Ἰωάννην
600 1519 978 1579 σεβαστοκράτορα.
1050 1522 1118 1564 καὶ
1140 1525 1198 1581 τῷ
1215 1520 1289 1576 μὲν
1306 1517 1474 1576 Ἰωάννῃ
1496 1517 1711 1561 ἐσπένδετο

243 1713 351 1744 retur.
399 1721 441 1744 ac
463 1708 677 1755 Nicephorus
701 1710 834 1756 quidem
858 1713 1036 1746 contentus
1052 1722 1114 1746 sua
1136 1711 1230 1745 sorte
1246 1706 1364 1755 quiete
1385 1707 1522 1753 agebat.
1569 1706 1714 1742 Ioannes

242 1768 325 1791 vero
356 1755 501 1801 inquieti
533 1756 585 1790 vir
615 1756 765 1801 ingenii,
802 1763 963 1792 aestuans
997 1754 1246 1791 intra-limites
1279 1761 1442 1799 angustos
1470 1759 1506 1787 et
1535 1764 1715 1798 erumpere

243 1801 394 1846 gestiens
409 1827 419 1845 ,
450 1801 567 1835 fratris
600 1807 711 1836 tamen
736 1802 863 1838 ditione
886 1804 1102 1845 abstinebat,
1133 1806 1269 1836 nostras
1292 1801 1355 1835 sibi
1379 1800 1539 1833 finitimas
1561 1799 1714 1833 incursa-

243 1848 305 1882 bat
336 1852 470 1890 terras,
510 1858 616 1891 agens
648 1849 832 1893 ferensque
867 1849 1030 1894 quidquid
1062 1850 1265 1883 occurreret.
1311 1858 1353 1880 ea
1380 1845 1503 1879 iniuria
1526 1845 1713 1890 imperator

242 1892 378 1937 cognita
400 1893 488 1926 bello
511 1897 626 1927 tamen
648 1893 865 1928 adoriendum
888 1906 955 1929 non
978 1894 1111 1940 putavit
1130 1894 1285 1927 iuvenem
1306 1890 1559 1937 praefervidum
1593 1896 1629 1924 et
1649 1901 1713 1924 no-

244 1939 355 1973 vitate
378 1938 592 1983 principatus
615 1939 803 1984 proiectum
833 1940 877 1973 ad
908 1941 1098 1974 audendum
1130 1938 1285 1985 quidvis,
1320 1937 1428 1971 tutius
1450 1936 1637 1971 arbitratus
1659 1936 1715 1969 in-

244 1985 380 2019 sinuare
402 1994 440 2018 se
461 1984 528 2029 ipsi
550 1985 684 2029 pacatis
707 1985 860 2029 artibus,
894 1991 930 2020 et
953 1985 1131 2020 affinitatis
1161 1996 1237 2018 eum
1260 1982 1508 2018 necessitudine
1530 1981 1714 2016 conciliare

244 2030 320 2064 sibi.
367 2041 475 2075 quare
497 2031 642 2064 ferocem
666 2030 738 2065 eius
762 2032 906 2066 animum
929 2032 1098 2076 legatione
1122 2030 1243 2064 blande
1265 2029 1410 2075 supplici
1434 2028 1618 2070 deliniens,
1650 2028 1715 2061 ho-

246 2076 367 2110 minem
394 2077 436 2109 ad
461 2087 578 2120 pacem
602 2076 762 2111 invitavit
784 2078 927 2123 nuptiali
948 2078 1088 2111 foedere
1110 2077 1330 2119 firmandam,
1363 2075 1453 2117 filia,
1476 2085 1577 2119 quam
1601 2075 1630 2108 is
1653 2074 1714 2108 ha-

245 2123 351 2156 bebat
373 2121 538 2164 nubilem,
576 2122 709 2156 cuidam
733 2134 775 2157 ex
797 2123 1015 2169 imperatoris
1037 2122 1295 2167 consanguineis
1327 2121 1512 2165 iungenda.
1559 2124 1636 2154 erat
1658 2119 1715 2154 hic

244 2168 389 2202 Ioannes
412 2167 525 2201 indole
546 2172 724 2211 strenuus,
759 2180 858 2204 manu
880 2166 1078 2215 promptus,
1113 2168 1249 2213 ingenio
1275 2177 1461 2213 praeceps,
1492 2170 1528 2201 et
1561 2177 1723 2212 quocun-=

246 2226 314 2259 que
335 2213 564 2256 incumberet,
588 2215 788 2257 vehemens,
813 2216 857 2250 ad
881 2217 966 2250 haec
989 2226 1052 2249 usu
1075 2215 1252 2261 praeditus
1283 2213 1332 2247 rei
1356 2212 1512 2247 militaris
1530 2217 1650 2255 tanto,
1672 2216 1714 2246 ut

247 2271 291 2293 ne
314 2260 457 2293 fratrem
480 2259 615 2304 quidem
648 2271 744 2294 suum
777 2265 831 2296 tot
861 2262 1075 2305 successibus
1099 2260 1228 2295 bellicis
1251 2260 1379 2294 clarum
1411 2258 1588 2304 despotam
1610 2258 1711 2292 Ioan-

247 2316 324 2339 nem
353 2309 428 2339 tuto
460 2316 534 2338 cum
573 2317 614 2340 eo
644 2306 807 2341 committi
838 2319 939 2352 posse
969 2308 1158 2352 imperator
1187 2307 1352 2347 duceret,
1385 2307 1537 2339 metuens
1567 2304 1660 2338 Mart

247 2362 453 2385 communem
476 2350 712 2397 ancipitesque
741 2353 944 2398 prael-iorum
975 2364 1094 2396 casus,
1127 2364 1191 2387 nec
1225 2352 1308 2386 satis
1337 2351 1475 2394 fidens,
1493 2350 1524 2385 si
1546 2351 1675 2384 bellare
1736 2355 1738 2358 ’

246 2396 411 2437 invicem,
436 2407 605 2441 nunquam
630 2402 829 2433 eventurum
853 2403 890 2434 ut
914 2402 974 2434 aut
1004 2399 1038 2434 vi
1067 2404 1190 2444 aperta
1212 2401 1393 2444 superatus
1416 2400 1478 2431 aut
1499 2395 1621 2431 fraude
1643 2394 1674 2429 ci

246 2445 447 2476 cumventus
470 2442 613 2487 despota
634 2444 896 2488 praeteritarum
922 2445 1046 2480 decora
1062 2447 1247 2490 palmarum
1269 2456 1291 2490 p
1340 2443 1427 2479 enda
1449 2441 1547 2476 clade
1565 2452 1664 2476 corru

246 2491 358 2533 peret.
405 2488 492 2522 haec
515 2499 577 2534 pro
613 2500 674 2523 sua
707 2491 887 2535 prudentia.
915 2491 1102 2537 imperator
1134 2495 1297 2536 reputans
1348 2489 1492 2535 provido
1524 2498 1645 2523 securo
1694 2498 1714 2520 e

247 2533 389 2568 consilio
413 2545 665 2580 praeoccupare
688 2547 729 2570 ac
752 2536 929 2572 devincire
951 2537 1016 2572 sibi
1037 2537 1264 2583 periculosum
1288 2534 1518 2571 adversarium
1549 2533 1651 2567 decre

247 2584 285 2615 et
308 2585 509 2614 consecutus
531 2580 621 2625 quod
644 2586 784 2625 optarat
809 2583 990 2618 videbatur
1005 2608 1016 2627 ,
1053 2583 1125 2617 filia
1154 2582 1290 2617 Ioannis
1318 2581 1440 2623 istius,
1470 2580 1514 2614 de
1537 2590 1606 2625 qua
1628 2578 1713 2621 dixi,

246 2625 423 2671 splendido
448 2637 469 2660 a
486 2637 524 2659 se
545 2626 648 2660 misso
672 2627 834 2662 comitatu
858 2641 878 2663 e
908 2633 1049 2674 paterna
1083 2629 1180 2663 demo
1206 2624 1532 2671 Constantinopolim
1554 2625 1715 2667 deducta,

247 2671 444 2706 collocanda
477 2671 731 2707 Tarchaniotae
761 2674 955 2709 Andronico
994 2676 1140 2719 Augusti
1179 2674 1299 2720 nepoti
1339 2685 1359 2708 e
1401 2682 1522 2706 sorore
1564 2671 1715 2712 Martha,

246 2717 382 2762 quando
407 2728 567 2761 generum
584 2717 716 2763 pariter
745 2730 967 2766 socerumque
989 2721 1086 2755 novis
1109 2719 1324 2766 amplissimis
1354 2716 1594 2764 imperatoriae
1617 2716 1716 2750 aulae

241 2763 468 2807 dignitatibus
511 2763 729 2807 honestavit,
770 2771 928 2811 nepotem
969 2767 1104 2812 quidem
1143 2778 1241 2801 suum
1282 2775 1439 2810 magnum
1473 2762 1716 2803 contumacium,

244 2808 404 2845 Ioannem
427 2813 544 2846 autem
565 2810 873 2847 sebastocratorem
896 2823 1027 2847 creans.
1075 2812 1111 2847 in
1134 2813 1225 2848 hunc
1244 2811 1377 2848 modum
1399 2820 1470 2856 pax
1492 2819 1568 2844 cum
1589 2808 1725 2844 Ioanne
