1884 3262
199 195 294 240 362
535 235 537 238 ,
613 190 845 234 GEORGII
887 191 1232 235 PACHYMERIS

197 305 347 350 νεσθαί
363 320 458 346 ποτε
481 303 528 346 τὸ
549 302 679 357 ὀρθὸν
710 302 812 359 πρὸς
836 302 881 345 τὸ
908 300 1093 355 σκολιόν,
1131 305 1166 345 εἴ
1194 303 1240 345 δ’
1273 299 1369 356 οὖν,
1401 303 1505 359 μηδ’
1536 303 1640 346 ἀπο-

146 379 178 413 D
201 376 491 424 σκολιοῦσθαι,
538 371 643 413 ἀλλὰ
673 371 720 413 τὸ
754 370 914 413 σκολιὸν
946 371 1048 426 πρὸς
1073 371 1120 414 τὸ
1152 368 1256 414 εὐθύ
1265 403 1279 421 ,
1325 371 1428 428 παρ’
1465 371 1486 414 ὃ
1522 369 1638 425 καὶῆ

194 441 444 496 προσηγορία
473 443 546 493 τῆς
576 437 790 494 ποιότητος
820 439 1015 494 εἴληπται.
1087 440 1121 480 εἰ
1152 440 1226 493 μὲν
1255 433 1326 481 οὖν
1346 440 1503 491 πείθοι,
1539 438 1635 482 ἀλλ’

179 505 267 554 ,οὖν
298 505 544 563 ἐντυγχάνειν
579 511 637 565 τῷ
668 505 785 566 πάπᾳ
812 505 912 562 ὑπὲρ
943 510 1155 561 Γραικῶν,
1200 506 1386 562 ἀδελφῶν
1417 508 1481 548 καὶ
1503 506 1638 549 αὐτῶν

196 576 324 619 ὄντων
344 577 409 618 καὶ
430 579 503 618 τοῦ
529 575 655 618 αὐτοῦ
672 575 899 629 ἠξιωμένων
931 573 1131 629 ὀνόματος
1140 607 1154 626 ,
1191 576 1258 616 καὶ
1289 573 1417 623 οὕτως
1437 572 1671 620 ἓκκόπτεινό

195 649 416 699 πειρᾶσθαι
445 643 496 685 τὰ
528 643 633 685 κατὰ
666 647 746 686 τῶν
773 640 980 695 Ῥωμαίων
1015 647 1089 685 τοῦ
1130 642 1310 698 ἀδελφοῦ
1351 640 1637 696 μηχανήματα.

195 716 326 755 ταῦτα
352 716 435 770 τοῦΑ
453 711 651 765 βασιλέως
683 710 936 764 ἀναθεμένου
968 717 1052 760 τοΐς
1083 710 1343 766 πρέσβευσιν,
1379 707 1456 752 ὑπὸ
1487 707 1640 766 μεγάλῃ

196 781 395 838 θεραπείᾳ
423 783 523 821 λαοῦ
555 796 596 821 τε
628 780 694 821 καὶ
736 782 957 832 βασιλικῶν
993 775 1155 825 εἰκόνων
1198 779 1263 820 καὶ
1298 774 1544 830 ἐκπωμάτων
1574 779 1640 818 καὶ

145 856 176 889 Ε.
200 850 368 904 βαρείας
386 845 551 898 ἐξόδου,
589 844 643 896 ὥς
662 848 726 888 καὶ
747 846 947 903 φανέντας
963 845 1088 900 μόνον
1110 848 1322 899 ἐκπλῆξαι,
1360 843 1538 901 ἐξῄεσαν.
1586 841 1642 893 ὥς

195 915 238 958 δ’
265 916 446 958 Αὐλῶνα
466 913 703 971 φθάσαντες
730 916 795 956 καὶ
824 914 919 968 νηὸς
947 913 1154 968 ἐπιβάντες
1181 912 1362 971 Παχύνῳ
1394 913 1499 971 ἄκρα
1525 916 1638 955 Σικε-
1653 922 1696 955 10

199 985 289 1033 λίας
304 984 549 1038 προσέσχον,
586 981 847 1037 μανθάνουσι
868 982 994 1037 πέραν
1015 982 1116 1037 πρὸς
1142 979 1416 1036 Καρχηδόνα,
1451 979 1500 1034 ἢν
1531 977 1642 1022 Toni-—

198 1068 300 1094 νισιν
321 1051 525 1105 λέγουσιν,
561 1048 794 1091 ἀπελθόντα
817 1048 888 1090 τὸν
911 1049 1013 1104 ρῆγα
1038 1055 1122 1097 τοῖς
1146 1050 1249 1089 κατὰ
1269 1046 1439 1101 Λιβύην
1458 1048 1641 1100 Αἰθίοψι

196 1123 394 1172 πολεμεῖν.
465 1119 529 1159 καὶ
562 1117 611 1172 δὴ
641 1116 710 1171 ἐφ’
743 1114 910 1170 ἡμέραις
934 1118 1054 1158 ἐκεῖσε
1083 1113 1427 1169 ναυλοχησοῖμενοι
1459 1112 1640 1155 ἁπαυτό-

197 1191 273 1229 θεν
303 1185 428 1234 εὐθὺς
463 1187 692 1232 Τουνίσεως
720 1183 921 1237 ἤλαυνον,
960 1183 1006 1226 τὸ
1035 1183 1239 1226 Σικελικὸν
1274 1179 1640 1237 καταμετροῦμενοι
1754 1228 1757 1230 ,

56 1267 85 1299 Ρ
109 1266 174 1300 247
199 1254 390 1310 πέλαγος,
425 1252 493 1308 ἐφ’
520 1247 568 1294 οὗ
592 1251 642 1306 δὴ
662 1252 727 1292 καὶ
754 1252 932 1307 ναυαγίῳ
959 1249 1205 1305 χρησάμενοι
1228 1250 1329 1306 παρ’
1360 1249 1490 1304 ὀλίγον
1507 1244 1639 1304 ἦλθον
1653 1254 1695 1291 15

197 1325 269 1363 τοῦ
291 1324 563 1374 βυθισθῆναι.
633 1317 688 1365 ὥς
705 1319 749 1358 δὲ
766 1317 882 1371 μόλις
902 1318 1032 1358 πολλὰ
1061 1317 1266 1367 παθόντες
1292 1317 1536 1369 ἀπέβαινον,
1583 1320 1640 1374 τῷ
1727 1324 1730 1326 ’

196 1390 268 1442 μὲν
290 1388 379 1444 ῥηγὶ
400 1389 441 1428 ἐν
460 1385 667 1444 ἀρρωστίᾳ
686 1383 768 1427 ὄντι
791 1388 946 1439 χαλεπῇ
967 1382 1261 1440 προσελθόντες
1280 1385 1330 1425 τὰ
1348 1382 1538 1434 βασιλικὰ
1559 1383 1643 1424 ἐνε-

193 1457 364 1511 χείριζον
383 1451 627 1510 γράμματα·
666 1451 686 1495 ὅ
707 1453 751 1494 δὲ
771 1451 845 1508 ῥὴξ
866 1452 922 1506 μὴ
942 1454 1042 1506 ἔχων
1061 1451 1083 1494 ὅ
1104 1470 1141 1494 τι
1161 1454 1226 1493 καὶ
1257 1448 1392 1507 δροόῃ,
1427 1454 1549 1492 τοῦτο
1568 1450 1642 1503 μὲν

197 1524 419 1580 ἀρρωστῶν
446 1526 566 1564 τοῦτο
597 1522 641 1563 δὲ
681 1521 747 1562 καὶ
776 1520 964 1574 πολέμοις
1009 1517 1369 1574 ε’νασχολοῦμενος,
1412 1515 1568 1573 ἀνήρτα
1599 1533 1642 1559 τε

197 1589 356 1641 τούτοις
372 1589 424 1632 τὰ
442 1587 659 1646 πράγματα
681 1589 747 1630 καὶ
766 1587 867 1645 πρὸς
886 1589 933 1630 τὸ
953 1591 1268 1643 νοσοκομεΐσθαι
1294 1581 1356 1642 ἦν.
1410 1585 1449 1628 οἱ
1467 1585 1512 1627 δὲ
1531 1583 1637 1627 καθ’
1650 1599 1697 1633 20

287 1711 322 1744 3.
347 1710 493 1745 πείθοι·
518 1708 553 1744 εἰ
573 1703 614 1743 δ’
644 1700 732 1749 οὖν,
757 1703 866 1743 oin-³?

197 1801 348 1834 fraterno
371 1799 511 1833 inferius
534 1809 672 1843 regnum
697 1798 857 1840 haberet,
880 1796 1023 1842 denique
1046 1795 1256 1840 obliquorum
1279 1797 1315 1828 et
1337 1805 1358 1829 a
1380 1796 1475 1828 recto
1495 1793 1641 1827 inflexo-

197 1856 272 1879 rum
294 1856 421 1878 morum
451 1845 569 1886 homo,
603 1844 724 1889 quibus
757 1842 940 1886 dirigendis
972 1841 1145 1886 aptissima
1178 1843 1270 1874 esset
1292 1839 1434 1874 amussis
1464 1837 1641 1872 domestici

200 1890 343 1934 exempli
366 1895 402 1923 et
423 1890 492 1923 late
515 1890 687 1923 celebrata
711 1888 878 1923 rectitudo
901 1888 1007 1921 sancti
1032 1887 1107 1921 eius
1127 1885 1218 1929 regis
1244 1888 1312 1918 tam
1336 1889 1410 1918 arto
1433 1884 1481 1917 illi
1505 1883 1641 1927 sangui-

201 1936 252 1970 nis
275 1935 406 1969 vinculo
429 1935 614 1968 coniuncti:
639 1946 702 1968 non
726 1934 813 1968 enim
836 1938 964 1966 rectum
986 1932 1030 1966 ad
1052 1930 1177 1975 obliqui
1198 1941 1344 1964 normam
1365 1929 1561 1974 exigendum
1585 1932 1640 1962 est

203 1981 392 2025 (enimvero
416 1980 612 2024 depravatio
636 1981 719 2014 haec
743 1979 898 2024 quidem,
923 1989 989 2011 non
1012 1976 1178 2011 correctio
1201 1980 1329 2016 esset),
1359 1986 1474 2009 verum
1497 1973 1641 2018 obliqui-

200 2032 255 2061 tas
278 2025 404 2060 detorti
427 2025 643 2070 exaequanda
665 2025 709 2059 ad
731 2029 871 2066 rectum,
895 2028 933 2056 ut
954 2023 1005 2056 sic
1027 2033 1088 2056 sua
1110 2024 1241 2055 constet
1262 2022 1400 2064 regulae
1415 2020 1499 2054 ratio
1522 2031 1563 2053 ac
1587 2018 1643 2052 vis

199 2071 329 2116 origine
354 2071 501 2105 indicata
522 2071 614 2105 vocis
637 2082 658 2104 a
681 2070 826 2114 regendo
849 2074 884 2103 et
907 2068 1079 2112 dirigendo
1099 2067 1231 2100 ductae.
1275 2066 1365 2110 quod
1387 2066 1416 2099 si
1438 2064 1641 2110 persuadere

201 2117 304 2151 fratri
328 2128 394 2150 non
417 2121 551 2161 posset,
587 2120 682 2149 certe
711 2120 830 2159 ageret
862 2114 950 2159 apud
980 2124 1100 2158 papam
1134 2124 1194 2156 pro
1227 2112 1394 2152 Graecis,
1418 2110 1582 2144 fratribus
1604 2111 1641 2142 et

199 2163 282 2207 ipsis
306 2166 341 2196 et
363 2162 479 2196 eodem
503 2161 766 2196 Christianorum
789 2160 918 2194 nomine
940 2159 1098 2203 dignatis,
1120 2158 1238 2202 sicque
1260 2162 1436 2190 conaretur
1456 2155 1640 2199 infringere

200 2207 319 2242 fratris
340 2207 602 2242 machinationes
623 2207 658 2240 in
680 2207 855 2240 Romanos.
902 2205 955 2239 his
989 2205 1031 2238 ab
1062 2204 1264 2248 imperatore
1294 2201 1458 2236 mandatis
1479 2199 1640 2244 acceptis,

201 2254 283 2287 dant
306 2264 343 2286 se
365 2253 398 2286 in
421 2253 509 2286 viam
532 2252 634 2296 legati
666 2252 824 2285 comitatu
856 2262 896 2284 ac
915 2249 1082 2285 .satellitio
1106 2248 1224 2293 stipati
1254 2258 1429 2281 numeroso
1452 2245 1580 2292 pariter
1603 2249 1640 2278 et

200 2301 318 2332 ornato
336 2323 346 2339 ‚
369 2299 462 2341 regio
485 2298 549 2343 ipsi
568 2298 658 2332 cultu
682 2297 913 2341 instructoque
935 2295 1151 2339 supellectilis
1173 2293 1386 2337 splendidae,
1408 2290 1641 2337 imperatoria-

199 2354 275 2377 rum
297 2342 476 2388 imaginum
499 2355 539 2377 ac
562 2354 735 2384 vasorum,
769 2346 807 2375 ut
837 2342 934 2385 longo
966 2341 1034 2374 ista
1070 2339 1273 2384 portantium
1303 2344 1416 2372 tractu
1439 2341 1641 2380 caeteraque

200 2388 450 2431 magnificentia
480 2388 619 2422 illustris
653 2399 793 2433 pompae
823 2387 996 2421 mirificam
1026 2385 1238 2430 egredientes
1269 2384 1355 2417 urbe
1384 2381 1536 2416 attonitis
1566 2381 1641 2414 visu

199 2432 330 2477 populis
361 2434 503 2478 speciem
535 2433 686 2467 fecerint.
734 2433 883 2466 aulonem
915 2431 1087 2476 pervecti,
1128 2430 1186 2464 ubi
1225 2440 1310 2463 nave
1350 2428 1421 2462 illic
1462 2435 1642 2461 conscensa

198 2478 394 2521 Pachynum
425 2479 561 2512 Siciliae
592 2483 790 2521 tenuerunt,
825 2477 964 2512 audiunt
995 2482 1239 2521 transgressum
1268 2484 1382 2518 regem
1403 2473 1440 2507 in
1466 2472 1641 2506 adversum

200 2523 298 2557 littus
323 2534 428 2567 prope
451 2524 709 2568 Carthaginem,
744 2535 841 2568 quam
865 2534 951 2557 nunc
972 2528 1095 2557 vocant
1116 2520 1305 2560 Tunissim‚
1329 2529 1402 2552 cum
1423 2515 1643 2560 Aethiopibus

199 2568 349 2602 Africam
371 2568 558 2602 tenentibus
592 2569 728 2603 bellare.
774 2580 855 2612 ergo
885 2568 932 2602 ibi
963 2568 1082 2602 morati
1103 2566 1218 2612 paucis
1240 2565 1377 2605 diebus,
1408 2564 1574 2597 solventes
1596 2560 1640 2594 ad

198 2613 350 2648 Siculum
373 2613 590 2647 emetiendum
611 2615 733 2647 fretum
756 2613 927 2648 Tunissim
949 2623 1066 2648 versus
1079 2638 1090 2655 ‚
1113 2623 1230 2645 navem
1252 2610 1307 2643 illo
1330 2619 1429 2642 cursu
1452 2608 1641 2650 fregerunt,

202 2663 239 2693 et
261 2669 378 2704 parum
402 2658 510 2693 abfuit
532 2658 612 2703 quin
635 2664 875 2702 mergerentur.
920 2663 959 2693 ut
988 2663 1099 2693 autem
1121 2657 1179 2691 vix
1200 2655 1335 2690 tandem
1366 2653 1469 2687 multa
1489 2649 1641 2697 perpessi

198 2705 467 2744 exscenderunt,
497 2704 570 2748 regi
599 2715 640 2737 ex
662 2703 758 2748 gravi
780 2705 894 2737 morbo
918 2702 1130 2738 decumbenti
1161 2702 1275 2735 literas
1297 2697 1504 2744 imperatoris
1526 2695 1641 2730 reddi-

198 2749 342 2793 derunt,
366 2761 427 2784 rex
445 2749 593 2783 incertus
615 2749 696 2794 quid
720 2754 857 2792 ageret,
880 2749 956 2782 hinc
979 2749 1114 2794 quidem
1137 2747 1251 2781 morbo
1275 2749 1435 2788 urgente,
1465 2741 1541 2776 inde
1563 2740 1641 2774 belli

198 2794 373 2830 districtus
395 2794 506 2837 curis,
528 2794 769 2840 supersedebat
791 2793 1002 2838 expeditione
1034 2792 1258 2838 negotiorum,
1290 2789 1437 2824 intentus
1459 2785 1643 2822 valetudini
