1884 3262
443 222 518 265 DE
546 221 816 265 MICHAELE
845 223 1214 268 PALAEOLOGO
1243 225 1289 269 L.
1315 223 1392 268 VI.
1527 221 1627 270 4⁴43

183 337 359 377 νοοῦσαν
379 335 603 390 φροντίζειν
622 335 742 378 ἐποίει
755 349 766 360 ·
800 336 906 391 μηδὲ
923 335 1001 393 γὰρ
1021 335 1180 394 ἠρεμεῖν
1207 336 1376 391 βασιλέα
1393 334 1503 387 ἅπαξ
1522 328 1626 392 ὗπέρ

183 403 341 444 παίδων
372 403 461 458 περὶ
489 406 562 457 τῆς
595 401 722 458 ἀρχῆς
755 402 980 459 ἀρξάμενον
1011 405 1293 462 διαφέρεσθαι.
1369 404 1469 460 ἔγνω
1494 405 1629 447 τοίνυν

182 472 365 526 παριδεῖν
385 471 459 523 μὲν
476 470 529 512 τὰ
547 474 621 513 τοῦ
642 470 908 526 ἀποιχομένου
927 473 1076 525 δίκαια,
1103 475 1286 528 παριδεῖν
1308 473 1353 515 δὲ
1377 475 1443 515 καὶ
1462 469 1631 528 ἀνθρώ-

185 555 274 580 πων
293 538 472 592 νέμεσιν,
511 540 547 580 εἰ
566 537 734 594 τοιαύτη
762 555 822 588 τις
840 534 943 582 οὖσα
966 538 1138 598 τοιούτῳ
1158 538 1306 595 ἕαύτην
1335 542 1492 595 ἓκδοίη,
1529 539 1632 596 πρὸς

135 602 157 638 5
185 603 312 660 μόνον
334 606 378 648 δὲ
398 605 446 648 τὸ
476 607 622 649 δοκοῦν
651 612 838 649 συνοῖσον
857 606 963 663 αὐτῇ
983 624 1025 650 τε
1041 609 1107 650 καὶ
1129 609 1242 650 παιδὶ
1260 610 1443 650 συνιδεῖν.
1514 607 1561 650 τὸ
1582 607 1626 650 δ’
1650 609 1684 643 Ε

186 669 262 727 ἦν,
291 671 346 723 ὥς
365 671 515 726 ἐδόκει,
544 672 641 728 ὅλην
669 672 818 727 ἑαυτὴν
847 675 1058 730 ἓπιρρῖψαι
1089 679 1148 734 τῷ
1181 679 1403 733 συφορβῷ,
1439 677 1504 717 καὶ
1526 674 1634 718 ὕπα-

185 744 316 791 νοῖξαι
336 739 473 796 θύρας
502 741 614 799 αὐτῷ
633 743 841 794 βασιλείας
872 744 939 784 καὶ
958 741 1134 796 πόλεως,
1171 743 1285 802 αὐτῷ
1305 760 1347 785 τε
1369 750 1544 786 συνεῖναι
1566 745 1632 786 καὶ

186 815 382 851 συνοικεῖν
410 807 465 858 ὥς
494 813 659 862 βασιλεῖ’
694 809 898 853 δέσποινα.
976 815 1109 853 ταῦτα
1147 811 1443 866 διανοησαμένη
1488 809 1633 853 αὐτίκα

185 876 328 930 πέμπει
356 875 472 934 (οὐδὲ
493 876 571 932 γὰρ
590 876 749 932 ἠρεμεῖν
776 877 867 921 εἶ’ων
885 878 928 920 αἱ
947 882 1022 921 τοῦ
1043 873 1244 933 βασιλέως
1274 876 1517 935 ἇποστολαί)
1537 879 1634 928 τοὺς

134 945 178 977 10
190 942 522 1000 διασαφήσοντας
548 949 606 1002 τῷ
635 943 838 1004 βαρβάρῳ
875 946 926 988 τὰ
957 951 1030 1001 τῆς
1060 951 1215 1001 βουλῆς
1242 964 1284 990 τε
1312 948 1378 990 καὶ
1416 945 1632 998 ἀξιώσεως.

186 1013 252 1054 καὶ
283 1010 328 1060 ὃς
353 1010 533 1062 ἀκούσας
557 1017 720 1068 πρῶτον
746 1014 820 1067 μὲν
850 1013 1261 1071 καθυπερηφανειέτο
1285 1018 1422 1069 ’δῆθεν
1453 1017 1519 1058 καὶ
1549 1021 1634 1064 τοῖς

185 1079 501 1133 ἀπεσταλμένοις
525 1078 816 1134 ἀπεσεμνύνετο
838 1114 850 1132 ,
898 1080 1253 1138 διαθρυπτόμενος
1281 1081 1366 1126 οἷον
1382 1115 1395 1134 ,
1443 1084 1478 1124 εἴ
1506 1081 1634 1138 ἀρχὴν

186 1145 285 1189 ὅσον
310 1145 424 1189 οὔπω
446 1147 694 1203 κτησομίνην
713 1149 825 1207 αὐτῷ
849 1147 994 1207 σπάθῃ
1012 1152 1077 1192 καὶ
1106 1149 1273 1205 δυνάμει
1289 1152 1481 1207 κρείττονι
1505 1151 1630 1206 ἐκείνη
1654 1160 1682 1195 Ρ
1702 1160 1770 1196 303

186 1212 343 1270 φθάνοι
360 1218 615 1270 χαρίζεσθαι.
684 1215 795 1270 ὅμως
819 1219 885 1258 καὶ
914 1218 967 1260 τὰ
993 1223 1067 1261 τοῦ
1086 1218 1226 1273 λε’χους
1253 1221 1466 1274 προσίετο,
1504 1236 1632 1273 πονη-

134 1288 176 1324 15
189 1286 269 1338 ρῶς
288 1282 390 1337 ἄγαν
412 1285 477 1325 καὶ
495 1284 686 1336 βαθέως,
719 1284 794 1339 οὐχ
812 1285 867 1334 ὥς
887 1302 948 1335 τις
969 1285 1019 1327 ἂν
1037 1286 1138 1329 εἴποι
1157 1285 1363 1342 φιλόγυνις
1387 1289 1454 1329 καὶ
1471 1291 1543 1342 τῆς
1558 1304 1632 1342 γυ-

185 1352 460 1400 ναικωνίτιδος
479 1349 673 1406 ἐραστής·
706 1351 754 1395 τὸ
784 1351 862 1408 γὰρ
886 1352 1105 1407 μαλάττειν
1125 1355 1176 1397 τὰ
1201 1354 1286 1410 ἤθη
1312 1359 1394 1398 τῶν
1411 1355 1631 1408 δεξομένων

186 1420 253 1461 καὶ
280 1419 371 1461 λίαν
400 1416 456 1469 ὥς
486 1417 879 1478 καταφρονησάντων
907 1421 1050 1464 αὐτίκα
1078 1420 1386 1480 διεφυλάττετο,
1432 1421 1567 1474 ἄλλως
1587 1423 1632 1466 δὲ

188 1592 310 1634 vellet,
342 1605 431 1640 quae
452 1594 616 1640 integram
647 1596 695 1632 illi
720 1600 755 1632 et
777 1598 937 1634 Michaffli
959 1610 1064 1645 puero
1088 1600 1282 1645 certamque
1304 1598 1533 1644 relinquerent
1553 1610 1633 1645 pos-

187 1638 369 1674 sessionem
392 1641 617 1686 principatus,
646 1643 765 1687 petitio
788 1652 865 1679 erat
891 1650 959 1679 tam
997 1657 1019 1679 a
1041 1657 1101 1690 spe
1128 1645 1215 1679 omni
1247 1646 1490 1680 consecutionis
1513 1645 1632 1690 procul

186 1689 339 1727 remota,
373 1691 412 1720 ut
442 1698 503 1720 nec
533 1689 673 1732 proponi
707 1689 838 1734 dignam
862 1690 974 1725 Maria
996 1691 1071 1736 ipsa
1091 1690 1275 1725 iudicaret:
1307 1691 1441 1736 quando
1464 1691 1548 1725 enim
1572 1693 1632 1724 aut

188 1730 311 1775 quibus
340 1730 376 1765 in
405 1731 438 1765 id
468 1732 598 1766 illectus
630 1735 740 1779 pactis
773 1736 880 1770 fretus
911 1747 1066 1777 numero,
1095 1737 1191 1771 ferox
1223 1737 1433 1771 successibus
1456 1737 1631 1778 barbarus,

186 1786 327 1819 regnum
350 1777 440 1821 quod
473 1778 583 1822 palam
618 1779 820 1822 affectaret,
852 1782 948 1816 cuius
978 1787 1110 1827 partem
1135 1782 1201 1815 iam
1224 1785 1376 1825 teneret,
1402 1782 1571 1827 proprium
1593 1781 1629 1814 iu

188 1822 329 1855 solidum
351 1822 393 1856 iis
415 1823 551 1857 cederet
572 1825 694 1864 quibus
716 1826 750 1859 id
773 1839 900 1861 summa
926 1828 1137 1862 contentione
1159 1833 1228 1861 tum
1253 1838 1327 1862 cum
1350 1827 1491 1862 maxime
1515 1831 1632 1860 extor-

187 1869 750 1960 ἓῗιὶἒῖἶὲῒῖξῗῗῗὲζηῖἛῖὲῑξὲῗο
765 1871 1631 1953 3332&Qffissassss¹⁶⁰221e⁰⁶uffi¹ssi⁰2¹2m{0135}

187 1957 301 1998 dicto,
332 1960 456 2004 spretis
486 1960 611 1994 iuribus
639 1929 762 2006 regiaep
785 1963 979 2007 viduitatis,
1015 1945 1181 2000 maculata
1211 1963 1389 1999 nobilitate
1419 1962 1631 2010 imperatorii

187 2003 361 2047 sanguinis
375 2028 384 2044 ‚
410 2005 612 2049 prostituere
634 2017 671 2040 se
693 2009 851 2050 subulco,
873 2010 997 2054 vilique
1022 2021 1063 2044 ac
1086 2016 1224 2045 cruento
1246 2010 1377 2044 latrone
1399 2011 1499 2044 simul
1520 2009 1556 2042 in
1579 2008 1631 2043 ci-

187 2048 326 2083 vitatem
357 2050 452 2084 simul
482 2051 516 2085 in
548 2057 657 2086 torum
689 2053 894 2089 admittendo
926 2056 1063 2100 pudoris
1093 2061 1128 2091 et
1163 2055 1420 2090 existimationis
1451 2054 1629 2099 quantovis

188 2093 308 2128 damno
341 2096 512 2130 ambitioni
542 2097 651 2131 litare.
698 2100 782 2133 tanti
810 2111 892 2144 ergo
914 2101 1105 2146 arbitrata,
1137 2106 1176 2135 ut
1198 2102 1314 2145 regina
1336 2101 1410 2145 ipsa
1425 2125 1436 2142 ‚
1459 2105 1498 2133 ut
1521 2104 1630 2138 mater

189 2139 357 2182 designati
380 2141 599 2185 Bulgarorum
622 2144 714 2188 regis
736 2145 801 2178 dici
826 2152 1003 2191 pergeret,
1025 2146 1207 2181 Lachanae
1228 2157 1312 2182 uxor
1334 2156 1410 2179 esse
1432 2144 1628 2188 vocarique,

189 2183 312 2234 cupide
334 2196 375 2219 ac
396 2187 517 2231 raptim
541 2189 634 2231 (nam
657 2190 701 2223 ab
723 2189 924 2236 imperatore
946 2195 1054 2226 metus
1076 2191 1227 2226 cunctari
1259 2202 1324 2225 non
1350 2191 1501 2234 sinebat)
1523 2189 1630 2223 mittit

190 2235 232 2264 ad
255 2230 434 2265 barbarum
455 2232 515 2276 qui
535 2244 614 2268 suas
636 2234 684 2267 illi
706 2236 840 2281 nuptias
862 2248 934 2271 cum
968 2237 1070 2272 dotali
1091 2237 1254 2272 offerrent
1284 2247 1398 2280 regno.
1439 2235 1488 2270 ad
1510 2247 1552 2270 ea
1573 2235 1630 2269 ine

215 2273 332 2308 timum
355 2278 606 2320 aspernabundo
627 2279 743 2315 similis
767 2282 842 2316 talis
863 2282 1068 2328 interpretes
1099 2282 1246 2316 foederis
1277 2281 1492 2327 superciliose
1517 2280 1629 2326 repel-

189 2284 303 2360 nbat,
325 2321 489 2356 cavillans
511 2323 650 2358 ridicule
671 2326 788 2360 offerri
810 2328 900 2372 quod
923 2328 1040 2363 maiori
1074 2339 1116 2362 ex
1139 2332 1238 2373 parte
1258 2327 1324 2361 iam
1356 2330 1489 2362 teneret
1503 2351 1515 2367 ‚
1547 2337 1629 2370 gra-

190 2364 326 2410 fisse‘lue
347 2366 505 2411 imputari
526 2368 664 2412 reginae
683 2372 871 2416 quaesitum
894 2372 960 2407 iam
989 2372 1054 2407 sibi
1085 2373 1186 2407 armis
1214 2371 1433 2418 victoriisque
1461 2372 1632 2418 principa-

190 2413 274 2444 tum.
319 2415 430 2445 tamen
452 2423 494 2446 ne
520 2414 622 2448 durus
650 2416 747 2450 nimis
775 2418 935 2463 ferusque
966 2418 1160 2462 videretur,
1191 2418 1326 2464 nuptias
1357 2417 1436 2453 talis
1466 2417 1632 2452 foeminae

190 2455 350 2498 admisit,
370 2462 483 2491 astute
503 2458 538 2492 id
560 2459 669 2503 ipsum
695 2465 824 2505 tamen,
844 2463 942 2508 quasi
964 2464 1095 2498 alienae
1117 2464 1315 2509 indulgendo
1345 2463 1533 2507 voluntati,
1564 2474 1631 2497 non

190 2502 349 2547 propriae
370 2503 583 2548 obsequendo
605 2505 757 2549 libidini,
792 2519 940 2542 annuens
971 2509 1004 2542 in
1027 2520 1094 2554 quo
1115 2514 1191 2544 crat
1212 2509 1408 2556 profundior
1429 2509 1503 2543 eius
1525 2520 1632 2555 quae-

190 2547 267 2580 dam
291 2559 390 2592 quam
413 2549 456 2582 ab
479 2549 612 2583 bomine
633 2550 685 2584 sic
716 2556 796 2586 nato
826 2563 981 2597 sperares
1004 2554 1191 2600 prudentia.
1235 2554 1401 2590 vitandam
1424 2555 1510 2589 enim
1532 2559 1629 2588 recte

189 2593 325 2671 putavit
346 2597 569 2638 contemptum
594 2594 661 2639 ipsi
683 2598 868 2640 parituram
891 2600 979 2644 apud
1001 2610 1081 2634 suos
1107 2601 1295 2646 opinionem
1317 2600 1428 2635 uxorii
1451 2603 1486 2634 et
1506 2600 1542 2634 in
1565 2611 1631 2633 vo-

203 2642 339 2682 uptates
377 2651 419 2673 ex
448 2639 569 2674 bellica
597 2641 724 2676 ferocia
754 2643 897 2677 emolliri
916 2645 1027 2680 facilis
1057 2645 1134 2680 viri.
1180 2646 1261 2692 quin
1282 2651 1318 2680 et
1339 2645 1556 2681 humanitssis
1577 2646 1631 2678 fa-

191 2694 277 2717 mam
299 2695 471 2729 aucupans
491 2686 618 2720 moveri
646 2698 732 2731 prae
761 2699 800 2723 se
826 2689 905 2723 tulit
934 2690 1148 2726 miseratione
1167 2691 1327 2726 fundendi
1348 2691 1478 2734 civilis,
1509 2690 1539 2724 si
1561 2701 1629 2735 qua

192 2734 352 2773 coeperat
372 2731 549 2773 tenderet,
581 2732 762 2776 sanguinis.
807 2734 851 2769 ad
874 2739 1056 2771 extremum
1086 2749 1128 2772 ea
1148 2739 1327 2772 verborum
1348 2737 1527 2782 vultusque
1548 2747 1630 2779 gra-

191 2773 299 2808 vitate
319 2786 388 2819 qua
408 2787 474 2810 non
505 2776 660 2822 accipere
690 2778 798 2824 ipsum
827 2780 1006 2826 quidquam
1038 2783 1171 2827 gratiae
1202 2783 1262 2818 sed
1294 2782 1447 2816 beneficii
1468 2782 1541 2816 loco
1563 2780 1628 2815 tri-

193 2818 298 2854 buere
326 2831 367 2854 se
395 2820 623 2866 significaret,
651 2834 740 2870 quae
771 2824 1001 2863 offerebantur
1029 2828 1172 2875 accepit.
1223 2829 1418 2864 scribuntur
1446 2837 1524 2862 mox.
1548 2838 1627 2862 con-
