1884 3262
260 181 355 227 378
662 177 894 224 GEOR'GII
939 181 1290 226 PACHYMERIS

257 291 368 348 βόλει
386 291 444 346 μὴ
467 289 738 352 ἄκαταιτιάτῳ
756 294 922 348 μηνίειν.
993 292 1118 344 αὐτὸς
1135 293 1211 350 γὰρ
1232 294 1389 348 ἕτοιμος
1409 291 1507 336 εἶναι
1537 295 1603 336 καὶ
1628 293 1707 351 ὄφ-

208 369 239 402 E·
264 362 394 418 φίκιον
422 360 660 402 ἀποθέσθαι
684 363 749 403 καὶ
770 366 906 403 πᾶσαν
927 360 1088 418 ἀφεῖναι
1115 362 1189 416 τὴν
1213 362 1314 417 πρὸς
1335 361 1460 405 αὐτὸν
1482 359 1702 418 πρόσοδον,

257 427 483 477 κοινωνικὸς
507 428 552 470 δὲ
586 427 684 471 εἶναι
709 433 758 486 τῇ
785 431 996 490 ἐκκλησία,
1041 429 1117 472 κᾶν
1144 429 1166 472 ὅ
1192 446 1230 471 τι
1261 428 1428 484 πράξω,
1473 429 1531 485 μὴ
1554 432 1710 486 παραιέ

257 500 420 538 τεῖσθαι
441 495 515 550 τὴν
534 498 733 550 βασιλέως
750 496 868 554 χάριν
886 499 952 540 καὶ
973 503 1112 550 τοῦτο,
1153 495 1208 548 ὥς
1226 497 1284 552 μὴ
1303 499 1447 552 σχίζειν
1465 497 1539 551 τὴν
1562 501 1705 553 ἐκκλη-

253 566 345 606 σιάν
379 566 532 619 δοκοίη.
603 567 637 607 εἷ
667 566 709 607 δ’
747 562 845 618 οὗν,
883 566 987 608 ἀλλὰ
1024 568 1090 608 καὶ
1121 568 1176 616 εἷς
1196 567 1355 621 ἒξορίαν
1376 565 1631 620 πέμπεσθαι,
1671 568 1735 614 εἰς,

113 638 141 669 Ρ
166 637 231 672 257
255 632 431 687 θελητόν
454 637 512 690 τῷ
529 638 768 690 κρατοῦντι,
806 635 873 676 καὶ
898 634 1013 676 τοῦτ’
1043 633 1140 677 εἶναι
1162 632 1392 690 πρόθυμος.
1465 631 1486 674 ὅ
1508 634 1644 687 μέντοι
1662 651 1705 690 γε

252 701 444 755 βασιλεῦς
471 701 546 756 τὴν
579 706 653 756 τῆς
683 702 805 760 ὀργῆς
839 702 1005 753 ἀδοξίαν
1037 707 1094 761 τῷ
1122 705 1251 758 δῆθεν
1285 702 1387 758 πρὸς
1414 700 1539 743 αὐτὸν
1559 705 1705 758 φιλαν-

250 767 410 827 θρώπῳ
433 767 710 825 συγκρύπτων,
749 771 954 824 ἀπέπεμπε
975 771 1078 827 πρὸς
1100 771 1151 813 τὰ
1175 771 1277 813 οἴκοι
1294 771 1420 825 μηδὲν
1437 767 1570 814 εἰπών.
1618 768 1640 812 ὁ
1661 771 1706 812 δὲ

255 839 320 880 καὶ
344 839 400 887 εἷς
431 840 589 892 ἒξοριάν
619 837 936 894 προητοιμάζετο
950 872 963 892 ,
1002 841 1068 882 καὶ
1090 839 1141 881 τὰ
1173 837 1299 881 αὑτοῦ
1319 843 1375 896 τῷ
1397 839 1704 896 σκευοφυλακίῳ

250 910 324 961 τῆς
342 908 553 962 ἐκκλησίας
580 907 788 958 ἀνατιθεὶς
812 909 983 962 ἱματίων
1009 912 1205 964 πενιχρῶν
1237 906 1369 964 ἑαυτῷ
1394 903 1601 962 προυνόει,
1637 907 1759 953 καί1ο

250 991 292 1030 γε
323 974 418 1025 τοὺς
449 976 576 1025 ἰδίους
606 976 741 1032 φέρων
771 979 837 1018 καὶ
867 974 1013 1018 ἑαυτὸν
1034 981 1091 1032 τῷ
1123 974 1285 1034 μεγάλῳ
1306 979 1391 1032 ναῷ
1411 975 1702 1017 mundanum.

252 1041 308 1093 ὡς
335 1047 433 1099 γοῦν
465 1044 537 1086 οὐκ
568 1044 721 1087 ἀνυστά
755 1043 880 1087 ἐδόκει
912 1044 964 1086 τὰ
994 1044 1097 1100 πρὸς
1118 1045 1265 1086 ἐκεῖνον
1284 1048 1341 1101 τῷ
1361 1046 1526 1095 βασιλεῖ
1542 1046 1600 1100 τῷ
1618 1046 1703 1101 ναῷ

252 1110 565 1168 προσφυγόντα,
603 1113 769 1166 πέμψας
786 1113 1000 1166 βασιλικὰς
1028 1113 1238 1165 συλλαβὰς
1264 1110 1616 1166 ἕνσεσημασμένας
1644 1114 1702 1168 τῷ

200 1188 227 1221 Β
255 1181 420 1239 ἐρυθρῷ
441 1181 545 1235 μεθ’
576 1179 736 1235 ἁπάσης
759 1183 906 1224 ἐκεῖνον
933 1184 1187 1235 μετεκαλεΐτο
1216 1184 1346 1234 τιμῆς.
1414 1181 1479 1220 καὶ
1501 1177 1546 1226 ὃς
1566 1183 1702 1220 καθυ-

250 1246 422 1303 πήκουε,
468 1251 534 1290 καὶ
564 1249 740 1299 ἐξελθών
767 1250 912 1291 αὐτίκα
944 1249 1048 1290 εὐθὺ
1075 1248 1208 1290 ἄπεισι
1246 1252 1320 1290 τοῦ
1355 1249 1597 1297 καλοῦντος,
1635 1247 1700 1288 καὶ
1714 1257 1756 1292 15

249 1318 342 1372 πρὶν
371 1317 675 1373 ἐμφανισθῆναι
699 1318 936 1372 κατέχεται,
981 1319 1046 1358 καὶ
1075 1318 1130 1366 εἷς
1159 1315 1344 1372 φυλακὴν
1373 1314 1447 1368 τὴν
1467 1318 1540 1366 τοῦ
1555 1313 1700 1367 Ἀνεμᾶ

250 1382 404 1442 πύργου
424 1392 507 1434 τοῖς
526 1388 696 1434 Κελτοῖς
714 1383 1034 1442 σωματοφύλαξι
1054 1386 1223 1428 δίδοται.
1267 1382 1287 1426 ὅ
1307 1385 1380 1438 μὲν
1402 1384 1442 1424 ἐν
1460 1380 1620 1431 τούτοις
1637 1377 1699 1436 ἦν.

200 1454 230 1487 C
395 1451 467 1498 14.
535 1452 583 1496 Ὁ
607 1455 650 1496 δὲ
670 1454 863 1506 βασιλεὺς
890 1460 975 1502 τοῖς
994 1456 1081 1509 περὶ
1106 1452 1230 1495 αὐτὸν
1264 1454 1410 1507 λογίοις
1428 1448 1699 1506 χρησάμενος,

249 1514 306 1563 ὧν
326 1525 477 1578 πρῶτοι
497 1524 561 1565 καὶ
581 1520 788 1577 κράτιστοι
808 1521 828 1566 ὁ
850 1520 1132 1578 ἀρχιδιάκονος
1152 1523 1217 1563 καὶ
1236 1519 1256 1563 ὁ
1287 1516 1700 1576 πρωταποστολάριος

246 1584 375 1643 ἦσαν,
414 1591 632 1646 συντίθησι
662 1588 789 1646 τόμον
818 1592 883 1633 καὶ
913 1590 991 1634 ἀπὸ
1015 1587 1223 1647 διαφόρων
1240 1589 1428 1647 ἱστοριῶν
1450 1604 1490 1629 τε
1509 1588 1575 1628 καὶ
1592 1585 1754 1644 χρή-20

246 1754 370 1789 sionem
404 1756 493 1790 ultro
527 1756 701 1792 incurrere
735 1757 928 1799 videretur,
963 1767 1040 1790 eum
1073 1755 1190 1790 adiens
1220 1757 1319 1798 rogat
1352 1766 1395 1788 ne
1429 1751 1495 1786 sibi
1530 1752 1698 1786 innocenti

243 1800 420 1835 irascatur.
468 1814 543 1836 nam
568 1814 605 1836 se
639 1806 793 1848 paratum
829 1814 903 1837 esse
927 1802 980 1836 vel
1002 1802 1045 1836 ad
1068 1802 1216 1836 officium
1241 1800 1480 1840 abdicandum,
1503 1798 1698 1832 renuntian-

244 1845 388 1891 dumque
419 1848 644 1882 emolumentis
679 1853 715 1882 et
746 1849 967 1894 proventibus
1000 1859 1088 1892 quae
1125 1847 1206 1881 inde
1235 1845 1438 1891 perciperet.
1497 1854 1534 1877 se
1564 1844 1698 1888 quidem

244 1902 321 1925 esse
343 1892 386 1925 de
410 1893 492 1927 cleri
515 1905 674 1939 corpore:
700 1897 813 1927 tamen
835 1904 1034 1939 quocunque
1061 1898 1152 1926 statu
1166 1893 1224 1935 sit,
1248 1903 1313 1925 non
1336 1900 1494 1925 recusare
1515 1888 1698 1933 imperato-

243 1936 291 1970 ris
314 1938 455 1981 gratiam
469 1964 479 1981 ‚
501 1940 578 1984 quin
603 1939 714 1983 magni
739 1941 851 1973 facere
873 1951 914 1973 ac
937 1939 1000 1972 sibi
1023 1939 1152 1972 ambire
1173 1937 1281 1983 ipsius
1307 1936 1471 1970 ecclesiae
1505 1945 1630 1977 causa,
1653 1946 1698 1969 ne

243 1981 400 2017 scindere
434 1984 540 2030 ipsam
573 1985 680 2019 videri
709 1989 837 2030 posset.
882 1984 1004 2030 quodsi
1035 1984 1146 2028 gratia
1168 1995 1206 2017 se
1238 1982 1405 2026 indignum
1429 1981 1614 2024 imperator
1635 1991 1698 2015 suu

243 2027 397 2062 iudicans
430 2031 610 2064 amandare
644 2030 678 2064 in
711 2031 846 2064 exilium
879 2030 999 2071 vellet,
1034 2030 1134 2063 etiam
1167 2029 1209 2063 ad
1240 2033 1369 2062 tantum
1393 2027 1470 2061 mali
1490 2025 1696 2060 subeundum

243 2084 320 2108 sese
343 2082 530 2120 promptum
553 2076 723 2110 exhibere.
771 2077 854 2110 haec
874 2076 1059 2120 imperator
1076 2075 1215 2108 audiens
1235 2074 1319 2108 iram
1342 2073 1474 2118 penitus
1493 2071 1600 2105 animo
1617 2083 1698 2105 con-

244 2123 376 2164 ceptam
400 2122 463 2155 sibi
486 2121 645 2156 dedecori
667 2123 835 2163 futuram,
859 2122 888 2156 si
910 2122 1130 2166 proderetur,
1163 2125 1279 2162 ratus,
1302 2120 1419 2153 fucata
1444 2117 1697 2151 benevolentiae

243 2164 277 2198 in
303 2166 445 2201 Veccum
473 2167 587 2212 specie
609 2169 801 2212 occultans,
825 2167 955 2202 remisit
976 2167 1140 2201 hominem
1173 2167 1304 2199 domum
1328 2166 1416 2198 nullo
1439 2164 1546 2197 verbo
1569 2163 1695 2197 addito.

243 2215 281 2245 at
305 2211 362 2245 ille
382 2212 415 2247 in
438 2213 572 2247 exilium
597 2225 634 2248 se
667 2214 893 2258 comparabat.
940 2215 976 2246 et
1007 2224 1068 2246 sua
1101 2211 1260 2245 familiari
1288 2210 1516 2256 supellectile,
1551 2213 1695 2253 excepto

244 2268 342 2302 quem
365 2258 442 2292 inde
471 2259 533 2292 sibi
558 2260 601 2293 ad
624 2262 834 2304 praesentem
858 2258 1009 2303 providit
1040 2269 1134 2291 usum
1159 2257 1359 2302 paupertino
1385 2256 1528 2296 vestitu,
1550 2254 1586 2287 in
1609 2265 1694 2299 apo-

245 2302 352 2336 thecis
376 2305 540 2338 ecclesiae
562 2305 738 2350 deposita,
759 2305 831 2349 ipse
854 2304 1004 2338 obsoleta
1026 2308 1122 2338 veste
1145 2314 1220 2337 cum
1243 2302 1312 2340 suis
1336 2303 1429 2346 asylo
1447 2299 1559 2345 magni
1580 2299 1696 2344 templi

243 2360 281 2383 se
312 2349 482 2383 commisit.
529 2362 595 2394 quo
627 2350 810 2395 imperator
840 2354 1034 2394 comperto,
1073 2349 1163 2383 haud
1195 2360 1233 2383 se
1265 2349 1330 2382 iam
1368 2346 1491 2381 videns
1528 2345 1695 2391 perficere

241 2405 343 2439 posse
365 2406 453 2438 quae
488 2396 663 2439 cogitabat
699 2401 837 2441 propter
863 2395 1055 2439 religionem
1079 2394 1145 2428 loci
1169 2393 1257 2428 sacri
1287 2405 1354 2439 quo
1378 2394 1508 2428 Veccus
1533 2391 1694 2434 confuge-

241 2444 318 2482 rat,
343 2440 453 2474 missis
487 2441 592 2484 regiis
626 2441 732 2476 literis
756 2442 892 2476 rubrica
914 2441 1099 2485 insignibus
1113 2468 1123 2482 ‚
1153 2440 1242 2474 omni
1266 2450 1341 2473 eum
1364 2437 1500 2472 honoris
1522 2436 1693 2480 significa-

243 2486 335 2520 tione
358 2486 400 2519 ad
424 2497 461 2519 se
483 2488 629 2520 vocavit.
677 2499 740 2521 nec
770 2488 828 2521 ille
857 2486 1052 2529 recusavit,
1084 2486 1144 2520 sed
1176 2484 1291 2519 statim
1314 2484 1428 2518 exiens
1452 2483 1496 2517 ad
1517 2487 1691 2516 vocantem

240 2535 336 2566 recta
361 2532 538 2576 pergebat.
586 2543 700 2566 verum
725 2532 920 2577 priusquam
953 2532 1206 2572 admitteretur,
1240 2530 1496 2576 comprehensus
1525 2531 1578 2561 est
1602 2530 1638 2560 et
1658 2526 1692 2580 in

243 2588 410 2612 carcerem
434 2577 539 2611 turris
560 2580 706 2611 Anemae
729 2579 922 2622 conclusus,
959 2578 1067 2612 Celtis
1097 2576 1299 2612 satellitibus
1326 2572 1562 2610 custodiendus
1583 2571 1692 2606 tradi-

240 2626 308 2656 tur.
355 2627 391 2656 et
411 2621 465 2656 hic
487 2623 620 2667 quidem
645 2623 679 2656 in
702 2623 755 2656 his
778 2628 864 2657 erat.

335 2668 388 2703 14.
434 2669 479 2702 At
500 2668 685 2714 imperator
707 2668 894 2702 eruditione
916 2679 997 2703 usus
1019 2668 1191 2703 doctorum
1213 2667 1398 2708 hominum,
1429 2674 1514 2709 quos
1537 2662 1630 2697 circa
1652 2673 1690 2697 se

239 2717 397 2748 auctores
417 2713 655 2759 adiutoresque
678 2713 774 2747 huius
797 2713 924 2758 negotii
941 2715 1100 2756 habebat,
1123 2724 1263 2759 quorum
1285 2711 1386 2757 primi
1405 2708 1690 2753 valentissimique

239 2763 337 2792 erant
358 2759 451 2804 prius
474 2758 647 2794 memorati
669 2758 924 2792 archidiaconus
950 2765 985 2793 et
1008 2759 1328 2804 protapostolsrius,
1358 2755 1520 2800 scriptum
1554 2765 1690 2799 compo·

239 2803 308 2838 suit
329 2815 372 2839 ex
394 2805 498 2841 variis
523 2808 715 2840 contextum
738 2803 888 2838 historiis
919 2808 955 2839 et
981 2804 1201 2847 testimoniis,
1236 2804 1357 2849 quibus
1378 2801 1610 2836 demonstrare
1631 2810 1690 2834 oo-
