1884 3262
549 216 654 263 un.
671 217 758 265 111.vv
795 180 1292 265 cunowotoelcns
1557 220 1655 271 721

300 330 433 384 Atque
451 330 501 371 de
532 330 633 384 ipsis
659 328 899 384 eclipsibus,
928 343 1030 384 quas
1053 331 1207 383 gemina
1231 326 1506 372 dissertatione
1525 331 1657 386 epilo-

186 389 322 441 gismis
348 387 538 438 definivi,
564 387 643 426 hoc
670 401 835 440 possum
862 387 1007 427 merito
1035 388 1241 441 profiteri,
1278 402 1343 428 eas
1370 389 1540 429 fundare
1560 390 1656 428 soli-

186 446 350 485 dissime
367 446 560 486 rationem
578 451 803 497 temporum
824 444 929 483 circa
950 458 1050 496 quae
1070 446 1325 497 contigerunt
1344 459 1445 498 quae
1471 445 1556 485 sine
1573 446 1654 487 illis

186 503 359 543 obscura
386 501 602 541 admodum
620 507 682 541 est
704 507 744 540 et
769 501 921 552 magnis
944 501 1250 541 difficultatibus
1269 502 1491 556 implicata.
1546 504 1654 544 unde

184 559 266 600 hoc
298 561 384 614 ipso
413 558 577 598 nomine
602 557 747 609 gratias
777 558 883 610 patri
912 558 1110 598 luminum
1129 566 1169 599 et
1188 559 1431 599 immortales
1451 558 1654 601 habendas

160 649 162 653 ,
185 631 302 667 reor,
333 616 441 670 quod
460 617 509 655 de
539 614 714 654 tenebris
736 615 864 654 lucem
886 616 1085 667 proferat,
1116 623 1157 656 et
1181 630 1231 656 ex
1252 617 1347 656 solis
1373 631 1420 655 ac
1441 617 1560 656 lunae
1580 618 1655 656 de-

185 675 426 714 fectionibus
443 671 661 712 historicae
682 671 859 712 veritatis
875 672 1012 712 lumen
1037 673 1193 713 educat.
1250 674 1326 728 ipsi
1353 674 1480 726 gloria
1499 674 1543 714 in
1563 688 1653 714 sae-

186 732 277 771 cula
294 731 561 772 saeculorum.
616 728 756 768 Amen.

642 798 854 836 Hactenus
878 798 932 838 P.
966 797 1199 839 Grantami.

661 931 1024 983 CAPUT
1093 931 1190 982 IV.

353 1037 565 1077 Statuitur
591 1042 750 1089 tempus
773 1035 917 1074 mortis
955 1032 1172 1086 Theodori,
1211 1036 1486 1075 coronationes

183 1095 437 1157 Palaeologi,
466 1100 642 1146 receptae
661 1108 680 1132 e
697 1093 868 1132 Latinis
894 1091 1282 1145 Constantinopolis,
1301 1100 1339 1131 et
1360 1094 1654 1134 excaecatt'onis

737 1149 898 1203 pupilli
911 1148 1092 1188 Ioannis.

294 1230 326 1269 Ῑ.
382 1229 471 1269 Erit
494 1228 575 1268 hoc
605 1228 654 1268 de
674 1241 754 1280 quo
774 1225 968 1266 hactenus
994 1232 1077 1266 tam
1099 1225 1237 1266 multis
1258 1233 1390 1267 actum
1412 1233 1494 1279 est,
1524 1229 1654 1270 solare

182 1287 425 1339 deliquium,
453 1286 671 1337 insigniens
706 1283 855 1323 illustii
885 1283 1115 1323 charactere
1151 1283 1368 1323 articulum
1400 1285 1531 1337 ipsum
1549 1292 1654 1325 tem-

180 1344 318 1397 poris,
347 1342 456 1381 unde
476 1348 611 1381 nostra
631 1341 729 1380 haee
750 1340 1027 1394 proficiscitur
1037 1339 1217 1390 historia,
1246 1341 1334 1390 erit,
1365 1341 1547 1393 inquam,
1575 1357 1655 1382 no-

180 1401 243 1440 bis
263 1400 389 1439 instar
405 1400 485 1438 alte
502 1398 739 1437 collucentis
760 1396 876 1450 phari
898 1403 1059 1450 portum
1078 1397 1185 1436 unde
1210 1398 1404 1436 solvimus
1423 1405 1652 1438 monstran-

180 1458 256 1506 tis,
287 1470 402 1509 quem
423 1456 528 1494 inter
543 1456 720 1494 eundum
738 1454 996 1507 respicientes
1013 1455 1142 1493 metiri
1169 1454 1340 1494 subinde
1368 1469 1652 1507 progressuum

181 1513 309 1567 spatia
342 1525 531 1565 queamus
563 1518 604 1551 et
631 1525 774 1551 cursus
806 1510 983 1550 universi
1011 1525 1200 1550 numeros
1229 1512 1396 1563 exequi,
1436 1526 1519 1550 non
1548 1527 1651 1551 con..

179 1571 395 1611 temnendo
414 1570 481 1610 vel
498 1568 550 1608 ad
568 1569 754 1608 solatium
782 1569 1040 1620 fructumque
1060 1567 1182 1606 animi
1204 1568 1268 1607 vel
1295 1568 1345 1607 ad
1365 1569 1508 1607 erroris
1530 1583 1653 1621 prae-

181 1627 408 1667 cautionem
431 1639 520 1666 usu.
576 1626 894 1678 expe1imentum
917 1638 1057 1678 capere
1075 1625 1249 1689 primum
1267 1625 1403 1664 libet·
1390 1638 1432 1663 in
1451 1625 1652 1666 Theodori

180 1690 311 1725 morte
340 1689 380 1722 et
407 1683 518 1734 regni
548 1683 696 1735 spatio,
726 1682 776 1721 de
811 1681 956 1734 quibus
984 1681 1304 1720 accuratissimus
1334 1682 1584 1752 Acropolita
1592 1684 1650 1722 sic

181 1741 378 1794 scriptum
405 1739 569 1791 reliquit
594 1740 637 1778 in
668 1739 770 1778 Hist.
804 1753 843 1791 p.
858 1739 914 1782 85
938 1738 999 1778 ed.
1023 1739 1116 1790 Reg.
1164 1738 1316 1787 ἐκεῖνος
1338 1736 1411 1791 μὲν
1438 1753 1515 1779 ουν
1543 1735 1649 1780 οὕτω

182 1795 348 1852 βιώσας,
377 1796 445 1838 καὶ
465 1792 585 1867 μήπω
605 1793 723 1844 ὅλους
741 1794 924 1864 τέτταρας
939 1793 1148 1843 ἐνιαυτους
1165 1789 1527 1848 αυτοκρατορήσας,
1549 1794 1651 1837 κατα

182 1854 416 1907 Νοέμβριον
434 1851 510 1907 γάρ
531 1850 654 1904 ἔρξας
673 1852 716 1894 ἓν
731 1846 956 1907 Αυγούστῳ
978 1851 1076 1905 μηνὶ
1095 1868 1139 1893 το
1157 1850 1268 1900 τέλος
1286 1851 1425 1904 ἔσχηκε
1443 1855 1515 1903 τῆς
1533 1853 1650 1905 ζωῆς.

183 1911 294 1952 vides
310 1911 364 1949 ibi
381 1910 608 1949 testimonio
627 1910 704 1949 viri
722 1908 967 1960 gravissimi,
997 1909 1208 1948 referentis
1227 1921 1328 1960 quae
1347 1921 1535 1959 praesens
1551 1922 1650 1962 spe-

181 1973 383 2018 nutaverat,
411 1966 665 2006 Theodorum
694 1966 801 2005 solos
828 1971 999 2018 quatuor
1016 1979 1091 2004 nec
1111 1966 1252 2018 plenos
1278 1978 1402 2004 annos
1419 1978 1549 2017 impei
1551 1979 1649 2005 asse

180 1999 444 2065 acclamatum
469 2024 572 2064 enim
592 2023 809 2063 Novembri
827 2035 982 2072 mense,
1009 2021 1175 2061 vivendi
1194 2020 1345 2074 pariter
1359 2027 1398 2059 et
1426 2020 1648 2072 imperandi

179 2082 303 2121 finem
323 2082 500 2132 Augusto
520 2094 655 2120 mense
674 2079 823 2119 fecisse.
879 2078 1002 2130 igitur
1031 2091 1124 2116 cum
1148 2084 1257 2116 certo
1285 2077 1338 2116 sit
1364 2076 1510 2115 certius
1540 2091 1646 2117 anno

182 2151 275 2178 eum
293 2136 442 2175 Christi
459 2138 568 2180 1255
587 2143 749 2176 mortuo
766 2135 885 2174 tertio
913 2135 996 2175 kal.
1016 2134 1258 2173 Novembres
1273 2132 1413 2171 Ioanni
1431 2133 1537 2185 patri
1553 2135 1649 2173 sub-

179 2199 386 2246 rogatum,
421 2206 632 2245 procerum
661 2199 702 2232 et
729 2193 902 2232 militum
926 2191 1210 2230 acclamatione
1237 2189 1574 2241 subvectioneque
1600 2191 1647 2230 in

182 2252 347 2304 clypeo,
386 2249 529 2288 deinde
558 2250 634 2288 sub
661 2249 782 2288 finem
813 2247 1040 2288 Decembris
1075 2247 1241 2287 solemni
1271 2246 1356 2286 ritu
1385 2259 1407 2284 a
1437 2259 1544 2285 novo
1573 2261 1646 2299 pa..

179 2306 358 2347 triarcha
385 2305 552 2345 Arsenio
581 2311 835 2356 coronatum,
872 2305 1125 2344 manifestum
1156 2309 1218 2344 est
1249 2317 1353 2342 anno
1377 2316 1466 2341 eum
1497 2302 1646 2342 eluisti

183 2363 295 2408 1259
315 2361 455 2402 vivere
477 2362 597 2402 simul
626 2369 667 2403 et
690 2375 856 2415 regnare
886 2361 1060 2401 desiisse.
1113 2360 1182 2400 hic
1212 2360 1318 2400 enim
1346 2373 1472 2399 annus
1493 2374 1516 2397 a
1534 2359 1645 2403 1255

182 2425 347 2473 quartus
365 2425 440 2460 est.

295 2476 346 2517 Π.
406 2475 496 2523 Quo
514 2474 609 2520 anni
627 2480 828 2543 temporem
825 2473 1059 2524 decesserit,
1089 2473 1183 2512 satis
1205 2471 1394 2525 exprimit
1420 2470 1643 2541 Pachyme-

181 2546 267 2583 res,
297 2533 391 2571 dum
409 2532 452 2570 id
472 2532 649 2570 evenisse
670 2531 726 2570 ait
756 2534 828 2572 τοῦ
848 2528 997 2584 χρόνον
1015 2527 1113 2584 πρὸς
1140 2526 1184 2572 τό
1212 2526 1520 2583 φθινοπωρινὸν
1543 2525 1645 2569 oino-

180 2591 410 2638 κλὶνοντος,
438 2589 661 2626 inclinante
682 2590 726 2626 in
744 2595 990 2626 autumnum
1005 2602 1134 2636 anno,
1161 2586 1240 2626 hoc
1256 2592 1337 2637 est,
1367 2600 1437 2638 per
1453 2591 1644 2623 aestatem

182 2646 360 2699 quidem,
382 2644 480 2684 sed
468 2658 546 2683 iam
563 2651 830 2684 senescentem
849 2651 887 2684 et
906 2644 1135 2684 adventanti
1149 2650 1339 2683 autumno
1361 2641 1643 2680 concedentem

183 2703 340 2742 sensim.
398 2701 566 2754 quadiat
592 2715 637 2740 ea
659 2708 755 2740 nota
780 2702 969 2755 temporis
998 2707 1089 2754 apte
1120 2700 1165 2739 in
1190 2700 1413 2751 Augustum
1446 2710 1643 2747 mensem3

184 2772 264 2811 quo
281 2774 326 2798 re
346 2759 435 2812 ipsa
447 2758 667 2796 extinctum
689 2757 940 2798 Theodorum
954 2757 1205 2811 Acropolita,
1233 2762 1280 2795 ut
1305 2754 1503 2804 diximus,
1533 2753 1646 2792 affi1-

183 2821 278 2855 mat.
334 2816 378 2854 in
398 2814 555 2855 duobus
585 2815 819 2867 exceptione
850 2814 1065 2854 ιηειίοιίἰιιιε
1094 2820 1133 2853 et
1163 2811 1428 2853 concordibus
1446 2810 1646 2848 firmatum

182 2871 351 2911 testibus
367 2886 442 2925 pro
461 2872 544 2911 fixo
565 2877 604 2909 et
622 2871 848 2911 indubitato
871 2871 989 2912 debet
1005 2870 1157 2911 haberi.
1213 2867 1355 2909 seditio
1376 2872 1508 2905 secuta
1530 2880 1646 2906 exel-

239 2933 414 2980 Georgius
442 2933 670 2979 Pachymeres
699 2933 744 2982 1..
1313 2923 1368 2966 46
