1884 3262
322 201 423 249 748
726 195 1037 241 OBSERVAT.
1071 195 1384 243 PACHYMER.
1399 206 1408 220 -·

316 309 531 353 ‘verisimile
552 312 611 346 est
627 306 671 345 id
687 305 865 346 retulisse
881 304 991 357 quod
1009 305 1126 357 vulgo
1146 305 1372 346 sarabaiam·
1414 306 1513 346 solet
1528 312 1669 346 ‘autem
1698 318 1772 359 po-

320 369 438 422 pulus
466 366 509 404 in
539 363 795 403 numerandis
818 363 930 401 annis
948 368 1171 401 accuratam
1194 368 1237 400 et
1253 362 1446 402 minutam
1462 365 1659 415 aspernari
1682 364 1774 404 dili*

320 423 513 476 gentiam3
541 433 614 459 nec
630 421 710 459 sere
730 419 887 458 dubitat
905 418 1062 468 decem,
1090 418 1259 471 exempli
1278 419 1425 470 gratia,
1454 420 1489 457 ei
1509 420 1675 472 principi
1698 434 1773 459 an-

319 495 390 520 nos
411 479 608 525 tribuere,
640 489 756 527 quem
777 481 928 514 constet
949 488 1099 514 nonum
1118 476 1335 514 excessisse.
1390 475 1549 514 minime
1574 476 1668 514 item
1693 490 1772 528 pu-

317 543 380 576 tat
406 534 668 574 necessarium
699 533 747 571 ab
779 531 1086 583 inaugurationis
1118 531 1182 570 die
1205 532 1375 583 primum
1394 531 1549 570 initium
1568 532 1675 583 regni
1694 533 1773 571 du-

318 605 429 637 cere,
457 591 528 630 ubi
555 602 775 642 supremam
798 594 1035 640 potestatem
1056 594 1170 626 antea
1186 588 1298 627 illum
1317 588 1538 627 exercuisse
1555 588 1684 640 palam
1701 594 1771 627 est.

317 651 449 700 itaque
473 647 680 700 imperium
698 645 898 684 Michaelis
915 645 1130 698 Palaeologi
1148 645 1226 689 iam
1242 657 1297 691 ,ex
1314 657 1360 683 eo
1381 650 1557 697 tempore
1574 645 1772 684 numerari

318 706 449 760 potuit
476 718 554 755 quo
579 704 612 741 is
638 709 750 742 tutor
779 701 935 742 Ioannis
954 707 1023 741 est
1054 700 1296 747 declaratus3
1325 701 1447 752 quod,
1465 701 1627 753 contigit
1654 701 1771 752 paulo

316 769 408 817 post
425 760 676 800 Muzalonum
692 758 849 797 caedem
860 787 872 807 ,
901 758 969 809 qui
986 771 1092 797 nono
1113 758 1176 797 die
1193 758 1243 796 ab
1259 757 1373 797 obitu
1389 757 1588 796 Theodori
1605 756 1773 808 Augusti

317 825 412 858 sunt
431 817 639 857 interfecti.
696 829 802 854 mors
822 814 1021 855 Theodori
1038 828 1089 854 ex
1110 814 1335 866 Acropolita
1353 814 1396 852 in
1417 813 1638 865 Augustum
1659 826 1771 852 men-

316 890 397 915 sem
425 874 583 922 incidit,
623 872 764 924 opinor
794 871 1055 921 desinentem,
1084 884 1174 910 cum
1201 869 1457 922 Pachymeres
1484 883 1568 908 eam
1597 871 1773 908 conserat

314 933 357 971 in
389 930 559 970 confinia
587 928 744 967 aestatis
773 934 814 966 et
839 927 1030 966 autumni.
1087 942 1110 965 a
1137 927 1355 978 Septembri
1381 940 1471 978 ergo
1499 926 1592 966 anni
1624 926 1772 965 Christi

319 988 428 1031 1259
444 986 596 1038 imperii
614 985 786 1024 habenas
809 983 974 1022 Michael
995 984 1218 1036 sumpserit,
1240 997 1336 1034 quas
1353 983 1484 1023 tenuit
1501 983 1612 1022 ducis
1630 982 1772 1034 magni,

319 1043 460 1083 deinde
479 1043 663 1094 despotae
680 1042 811 1090 titulo,
841 1040 967 1079 donec
982 1041 1055 1079 sub
1072 1041 1189 1078 finem
1207 1040 1427 1079 Decembris
1446 1039 1497 1077 ad
1513 1039 1664 1091 imperii
1681 1052 1773 1078 cum

315 1101 467 1153 pupillo
488 1099 689 1150 collegium
708 1097 952 1136 eveheretur.
1007 1109 1143 1135 revera
1159 1096 1276 1147 igitur
1290 1097 1499 1148 imperavit
1516 1109 1632 1147 super
1649 1109 1772 1145 annos

316 1156 458 1207 'viginti
476 1162 557 1194 tres
574 1154 749 1205 expletos
768 1153 921 1191 duobus
939 1153 1022 1189 sere
1040 1152 1260 1200 mensibus,
1285 1159 1332 1190 ut
1353 1153 1386 1190 si
1407 1152 1456 1190 de
1479 1152 1590 1191 annis
1608 1151 1772 1191 inchoa-

316 1214 369 1251 tis
396 1225 523 1250 sermo
553 1210 624 1258 sit,
654 1209 785 1260 negari
803 1212 970 1258 nequeat
986 1206 1041 1247 24
1060 1208 1141 1245 eius
1160 1208 1314 1259 imperii
1331 1221 1453 1246 annos
1476 1210 1676 1247 numerari
1695 1221 1772 1260 po-

316 1269 450 1307 tuisse.
506 1267 548 1306 in
580 1265 689 1303 hunc
717 1264 880 1304 modum
903 1262 1182 1314 Pachymerem
1214 1263 1372 1314 quidem
1401 1264 1450 1303 ab
1476 1277 1609 1303 errore
1635 1264 1772 1304 vindi-

317 1338 471 1364 camus:
505 1322 762 1371 Phrantzem,
791 1319 861 1372 qui
890 1325 1059 1358 mortem
1088 1318 1286 1358 Michaelis
1316 1320 1515 1371 coniungit
1547 1325 1636 1361 cum
1663 1320 1772 1359 indi-

316 1382 449 1421 ctione
472 1380 543 1430 14,
574 1375 796 1431 ἀλογιστίας
812 1377 1016 1415 absolvere
1032 1390 1114 1414 non
1134 1389 1354 1427 possumne.
1391 1377 1648 1416 certissimum
1667 1377 1772 1416 enim

315 1441 378 1477 ‘est
409 1451 513 1476 anno
546 1435 689 1474 Christi
721 1435 828 1476 1282
842 1463 853 1482 ‚
883 1446 961 1484 quo
983 1433 1211 1474 Michaelem
1239 1439 1392 1472 constat
1408 1439 1632 1484 mortuum,
1663 1433 1771 1473 indi-

313 1495 488 1534 ctionem
511 1496 563 1535 10
584 1492 702 1530 fuisse
719 1495 978 1529 numeratam.

428 1605 498 1645 IV.
550 1604 751 1643 Hactenus
774 1602 927 1644 versati,
947 1600 1223 1653 chronologica
1242 1600 1429 1640 methodo
1459 1614 1593 1641 sumus
1610 1601 1654 1640 in
1671 1604 1769 1654 epo-

317 1663 402 1702 chis
416 1663 534 1701 huius
552 1661 740 1700 historiae
756 1659 930 1711 figendis,
959 1671 1058 1710 quae
1076 1664 1183 1696 certo
1205 1658 1335 1709 aliquo
1351 1658 1525 1709 insigniri
1545 1654 1780 1697 charactere

315 1724 551 1773 potuerunt:
580 1723 750 1756 caeteras
775 1729 941 1767 quarum
960 1714 1261 1755 statuendarum
1277 1715 1320 1753 in
1337 1714 1526 1766 prudenti
1545 1715 1769 1753 coniectura

315 1783 403 1815 tota
429 1789 514 1828 spes
534 1775 606 1812 sita
623 1779 700 1822 est,
730 1772 797 1811 hic
818 1772 1039 1823 singillatim
1059 1773 1199 1822 exequi
1219 1784 1292 1810 nec
1313 1772 1437 1809 otium
1456 1777 1514 1809 est
1532 1784 1605 1810 nec
1627 1783 1768 1824 operae

314 1833 434 1872 suerit
452 1832 634 1884 pretium.
662 1829 755 1867 satis
775 1829 825 1866 sit
840 1841 915 1878 eas,
943 1829 1004 1866 uti
1025 1833 1063 1865 et
1080 1834 1166 1865 acta
1183 1827 1262 1866 hoe
1283 1839 1399 1880 opere
1415 1833 1631 1866 memorata
1649 1840 1768 1879 prae-

317 1890 444 1941 cipua,
473 1886 670 1926 verisimili
686 1885 840 1922 ratione
856 1885 898 1922 in
918 1884 1096 1922 ordinem
1116 1884 1291 1934 digestas,
1319 1883 1434 1922 certis
1448 1884 1490 1921 in
1507 1885 1627 1922 abaco
1648 1883 1768 1922 chro-

317 1945 495 1996 nologico
515 1942 626 1981 annis
646 1941 847 1992 assignare.
904 1939 1012 1991 quod
1030 1945 1239 1990 antequam
1259 1940 1516 1991 aggredimur,
1543 1940 1767 1978 describen-

180 2010 208 2043 P
232 2008 298 2043 530
322 2003 412 2040 dam
433 2001 499 2039 hic
521 1999 619 2037 duxi
636 1997 999 2036 annotatiunculam
1015 1996 1192 2046 lectoris,
1221 2002 1269 2034 ut
1291 2001 1474 2047 apparet,
1503 1997 1676 2034 accurati
1692 1995 1767 2034 ad·-

320 2059 505 2111 scriptam
530 2056 572 2094 in
602 2053 815 2093 Barbarino
843 2053 990 2105 optimo
1013 2052 1147 2091 codice
1170 2052 1221 2091 ad
1247 2065 1356 2091 oram
1379 2052 1634 2102 exteriorem,
1663 2064 1766 2092 ere·-

320 2116 431 2166 gione
453 2113 666 2153 verborum
689 2110 847 2148 illorum
872 2123 904 2150 c.
923 2112 979 2151 27
1001 2109 1030 2148 l.
1053 2108 1100 2151 4:
1126 2111 1206 2150 τοῖν
1229 2111 1368 2162 χωρῶν
1389 2108 1660 2162 κατεχομένων
1683 2112 1767 2158 τοῖς

321 2171 514 2223 Πέρσαις,
543 2164 666 2208 πάλαι
687 2163 739 2206 ἄν
758 2169 844 2214 ταῖς
857 2162 1002 2218 χώραις
1020 2164 1087 2205 καὶ
1109 2162 1208 2206 αὐτοὶ
1230 2161 1520 2206 συναπώλοντο.
1578 2165 1629 2203 ad
1654 2165 1765 2214 haec,

320 2229 428 2278 signo
446 2225 574 2264 indice
595 2223 796 2276 apposito,
823 2222 879 2260 sic
897 2234 948 2260 ex
964 2221 1129 2261 adverso
1151 2221 1341 2274 scriptum
1358 2234 1479 2260 manu
1500 2220 1765 2272 antiquissima

321 2290 361 2321 et
386 2283 603 2334 scripturae
629 2279 795 2329 codicis,
823 2284 1017 2330 quantum
1041 2278 1210 2318 iudicari
1233 2283 1395 2333 aspectu
1419 2283 1572 2331 potest,
1601 2278 1764 2330 aequali,

318 2339 503 2379 scribitur
740 2371 743 2373 .
1644 2360 1645 2363 =

592 2391 647 2460 οἷς
675 2388 856 2458 οἳληθοῖἰςιν
869 2389 1028 2443 εἴρηκας
1056 2420 1066 2431 .
1087 2421 1096 2430 .
1117 2421 1128 2430 .
1147 2421 1158 2431 .

586 2464 696 2489 ποτα
724 2463 800 2500 μου
829 2461 916 2500 ayne
945 2475 1077 2486 .....

592 2502 668 2558 γοέρ
697 2506 780 2544 τοῖν
803 2505 972 2556 Περσῶν
996 2502 1061 2545 ἐπι
1090 2531 1101 2543 .
1122 2533 1130 2542 .
1151 2532 1162 2542 .

589 2559 656 2599 καὶ
684 2563 734 2616 τῇ
762 2555 924 2614 ἀμελείᾳ
951 2574 1005 2599 τω
1034 2587 1045 2598 .
1065 2589 1075 2598 .
1096 2589 1106 2598 .
1127 2589 1137 2598 .

591 2611 766 2655 τούντων
795 2618 911 2656 συνελ
940 2644 1072 2654 .....

589 2675 672 2718 τοῖς
701 2670 892 2724 Πέρσαις,
921 2670 989 2711 καὶ
1017 2669 1046 2723 ἦ
1072 2669 1173 2711 nato}

589 2724 655 2767 τὸν
685 2724 845 2767 Πόντον
870 2723 1076 2778 Ἡράκλεια
1104 2723 1208 2768 ἑάλω

589 2782 633 2824 ἔν
661 2781 757 2834 μηνὶ
783 2778 928 2836 Ἰουλίῳ
957 2784 991 2824 δ.
1022 2786 1093 2824 Ν.
1113 2812 1122 2822 .
1144 2813 1153 2822 .

589 2840 662 2881 τοῦ
690 2835 814 2893 'sagn'
843 2836 965 2887 ἔτους.
