1884 3262
277 223 374 269 562
671 218 982 262 OBSERVAT.
1017 218 1329 264 PACHYMER.

139 333 166 368 P
189 332 256 367 385
283 333 449 385 λυγαΐον
477 342 565 380 φως
589 326 761 378 maligna
791 327 876 365 lux.
931 326 1026 365 hinc
1055 323 1300 379 ε’πιλυγάζειν
1330 327 1478 367 valebit
1507 327 1734 377 obscurare,

279 388 454 438 caligine
478 381 701 435 efflandae,
731 382 870 421 artifici
888 383 1043 421 silentio
1064 397 1112 434 px
1114 396 1240 421 emere
1260 388 1377 433 atque
1395 383 1610 424 involvere.

393 441 450 481 ἐπ
465 455 479 479 ι
493 436 819 506 στημονᾶρχη
833 455 853 487 ς
881 453 936 508 p.
945 442 1023 481 261
1054 453 1092 478 v.
1120 443 1160 481 3.
1222 438 1558 493 ἔπιστημονᾶρχης
1575 453 1658 479 vox
1673 444 1734 478 est

280 496 494 548 composita
520 509 570 533 ex
593 491 821 548 ἐπιστημων
846 501 886 533 et
910 491 1013 548 ἆρχή
1037 495 1088 533 ad
1118 495 1412 546 significandum
1430 496 1643 547 principem
1662 509 1735 534 co-

279 555 495 606 gnitorem,
526 551 606 590 hoc
630 558 710 600 est,
749 565 838 590 eum
872 552 934 589 cui
958 553 999 590 in
1033 551 1167 603 plimis
1193 552 1449 603 cognoscendi
1478 552 1527 591 de
1543 564 1586 590 re
1605 552 1734 602 aliqua

277 612 339 648 ius
370 609 565 660 competit.
623 614 761 659 aptum
784 608 1020 646 vocabulum
1051 607 1102 645 ad
1130 608 1402 660 explicandam
1421 608 1641 660 principum
1662 614 1733 646 aut

275 666 574 716 magistratuum
594 664 850 703 saecularium
868 664 1197 702 interventionem
1218 665 1258 702 in
1288 665 1448 715 synodis
1468 671 1537 703 aut
1558 664 1732 702 coetibus

275 721 550 761 ecclesiasticis.
606 734 687 759 non
711 720 814 758 enim
830 721 883 758 iis*
897 721 1121 773 praesident
1138 727 1187 758 ut
1203 721 1352 759 iudices
1372 734 1461 759 cum
1484 722 1568 759 iure
1589 721 1732 758 suffra-

275 780 325 830 gii
344 778 525 827 decisivi,
556 777 624 815 sed
644 777 842 815 intersunt
857 783 904 815 ut
930 783 1048 815 testes
1061 807 1071 826 ,
1101 777 1183 815 solo
1201 777 1430 827 cognitionis
1450 776 1733 828 approbatricis

276 835 440 874 arbitrio
467 834 632 871 decretis
648 834 919 872 auctoritatem
940 834 1205 880 conferentes,
1236 839 1275 870 et
1298 833 1350 870 ad
1369 833 1639 871 executionem
1662 846 1733 870 ro-

275 892 353 930 bur
381 890 588 929 saecularis
623 890 827 945 potestatis
856 890 1119 940 adiungentes.
1176 889 1245 926 ubi
1271 889 1490 927 notandum
1519 890 1733 940 primatum

275 948 398 986 istum
424 946 673 997 counitionis,
712 946 780 997 qui
808 952 1028 998 competere
1059 945 1324 998 principibus,
1360 959 1442 983 non
1465 944 1732 983 ecclesiasticis

275 1003 343 1043 hic
361 1004 528 1050 dicitur,
557 1015 638 1040 esse
664 1008 847 1054 respectu
865 1009 1107 1040 caeterorum
1133 1002 1194 1039 sui
1211 1001 1383 1050 ordinis,
1413 1001 1490 1039 hoc
1519 1007 1578 1040 est
1606 1001 1733 1039 laico-

274 1073 389 1107 rum,
418 1059 521 1097 inter
541 1071 640 1108 quos
667 1058 803 1110 primis
823 1058 916 1110 ipsis
945 1058 1134 1097 convenit
1153 1058 1246 1095 talia
1274 1070 1398 1096 nosse.
1455 1057 1668 1095 alludunt
1656 1056 1732 1107 igi-

275 1123 346 1154 tur
378 1115 476 1153 haec
502 1114 630 1153 nostri
658 1114 830 1153 auctoris
860 1115 981 1154 verba
1015 1114 1067 1152 ad
1094 1119 1267 1153 veterem
1297 1114 1523 1152 memoriam
1543 1112 1733 1164 historiae

275 1171 573 1219 ecclesiasticae,
602 1184 700 1222 quae
718 1171 994 1209 Constantinus
1013 1170 1251 1208 Theodosios
1272 1170 1490 1208 Marcianos
1510 1175 1580 1208 aut
1599 1170 1648 1207 ab
1668 1168 1731 1206 his

274 1229 411 1268 missos
446 1227 613 1277 legitime
643 1227 880 1280 praesedisse
915 1227 1087 1265 conciliis
1125 1226 1244 1264 fidem
1277 1226 1390 1274 facit,
1438 1226 1516 1263 isto
1543 1225 1731 1263 nimirum

274 1298 391 1335 quem
413 1282 576 1334 exposui
595 1283 727 1324 modo,
786 1295 907 1333 quare
925 1296 1006 1321 vox
1029 1281 1219 1334 βασιλέως
1237 1281 1304 1319 hic
1324 1281 1537 1321 universim
1554 1287 1594 1319 et
1614 1281 1732 1320 inde-

274 1341 385 1379 finite
403 1339 613 1388 sumenda,
653 1345 847 1389 quatenus
876 1352 956 1377 non
983 1337 1085 1376 hanc
1117 1337 1415 1376 determinatam
1433 1350 1640 1390 personam
1661 1337 1733 1376 sed

273 1407 560 1447 quemcumque
577 1394 629 1432 ad
647 1395 848 1447 imperiale
871 1395 1064 1445 fastigium
1089 1399 1267 1433 evectum
1295 1394 1459 1436 indicat.
1480 1394 1731 1446 participium

275 1459 407 1491 autem
425 1451 460 1489 ei
489 1451 742 1500 adiunctum,
772 1449 1075 1502 δικαιουμένου,
1105 1450 1281 1501 designat
1310 1451 1370 1489 ius
1387 1450 1477 1488 talis
1497 1449 1731 1502 cognitionis

274 1516 315 1546 et
355 1507 570 1560 praesentis
607 1507 761 1545 arbitrii
796 1507 839 1544 in
868 1506 1137 1544 ecclesiasticis
1167 1506 1364 1554 coetibus,
1399 1520 1476 1545 usu
1501 1507 1664 1557 antiquo
1690 1511 1730 1544 et

273 1570 434 1617 patrum
453 1563 632 1601 ecclesiae
661 1569 838 1601 veterum
870 1576 1079 1611 consensu,
1108 1562 1350 1614 principibus
1371 1568 1619 1614 competens.·
1661 1575 1730 1601 re-

271 1622 382 1674 perio
400 1634 517 1658 usum
534 1619 612 1657 hoc
632 1619 822 1658 vocabulo
841 1619 881 1658 in
903 1620 1037 1657 eadem
1068 1620 1228 1657 notione
1256 1619 1493 1657 Demetrium
1516 1618 1729 1657 Chomate-

272 1692 369 1715 num
396 1676 728 1728 archiepiscopum
748 1676 947 1727 Bulgariae
965 1676 1006 1713 in
1022 1676 1337 1726 responsionibus
1357 1675 1409 1713 ad
1425 1676 1727 1714 Constantinum

272 1733 492 1771 Gabasilam
524 1731 855 1796 archiepiscopum
881 1731 1252 1783 Dynhachiensem,
1291 1732 1423 1770 relatis
1447 1745 1470 1770 a
1489 1731 1726 1771 Leunclavio

271 1789 299 1827 l.
321 1792 346 1830 5
370 1789 471 1826 Iuris
497 1789 685 1827 Graeco-
701 1789 856 1827 romani
883 1792 920 1839 Ρ.
942 1791 1023 1830 316
1052 1794 1091 1826 et
1117 1801 1172 1839 sq.
1199 1788 1261 1827 ed.
1291 1789 1630 1828 Francofurtensis
1658 1801 1725 1831 an.

275 1846 398 1887 1640.
435 1845 491 1882 ibi
518 1845 621 1882 enim
646 1844 758 1882 haec
770 1844 972 1895 leguntur:
1010 1841 1034 1884 o‘
1069 1842 1255 1896 βασιλευς
1284 1861 1359 1911 γαρ
1393 1841 1459 1885 οἷα
1484 1843 1620 1892 κοινός
1642 1847 1726 1884 τῶν

273 1901 494 1952 ἐκκλῄσιων
510 1896 850 1953 ἐπιστημονᾶρχης
877 1899 944 1940 καὶ
971 1915 1029 1939 ων
1055 1899 1124 1940 καὶ
1152 1897 1444 1967 ὀνομαζόμενος
1468 1900 1536 1941 καὶ
1566 1901 1724 1941 συνοδι·

272 1960 365 2004 καῖς
377 1953 561 2025 γνώμαις
586 1955 781 1996 ἐπιστατεῖ
797 1972 864 1996 και
883 1971 926 1996 το
950 1958 1073 2009 κῦρος
1088 1972 1250 2004 ταυταις
1277 1958 1490 2008 χαρίζεται·
1520 1955 1724 2006 ἐκκλησια-

274 2009 411 2060 στικοές
427 2010 555 2061 ταξεις
575 2013 784 2064 ῥυθμίζει,
815 2012 882 2052 καὶ
900 2016 1113 2064 νομοτεθεῖ
1124 2013 1224 2067 βίω
1214 2011 1282 2052 καὶ
1302 2013 1481 2068 πολιτείᾳ
1500 2015 1573 2053 τοῦ
1591 2009 1724 2065 βήμα-
1785 2041 1787 2043 -

272 2085 363 2116 τος,
391 2068 459 2109 ναὶ
477 2083 560 2135 μην
577 2068 645 2109 καὶ
663 2069 792 2117 δίκαις
820 2066 1048 2109 ἐπισκόπων
1076 2068 1143 2108 και
1164 2071 1364 2137 κληρικῶν
1385 2054 1470 2108 καὶ
1468 2065 1569 2122 πρός
1589 2083 1632 2122 γε
1650 2084 1724 2121 χη-

274 2128 478 2178 ρευουσῶν
497 2120 657 2177 ψήφοις
676 2124 905 2176 ἐκκλησιων-
962 2121 1092 2178 ἐναγει
1119 2123 1163 2164 δε
1187 2124 1254 2165 καὶ
1282 2121 1359 2165 ἀπὸ
1380 2121 1585 2173 ἐλάττονος
1603 2128 1723 2176 τιμῆς

275 2181 333 2228 εἷς
361 2182 541 2232 μείζονα,
570 2178 720 2233 δηλαδὴ
754 2197 831 2222 ano
864 2180 1092 2222 ἔπισκοπων
1130 2181 1187 2229 εἰς
1216 2178 1475 2245 μητοόπολιν,
1513 2198 1540 2232 η
1575 2178 1723 2233 ἅνδρός

275 2233 421 2288 ἀρετὴν
447 2234 476 2289 ἢ
503 2233 622 2278 πόλιν
646 2240 772 2290 τιμῶν
809 2243 883 2275 etc.
938 2236 1036 2275 haec
1063 2237 1139 2286 ibi,
1182 2237 1353 2288 aliaqu03
1381 2238 1421 2276 in
1440 2237 1581 2288 quibus
1606 2237 1636 2275 si
1658 2237 1721 2275 cui

272 2293 404 2331 forte‘
393 2307 427 2331 is
446 2299 586 2332 auctor
600 2292 785 2333 videatur
802 2299 1034 2346 potestatem
1050 2293 1127 2332 hoc
1143 2294 1265 2332 verbo
1282 2294 1493 2332 indicatam
1510 2293 1722 2332 extendere

270 2349 392 2387 latius
412 2363 527 2399 quam
549 2356 596 2388 ut
616 2351 738 2401 possit
757 2351 947 2389 contineri
967 2351 1072 2388 intra
1092 2350 1278 2388 terminos
1302 2351 1420 2389 sacris
1448 2350 1662 2388 canonibus
1682 2355 1722 2388 et

274 2405 461 2456 exemplis
484 2405 799 2446 orthodoxorum
815 2408 1035 2459 principum
1054 2407 1206 2445 dudum
1222 2407 1322 2445 fixos
1334 2437 1344 2454 ‚
1373 2413 1529 2459 praesto
1557 2411 1610 2444 esi
1628 2405 1718 2444 ido-

272 2474 347 2499 nea
373 2461 416 2499 in
445 2464 684 2501 contrarium
710 2464 903 2514 exceptio:
931 2476 1070 2514 nempe
1098 2463 1264 2501 hominis
1285 2463 1536 2512 schismatici,
1566 2462 1719 2513 qualem

272 2531 314 2555 se
332 2518 550 2556 Demetrius
570 2517 636 2556 hic
651 2520 786 2558 eodem
803 2521 879 2558 isto
903 2521 1047 2571 scripto
1074 2520 1203 2571 palam
1224 2520 1415 2568 declarat,
1445 2519 1717 2561 auctoritatem

272 2573 371 2612 nihii
399 2573 565 2625 legitime
605 2577 866 2626 praescribere
905 2582 1045 2616 contra
1074 2576 1293 2615 doctrinam
1323 2575 1614 2628 disciplinamve
1648 2587 1717 2612 ca-

269 2629 466 2668 tholicam.

384 2685 647 2738 ἐπίσχεσις
674 2699 712 2738 Ρ.
730 2688 812 2730 225
830 2700 870 2727 V.
892 2691 956 2730 16.
1013 2689 1091 2740 agit
1118 2688 1167 2727 de
1186 2688 1388 2727 sacerdote
1407 2687 1475 2738 qui
1491 2691 1716 2726 attentave—

271 2748 335 2781 rat
361 2742 587 2780 benedicere
616 2742 763 2795 nuptiis
792 2744 874 2782 sine
900 2745 1086 2784 facultate
1116 2743 1451 2797 chartophylaci8‚
1480 2743 1544 2782 cui
1568 2743 1657 2782 ideo
1672 2744 1715 2782 in

269 2812 435 2850 poenam
462 2798 660 2850 suspensio
687 2812 709 2836 a
741 2799 942 2838 functione
978 2801 1186 2840 sacerdotii
1220 2802 1390 2850 irrogata
1419 2800 1481 2839 sit.
1539 2806 1599 2838 cst
1624 2813 1714 2851 ergo

267 2855 460 2907 ἐπίσχεσις
475 2854 729 2895 ecclesiastica
744 2856 917 2907 notione,
939 2858 1046 2908 quod
1061 2858 1157 2897 iuris
1177 2857 1354 2896 canonici
1369 2857 1537 2896 consulti
1553 2871 1714 2908 suspen-
