<?xml version="1.0" encoding="UTF-8"?>
<!DOCTYPE html PUBLIC "-//W3C//DTD XHTML 1.0 Transitional//EN"
    "http://www.w3.org/TR/xhtml1/DTD/xhtml1-transitional.dtd">
<html xmlns="http://www.w3.org/1999/xhtml" xml:lang="en" lang="en">
 <head>
  <title>
</title>
<meta http-equiv="Content-Type" content="text/html;charset=utf-8" />
  <meta name='ocr-system' content='tesseract 3.04.00' />
  <meta name='ocr-capabilities' content='ocr_page ocr_carea ocr_par ocr_line ocrx_word'/>
</head>
<body>
  <div class='ocr_page' id='page_1' title='image "./corpusscriptorum17niebuoft_0684.png"; bbox 0 0 1884 3262; ppageno 0'>
   <div class='ocr_carea' id='block_1_1' title="bbox 298 174 1338 224">
    <p class='ocr_par' dir='ltr' id='par_1_1' title="bbox 298 174 1338 224">
     <span class='ocr_line' id='line_1_1' title="bbox 298 174 1338 224; baseline -0.002 0"><span class='ocrx_word' id='word_1_1' title='bbox 298 178 394 224; x_wconf 87' lang='grc'>666</span> <span class='ocrx_word' id='word_1_2' title='bbox 687 174 996 219; x_wconf 87' lang='lat' dir='ltr'>OBSERVAT.</span> <span class='ocrx_word' id='word_1_3' title='bbox 1028 175 1338 222; x_wconf 84' lang='lat' dir='ltr'>PACH&#39;YMER.</span> 
     </span>
    </p>
   </div>
   <div class='ocr_carea' id='block_1_2' title="bbox 272 283 1736 1909">
    <p class='ocr_par' dir='ltr' id='par_1_2' title="bbox 272 283 1736 1183">
     <span class='ocr_line' id='line_1_2' title="bbox 293 283 1736 337; baseline 0.001 -11"><span class='ocrx_word' id='word_1_4' title='bbox 293 294 373 327; x_wconf 81' lang='lat' dir='ltr'>tres</span> <span class='ocrx_word' id='word_1_5' title='bbox 399 299 490 324; x_wconf 89' lang='lat' dir='ltr'>cum</span> <span class='ocrx_word' id='word_1_6' title='bbox 522 283 708 332; x_wconf 74' lang='lat' dir='ltr'>dimidio,</span> <span class='ocrx_word' id='word_1_7' title='bbox 738 283 992 323; x_wconf 71' lang='lat' dir='ltr'><strong>Innocentius</strong></span> <span class='ocrx_word' id='word_1_8' title='bbox 1011 283 1234 336; x_wconf 84' lang='lat' dir='ltr'>unatuor</span> <span class='ocrx_word' id='word_1_9' title='bbox 1256 286 1477 337; x_wconf 71' lang='lat' dir='ltr'>mensibus,&#39;</span> <span class='ocrx_word' id='word_1_10' title='bbox 1512 287 1736 327; x_wconf 74' lang='lat' dir='ltr'>Hadrianus</span> 
     </span>
     <span class='ocr_line' id='line_1_3' title="bbox 291 341 1736 395; baseline 0.002 -15"><span class='ocrx_word' id='word_1_11' title='bbox 291 345 326 380; x_wconf 93' lang='lat' dir='ltr'>V</span> <span class='ocrx_word' id='word_1_12' title='bbox 347 343 590 392; x_wconf 86' lang='lat' dir='ltr'>sequimense</span> <span class='ocrx_word' id='word_1_13' title='bbox 609 354 690 379; x_wconf 90' lang='lat' dir='ltr'>non</span> <span class='ocrx_word' id='word_1_14' title='bbox 705 346 809 389; x_wconf 87' lang='lat' dir='ltr'>toto,</span> <span class='ocrx_word' id='word_1_15' title='bbox 839 341 1002 379; x_wconf 84' lang='lat' dir='ltr'>Ioannes</span> <span class='ocrx_word' id='word_1_16' title='bbox 1020 341 1118 379; x_wconf 88' lang='lat' dir='ltr'>XXI</span> <span class='ocrx_word' id='word_1_17' title='bbox 1135 354 1279 379; x_wconf 85' lang='lat' dir='ltr'>novem</span> <span class='ocrx_word' id='word_1_18' title='bbox 1307 344 1518 395; x_wconf 83' lang='lat' dir='ltr'>mensibus,</span> <span class='ocrx_word' id='word_1_19' title='bbox 1546 345 1736 383; x_wconf 85' lang='lat' dir='ltr'>Nicolaus</span> 
     </span>
     <span class='ocr_line' id='line_1_4' title="bbox 289 396 1736 452; baseline 0.001 -15"><span class='ocrx_word' id='word_1_20' title='bbox 289 399 344 438; x_wconf 83' lang='grc' dir='ltr'>ΙΙΙ</span> <span class='ocrx_word' id='word_1_21' title='bbox 365 412 446 436; x_wconf 82' lang='grc' dir='ltr'>ηοη</span> <span class='ocrx_word' id='word_1_22' title='bbox 463 398 557 435; x_wconf 86' lang='lat' dir='ltr'>totis</span> <span class='ocrx_word' id='word_1_23' title='bbox 584 397 712 435; x_wconf 80' lang='lat' dir='ltr'>tribus</span> <span class='ocrx_word' id='word_1_24' title='bbox 730 396 857 437; x_wconf 86' lang='lat' dir='ltr'>annis.</span> <span class='ocrx_word' id='word_1_25' title='bbox 915 397 984 435; x_wconf 85' lang='lat' dir='ltr'>sed</span> <span class='ocrx_word' id='word_1_26' title='bbox 1009 403 1049 435; x_wconf 89' lang='lat' dir='ltr'>et</span> <span class='ocrx_word' id='word_1_27' title='bbox 1070 397 1112 435; x_wconf 89' lang='lat' dir='ltr'>in</span> <span class='ocrx_word' id='word_1_28' title='bbox 1132 396 1207 436; x_wconf 91' lang='lat' dir='ltr'>hoc</span> <span class='ocrx_word' id='word_1_29' title='bbox 1227 403 1309 435; x_wconf 84' lang='lat' dir='ltr'>erat</span> <span class='ocrx_word' id='word_1_30' title='bbox 1323 398 1475 449; x_wconf 86' lang='lat' dir='ltr'>aliquid</span> <span class='ocrx_word' id='word_1_31' title='bbox 1497 413 1576 452; x_wconf 85' lang='lat' dir='ltr'>quo</span> <span class='ocrx_word' id='word_1_32' title='bbox 1596 401 1736 438; x_wconf 87' lang='lat' dir='ltr'>Graeci</span> 
     </span>
     <span class='ocr_line' id='line_1_5' title="bbox 286 453 1735 507; baseline 0.002 -15"><span class='ocrx_word' id='word_1_33' title='bbox 286 468 496 505; x_wconf 81' lang='lat' dir='ltr'><strong>agnoscere</strong></span> <span class='ocrx_word' id='word_1_34' title='bbox 514 460 673 505; x_wconf 85' lang='lat' dir='ltr'><strong>possent</strong></span> <span class='ocrx_word' id='word_1_35' title='bbox 691 454 890 491; x_wconf 86' lang='lat' dir='ltr'>meliorem</span> <span class='ocrx_word' id='word_1_36' title='bbox 910 453 1096 492; x_wconf 83' lang='lat' dir='ltr'>ecclesiae</span> <span class='ocrx_word' id='word_1_37' title='bbox 1115 453 1381 492; x_wconf 84' lang='lat' dir='ltr'>conditionem</span> <span class='ocrx_word' id='word_1_38' title='bbox 1401 468 1447 492; x_wconf 88' lang='lat' dir='ltr'>ac</span> <span class='ocrx_word' id='word_1_39' title='bbox 1463 462 1607 495; x_wconf 81' lang='lat' dir='ltr'>statum</span> <span class='ocrx_word' id='word_1_40' title='bbox 1627 456 1735 507; x_wconf 86' lang='lat' dir='ltr'>apud</span> 
     </span>
     <span class='ocr_line' id='line_1_6' title="bbox 285 509 1734 561; baseline 0.002 -13"><span class='ocrx_word' id='word_1_41' title='bbox 285 512 444 548; x_wconf 82' lang='lat' dir='ltr'>Latinos</span> <span class='ocrx_word' id='word_1_42' title='bbox 470 524 584 561; x_wconf 88' lang='lat' dir='ltr'>quam</span> <span class='ocrx_word' id='word_1_43' title='bbox 619 510 724 561; x_wconf 89' lang='lat' dir='ltr'>apud</span> <span class='ocrx_word' id='word_1_44' title='bbox 749 509 869 560; x_wconf 78' lang='lat' dir='ltr'>ipsos.</span> <span class='ocrx_word' id='word_1_45' title='bbox 927 510 1069 548; x_wconf 84' lang='lat' dir='ltr'>etenim</span> <span class='ocrx_word' id='word_1_46' title='bbox 1096 523 1187 548; x_wconf 88' lang='lat' dir='ltr'>cum</span> <span class='ocrx_word' id='word_1_47' title='bbox 1214 523 1295 548; x_wconf 89' lang='lat' dir='ltr'>non</span> <span class='ocrx_word' id='word_1_48' title='bbox 1323 510 1451 549; x_wconf 84' lang='lat' dir='ltr'>minus</span> <span class='ocrx_word' id='word_1_49' title='bbox 1471 513 1552 551; x_wconf 79' lang='lat' dir='ltr'>fere</span> <span class='ocrx_word' id='word_1_50' title='bbox 1577 512 1734 552; x_wconf 86' lang='lat' dir='ltr'>crebras</span> 
     </span>
     <span class='ocr_line' id='line_1_7' title="bbox 285 565 1734 619; baseline 0.002 -15"><span class='ocrx_word' id='word_1_51' title='bbox 285 566 603 619; x_wconf 83' lang='lat' dir='ltr'>patriarcharum</span> <span class='ocrx_word' id='word_1_52' title='bbox 625 566 863 604; x_wconf 84' lang='lat' dir='ltr'>mutationes</span> <span class='ocrx_word' id='word_1_53' title='bbox 883 565 1227 617; x_wconf 79' lang='lat' dir='ltr'>Constantinopoli</span> <span class='ocrx_word' id='word_1_54' title='bbox 1251 567 1496 617; x_wconf 86' lang='lat' dir='ltr'>contingeret</span> <span class='ocrx_word' id='word_1_55' title='bbox 1511 567 1598 606; x_wconf 84' lang='lat' dir='ltr'>fieri</span> <span class='ocrx_word' id='word_1_56' title='bbox 1615 581 1734 619; x_wconf 88' lang='lat' dir='ltr'>quam</span> 
     </span>
     <span class='ocr_line' id='line_1_8' title="bbox 285 621 1733 675; baseline 0.001 -14"><span class='ocrx_word' id='word_1_57' title='bbox 285 637 479 675; x_wconf 82' lang='lat' dir='ltr'>paparum</span> <span class='ocrx_word' id='word_1_58' title='bbox 500 624 664 668; x_wconf 81' lang='lat' dir='ltr'>Romae,</span> <span class='ocrx_word' id='word_1_59' title='bbox 695 622 907 660; x_wconf 83' lang='lat' dir='ltr'>discrimen</span> <span class='ocrx_word' id='word_1_60' title='bbox 938 628 1021 660; x_wconf 86' lang='lat' dir='ltr'>erat</span> <span class='ocrx_word' id='word_1_61' title='bbox 1044 628 1194 671; x_wconf 85' lang='lat' dir='ltr'>tamen,</span> <span class='ocrx_word' id='word_1_62' title='bbox 1226 621 1335 674; x_wconf 86' lang='lat' dir='ltr'>quod</span> <span class='ocrx_word' id='word_1_63' title='bbox 1353 636 1481 674; x_wconf 87' lang='lat' dir='ltr'>papae</span> <span class='ocrx_word' id='word_1_64' title='bbox 1505 622 1645 662; x_wconf 83' lang='lat' dir='ltr'>mortis</span> <span class='ocrx_word' id='word_1_65' title='bbox 1662 637 1733 662; x_wconf 88' lang='lat' dir='ltr'>ne·-</span> 
     </span>
     <span class='ocr_line' id='line_1_9' title="bbox 289 677 1732 730; baseline 0.001 -13"><span class='ocrx_word' id='word_1_66' title='bbox 289 680 469 717; x_wconf 74' lang='lat' dir='ltr'>cessitate</span> <span class='ocrx_word' id='word_1_67' title='bbox 496 679 748 717; x_wconf 75' lang='lat' dir='ltr'>mutabantur</span> <span class='ocrx_word' id='word_1_68' title='bbox 767 707 777 727; x_wconf 89' lang='lat'>,</span> <span class='ocrx_word' id='word_1_69' title='bbox 817 677 1064 730; x_wconf 78' lang='lat' dir='ltr'>patriarchae</span> <span class='ocrx_word' id='word_1_70' title='bbox 1104 678 1534 730; x_wconf 78' lang='lat' dir='ltr'>constantinopolitani</span> <span class='ocrx_word' id='word_1_71' title='bbox 1570 678 1732 718; x_wconf 83' lang='lat' dir='ltr'>arbitrio</span> 
     </span>
     <span class='ocr_line' id='line_1_10' title="bbox 286 733 1732 787; baseline 0.001 -14"><span class='ocrx_word' id='word_1_72' title='bbox 286 735 536 787; x_wconf 81' lang='lat' dir='ltr'>imperatoris</span> <span class='ocrx_word' id='word_1_73' title='bbox 560 735 843 773; x_wconf 82' lang='lat' dir='ltr'>amovebantur</span> <span class='ocrx_word' id='word_1_74' title='bbox 868 741 907 773; x_wconf 91' lang='lat' dir='ltr'>et</span> <span class='ocrx_word' id='word_1_75' title='bbox 924 734 1248 785; x_wconf 82' lang='lat' dir='ltr'>subrogabantur.</span> <span class='ocrx_word' id='word_1_76' title='bbox 1302 735 1436 785; x_wconf 85' lang='lat' dir='ltr'>itaque</span> <span class='ocrx_word' id='word_1_77' title='bbox 1455 734 1591 787; x_wconf 83' lang='lat' dir='ltr'>paucis</span> <span class='ocrx_word' id='word_1_78' title='bbox 1612 733 1732 774; x_wconf 77' lang='lat' dir='ltr'>liuius</span> 
     </span>
     <span class='ocr_line' id='line_1_11' title="bbox 284 789 1733 844; baseline -0.001 -14"><span class='ocrx_word' id='word_1_79' title='bbox 284 793 535 844; x_wconf 76' lang='lat' dir='ltr'>principatus</span> <span class='ocrx_word' id='word_1_80' title='bbox 557 790 667 829; x_wconf 87' lang='lat' dir='ltr'>annis</span> <span class='ocrx_word' id='word_1_81' title='bbox 689 790 877 829; x_wconf 84' lang='lat' dir='ltr'>Arsenius</span> <span class='ocrx_word' id='word_1_82' title='bbox 898 790 1050 843; x_wconf 88' lang='lat' dir='ltr'>primo,</span> <span class='ocrx_word' id='word_1_83' title='bbox 1087 791 1180 829; x_wconf 88' lang='lat' dir='ltr'>dein</span> <span class='ocrx_word' id='word_1_84' title='bbox 1199 789 1468 843; x_wconf 87' lang='lat' dir='ltr'>Nicephorus,</span> <span class='ocrx_word' id='word_1_85' title='bbox 1495 797 1580 830; x_wconf 88' lang='lat' dir='ltr'>tum</span> <span class='ocrx_word' id='word_1_86' title='bbox 1603 790 1733 829; x_wconf 89' lang='lat' dir='ltr'>denuo</span> 
     </span>
     <span class='ocr_line' id='line_1_12' title="bbox 283 845 1732 898; baseline -0.001 -12"><span class='ocrx_word' id='word_1_87' title='bbox 283 849 496 896; x_wconf 69' lang='lat' dir='ltr'>arsenius,</span> <span class='ocrx_word' id='word_1_88' title='bbox 527 860 621 885; x_wconf 85' lang='lat' dir='ltr'>mox</span> <span class='ocrx_word' id='word_1_89' title='bbox 649 846 727 885; x_wconf 86' lang='lat' dir='ltr'>hoc</span> <span class='ocrx_word' id='word_1_90' title='bbox 754 847 926 897; x_wconf 86' lang='lat' dir='ltr'>relegato</span> <span class='ocrx_word' id='word_1_91' title='bbox 957 848 1196 895; x_wconf 87' lang='lat' dir='ltr'>Germanus,</span> <span class='ocrx_word' id='word_1_92' title='bbox 1234 845 1497 886; x_wconf 87' lang='lat' dir='ltr'>hoc.detruso</span> <span class='ocrx_word' id='word_1_93' title='bbox 1529 845 1732 898; x_wconf 82' lang='lat' dir='ltr'>Iosephus,</span> 
     </span>
     <span class='ocr_line' id='line_1_13' title="bbox 284 902 1732 956; baseline -0.001 -14"><span class='ocrx_word' id='word_1_94' title='bbox 284 911 374 956; x_wconf 88' lang='lat' dir='ltr'>post</span> <span class='ocrx_word' id='word_1_95' title='bbox 402 905 521 942; x_wconf 88' lang='lat' dir='ltr'>istum</span> <span class='ocrx_word' id='word_1_96' title='bbox 549 903 769 954; x_wconf 82' lang='lat' dir='ltr'>depositum</span> <span class='ocrx_word' id='word_1_97' title='bbox 793 904 946 942; x_wconf 89' lang='lat' dir='ltr'>Veccus</span> <span class='ocrx_word' id='word_1_98' title='bbox 965 905 1127 941; x_wconf 85' lang='lat' dir='ltr'>fuerunt</span> <span class='ocrx_word' id='word_1_99' title='bbox 1153 902 1414 955; x_wconf 79' lang='lat' dir='ltr'>patriarchae.</span> <span class='ocrx_word' id='word_1_100' title='bbox 1470 908 1518 942; x_wconf 89' lang='lat' dir='ltr'>ut</span> <span class='ocrx_word' id='word_1_101' title='bbox 1547 903 1628 941; x_wconf 85' lang='lat' dir='ltr'>sere</span> <span class='ocrx_word' id='word_1_102' title='bbox 1650 915 1732 940; x_wconf 87' lang='lat' dir='ltr'>non</span> 
     </span>
     <span class='ocr_line' id='line_1_14' title="bbox 272 958 1730 1011; baseline -0.001 -14"><span class='ocrx_word' id='word_1_103' title='bbox 272 961 416 1005; x_wconf 65' lang='lat' dir='ltr'>,minus</span> <span class='ocrx_word' id='word_1_104' title='bbox 437 959 618 998; x_wconf 74' lang='lat' dir='ltr'>Michaeli</span> <span class='ocrx_word' id='word_1_105' title='bbox 642 960 870 1009; x_wconf 84' lang='lat' dir='ltr'>Palaeologo</span> <span class='ocrx_word' id='word_1_106' title='bbox 890 959 1121 1008; x_wconf 82' lang='lat' dir='ltr'>conveniat,</span> <span class='ocrx_word' id='word_1_107' title='bbox 1151 960 1260 1011; x_wconf 87' lang='lat' dir='ltr'>quod</span> <span class='ocrx_word' id='word_1_108' title='bbox 1280 958 1536 1011; x_wconf 83' lang='lat' dir='ltr'>Ephraemius</span> <span class='ocrx_word' id='word_1_109' title='bbox 1555 959 1599 997; x_wconf 88' lang='lat' dir='ltr'>in</span> <span class='ocrx_word' id='word_1_110' title='bbox 1620 964 1730 996; x_wconf 81' lang='lat' dir='ltr'>cata-</span> 
     </span>
     <span class='ocr_line' id='line_1_15' title="bbox 286 1014 1729 1067; baseline -0.001 -14"><span class='ocrx_word' id='word_1_111' title='bbox 286 1017 377 1066; x_wconf 78' lang='lat' dir='ltr'>logo</span> <span class='ocrx_word' id='word_1_112' title='bbox 417 1015 733 1067; x_wconf 84' lang='lat' dir='ltr'>patriarcharum</span> <span class='ocrx_word' id='word_1_113' title='bbox 771 1015 1246 1067; x_wconf 87' lang='lat' dir='ltr'>Constantinopolitarum</span> <span class='ocrx_word' id='word_1_114' title='bbox 1282 1016 1332 1054; x_wconf 82' lang='lat' dir='ltr'>de</span> <span class='ocrx_word' id='word_1_115' title='bbox 1382 1016 1533 1054; x_wconf 83' lang='lat' dir='ltr'>Isaacio</span> <span class='ocrx_word' id='word_1_116' title='bbox 1573 1014 1729 1066; x_wconf 72' lang='lat' dir='ltr'>Angelo</span> 
     </span>
     <span class='ocr_line' id='line_1_16' title="bbox 287 1072 1273 1124; baseline 0.002 -15"><span class='ocrx_word' id='word_1_117' title='bbox 287 1072 472 1124; x_wconf 83' lang='lat' dir='ltr'>scripsit:</span> <span class='ocrx_word' id='word_1_118' title='bbox 671 1106 674 1107; x_wconf 15' lang='grc' dir='ltr'><em>ν</em></span> <span class='ocrx_word' id='word_1_119' title='bbox 1270 1081 1273 1090; x_wconf 70' lang='grc'><strong>“</strong></span> 
     </span>
     <span class='ocr_line' id='line_1_17' title="bbox 560 1125 1379 1183; baseline -0.001 -14"><span class='ocrx_word' id='word_1_120' title='bbox 560 1127 767 1178; x_wconf 78' lang='grc' dir='ltr'><strong><em>ἐκκλησίας</em></strong></span> <span class='ocrx_word' id='word_1_121' title='bbox 796 1126 917 1179; x_wconf 69' lang='grc' dir='ltr'><strong><em>ἔθιμα</em></strong></span> <span class='ocrx_word' id='word_1_122' title='bbox 944 1131 1195 1182; x_wconf 73' lang='grc' dir='ltr'><strong><em>καινουργῶν</em></strong></span> <span class='ocrx_word' id='word_1_123' title='bbox 1222 1125 1379 1183; x_wconf 74' lang='grc' dir='ltr'><strong><em>φύρων,</em></strong></span> 
     </span>
    </p>

    <p class='ocr_par' dir='ltr' id='par_1_3' title="bbox 555 1179 1464 1237">
     <span class='ocr_line' id='line_1_18' title="bbox 555 1179 1464 1237; baseline -0.001 -12"><span class='ocrx_word' id='word_1_124' title='bbox 555 1181 605 1225; x_wconf 73' lang='grc' dir='ltr'>ὃν</span> <span class='ocrx_word' id='word_1_125' title='bbox 634 1182 706 1235; x_wconf 82' lang='grc' dir='ltr'>μὲν</span> <span class='ocrx_word' id='word_1_126' title='bbox 733 1182 927 1232; x_wconf 69' lang='grc' dir='ltr'><strong><em>καθιστάς</em></strong></span> <span class='ocrx_word' id='word_1_127' title='bbox 951 1188 1202 1237; x_wconf 78' lang='grc' dir='ltr'><strong><em>πατριαρχῶν</em></strong></span> <span class='ocrx_word' id='word_1_128' title='bbox 1228 1185 1267 1232; x_wconf 83' lang='grc' dir='ltr'>ἐς</span> <span class='ocrx_word' id='word_1_129' title='bbox 1295 1179 1464 1237; x_wconf 76' lang='grc' dir='ltr'><strong><em>θρόνον,</em></strong></span> 
     </span>
    </p>

    <p class='ocr_par' dir='ltr' id='par_1_4' title="bbox 557 1235 1450 1296">
     <span class='ocr_line' id='line_1_19' title="bbox 557 1235 1450 1296; baseline -0.003 -16"><span class='ocrx_word' id='word_1_130' title='bbox 557 1237 606 1280; x_wconf 75' lang='grc' dir='ltr'>ὃν</span> <span class='ocrx_word' id='word_1_131' title='bbox 635 1236 677 1279; x_wconf 83' lang='grc' dir='ltr'>δ’</span> <span class='ocrx_word' id='word_1_132' title='bbox 706 1236 855 1293; x_wconf 76' lang='grc' dir='ltr'>ἐξάγων</span> <span class='ocrx_word' id='word_1_133' title='bbox 881 1235 956 1289; x_wconf 76' lang='grc' dir='ltr'>αὖ,</span> <span class='ocrx_word' id='word_1_134' title='bbox 986 1240 1053 1280; x_wconf 82' lang='grc' dir='ltr'>καὶ</span> <span class='ocrx_word' id='word_1_135' title='bbox 1081 1238 1186 1296; x_wconf 78' lang='grc' dir='ltr'>μόνῃ</span> <span class='ocrx_word' id='word_1_136' title='bbox 1214 1238 1450 1293; x_wconf 82' lang='grc' dir='ltr'><strong><em>προαιρέσει.</em></strong></span> 
     </span>
    </p>

    <p class='ocr_par' dir='ltr' id='par_1_5' title="bbox 278 1295 1729 1909">
     <span class='ocr_line' id='line_1_20' title="bbox 398 1295 1726 1347; baseline -0.002 -14"><span class='ocrx_word' id='word_1_137' title='bbox 398 1310 437 1347; x_wconf 87' lang='lat' dir='ltr'>p.</span> <span class='ocrx_word' id='word_1_138' title='bbox 455 1298 537 1338; x_wconf 81' lang='lat'>372</span> <span class='ocrx_word' id='word_1_139' title='bbox 556 1309 595 1333; x_wconf 87' lang='lat' dir='ltr'>v.</span> <span class='ocrx_word' id='word_1_140' title='bbox 611 1299 650 1337; x_wconf 87' lang='lat'>7.</span> <span class='ocrx_word' id='word_1_141' title='bbox 707 1302 929 1333; x_wconf 83' lang='lat' dir='ltr'>attentatae</span> <span class='ocrx_word' id='word_1_142' title='bbox 954 1295 1178 1334; x_wconf 73' lang='lat' dir='ltr'>additionis</span> <span class='ocrx_word' id='word_1_143' title='bbox 1206 1295 1264 1333; x_wconf 81' lang='lat' dir='ltr'>ad</span> <span class='ocrx_word' id='word_1_144' title='bbox 1280 1295 1512 1346; x_wconf 80' lang='lat' dir='ltr'>symbolum.</span> <span class='ocrx_word' id='word_1_145' title='bbox 1568 1305 1726 1343; x_wconf 81' lang='lat' dir='ltr'>magno.-</span> 
     </span>
     <span class='ocr_line' id='line_1_21' title="bbox 283 1347 1725 1404; baseline -0.003 -14"><span class='ocrx_word' id='word_1_146' title='bbox 283 1365 378 1404; x_wconf 82' lang='lat' dir='ltr'>pere</span> <span class='ocrx_word' id='word_1_147' title='bbox 393 1366 433 1390; x_wconf 87' lang='lat' dir='ltr'>se</span> <span class='ocrx_word' id='word_1_148' title='bbox 455 1357 652 1390; x_wconf 83' lang='lat' dir='ltr'>ostentant</span> <span class='ocrx_word' id='word_1_149' title='bbox 671 1350 713 1389; x_wconf 87' lang='lat' dir='ltr'>in</span> <span class='ocrx_word' id='word_1_150' title='bbox 732 1351 806 1389; x_wconf 86' lang='lat' dir='ltr'>bac</span> <span class='ocrx_word' id='word_1_151' title='bbox 830 1352 971 1403; x_wconf 88' lang='lat' dir='ltr'>passim</span> <span class='ocrx_word' id='word_1_152' title='bbox 987 1351 1153 1391; x_wconf 68' lang='lat' dir='ltr'>histor-iii</span> <span class='ocrx_word' id='word_1_153' title='bbox 1167 1350 1405 1389; x_wconf 84' lang='lat' dir='ltr'>schismatici</span> <span class='ocrx_word' id='word_1_154' title='bbox 1425 1347 1564 1388; x_wconf 78' lang='lat' dir='ltr'>Graeci</span> <span class='ocrx_word' id='word_1_155' title='bbox 1580 1362 1630 1387; x_wconf 81' lang='lat' dir='ltr'>ex</span> <span class='ocrx_word' id='word_1_156' title='bbox 1647 1348 1725 1386; x_wconf 87' lang='lat' dir='ltr'>hoc</span> 
     </span>
     <span class='ocr_line' id='line_1_22' title="bbox 281 1404 1726 1459; baseline -0.003 -13"><span class='ocrx_word' id='word_1_157' title='bbox 281 1409 396 1457; x_wconf 90' lang='lat' dir='ltr'>loco,</span> <span class='ocrx_word' id='word_1_158' title='bbox 426 1408 558 1459; x_wconf 84' lang='lat' dir='ltr'>quasi,</span> <span class='ocrx_word' id='word_1_159' title='bbox 588 1407 783 1458; x_wconf 86' lang='lat' dir='ltr'>quidquid</span> <span class='ocrx_word' id='word_1_160' title='bbox 811 1408 859 1445; x_wconf 91' lang='lat' dir='ltr'>de</span> <span class='ocrx_word' id='word_1_161' title='bbox 887 1409 1069 1458; x_wconf 85' lang='lat' dir='ltr'>dogmate</span> <span class='ocrx_word' id='word_1_162' title='bbox 1104 1406 1367 1459; x_wconf 83' lang='lat' dir='ltr'>processionis</span> <span class='ocrx_word' id='word_1_163' title='bbox 1393 1405 1564 1458; x_wconf 85' lang='lat' dir='ltr'>Spiritus</span> <span class='ocrx_word' id='word_1_164' title='bbox 1591 1404 1726 1442; x_wconf 84' lang='lat' dir='ltr'>Sancti</span> 
     </span>
     <span class='ocr_line' id='line_1_23' title="bbox 279 1460 1726 1516; baseline -0.003 -13"><span class='ocrx_word' id='word_1_165' title='bbox 279 1478 330 1503; x_wconf 79' lang='lat' dir='ltr'>ex</span> <span class='ocrx_word' id='word_1_166' title='bbox 353 1471 463 1516; x_wconf 83' lang='lat' dir='ltr'>patre</span> <span class='ocrx_word' id='word_1_167' title='bbox 487 1464 636 1516; x_wconf 83' lang='lat' dir='ltr'>pariter</span> <span class='ocrx_word' id='word_1_168' title='bbox 662 1478 708 1502; x_wconf 86' lang='lat' dir='ltr'>ac</span> <span class='ocrx_word' id='word_1_169' title='bbox 732 1464 1063 1513; x_wconf 77' lang='lat' dir='ltr'>filio-statuatur,</span> <span class='ocrx_word' id='word_1_170' title='bbox 1102 1465 1236 1515; x_wconf 87' lang='lat' dir='ltr'>fugere</span> <span class='ocrx_word' id='word_1_171' title='bbox 1262 1463 1391 1502; x_wconf 84' lang='lat' dir='ltr'>Latini</span> <span class='ocrx_word' id='word_1_172' title='bbox 1411 1467 1609 1513; x_wconf 87' lang='lat' dir='ltr'>nequeant</span> <span class='ocrx_word' id='word_1_173' title='bbox 1627 1460 1726 1512; x_wconf 86' lang='lat' dir='ltr'>quin</span> 
     </span>
     <span class='ocr_line' id='line_1_24' title="bbox 279 1518 1725 1571; baseline -0.003 -13"><span class='ocrx_word' id='word_1_174' title='bbox 279 1521 416 1558; x_wconf 87' lang='lat' dir='ltr'>saltem</span> <span class='ocrx_word' id='word_1_175' title='bbox 434 1520 664 1559; x_wconf 86' lang='lat' dir='ltr'>temeritatis</span> <span class='ocrx_word' id='word_1_176' title='bbox 690 1520 920 1558; x_wconf 86' lang='lat' dir='ltr'>manifestae</span> <span class='ocrx_word' id='word_1_177' title='bbox 943 1526 1172 1570; x_wconf 87' lang='lat' dir='ltr'>teneantur,</span> <span class='ocrx_word' id='word_1_178' title='bbox 1202 1521 1310 1571; x_wconf 86' lang='lat' dir='ltr'>quod</span> <span class='ocrx_word' id='word_1_179' title='bbox 1330 1518 1508 1570; x_wconf 83' lang='lat' dir='ltr'>symbolo</span> <span class='ocrx_word' id='word_1_180' title='bbox 1527 1518 1725 1555; x_wconf 80' lang='lat' dir='ltr'>Constan-</span> 
     </span>
     <span class='ocr_line' id='line_1_25' title="bbox 279 1575 1729 1628; baseline -0.001 -14"><span class='ocrx_word' id='word_1_181' title='bbox 279 1577 542 1628; x_wconf 88' lang='lat' dir='ltr'>tinopolitano</span> <span class='ocrx_word' id='word_1_182' title='bbox 558 1589 696 1614; x_wconf 88' lang='lat' dir='ltr'>vocem</span> <span class='ocrx_word' id='word_1_183' title='bbox 706 1577 879 1628; x_wconf 84' lang='lat' dir='ltr'>filioque</span> <span class='ocrx_word' id='word_1_184' title='bbox 909 1589 992 1614; x_wconf 89' lang='lat' dir='ltr'>non</span> <span class='ocrx_word' id='word_1_185' title='bbox 1022 1576 1292 1615; x_wconf 79' lang='lat' dir='ltr'>dubitaverint</span> <span class='ocrx_word' id='word_1_186' title='bbox 1324 1575 1547 1625; x_wconf 82' lang='lat' dir='ltr'>adiungere.</span> <span class='ocrx_word' id='word_1_187' title='bbox 1603 1585 1729 1624; x_wconf 69' lang='lat' dir='ltr'>quare</span> 
     </span>
     <span class='ocr_line' id='line_1_26' title="bbox 278 1632 1725 1683; baseline -0.003 -12"><span class='ocrx_word' id='word_1_188' title='bbox 278 1633 541 1671; x_wconf 81' lang='lat' dir='ltr'>necessarium</span> <span class='ocrx_word' id='word_1_189' title='bbox 559 1632 743 1671; x_wconf 83' lang='lat' dir='ltr'>existimo</span> <span class='ocrx_word' id='word_1_190' title='bbox 763 1632 1046 1683; x_wconf 87' lang='lat' dir='ltr'>demonstrare,</span> <span class='ocrx_word' id='word_1_191' title='bbox 1075 1633 1180 1683; x_wconf 85' lang='lat' dir='ltr'>quod</span> <span class='ocrx_word' id='word_1_192' title='bbox 1201 1633 1306 1671; x_wconf 90' lang='lat' dir='ltr'>clare</span> <span class='ocrx_word' id='word_1_193' title='bbox 1332 1644 1394 1669; x_wconf 87' lang='lat' dir='ltr'>me</span> <span class='ocrx_word' id='word_1_194' title='bbox 1416 1632 1614 1669; x_wconf 73' lang='lat' dir='ltr'>facturum</span> <span class='ocrx_word' id='word_1_195' title='bbox 1638 1641 1725 1680; x_wconf 87' lang='lat' dir='ltr'>spe-</span> 
     </span>
     <span class='ocr_line' id='line_1_27' title="bbox 278 1687 1726 1737; baseline -0.005 -9"><span class='ocrx_word' id='word_1_196' title='bbox 278 1703 324 1728; x_wconf 80' lang='lat' dir='ltr'>ro</span> <span class='ocrx_word' id='word_1_197' title='bbox 341 1719 351 1737; x_wconf 97' lang='lat'>‚</span> <span class='ocrx_word' id='word_1_198' title='bbox 389 1689 538 1727; x_wconf 89' lang='lat' dir='ltr'>nullam</span> <span class='ocrx_word' id='word_1_199' title='bbox 562 1689 605 1726; x_wconf 90' lang='lat' dir='ltr'>in</span> <span class='ocrx_word' id='word_1_200' title='bbox 631 1688 709 1726; x_wconf 87' lang='lat' dir='ltr'>hoc</span> <span class='ocrx_word' id='word_1_201' title='bbox 739 1688 998 1727; x_wconf 84' lang='lat' dir='ltr'>temeritatem</span> <span class='ocrx_word' id='word_1_202' title='bbox 1026 1688 1157 1728; x_wconf 86' lang='lat' dir='ltr'>fuisse.</span> <span class='ocrx_word' id='word_1_203' title='bbox 1213 1689 1278 1737; x_wconf 83' lang='lat' dir='ltr'>id,</span> <span class='ocrx_word' id='word_1_204' title='bbox 1307 1687 1349 1726; x_wconf 88' lang='lat' dir='ltr'>ni</span> <span class='ocrx_word' id='word_1_205' title='bbox 1374 1687 1512 1734; x_wconf 85' lang='lat' dir='ltr'>sallor,</span> <span class='ocrx_word' id='word_1_206' title='bbox 1541 1697 1726 1735; x_wconf 81' lang='lat' dir='ltr'>assequar</span> 
     </span>
     <span class='ocr_line' id='line_1_28' title="bbox 278 1742 1723 1797; baseline -0.001 -14"><span class='ocrx_word' id='word_1_207' title='bbox 278 1745 431 1783; x_wconf 85' lang='lat' dir='ltr'>duobus</span> <span class='ocrx_word' id='word_1_208' title='bbox 448 1744 639 1797; x_wconf 86' lang='lat' dir='ltr'>capitibus</span> <span class='ocrx_word' id='word_1_209' title='bbox 660 1744 900 1793; x_wconf 81' lang='lat' dir='ltr'>tractandis,</span> <span class='ocrx_word' id='word_1_210' title='bbox 929 1758 1098 1796; x_wconf 88' lang='lat' dir='ltr'>quorum</span> <span class='ocrx_word' id='word_1_211' title='bbox 1119 1744 1230 1796; x_wconf 89' lang='lat' dir='ltr'>prius</span> <span class='ocrx_word' id='word_1_212' title='bbox 1258 1744 1470 1781; x_wconf 71' lang='lat' dir='ltr'>lli-storiam</span> <span class='ocrx_word' id='word_1_213' title='bbox 1489 1747 1530 1780; x_wconf 88' lang='lat' dir='ltr'>et</span> <span class='ocrx_word' id='word_1_214' title='bbox 1540 1742 1723 1791; x_wconf 78' lang='lat' dir='ltr'>factum,</span> 
     </span>
     <span class='ocr_line' id='line_1_29' title="bbox 279 1796 1722 1851; baseline -0.001 -13"><span class='ocrx_word' id='word_1_215' title='bbox 279 1802 448 1839; x_wconf 86' lang='lat' dir='ltr'>alterum</span> <span class='ocrx_word' id='word_1_216' title='bbox 468 1802 683 1850; x_wconf 73' lang='lat' dir='ltr'>ius-facti,</span> <span class='ocrx_word' id='word_1_217' title='bbox 710 1801 881 1839; x_wconf 89' lang='lat' dir='ltr'>rationes</span> <span class='ocrx_word' id='word_1_218' title='bbox 903 1801 1056 1839; x_wconf 80' lang='lat' dir='ltr'>scilicet</span> <span class='ocrx_word' id='word_1_219' title='bbox 1091 1801 1140 1838; x_wconf 93' lang='lat' dir='ltr'>ob</span> <span class='ocrx_word' id='word_1_220' title='bbox 1159 1815 1253 1851; x_wconf 90' lang='lat' dir='ltr'>quas</span> <span class='ocrx_word' id='word_1_221' title='bbox 1271 1799 1398 1837; x_wconf 86' lang='lat' dir='ltr'>Latini</span> <span class='ocrx_word' id='word_1_222' title='bbox 1418 1799 1461 1837; x_wconf 89' lang='lat' dir='ltr'>id</span> <span class='ocrx_word' id='word_1_223' title='bbox 1482 1797 1580 1837; x_wconf 76' lang='lat' dir='ltr'>citra</span> <span class='ocrx_word' id='word_1_224' title='bbox 1599 1796 1722 1837; x_wconf 83' lang='lat' dir='ltr'>ullam</span> 
     </span>
     <span class='ocr_line' id='line_1_30' title="bbox 279 1852 1721 1909; baseline -0.001 -16"><span class='ocrx_word' id='word_1_225' title='bbox 279 1857 423 1895; x_wconf 88' lang='lat' dir='ltr'>iustam</span> <span class='ocrx_word' id='word_1_226' title='bbox 455 1856 798 1909; x_wconf 83' lang='lat' dir='ltr'>reprehensionem</span> <span class='ocrx_word' id='word_1_227' title='bbox 833 1869 945 1907; x_wconf 87' lang='lat' dir='ltr'>agere</span> <span class='ocrx_word' id='word_1_228' title='bbox 984 1862 1224 1909; x_wconf 87' lang='lat' dir='ltr'>potuerunt,</span> <span class='ocrx_word' id='word_1_229' title='bbox 1271 1854 1444 1894; x_wconf 86' lang='lat' dir='ltr'>dilucide</span> <span class='ocrx_word' id='word_1_230' title='bbox 1477 1866 1523 1892; x_wconf 87' lang='lat' dir='ltr'>ac</span> <span class='ocrx_word' id='word_1_231' title='bbox 1549 1852 1721 1892; x_wconf 77' lang='lat' dir='ltr'>breviter</span> 
     </span>
    </p>
   </div>
   <div class='ocr_carea' id='block_1_3' title="bbox 280 1918 1721 2017">
    <p class='ocr_par' dir='ltr' id='par_1_6' title="bbox 280 1918 1721 2017">
     <span class='ocr_line' id='line_1_31' title="bbox 280 1918 464 1951; baseline 0 -1"><span class='ocrx_word' id='word_1_232' title='bbox 280 1925 329 1950; x_wconf 85' lang='lat' dir='ltr'>ex</span> <span class='ocrx_word' id='word_1_233' title='bbox 359 1918 464 1951; x_wconf 84' lang='lat' dir='ltr'>unet.</span> 
     </span>
     <span class='ocr_line' id='line_1_32' title="bbox 330 1926 1721 2017; baseline -0.003 -11"><span class='ocrx_word' id='word_1_234' title='bbox 330 1926 354 1964; x_wconf 75' lang='lat' dir='ltr'>p</span> <span class='ocrx_word' id='word_1_235' title='bbox 394 1968 572 2007; x_wconf 86' lang='lat' dir='ltr'>Historia</span> <span class='ocrx_word' id='word_1_236' title='bbox 585 1968 668 2006; x_wconf 88' lang='lat' dir='ltr'>eius</span> <span class='ocrx_word' id='word_1_237' title='bbox 686 1967 897 2006; x_wconf 84' lang='lat' dir='ltr'>additionis</span> <span class='ocrx_word' id='word_1_238' title='bbox 915 1967 976 2006; x_wconf 85' lang='lat' dir='ltr'>sic</span> <span class='ocrx_word' id='word_1_239' title='bbox 993 1980 1035 2007; x_wconf 88' lang='lat' dir='ltr'>se</span> <span class='ocrx_word' id='word_1_240' title='bbox 1046 1966 1177 2006; x_wconf 88' lang='lat' dir='ltr'>habet.</span> <span class='ocrx_word' id='word_1_241' title='bbox 1206 1980 1296 2006; x_wconf 87' lang='lat' dir='ltr'>cum</span> <span class='ocrx_word' id='word_1_242' title='bbox 1315 1965 1462 2005; x_wconf 87' lang='lat' dir='ltr'>exortis</span> <span class='ocrx_word' id='word_1_243' title='bbox 1478 1969 1568 2017; x_wconf 86' lang='lat' dir='ltr'>post</span> <span class='ocrx_word' id='word_1_244' title='bbox 1575 1962 1721 2006; x_wconf 76' lang='lat' dir='ltr'>Ariana</span> 
     </span>
    </p>
   </div>
   <div class='ocr_carea' id='block_1_4' title="bbox 143 2019 1721 2861">
    <p class='ocr_par' dir='ltr' id='par_1_7' title="bbox 143 2019 1721 2861">
     <span class='ocr_line' id='line_1_33' title="bbox 143 2019 1721 2077; baseline -0.003 -15"><span class='ocrx_word' id='word_1_245' title='bbox 143 2028 171 2062; x_wconf 87' lang='lat' dir='ltr'>P</span> <span class='ocrx_word' id='word_1_246' title='bbox 195 2028 262 2064; x_wconf 80' lang='lat'>457</span> <span class='ocrx_word' id='word_1_247' title='bbox 282 2031 460 2077; x_wconf 86' lang='lat' dir='ltr'>tempora</span> <span class='ocrx_word' id='word_1_248' title='bbox 475 2024 592 2062; x_wconf 86' lang='lat' dir='ltr'>novis</span> <span class='ocrx_word' id='word_1_249' title='bbox 610 2024 834 2063; x_wconf 86' lang='lat' dir='ltr'>haeresibus</span> <span class='ocrx_word' id='word_1_250' title='bbox 855 2024 1040 2062; x_wconf 87' lang='lat' dir='ltr'>Eunomii</span> <span class='ocrx_word' id='word_1_251' title='bbox 1057 2023 1275 2062; x_wconf 88' lang='lat' dir='ltr'>Macedonii</span> <span class='ocrx_word' id='word_1_252' title='bbox 1291 2029 1330 2061; x_wconf 90' lang='lat' dir='ltr'>et</span> <span class='ocrx_word' id='word_1_253' title='bbox 1353 2022 1518 2060; x_wconf 89' lang='lat' dir='ltr'>aliorum</span> <span class='ocrx_word' id='word_1_254' title='bbox 1539 2021 1576 2057; x_wconf 86' lang='lat' dir='ltr'>S.</span> <span class='ocrx_word' id='word_1_255' title='bbox 1593 2019 1721 2071; x_wconf 83' lang='lat' dir='ltr'>Spiri-</span> 
     </span>
     <span class='ocr_line' id='line_1_34' title="bbox 280 2075 1719 2132; baseline -0.003 -12"><span class='ocrx_word' id='word_1_256' title='bbox 280 2088 346 2120; x_wconf 90' lang='lat' dir='ltr'>tus</span> <span class='ocrx_word' id='word_1_257' title='bbox 371 2081 618 2119; x_wconf 84' lang='lat' dir='ltr'>divinitatem</span> <span class='ocrx_word' id='word_1_258' title='bbox 644 2080 974 2132; x_wconf 87' lang='lat' dir='ltr'>oppugnantium,</span> <span class='ocrx_word' id='word_1_259' title='bbox 1003 2079 1113 2130; x_wconf 81' lang='lat' dir='ltr'>quasi</span> <span class='ocrx_word' id='word_1_260' title='bbox 1139 2092 1188 2119; x_wconf 82' lang='lat' dir='ltr'>ex</span> <span class='ocrx_word' id='word_1_261' title='bbox 1216 2093 1284 2129; x_wconf 87' lang='lat' dir='ltr'>eo,</span> <span class='ocrx_word' id='word_1_262' title='bbox 1313 2078 1419 2130; x_wconf 88' lang='lat' dir='ltr'>quod</span> <span class='ocrx_word' id='word_1_263' title='bbox 1445 2077 1494 2115; x_wconf 90' lang='lat' dir='ltr'>de</span> <span class='ocrx_word' id='word_1_264' title='bbox 1519 2075 1604 2113; x_wconf 89' lang='lat' dir='ltr'>filio</span> <span class='ocrx_word' id='word_1_265' title='bbox 1620 2075 1719 2115; x_wconf 64' lang='lat' dir='ltr'>&gt;solo</span> 
     </span>
     <span class='ocr_line' id='line_1_35' title="bbox 283 2131 1719 2188; baseline -0.004 -13"><span class='ocrx_word' id='word_1_266' title='bbox 283 2137 427 2176; x_wconf 89' lang='lat' dir='ltr'>diserte</span> <span class='ocrx_word' id='word_1_267' title='bbox 444 2137 581 2175; x_wconf 86' lang='lat' dir='ltr'>suisset</span> <span class='ocrx_word' id='word_1_268' title='bbox 601 2137 643 2175; x_wconf 90' lang='lat' dir='ltr'>in</span> <span class='ocrx_word' id='word_1_269' title='bbox 661 2150 801 2187; x_wconf 86' lang='lat' dir='ltr'>magna</span> <span class='ocrx_word' id='word_1_270' title='bbox 820 2137 971 2188; x_wconf 84' lang='lat' dir='ltr'>synodo</span> <span class='ocrx_word' id='word_1_271' title='bbox 989 2136 1158 2174; x_wconf 88' lang='lat' dir='ltr'>Nicaena</span> <span class='ocrx_word' id='word_1_272' title='bbox 1178 2135 1380 2174; x_wconf 84' lang='lat' dir='ltr'>definitum</span> <span class='ocrx_word' id='word_1_273' title='bbox 1402 2131 1719 2172; x_wconf 76' lang='lat' dir='ltr'>consubstantia-</span> 
     </span>
     <span class='ocr_line' id='line_1_36' title="bbox 280 2187 1718 2246; baseline -0.006 -14"><span class='ocrx_word' id='word_1_274' title='bbox 280 2194 360 2232; x_wconf 74' lang='lat' dir='ltr'>lem</span> <span class='ocrx_word' id='word_1_275' title='bbox 383 2207 474 2232; x_wconf 89' lang='lat' dir='ltr'>eum</span> <span class='ocrx_word' id='word_1_276' title='bbox 490 2192 596 2246; x_wconf 87' lang='lat' dir='ltr'>patri</span> <span class='ocrx_word' id='word_1_277' title='bbox 613 2206 716 2242; x_wconf 87' lang='lat' dir='ltr'>esse,</span> <span class='ocrx_word' id='word_1_278' title='bbox 746 2193 795 2231; x_wconf 88' lang='lat' dir='ltr'>de</span> <span class='ocrx_word' id='word_1_279' title='bbox 813 2193 964 2244; x_wconf 87' lang='lat' dir='ltr'>Spiritu</span> <span class='ocrx_word' id='word_1_280' title='bbox 982 2193 1127 2230; x_wconf 87' lang='lat' dir='ltr'>Sancto</span> <span class='ocrx_word' id='word_1_281' title='bbox 1145 2195 1392 2243; x_wconf 58' lang='lat' dir='ltr'>sequeretur,</span> <span class='ocrx_word' id='word_1_282' title='bbox 1420 2188 1580 2228; x_wconf 86' lang='lat' dir='ltr'>minime</span> <span class='ocrx_word' id='word_1_283' title='bbox 1602 2187 1718 2230; x_wconf 80' lang='lat' dir='ltr'>illum</span> 
     </span>
     <span class='ocr_line' id='line_1_37' title="bbox 282 2243 1720 2302; baseline -0.005 -15"><span class='ocrx_word' id='word_1_284' title='bbox 282 2264 304 2287; x_wconf 89' lang='lat' dir='ltr'>a</span> <span class='ocrx_word' id='word_1_285' title='bbox 321 2256 431 2301; x_wconf 89' lang='lat' dir='ltr'>patre</span> <span class='ocrx_word' id='word_1_286' title='bbox 450 2249 686 2302; x_wconf 87' lang='lat' dir='ltr'>procedere,</span> <span class='ocrx_word' id='word_1_287' title='bbox 715 2249 954 2288; x_wconf 85' lang='lat' dir='ltr'>celebratum</span> <span class='ocrx_word' id='word_1_288' title='bbox 976 2254 1036 2287; x_wconf 87' lang='lat' dir='ltr'>est</span> <span class='ocrx_word' id='word_1_289' title='bbox 1057 2247 1398 2298; x_wconf 86' lang='lat' dir='ltr'>Constantinopoli</span> <span class='ocrx_word' id='word_1_290' title='bbox 1419 2243 1629 2283; x_wconf 88' lang='lat' dir='ltr'>concilium</span> <span class='ocrx_word' id='word_1_291' title='bbox 1647 2255 1720 2293; x_wconf 64' lang='lat' dir='ltr'>ge-</span> 
     </span>
     <span class='ocr_line' id='line_1_38' title="bbox 279 2297 1717 2356; baseline -0.003 -13"><span class='ocrx_word' id='word_1_292' title='bbox 279 2306 412 2344; x_wconf 87' lang='lat' dir='ltr'>nerale</span> <span class='ocrx_word' id='word_1_293' title='bbox 427 2306 655 2355; x_wconf 86' lang='lat' dir='ltr'>secundum,</span> <span class='ocrx_word' id='word_1_294' title='bbox 682 2305 880 2344; x_wconf 85' lang='lat' dir='ltr'>indictum</span> <span class='ocrx_word' id='word_1_295' title='bbox 898 2319 922 2343; x_wconf 89' lang='lat' dir='ltr'>a</span> <span class='ocrx_word' id='word_1_296' title='bbox 942 2305 1103 2343; x_wconf 82' lang='lat' dir='ltr'>Damaso</span> <span class='ocrx_word' id='word_1_297' title='bbox 1123 2317 1240 2356; x_wconf 90' lang='lat' dir='ltr'>papa,</span> <span class='ocrx_word' id='word_1_298' title='bbox 1268 2307 1529 2342; x_wconf 88' lang='lat' dir='ltr'>convocatum</span> <span class='ocrx_word' id='word_1_299' title='bbox 1550 2312 1573 2337; x_wconf 84' lang='lat' dir='ltr'>a</span> <span class='ocrx_word' id='word_1_300' title='bbox 1590 2297 1717 2338; x_wconf 79' lang='lat' dir='ltr'>Theo-</span> 
     </span>
     <span class='ocr_line' id='line_1_39' title="bbox 281 2354 1716 2413; baseline -0.004 -14"><span class='ocrx_word' id='word_1_301' title='bbox 281 2361 393 2399; x_wconf 87' lang='lat' dir='ltr'>dosio</span> <span class='ocrx_word' id='word_1_302' title='bbox 419 2362 572 2400; x_wconf 86' lang='lat' dir='ltr'>seniore</span> <span class='ocrx_word' id='word_1_303' title='bbox 601 2361 797 2413; x_wconf 85' lang='lat' dir='ltr'>Augusto,</span> <span class='ocrx_word' id='word_1_304' title='bbox 835 2361 879 2399; x_wconf 89' lang='lat' dir='ltr'>in</span> <span class='ocrx_word' id='word_1_305' title='bbox 908 2360 1018 2412; x_wconf 90' lang='lat' dir='ltr'>quod</span> <span class='ocrx_word' id='word_1_306' title='bbox 1044 2365 1314 2399; x_wconf 84' lang='lat' dir='ltr'>convenerunt</span> <span class='ocrx_word' id='word_1_307' title='bbox 1340 2363 1499 2398; x_wconf 79' lang='lat' dir='ltr'>centum</span> <span class='ocrx_word' id='word_1_308' title='bbox 1523 2354 1716 2406; x_wconf 84' lang='lat' dir='ltr'>quinqua-</span> 
     </span>
     <span class='ocr_line' id='line_1_40' title="bbox 281 2410 1717 2470; baseline -0.003 -17"><span class='ocrx_word' id='word_1_309' title='bbox 281 2417 391 2467; x_wconf 84' lang='lat' dir='ltr'>ginta</span> <span class='ocrx_word' id='word_1_310' title='bbox 407 2418 581 2470; x_wconf 88' lang='lat' dir='ltr'>episcopi</span> <span class='ocrx_word' id='word_1_311' title='bbox 598 2431 702 2456; x_wconf 88' lang='lat' dir='ltr'>anno</span> <span class='ocrx_word' id='word_1_312' title='bbox 720 2417 865 2456; x_wconf 88' lang='lat' dir='ltr'>Christi</span> <span class='ocrx_word' id='word_1_313' title='bbox 883 2420 977 2460; x_wconf 80' lang='lat'><strong>381.</strong></span> <span class='ocrx_word' id='word_1_314' title='bbox 1002 2416 1058 2455; x_wconf 89' lang='lat' dir='ltr'>ibi</span> <span class='ocrx_word' id='word_1_315' title='bbox 1075 2416 1258 2455; x_wconf 87' lang='lat' dir='ltr'>damnata</span> <span class='ocrx_word' id='word_1_316' title='bbox 1271 2410 1717 2454; x_wconf 83' lang='lat' dir='ltr'>Pneumatomachorum</span> 
     </span>
     <span class='ocr_line' id='line_1_41' title="bbox 279 2469 1716 2525; baseline -0.004 -15"><span class='ocrx_word' id='word_1_317' title='bbox 279 2472 534 2524; x_wconf 86' lang='lat' dir='ltr'>blasphemia,</span> <span class='ocrx_word' id='word_1_318' title='bbox 550 2474 678 2513; x_wconf 73' lang='lat' dir='ltr'>visum</span> <span class='ocrx_word' id='word_1_319' title='bbox 702 2480 760 2512; x_wconf 89' lang='lat' dir='ltr'>est</span> <span class='ocrx_word' id='word_1_320' title='bbox 774 2473 953 2525; x_wconf 85' lang='lat' dir='ltr'>patribus</span> <span class='ocrx_word' id='word_1_321' title='bbox 970 2473 1250 2524; x_wconf 83' lang='lat' dir='ltr'>apponendum</span> <span class='ocrx_word' id='word_1_322' title='bbox 1259 2471 1407 2524; x_wconf 81' lang='lat' dir='ltr'>aliquid</span> <span class='ocrx_word' id='word_1_323' title='bbox 1417 2469 1587 2508; x_wconf 74' lang='lat' dir='ltr'>Nicaena</span> <span class='ocrx_word' id='word_1_324' title='bbox 1604 2479 1716 2518; x_wconf 85' lang='lat' dir='ltr'>sym-</span> 
     </span>
     <span class='ocr_line' id='line_1_42' title="bbox 281 2524 1713 2582; baseline -0.003 -16"><span class='ocrx_word' id='word_1_325' title='bbox 281 2528 394 2576; x_wconf 88' lang='lat' dir='ltr'>bolo,</span> <span class='ocrx_word' id='word_1_326' title='bbox 423 2530 529 2579; x_wconf 86' lang='lat' dir='ltr'>quod</span> <span class='ocrx_word' id='word_1_327' title='bbox 551 2530 664 2568; x_wconf 88' lang='lat' dir='ltr'>istam</span> <span class='ocrx_word' id='word_1_328' title='bbox 683 2530 866 2582; x_wconf 86' lang='lat' dir='ltr'>deinceps</span> <span class='ocrx_word' id='word_1_329' title='bbox 880 2528 1069 2568; x_wconf 88' lang='lat' dir='ltr'>haeresim</span> <span class='ocrx_word' id='word_1_330' title='bbox 1085 2529 1306 2581; x_wconf 88' lang='lat' dir='ltr'>perimeret.</span> <span class='ocrx_word' id='word_1_331' title='bbox 1344 2527 1441 2565; x_wconf 88' lang='lat' dir='ltr'>haec</span> <span class='ocrx_word' id='word_1_332' title='bbox 1458 2525 1578 2575; x_wconf 85' lang='lat' dir='ltr'>igitur</span> <span class='ocrx_word' id='word_1_333' title='bbox 1593 2524 1713 2563; x_wconf 78' lang='lat' dir='ltr'>verba</span> 
     </span>
     <span class='ocr_line' id='line_1_43' title="bbox 280 2580 1712 2637; baseline -0.004 -15"><span class='ocrx_word' id='word_1_334' title='bbox 280 2585 318 2622; x_wconf 80' lang='lat' dir='ltr'>ei</span> <span class='ocrx_word' id='word_1_335' title='bbox 339 2585 522 2622; x_wconf 88' lang='lat' dir='ltr'>adiuncta</span> <span class='ocrx_word' id='word_1_336' title='bbox 537 2591 634 2623; x_wconf 90' lang='lat' dir='ltr'>tunc</span> <span class='ocrx_word' id='word_1_337' title='bbox 651 2591 759 2625; x_wconf 83' lang='lat' dir='ltr'>sunt:</span> <span class='ocrx_word' id='word_1_338' title='bbox 798 2593 835 2623; x_wconf 84' lang='lat' dir='ltr'>et</span> <span class='ocrx_word' id='word_1_339' title='bbox 852 2587 894 2624; x_wconf 82' lang='lat' dir='ltr'>in</span> <span class='ocrx_word' id='word_1_340' title='bbox 911 2587 1109 2637; x_wconf 81' lang='lat' dir='ltr'>Spiritum</span> <span class='ocrx_word' id='word_1_341' title='bbox 1124 2587 1317 2624; x_wconf 75' lang='lat' dir='ltr'>Sanctum</span> <span class='ocrx_word' id='word_1_342' title='bbox 1333 2582 1541 2621; x_wconf 80' lang='lat' dir='ltr'>dominum</span> <span class='ocrx_word' id='word_1_343' title='bbox 1557 2587 1593 2619; x_wconf 79' lang='lat' dir='ltr'>et</span> <span class='ocrx_word' id='word_1_344' title='bbox 1606 2580 1712 2618; x_wconf 76' lang='grc' dir='ltr'>νίνί-</span> 
     </span>
     <span class='ocr_line' id='line_1_44' title="bbox 270 2634 1711 2694; baseline -0.005 -16"><span class='ocrx_word' id='word_1_345' title='bbox 270 2643 484 2691; x_wconf 81' lang='lat' dir='ltr'>ficantem,</span> <span class='ocrx_word' id='word_1_346' title='bbox 515 2642 584 2692; x_wconf 81' lang='lat' dir='ltr'>qui</span> <span class='ocrx_word' id='word_1_347' title='bbox 602 2655 645 2678; x_wconf 83' lang='lat' dir='ltr'>ex</span> <span class='ocrx_word' id='word_1_348' title='bbox 657 2649 775 2691; x_wconf 81' lang='lat' dir='ltr'>patre</span> <span class='ocrx_word' id='word_1_349' title='bbox 784 2641 986 2694; x_wconf 81' lang='lat' dir='ltr'>procedit,</span> <span class='ocrx_word' id='word_1_350' title='bbox 1016 2643 1090 2693; x_wconf 85' lang='lat' dir='ltr'>qui</span> <span class='ocrx_word' id='word_1_351' title='bbox 1102 2655 1194 2680; x_wconf 83' lang='lat' dir='ltr'>cum</span> <span class='ocrx_word' id='word_1_352' title='bbox 1205 2647 1325 2692; x_wconf 83' lang='lat' dir='ltr'>patre</span> <span class='ocrx_word' id='word_1_353' title='bbox 1339 2646 1375 2677; x_wconf 84' lang='lat' dir='ltr'>et</span> <span class='ocrx_word' id='word_1_354' title='bbox 1381 2639 1478 2691; x_wconf 80' lang='lat' dir='ltr'>filio</span> <span class='ocrx_word' id='word_1_355' title='bbox 1494 2636 1620 2674; x_wconf 72' lang='lat' dir='ltr'>simul</span> <span class='ocrx_word' id='word_1_356' title='bbox 1633 2634 1711 2672; x_wconf 83' lang='lat' dir='ltr'>ad.-</span> 
     </span>
     <span class='ocr_line' id='line_1_45' title="bbox 281 2691 1713 2750; baseline -0.003 -16"><span class='ocrx_word' id='word_1_357' title='bbox 281 2705 424 2734; x_wconf 75' lang='lat' dir='ltr'>oratur</span> <span class='ocrx_word' id='word_1_358' title='bbox 454 2703 490 2734; x_wconf 78' lang='lat' dir='ltr'>et</span> <span class='ocrx_word' id='word_1_359' title='bbox 515 2696 857 2748; x_wconf 72' lang='lat' dir='ltr'>conglorificatur,</span> <span class='ocrx_word' id='word_1_360' title='bbox 886 2699 961 2750; x_wconf 79' lang='lat' dir='ltr'>qui</span> <span class='ocrx_word' id='word_1_361' title='bbox 986 2698 1146 2736; x_wconf 71' lang='lat' dir='ltr'>locutus</span> <span class='ocrx_word' id='word_1_362' title='bbox 1168 2704 1226 2735; x_wconf 74' lang='lat' dir='ltr'>est</span> <span class='ocrx_word' id='word_1_363' title='bbox 1245 2711 1319 2748; x_wconf 83' lang='lat' dir='ltr'>per</span> <span class='ocrx_word' id='word_1_364' title='bbox 1337 2694 1563 2747; x_wconf 60' lang='lat' dir='ltr'>prophetea.</span> <span class='ocrx_word' id='word_1_365' title='bbox 1618 2691 1713 2730; x_wconf 83' lang='lat' dir='ltr'>satis</span> 
     </span>
     <span class='ocr_line' id='line_1_46' title="bbox 278 2748 1710 2804; baseline -0.003 -14"><span class='ocrx_word' id='word_1_366' title='bbox 278 2751 356 2790; x_wconf 82' lang='lat' dir='ltr'>hoc</span> <span class='ocrx_word' id='word_1_367' title='bbox 382 2753 508 2791; x_wconf 83' lang='lat' dir='ltr'>visum</span> <span class='ocrx_word' id='word_1_368' title='bbox 538 2753 588 2790; x_wconf 93' lang='lat' dir='ltr'>ad</span> <span class='ocrx_word' id='word_1_369' title='bbox 616 2760 855 2804; x_wconf 88' lang='lat' dir='ltr'>praesentem</span> <span class='ocrx_word' id='word_1_370' title='bbox 879 2767 1008 2794; x_wconf 85' lang='lat' dir='ltr'>usum.</span> <span class='ocrx_word' id='word_1_371' title='bbox 1052 2754 1136 2792; x_wconf 62' lang='lat' dir='ltr'>‚sed</span> <span class='ocrx_word' id='word_1_372' title='bbox 1155 2766 1245 2791; x_wconf 86' lang='lat' dir='ltr'>cum</span> <span class='ocrx_word' id='word_1_373' title='bbox 1270 2751 1447 2791; x_wconf 84' lang='lat' dir='ltr'>insanire.</span> <span class='ocrx_word' id='word_1_374' title='bbox 1457 2748 1710 2788; x_wconf 70' lang='lat' dir='ltr'>nihilominus</span> 
     </span>
     <span class='ocr_line' id='line_1_47' title="bbox 278 2804 1710 2861; baseline -0.003 -15"><span class='ocrx_word' id='word_1_375' title='bbox 278 2807 510 2847; x_wconf 88' lang='lat' dir='ltr'>Eunomiani</span> <span class='ocrx_word' id='word_1_376' title='bbox 537 2814 762 2861; x_wconf 84' lang='lat' dir='ltr'>pergerent,</span> <span class='ocrx_word' id='word_1_377' title='bbox 792 2810 902 2860; x_wconf 77' lang='lat' dir='ltr'>sequi</span> <span class='ocrx_word' id='word_1_378' title='bbox 919 2823 969 2848; x_wconf 87' lang='lat' dir='ltr'>ex</span> <span class='ocrx_word' id='word_1_379' title='bbox 986 2815 1134 2849; x_wconf 85' lang='lat' dir='ltr'>statuto</span> <span class='ocrx_word' id='word_1_380' title='bbox 1151 2809 1330 2860; x_wconf 73' lang='lat' dir='ltr'>dogmate</span> <span class='ocrx_word' id='word_1_381' title='bbox 1345 2807 1471 2845; x_wconf 88' lang='lat' dir='ltr'>filium</span> <span class='ocrx_word' id='word_1_382' title='bbox 1483 2805 1558 2844; x_wconf 88' lang='lat' dir='ltr'>filii</span> <span class='ocrx_word' id='word_1_383' title='bbox 1582 2804 1710 2858; x_wconf 87' lang='lat' dir='ltr'>Spiri-</span> 
     </span>
    </p>
   </div>
  </div>
 </body>
</html>
