1884 3262
259 195 358 244 474
678 197 913 241 GEORGII
945 197 1295 243 PACHYMERIS

259 308 435 367 ρημὲνην
451 313 648 364 χρησταῖς
671 309 726 357 εἷς
742 312 846 362 χοῦν
868 306 1195 363 καταβάλλουσι,
1230 311 1296 352 καὶ
1316 314 1477 367 πλῆθος
1495 310 1616 354 ἒκεῖνο
1634 313 1716 353 πᾶν

260 378 309 420 οὐ
332 377 482 435 ῥᾳδίως
500 376 734 431 ἀριθμητὸν
755 376 870 431 ἔργον
886 379 1094 432 μαχαίρας
1112 381 1334 421 ποιοῦνται.
1404 384 1525 422 τοῦτο
1557 378 1717 433 ξυμβὰν

207 454 235 487 Β
259 444 515 499 κατόρθωμα
537 442 722 497 δεύτερον
743 445 927 500 Πέρσαις
946 446 1047 499 μετὰ
1067 446 1112 488 τὸ
1133 450 1295 501 πρῶτον
1323 446 1370 489 τὸ
1396 447 1499 490 κατὰ
1524 446 1712 498 Νύσσαν,

258 508 291 572 ᾧ
313 513 363 568 δὴ
386 511 406 554 ὃ
430 511 793 567 παρακοιμώμενος
814 512 1049 568 Νοστόγγος
1069 514 1364 567 ἒλλελειμμένος
1381 516 1579 570 μεγίστοις
1599 515 1716 558 ἀνια-

261 588 347 635 ροῖς
374 581 472 629 τούς
502 581 610 636 ἄμφ’
633 580 759 623 αὐτὸν
789 582 1045 637 περιέβαλεν,
1084 581 1187 625 ὥστε
1207 582 1311 635 μετὰ
1334 583 1408 637 τὴν
1427 587 1542 638 σφῶν
1566 577 1621 625 ὧν
1641 584 1747 637 με’νό

259 649 420 705 σφαγὴν
445 644 502 692 ὧν
534 650 576 691 δ’
601 648 749 691 ἅλωσιν
778 652 843 691 καὶ
872 650 996 692 αὐτὸν
1019 649 1196 702 ἁλῶναι,
1225 649 1411 705 μεγάλως
1431 650 1532 707 πρὸς
1556 649 1717 706 θάρρος

259 719 405 775 ἐπῇρε,
437 719 503 760 καὶ
527 718 576 760 τὰ
601 722 673 772 τῆς
695 717 898 773 ἀνατολῆς
927 719 1124 761 κατέθεον
1156 717 1457 774 κραταιότερον.
1525 718 1718 772 βασιλεὺς

261 788 307 828 δὲ
334 784 354 828 ὃ
387 786 474 836 νέος
497 786 676 841 ηὐλίζετο
709 785 808 836 τέως
840 787 943 829 κατὰ
977 787 1023 829 τὸ
1056 785 1306 843 Νύμφαιον,
1344 784 1632 844 ἒμπρᾶθεσμος
1661 785 1718 829 ὢν

209 862 239 895 C
262 854 447 897 ἀπαντᾶν
470 855 572 911 πρὸς
595 855 665 896 τὸν
685 854 840 909 πατέρα
862 854 966 897 κατὰ
987 853 1145 910 μικρόν.

211 932 240 966 D
335 970 341 973 ,
399 924 476 968 22.
548 923 752 972 Βασιλεὺς
772 924 815 965 δὲ
834 925 899 965 καὶ
922 923 992 966 τὸν
1012 924 1115 976 μετὰ
1138 923 1210 966 τὸν
1231 923 1402 977 βασιλέα
1437 920 1716 979 πορφυρογέν-
1730 931 1774 966 10

259 1009 382 1047 νητον
411 995 724 1035 Κωνσταντΐνον
757 990 969 1046 γυμνάζειν
999 990 1083 1034 οἷον
1113 992 1248 1034 θέλων
1266 991 1368 1046 πρὸς
1386 989 1522 1046 μάχας
1542 987 1717 1044 ἀρεϊκᾶς,

259 1060 395 1110 ἄλλως
415 1077 456 1103 τε
476 1061 520 1102 δὲ
540 1062 605 1102 καὶ
629 1063 709 1102 τῶν
732 1064 976 1114 Τριβαλλῶν
999 1061 1284 1114 κεκινημένων,
1322 1058 1378 1108 ὡς
1391 1062 1460 1101 καί
1477 1076 1552 1101 τινι
1577 1061 1717 1100 Κοτα-

259 1131 370 1185 νίτζῃ
402 1126 733 1182 ἀποστατήσαντι
762 1128 961 1180 βασιλέως
985 1128 1036 1170 τὰ
1069 1127 1226 1170 ἐκείνων
1247 1125 1535 1183 στρατεύματα
1554 1127 1718 1181 ἐγχειρί-

262 1199 404 1249 ζεσθαι
426 1199 491 1239 καὶ
511 1198 627 1251 μέχρι
648 1200 812 1250 Σερρῶν
834 1195 890 1237 δι’
916 1196 1051 1238 αὐτῶν
1072 1200 1304 1238 κακοῦσθαι
1324 1195 1397 1249 τὴν
1413 1193 1578 1249 χώραν,
1613 1198 1718 1235 πολ-

257 1265 355 1315 λοὺς
373 1267 438 1307 καὶ
458 1264 659 1320 μεγάλους
678 1263 878 1319 ἄρχοντας
898 1264 1111 1320 παραδοὺς
1132 1264 1232 1319 πρὸς
1254 1261 1369 1306 δύσιν
1392 1264 1578 1317 ἐκπέμπει
1592 1276 1602 1286 ·
1640 1261 1715 1303 αὖ·
1730 1268 1772 1304 15

207 1339 239 1374 Ε
264 1334 333 1383 τὸς
354 1335 398 1376 δὲ
417 1339 499 1376 τῶν
520 1333 622 1375 καθ’
652 1333 703 1375 ἕω
724 1336 856 1380 κακῶς
886 1331 985 1386 ἔχειν
1018 1331 1340 1387 ἀγγελλομένων,
1381 1330 1476 1373 ὅσον
1499 1332 1586 1385 περὶ
1607 1327 1718 1386 Σάγ-

259 1420 376 1459 γαριν
407 1397 457 1456 ἦν
492 1401 534 1444 ἴκ
561 1418 603 1456 γε
633 1403 802 1455 στομίου
830 1402 895 1441 καὶ
927 1400 1042 1456 μέχρι
1072 1399 1291 1456 Προύσης,
1327 1401 1373 1449 ἐξ
1395 1399 1520 1453 αὐτῆς
1542 1396 1597 1447 ὥς
1618 1397 1718 1452 εἶχεν

260 1472 545 1519 ἔνσκευασθεὶς
566 1471 739 1530 διαπερᾷ
757 1469 828 1511 τὸν
849 1467 1090 1523 Βόσπορον,
1128 1470 1193 1510 καὶ
1212 1467 1312 1524 πρὸς
1333 1474 1419 1517 τοῖς
1445 1465 1621 1521 πρόποσι
1643 1469 1717 1508 τοῦ
1764 1490 1767 1493 >

261 1538 378 1596 ἁγίου
398 1539 625 1589 Αὖξεντίου
645 1542 796 1592 βουνοῦ
815 1537 942 1579 ἒκεῖσέ
960 1554 1038 1579 που
1059 1543 1330 1590 κατασκηνοΐ,
1361 1535 1571 1589 ἀναμένων
1589 1531 1718 1587 στρά-

260 1626 391 1663 τευμα
425 1606 590 1650 ὁυσικὸν
620 1607 681 1649 ἐπὶ
711 1607 850 1665 ῥητοῖς
880 1603 1166 1661 συλλεγόμενον
1199 1603 1301 1648 ὥστε
1323 1604 1426 1661 παρ’
1450 1605 1596 1646 ἐκεῖνον
1617 1602 1774 1645 ι’έναι20

262 1738 425 1771 ciniorum
446 1737 625 1773 illustrium
648 1738 682 1772 in
706 1748 784 1782 spes
807 1735 1004 1771 vanissimas
1034 1736 1174 1776 inflataz
1214 1738 1249 1769 et
1271 1735 1329 1769 ille
1353 1746 1417 1769 non
1439 1733 1540 1768 facile
1563 1743 1717 1766 numera·

260 1784 339 1818 bilis
375 1784 517 1828 populus
549 1784 653 1828 gladii
675 1783 843 1817 barbarici
871 1783 1070 1816 miserabilis
1092 1782 1228 1815 victima
1250 1781 1407 1815 concidit.
1454 1781 1541 1814 alter
1563 1778 1618 1812 hic
1640 1789 1719 1812 suc-

260 1840 376 1863 cessus
399 1829 465 1862 fuit
487 1841 652 1864 armorum
678 1829 889 1863 Persicorum
913 1840 934 1862 a
957 1828 1060 1873 priori
1082 1828 1125 1861 ad
1150 1827 1296 1871 Nyssam
1320 1829 1429 1861 relata
1451 1824 1614 1865 victoria,
1649 1834 1718 1868 qua
1772 1862 1774 1864 v

260 1876 456 1920 praefectus
493 1875 590 1919 sigilli
621 1875 818 1918 Nostongus
849 1885 923 1906 cum
956 1873 1027 1907 suis
1062 1874 1309 1908 circumventus
1341 1876 1377 1906 et
1406 1871 1442 1904 in
1473 1869 1623 1904 maximis
1645 1869 1718 1902 sine

261 1920 385 1955 auxilio
417 1920 596 1954 derelictus
627 1921 810 1963 angustiis,
852 1919 981 1953 cunctis
1004 1930 1089 1964 quos
1112 1919 1261 1952 habebat
1283 1929 1393 1951 secum
1419 1921 1478 1950 aut
1500 1920 1608 1949 morte
1629 1913 1718 1949 affe-

262 1966 329 2000 ctis
351 1968 409 1999 aut
432 1966 589 2000 servituti
612 1965 774 2005 addictis,
811 1965 886 2010 ipse
921 1976 1054 2009 quoque
1076 1968 1195 2009 captus
1217 1964 1355 1996 multum
1378 1966 1415 1995 et
1437 1961 1582 1995 fiduciae
1605 1964 1641 1994 et
1663 1961 1718 1993 fa-

263 2011 402 2045 cultatis
424 2011 613 2045 victoribus
636 2012 766 2046 addidit
789 2011 981 2044 universum
1005 2010 1161 2054 deinceps
1185 2009 1392 2042 orientalem
1422 2007 1560 2041 iimitem
1583 2006 1716 2050 impune

261 2056 508 2090 incursionibus
529 2058 694 2091 vastandi.
742 2057 818 2090 dum
853 2057 937 2090 haec
968 2057 1177 2100 agebantur,
1216 2054 1327 2088 iunior
1350 2055 1519 2098 Augustus
1543 2051 1586 2086 ad
1609 2051 1718 2094 Nym-

261 2103 406 2156 phaeum
439 2102 697 2145 diversabatur,
733 2102 950 2136 constitutam
982 2102 1171 2147 propinquo
1208 2100 1250 2134 ad
1282 2104 1414 2145 patrem
1445 2097 1600 2132 occursui
1630 2096 1716 2131 diem

260 2160 280 2182 o
331 2159 454 2182 emens.

283 2160 327 2194 pp
354 2195 411 2231 22.
456 2194 646 2238 Imperator
675 2196 787 2228 autem
816 2191 954 2227 iunioris
985 2191 1130 2235 Augusti
1161 2192 1302 2225 fratrem
1336 2194 1418 2224 natu
1450 2189 1610 2223 minorem
1635 2187 1717 2222 Por-

262 2238 519 2284 phyrogenitum
551 2239 808 2273 Constantinum
838 2239 989 2272 imbuere
1022 2237 1219 2271 rudimentis
1247 2237 1402 2271 militaris
1433 2235 1517 2270 artis
1549 2240 1585 2267 et
1615 2244 1718 2278 expe-

264 2284 389 2318 rientia
411 2285 478 2318 iam
501 2289 570 2318 tum
594 2286 742 2319 formare
765 2285 807 2319 ad
832 2284 1061 2318 fortitudinem
1089 2283 1244 2316 bellicam
1268 2282 1426 2327 cupiens,
1463 2281 1535 2314 eius
1557 2280 1591 2314 in
1615 2290 1718 2324 expe-

264 2329 427 2364 ditionem
451 2331 603 2364 mittendi
625 2331 834 2365 occasionem
865 2329 1007 2374 sumpsit
1029 2340 1071 2363 ex
1095 2330 1239 2374 quodam
1271 2333 1363 2362 motu
1395 2327 1642 2366 Triballorum,
1677 2335 1718 2358 eo

264 2386 373 2419 usque
397 2387 575 2420 progresso
599 2381 636 2410 ut
658 2376 683 2409 ii
706 2376 837 2410 adscito
858 2375 894 2409 in
921 2375 1037 2409 ducem
1061 2375 1267 2408 exercituum
1290 2385 1424 2408 suorum
1444 2371 1588 2418 quodam
1613 2371 1719 2404 Gota-

266 2420 378 2462 nitza,
414 2422 471 2465 qui
494 2423 537 2454 ab
559 2422 762 2467 imperatore
784 2422 976 2462 defecerat,
1007 2421 1163 2464 regiones
1194 2419 1335 2465 imperio
1356 2419 1525 2454 subiectas
1545 2417 1720 2450 incursare

267 2477 373 2511 usque
406 2467 448 2499 ad
478 2468 600 2500 Seri-as
630 2469 783 2501 vexando
814 2467 1043 2511 vastandoque
1072 2466 1320 2499 nuntiarentur.
1368 2464 1473 2499 movit
1511 2474 1593 2507 ergo
1627 2461 1720 2495 Con-

267 2512 433 2546 stantinus
464 2512 497 2545 in
531 2512 749 2546 Occidentem
779 2513 871 2547 iussu
902 2512 1032 2557 patris,
1065 2512 1123 2556 qui
1156 2512 1246 2546 viros
1278 2511 1309 2544 ei
1341 2509 1521 2556 primariae
1547 2505 1721 2552 dignitatis

267 2558 390 2591 multos
414 2560 449 2591 et
471 2569 608 2600 magnos
631 2559 767 2592 miiitiae
790 2559 928 2593 comites
950 2558 1046 2591 istius
1070 2561 1105 2591 et
1126 2557 1298 2601 ministros
1319 2555 1499 2602 potestatis
1520 2550 1719 2596 assignavit.

266 2604 342 2647 ipse
369 2606 479 2637 autem
503 2604 675 2647 Augustus
698 2605 806 2638 denuo
841 2609 1013 2649 comperto
1042 2603 1144 2637 certis
1167 2602 1293 2636 nuntiis
1323 2600 1509 2647 periclitari
1530 2597 1719 2641 vexarique

267 2649 476 2683 orientalem
500 2660 599 2693 quam
624 2648 691 2682 late
713 2654 812 2695 patet
834 2650 925 2683 circa
949 2649 1127 2692 Sangarim
1150 2653 1316 2689 tractum,
1353 2647 1396 2681 ab
1430 2645 1527 2680 huius
1550 2645 1637 2677 ostio
1662 2653 1720 2676 re-

268 2699 323 2728 tro
347 2706 452 2740 usque
484 2695 528 2728 ad
550 2694 710 2736 Prusam,
750 2695 924 2729 confestim
956 2695 1140 2729 instructus
1169 2705 1268 2740 quam
1292 2692 1419 2738 optime
1438 2689 1533 2724 licuit
1555 2700 1596 2723 ex
1620 2687 1719 2732 copia

267 2740 460 2784 praesenti,
483 2741 681 2774 transfretat
698 2740 900 2784 Bosporum,
926 2746 962 2774 et
983 2741 1026 2774 ad
1048 2740 1180 2774 radices
1203 2739 1298 2774 collis
1319 2735 1435 2772 Sancti
1458 2733 1619 2769 Auxentii
1639 2733 1718 2768 fixis

267 2786 495 2820 tabernaculis
526 2790 674 2818 moratur
705 2789 889 2830 expectans
921 2785 1066 2820 Occidui
1094 2785 1210 2819 limitis
1235 2783 1439 2824 exercitum,
1477 2781 1536 2826 qui
1559 2779 1643 2814 locis
1664 2779 1717 2813 iu-

267 2831 368 2865 terim
400 2831 562 2866 condictis
591 2832 881 2875 congregabatur,
911 2842 976 2876 quo
1009 2830 1132 2866 deinde
1165 2830 1263 2865 simul
1294 2829 1427 2864 iunctus
1455 2825 1651 2873 imperatori
1679 2835 1718 2859 se
