1846 3262
448 174 524 216 DE
559 172 834 216 MICHAELE
868 170 1248 216 PALAEOLOGO
1283 171 1330 214 L.
1364 169 1399 213 I.
1584 171 1648 215 23

186 287 321 330 ἔπειτα
350 287 452 346 πρὸς
477 285 605 329 αὐτὸν
634 286 816 340 εὖνοιάς,
846 284 902 336 ὥς
924 284 946 328 ὅ
977 286 1105 341 ἶερεῦς
1121 284 1337 342 ὖπέσχετο,
1374 285 1500 328 πιστὰ
1519 302 1649 327 κατα-

183 354 355 413 στήσειε.
426 357 492 399 καὶ
511 355 561 411 δὴ
581 356 677 413 περί
696 372 776 398 που
794 354 870 410 τὴν
883 353 1106 411 Ἀχυράους
1126 353 1148 399 ὅ
1174 355 1304 413 ἱερεὺς
1318 351 1512 412 γεγονώς,
1548 369 1648 397 συν-

184 423 272 479 άμα
306 426 374 468 καὶ
410 425 612 475 πλείστοις
642 425 868 481 ἀρχιερεῦσι
889 456 904 477 ,
963 424 1117 466 στέλλει
1155 424 1260 481 πρὸς
1295 424 1368 467 τὸν
1398 426 1645 481 κρατοῦντα,

184 493 317 543 οὕτως
348 495 499 537 ἐκείνου
529 493 633 550 πρὸς
663 493 737 536 τὸν
769 489 1000 548 ἆρχιθύτην
1024 491 1330 548 συνταξαμένου
1351 494 1420 536 καὶ
1439 490 1549 536 οὕτω
1569 490 1648 535 τά-

150 566 354 616 5ξαντος,
382 562 474 605 τινὰ
507 566 590 605 τῶν
619 562 747 605 αὐτοῦ
780 562 936 604 οῗκείων
957 563 1024 604 καὶ
1043 558 1242 622 ἱερωσύνῃ
1265 559 1570 616 κοσμούμενον,
1601 560 1646 604 ὃν

179 629 203 674 ὅ
236 636 399 687 κρατῶν
431 629 648 685 δεξάμενος
672 630 806 685 ἀνίησι
836 630 910 686 μὲν
936 630 1170 687 παραυτίκα
1188 629 1261 673 τὸν
1278 628 1548 684 κατεχόμενον
1565 633 1648 673 τῶν

180 702 357 758 δεσμῶν,
393 698 560 743 ἀπολύει
586 701 611 742 δ
620 700 632 715 '
658 699 845 752 ἀσμένως
862 698 965 756 πρὸς
987 699 1058 742 τὸν
1075 696 1289 762 ἴερᾶρχην,
1327 696 1509 748 ὀπαδούς
1531 698 1643 758 αὖτῷ
1668 708 1699 743 D

178 767 473 826 συνεξαγαγών.
529 767 618 822 ἅμα
649 771 761 824 γοῦν
779 767 924 823 ἐπέστη
953 769 1020 810 καὶ
1050 766 1138 822 ἅμα
1164 766 1278 824 παρὰ
1299 771 1374 823 τῆς
1395 765 1572 810 συνόδου
1592 767 1646 810 τὰ

178 836 315 881 εἰκότα
337 835 631 891 ἐνωτισὰμενος
654 837 729 892 τὴν
745 837 904 880 ἐκείνων
928 837 1159 892 ἐπιτίμησιν
1180 838 1236 887 εἷς
1255 836 1425 893 ἀσφαλῆ
1444 840 1525 879 τῶν
1544 835 1647 890 πρὸς

126 920 168 952 10
177 908 352 960 βασιλέα
371 908 486 949 ῗδίων
507 905 638 962 ὅρκων
659 907 881 960 βεβαίωσιν
901 905 1070 960 δέχεται.
1107 907 1175 949 καὶ
1197 904 1302 963 πρὸς
1323 904 1395 948 τὸν
1413 909 1644 961 κρατοῦντα

179 971 306 1025 αὖθις
340 974 514 1018 ἐπανιών
545 979 700 1030 πολλῆς
734 979 809 1030 τῆς
848 974 953 1031 παρ’
985 975 1138 1018 ἐκείνου
1177 970 1382 1029 εὐμενείας
1417 970 1642 1030 ἐτύγχανεν.

178 1043 287 1087 οὕτω
306 1048 523 1100 τοιγαροῦν
543 1042 644 1098 ἔχων
668 1045 735 1086 καὶ
757 1042 867 1087 οὕτω
895 1041 1083 1086 σπεύδων
1103 1041 1250 1086 ἑαυτὸν
1267 1040 1486 1099 φυλάττειν
1509 1040 1646 1098 πάσης

175 1115 438 1169 καχυποψιάς
469 1109 699 1168 ἀνώτερον,
737 1114 803 1155 καὶ
833 1117 992 1167 μᾶλλον
1012 1111 1073 1155 ὅτι
1088 1114 1155 1154 καὶ
1174 1109 1406 1166 ἀξιώματος
1426 1110 1550 1167 ἐπέβη
1569 1128 1644 1164 με-

173 1183 330 1237 γίστου,
366 1186 506 1240 πολλῷ
527 1182 647 1224 πλέον
665 1181 768 1237 πρὸς
784 1181 855 1224 τὸν
871 1182 964 1237 μετ’
990 1181 1117 1225 αὐτὸν
1135 1181 1182 1225 τὸ
1200 1178 1352 1239 κράτος
1369 1179 1514 1236 ἔχοντα
1532 1178 1643 1224 ἆλῶ-
1698 1200 1705 1202 “

121 1261 161 1294 15
175 1269 241 1294 ναι
271 1255 344 1306 τῆς
375 1249 563 1305 ὑποψίας
588 1249 893 1307 διεφυλάττετο.

313 1321 358 1365 8.
422 1319 535 1362 Ἀλλ’
557 1320 692 1375 ἐπειδὴ
714 1320 870 1375 θερμὸς
887 1315 937 1375 ἦν
957 1321 1103 1375 ἐκεῖνος
1122 1318 1225 1376 πρὸς
1244 1315 1402 1372 πάντα,
1434 1316 1491 1361 ἔτι
1512 1317 1557 1361 δέ
1574 1319 1641 1360 καὶ

171 1388 248 1444 τὴν
268 1393 342 1431 τοῦ
363 1393 675 1445 καταφρονῆσαι
698 1387 822 1440 δόξαν
841 1387 884 1447 (ἢ
895 1389 973 1445 γὰρ
993 1387 1114 1438 νόσος
1132 1390 1425 1431 ἐπεισπεσοῦσα
1444 1388 1510 1430 καὶ
1532 1390 1640 1441 μᾶλ-
1666 1393 1694 1428 Ρ
1724 1396 1766 1430 12

172 1462 244 1500 λον
270 1455 477 1513 τρύχουσα
500 1458 637 1500 ἔπειθε
656 1457 767 1500 δεινὰ
786 1456 1027 1514 ὑπιδέσθαι)
1041 1490 1054 1510 ,
1089 1454 1289 1514 παραλύει
1318 1457 1393 1510 μέν
1419 1459 1494 1498 τοῦ
1516 1452 1641 1506 ἀξιώ-

170 1543 303 1580 ματος
324 1528 380 1576 εἷς
399 1527 775 1582 πρωτοβεστιαριόυ
796 1525 1040 1582 τεταγμένον
1058 1525 1179 1581 τιμὴν
1199 1525 1271 1568 τὸν
1285 1523 1432 1568 Ῥαοῦλ
1447 1523 1639 1577 Ἀλέξων,

115 1604 161 1637 20
171 1593 397 1652 ἀντεισάγει
415 1595 462 1637 δ’
482 1597 537 1645 εἷς
555 1593 712 1651 ταύτην
736 1595 807 1640 τὸν
830 1597 872 1648 ἐξ
889 1595 1163 1654 Ἀτραμυτιόυ
1186 1597 1228 1638 Γ
1223 1591 1390 1653 εώργιον
1414 1593 1486 1637 τὸν
1507 1595 1637 1637 Μου-

167 1713 308 1757 ann'uit‚
333 1715 499 1760 pollicens
520 1715 661 1761 insuper
684 1716 796 1750 animo
819 1727 857 1751 se
882 1716 915 1750 in
939 1715 1032 1751 illum
1056 1715 1158 1762 plane
1180 1713 1346 1750 benevolo
1368 1714 1528 1755 futurum,
1552 1712 1582 1747 si
1603 1712 1636 1747 is

168 1772 304 1807 quoque
332 1773 393 1806 pro
417 1774 476 1803 se,
499 1763 552 1796 uti
575 1762 774 1808 patriarcha
796 1763 1009 1808 spondebat,
1041 1774 1137 1797 suum
1160 1773 1244 1806 erga
1273 1759 1462 1806 principem
1485 1758 1635 1793 studium

166 1808 336 1852 fidemque
360 1814 564 1852 praestaret.
613 1810 692 1842 hinc
715 1820 789 1843 cum
813 1809 906 1852 apud
940 1810 1133 1854 Achyraum
1156 1807 1351 1854 patriarcha
1376 1817 1451 1840 cum
1478 1805 1634 1851 pluribus

167 1854 267 1888 simul
290 1854 503 1899 praesulibus
526 1854 605 1888 aliis
627 1855 782 1896 adesset,
806 1855 912 1889 mittit
935 1856 978 1890 ad
1002 1856 1267 1900 imperatorem,
1291 1856 1396 1899 prout
1420 1852 1496 1898 ipse
1519 1851 1633 1885 disce-

168 1901 263 1934 denti
285 1900 577 1945 praescripserat,
603 1913 622 1934 e
644 1900 868 1935 familiaribus
893 1913 992 1935 unum
1016 1900 1210 1935 sacerdotio
1233 1898 1449 1945 praeditum,
1477 1909 1544 1942 quo
1568 1898 1632 1931 im·

167 1951 310 1992 perator
343 1954 488 1990 excepto
518 1947 706 1992 auditoque
739 1947 842 1981 solvit
873 1947 1033 1981 continuo
1067 1946 1307 1990 Palaeologum
1339 1943 1484 1978 vinculis
1516 1947 1552 1977 et
1585 1943 1631 1977 ad

166 1994 276 2038 ipsum
302 1993 533 2037 patriarcham
557 1994 768 2037 perlibenter
791 1993 907 2035 mittit,
930 2005 1006 2028 cum
1031 1993 1211 2028 comitibus
1238 1991 1370 2036 pariter
1391 1989 1559 2024 liberatis.
1591 2000 1633 2023 eo

166 2050 240 2073 cum
269 2040 505 2083 pervenisset,
539 2043 721 2084 postquam
752 2040 886 2074 audivit
914 2050 1039 2085 graves
1070 2040 1106 2073 in
1139 2038 1269 2083 synodo
1300 2042 1337 2071 et
1358 2036 1633 2071 accommodatas

165 2096 290 2119 causae
317 2096 359 2118 ac
387 2085 535 2130 tempori
558 2085 809 2120 admonitiones
832 2092 868 2120 et
893 2085 1166 2120 comminationes
1190 2087 1344 2130 patrum,
1378 2082 1525 2117 obnoxie
1549 2092 1632 2126 pro-

165 2132 277 2165 fessus
300 2130 382 2163 nihil
405 2142 564 2165 recusare
589 2143 627 2165 se
650 2131 836 2166 canonicae
858 2131 1157 2167 animadversionis
1181 2142 1222 2164 ac
1247 2140 1431 2175 poenarum
1446 2153 1456 2169 ,
1478 2128 1509 2161 si
1532 2127 1631 2161 dein-

165 2188 247 2221 ceps
283 2183 463 2222 peccaret,
498 2189 620 2211 novum
652 2178 830 2212 fidelitatis
861 2178 1044 2212 inviolatae
1067 2178 1291 2211 iuramentum
1322 2175 1462 2221 proprie
1484 2173 1551 2208 sibi
1574 2172 1630 2207 di-

166 2228 260 2257 ctata
283 2223 327 2256 ab
358 2222 402 2256 iis
435 2223 579 2258 formula
602 2223 772 2269 concepit.
820 2225 939 2269 sicque
963 2224 1008 2258 ad
1040 2223 1225 2269 principem
1249 2231 1409 2256 reversus
1431 2230 1555 2264 magna
1575 2222 1630 2253 est

164 2269 237 2303 eius
261 2268 500 2304 benevolentia
523 2275 559 2304 et
581 2269 832 2314 significatione
856 2270 990 2315 gratiae
1013 2270 1184 2314 dignatus·
1213 2269 1279 2303 hoc
1296 2267 1354 2301 iile
1375 2278 1512 2300 suarum
1534 2270 1630 2300 statu

164 2325 275 2350 rerum
299 2314 503 2359 invigiiabat
525 2316 593 2350 sibi
619 2317 759 2358 acriter,
782 2317 930 2362 undique
953 2315 1228 2360 circumspiciens
1250 2326 1290 2348 ac
1313 2312 1543 2348 solicitissime
1566 2311 1628 2346 ob-

162 2371 328 2402 servanS,
365 2372 432 2405 quo
466 2371 505 2395 se
534 2362 624 2396 omni
649 2363 861 2407 superiorem
890 2374 998 2408 prava
1020 2361 1214 2407 suspicione
1245 2364 1412 2395 servaret.
1459 2358 1496 2392 in
1518 2369 1628 2402 eaque

164 2418 247 2441 cura
278 2407 501 2452 custodiaque
530 2410 778 2453 perseverabat
812 2421 853 2442 eo
886 2407 1070 2450 intentius,
1105 2419 1170 2452 quo
1202 2418 1240 2440 se
1257 2406 1307 2442 ‚in
1339 2404 1502 2440 maximae
1525 2403 1625 2448 apice

163 2452 342 2497 dignitatis
374 2454 484 2498 magis
515 2454 708 2499 expositum
740 2454 890 2489 invidiae
912 2453 1217 2499 imperantiumque
1239 2451 1420 2487 offensioni
1450 2450 1624 2491 cernebat,

163 2499 367 2544 praesertim
388 2498 532 2533 iunioris
550 2500 700 2545 ipsorum
717 2506 754 2535 et
776 2501 984 2535 successoris
1006 2500 1040 2533 in
1059 2499 1254 2545 principatu
1271 2497 1465 2543 designati;
1489 2508 1510 2530 a
1527 2497 1625 2530 cuius

162 2544 365 2590 praesertim
395 2545 569 2590 suspicaci
598 2546 708 2581 animo
739 2546 806 2586 sibi
839 2552 877 2580 et
897 2547 1040 2580 timebat
1063 2550 1099 2580 et
1124 2550 1288 2591 quantum
1311 2549 1448 2590 poterat
1470 2542 1624 2577 cavebat.

252 2592 287 2626 8.
334 2592 381 2625 At
403 2592 562 2636 quoniam
586 2592 643 2626 hic
663 2593 802 2637 ingenio
826 2592 961 2627 ardenti
992 2603 1066 2626 cum
1090 2602 1257 2637 praeceps
1275 2590 1310 2624 in
1332 2590 1402 2625 alia
1425 2595 1549 2623 cuncta
1570 2588 1623 2621 fe-

162 2637 322 2678 rebatur,
354 2642 425 2671 tum
460 2638 641 2672 facillimus
663 2644 740 2673 erat
770 2640 814 2673 ad
838 2637 1044 2684 opinandum
1065 2649 1143 2672 sese
1166 2636 1333 2672 contemni
1351 2636 1507 2680 (morbus
1534 2633 1622 2667 enim

161 2694 228 2726 quo
257 2683 442 2717 tenebatur
469 2690 504 2718 et
535 2684 675 2719 multum
706 2686 914 2729 urgebatur,
941 2688 1169 2729 opportunum
1194 2694 1270 2717 enm
1294 2688 1520 2728 paratumque
1542 2679 1623 2713 tali-

122 2751 126 2755 >
161 2730 225 2762 bus
255 2729 434 2763 credendis
466 2732 636 2775 rebusque
670 2742 757 2776 quas
785 2731 920 2765 audiret
951 2736 1011 2764 aut
1036 2733 1195 2764 cerneret
1216 2729 1253 2763 in
1277 2735 1409 2775 partem
1432 2726 1621 2770 sequiorem

156 2775 426 2819 interpretandis
457 2777 623 2821 faciebat)
648 2776 789 2810 Rauiem
813 2776 966 2811 Alexium
992 2775 1248 2822 protovestiarii
1273 2775 1442 2819 dignitate
1465 2774 1638 2807 ornatum'

159 2821 275 2865 privat
296 2821 511 2867 magistratu,
532 2828 568 2858 et
592 2822 670 2857 eius.
687 2823 724 2858 in
745 2823 854 2859 locum
878 2826 1058 2869 promovet
1074 2821 1264 2868 Georgium
1282 2821 1498 2857 Muzalonem
1518 2822 1623 2855 Atra·
