1884 3262
248 203 347 249 676
645 196 957 241 OBSERVAT.
990 193 1302 238 PACHYMER.

244 313 330 364 ipsa
353 309 475 347 simile
497 306 662 356 viderit,
690 307 923 344 referentem
943 303 969 343 l.
993 307 1044 345 12
1065 302 1263 341 Alexiadis
1280 315 1320 354 p.
1336 305 1417 345 363
1438 302 1500 341 ed.
1519 302 1611 352 neg.
1628 300 1699 340 ubi

245 365 497 420 peculiariter
519 364 559 401 in
580 376 666 402 rem
685 368 862 400 nostram
883 367 998 400 notat
1019 373 1084 398 eos
1106 359 1175 411 qui
1198 358 1276 397 hoc
1293 357 1409 396 modo
1428 358 1702 398 circumduce-

246 425 395 463 bantur
416 420 598 458 habuisse
624 419 748 470 capita
767 418 962 456 intestinis
981 417 1101 455 boum
1121 416 1332 465 oviumque
1350 415 1459 464 quasi
1478 415 1529 452 ad
1548 414 1700 453 ridicu—

244 481 330 518 lum
362 483 547 515 ornatum
575 476 725 515 cincta:
756 471 828 522 τὰς
857 473 899 515 δὲ
933 470 1132 524 κεφαλάς,
1157 472 1310 523 inquit,
1340 470 1562 518 ἕντοσθίοις
1591 472 1702 523 βοῶν

243 535 313 576 καὶ
341 529 555 586 προβάτων
588 532 742 578 ταινίας
773 532 890 582 δίκην
919 527 1201 581 κοσμήσαντες.
1258 528 1302 565 in
1323 526 1472 578 optimo
1495 539 1555 563 ms
1576 526 1702 577 Puge—

243 592 356 629 tiano
368 620 378 639 ,
409 603 500 627 cum
526 602 603 639 quo
629 588 773 626 editam
790 587 870 625 iam
887 585 1114 625 Alexiadem
1131 584 1283 623 contuli
1300 589 1340 622 et
1355 583 1445 635 plus
1464 595 1582 634 quam
1597 582 1703 621 mille

245 648 339 687 locis
361 645 585 695 emenda-vi,
614 645 755 696 legitur
776 640 1156 695 κατακοσμήσαντες.

357 727 395 765 p.
416 715 497 754 397
518 725 557 749 v.
578 714 640 753 13.
696 707 797 762 πρός
815 706 1031 761 Μεθώνην
1048 709 1237 762 γίνονται.
1278 708 1334 745 sic
1352 712 1563 745 contextus
1579 705 1704 745 trium

244 770 362 809 Simul
388 769 588 806 codicum:
618 766 685 804 sed
710 766 751 804 in
779 766 994 804 Barberino
1023 779 1141 816 supra
1159 760 1372 815 Μεθώνην
1399 763 1644 814 adscriptum
1659 761 1704 800 in

245 828 393 878 glossae
409 825 573 863 modum
597 819 792 874 Κορώνην
808 823 982 873 legimus.
1020 821 1098 860 hoc
1114 821 1162 859 ab
1183 821 1340 859 erudito
1359 820 1506 858 lectore
1522 819 1705 857 additum

244 889 429 935 putamus
456 881 507 919 ad
535 879 860 931 praevertendam
883 879 1194 930 ambiguitatem,
1225 889 1324 927 quae
1340 882 1471 927 posset
1490 875 1605 914 obiici
1626 874 1705 912 mi-

246 953 322 978 nus
340 938 464 976 cautis
485 951 506 974 a
523 936 715 975 vocabulo
740 932 962 987 ΝΙεθώνης.
993 936 1069 973 isto
1089 935 1190 972 enim
1211 933 1366 971 nomine
1385 939 1444 970 est
1457 933 1554 971 urbs
1574 930 1705 970 Thra—

247 996 329 1033 ciae
346 994 452 1046 apud
473 993 635 1032 saidam
657 998 696 1029 et
713 990 981 1043 Stephanum5
1010 992 1104 1029 item
1122 991 1196 1028 alia
1214 989 1465 1027 Macedoniae
1483 989 1527 1027 in
1544 987 1704 1039 Magne-

248 1052 326 1099 sia,
357 1050 468 1088 cuius
491 1049 701 1088 meminere
722 1048 986 1098 Thucydides,
1015 1048 1171 1094 strabo,
1198 1045 1433 1097 Stephanus,
1462 1046 1609 1084 Plinius
1627 1050 1705 1086 etc.

245 1107 460 1146 Methonen
489 1106 605 1143 etiam
632 1105 674 1142 in
703 1102 901 1141 Thessalia
925 1110 1116 1142 memorat
1141 1102 1384 1153 Hesychius,
1408 1101 1517 1140 illam
1532 1103 1634 1139 sorte
1654 1100 1704 1138 de

247 1177 326 1215 qua
347 1165 492 1201 Seneca
515 1161 637 1199 choro
658 1166 770 1198 actus
786 1159 813 1200 4
834 1160 1035 1198 Troadum
1051 1160 1112 1197 his
1131 1159 1308 1198 versibus

522 1241 579 1265 an
593 1226 791 1277 frequens
820 1228 952 1264 ruscis
981 1226 1135 1263 levibus·
1163 1225 1359 1273 Methone,

525 1298 630 1336 quae
658 1282 733 1320 aab
767 1283 926 1320 Oetaeis
952 1282 1154 1320 latebrosa
1181 1282 1298 1318 silvis
1326 1286 1400 1319 etc.

247 1351 357 1392 nulla
379 1362 500 1403 porro
518 1349 663 1387 harum
681 1349 722 1386 in
740 1347 850 1387 hunc
864 1349 995 1387 locum
1015 1349 1205 1398 quadrat:
1234 1360 1315 1386 non
1334 1348 1436 1386 enim
1453 1351 1662 1399 provectos
1681 1359 1705 1383 a

246 1409 372 1448 Malea
404 1406 594 1444 Laconiae
617 1406 889 1458 promontorio
912 1405 1197 1456 Hellespontias
1216 1411 1360 1443 ventus
1377 1403 1501 1456 plenis
1519 1403 1616 1441 velis
1633 1414 1705 1454 per

245 1471 371 1503 totam
396 1469 554 1501 noctem
576 1463 794 1513 impellens,
824 1462 933 1512 quod
947 1459 1013 1499 hic
1034 1462 1202 1507 dicitur,
1231 1461 1424 1513 appellere
1440 1465 1549 1498 retro
1571 1458 1706 1511 potuit

245 1522 288 1559 in
307 1520 576 1558 Macedoniam
591 1525 662 1557 aut
678 1517 897 1556 Thraciam.
955 1523 1011 1555 est
1028 1532 1118 1568 ergo
1136 1517 1234 1555 haec
1261 1514 1446 1568 Μεθώνη
1462 1529 1581 1566 quam
1598 1516 1707 1554 Pau-

247 1578 375 1616 sanias
394 1573 613 1627 Μοθώνην
632 1575 784 1624 scribit,
815 1574 1025 1613 Messeniae
1044 1574 1139 1613 urbs
1157 1572 1352 1612 maritima
1368 1574 1410 1611 in
1432 1573 1587 1611 modico
1607 1585 1705 1624 pro-

246 1633 466 1676 montorio,
500 1632 565 1670 cui
596 1631 807 1670 adversum
836 1631 943 1669 aliud
975 1637 1139 1683 angusto
1170 1631 1260 1668 sinu
1290 1630 1529 1681 diremptum
1551 1629 1705 1667 Corone

106 1701 134 1734 P
157 1698 226 1735 474
248 1690 413 1738 insidet,
443 1689 517 1726 alia
541 1688 660 1736 urbs,
689 1687 801 1726 cuius
818 1693 1027 1739 propterea
1048 1687 1285 1725 mentionem
1301 1692 1524 1738 opportune
1538 1685 1717 1737 suggerit·

248 1748 438 1798 glossema
463 1759 544 1783 non
563 1744 703 1782 inutile
724 1744 775 1781 ad
796 1744 1138 1782 determinandum
1162 1743 1210 1782 de
1229 1756 1307 1794 qua
1328 1741 1512 1781 Methone
1527 1741 1592 1780 hic
1611 1754 1706 1793 aga-

248 1810 339 1841 tur:
372 1814 463 1839 nam
493 1802 534 1838 in
558 1801 662 1839 hanc
682 1814 761 1838 non
781 1800 1044 1839 inverisimilis
1065 1813 1202 1838 cursus
1220 1813 1242 1836 a
1262 1799 1387 1838 Malea
1402 1799 1476 1837 suit
1494 1804 1614 1838 vento
1637 1797 1706 1848 qui

249 1860 298 1896 ab
317 1859 570 1908 Hellesponto
587 1856 796 1895 vehemens
812 1857 988 1908 spiraret.
1044 1854 1162 1894 hodie
1181 1855 1254 1893 hae
1271 1857 1450 1894 civitates
1466 1863 1608 1893 nomen
1624 1854 1705 1892 sere

250 1915 458 1964 antiquum
494 1913 536 1950 in
575 1913 726 1964 mappis
759 1912 1042 1950 recentioribus
1069 1912 1269 1960 obtinent,
1305 1912 1476 1962 signatae
1503 1910 1705 1949 vocabulis

250 1969 402 2010 Modon
423 1975 463 2006 et
486 1969 639 2008 Ceron:
685 1981 805 2018 porro
831 1968 898 2018 qui
926 1968 1053 2006 sinum
1078 1967 1287 2005 Modonem
1312 1968 1416 2005 inter
1443 1973 1483 2004 et
1511 1968 1705 2005 Coronem

249 2028 370 2065 situm
389 2026 536 2074 intrat,
564 2025 596 2062 is
614 2030 660 2062 ut
682 2023 908 2061 Methonem
931 2024 986 2061 sie
1006 2029 1045 2060 et
1069 2025 1259 2062 Coronem
1279 2024 1450 2062 tenuisse
1467 2023 1543 2061 dici
1558 2027 1704 2076 potest,

248 2090 297 2122 ut
319 2082 417 2120 nihil
435 2081 624 2132 glossator
644 2081 798 2119 auctori
813 2081 1055 2119 contrarium
1080 2080 1269 2120 alleverit.

364 2174 401 2212 p.
413 2157 495 2201 420
512 2170 551 2197 v.
564 2161 628 2200 11.
685 2159 754 2196 cui
773 2159 957 2197 spsanuiill
974 2173 1113 2197 nomen
1128 2166 1214 2197 erat
1233 2159 1461 2198 Zachariae
1468 2158 1577 2209 filio.
1605 2162 1704 2208 puta

251 2217 351 2255 haec
376 2214 565 2254 Manu'eIis
592 2219 632 2252 et
651 2213 862 2252 Zachariae
881 2215 1071 2255 vocabula
1088 2216 1340 2266 praenomina
1362 2215 1479 2254 fuisse
1497 2214 1703 2253 hominum

253 2273 396 2324 quibus
419 2284 625 2310 commune
651 2272 754 2309 soret
776 2270 977 2310 Cataneae
995 2272 1120 2322 gentis
1142 2286 1297 2312 nomen.
1343 2271 1421 2310 hoc
1443 2271 1545 2309 enim
1567 2270 1704 2309 dicen-

220 2377 222 2379 ·
255 2329 351 2367 dum
388 2327 601 2366 necessario
630 2327 815 2378 videtur,
855 2334 903 2366 ut
928 2327 1182 2380 Pachymeres
1213 2342 1303 2368 eum
1331 2329 1501 2379 Gregora
1536 2330 1703 2378 cumque

254 2385 365 2422 Duca
393 2383 593 2421 Michaelis
621 2390 785 2435 nepote,
829 2384 938 2422 cuius
971 2383 1175 2422 historiam
1201 2385 1264 2424 vir
1292 2381 1538 2423 doctissimus
1565 2381 1704 2421 Ismael

254 2439 458 2480 Bulialdus
479 2445 569 2477 ante
588 2438 660 2478 hos
679 2453 800 2478 annos
818 2440 1039 2492 quindecim
1058 2441 1207 2493 primus
1230 2441 1366 2492 edidit,
1396 2440 1616 2488 conveniat,
1647 2439 1704 2477 si-

257 2496 416 2547 quidem
441 2495 497 2533 illi
528 2496 641 2534 ambo
670 2496 815 2534 docent
843 2496 1069 2535 Michaelem
1096 2498 1364 2549 Palacologum
1387 2496 1496 2535 hunc
1523 2501 1703 2534 nostrum

258 2552 488 2590 concessisse
517 2551 731 2590 Phocaeam
762 2553 951 2592 Cataneis2
1009 2567 1054 2590 ac
1071 2555 1260 2604 Gregoras
1281 2553 1438 2604 quidem
1457 2553 1529 2591 sub
1548 2551 1702 2591 initium

256 2605 350 2647 libri
369 2611 418 2650 11
440 2620 479 2659 p.
497 2609 600 2656 239,
630 2622 743 2658 agens
763 2609 812 2646 de
836 2610 980 2647 Catane
1000 2609 1200 2649 Phocaeae
1224 2611 1416 2662 principe,
1451 2615 1491 2648 et
1516 2621 1604 2647 eum
1622 2605 1701 2645 Mi-

257 2665 427 2715 tylenem
454 2669 550 2701 tunc
574 2676 780 2714 occupasse
803 2666 972 2704 reserens
991 2665 1034 2704 in
1051 2679 1211 2717 eamque
1226 2667 1481 2718 immigrasse,
1534 2663 1702 2703 raesidio

256 2728 388 2759 tamen
416 2719 546 2758 valido
572 2718 771 2758 Phocaeae
801 2722 960 2772 relicto,
989 2722 1121 2762 statim
1148 2723 1302 2763 subdit:
1342 2726 1486 2775 κλῆρος
1517 2715 1560 2760 δ’
1592 2715 1703 2775 αὐτῷ

256 2769 481 2828 περιελθών
509 2769 562 2827 ’ἦν
588 2770 669 2816 nino*
694 2773 905 2830 προγόνων
942 2775 973 2830 ἡ
1002 2775 1167 2820 Φώκαια
1197 2778 1295 2832 πρὸς
1322 2781 1395 2819 τοῦ
1418 2775 1607 2830 βασιλέως
1633 2774 1703 2817 καὶ

255 2830 424 2874 πάππου
451 2834 524 2873 τοῦ
549 2829 740 2888 βασιλέας
769 2832 883 2886 σφισὶ
908 2834 1075 2878 δοθεῖσα
1094 2834 1308 2891 ἐπιτροπῆς
1326 2833 1440 2876 ἕνεκα
1457 2831 1526 2875 καὶ
1545 2828 1705 2887 χρημοὶή
