1846 3262
427 225 503 268 DE
538 224 818 268 MICHAELE
852 223 1230 269 PALAEOLOGO
1266 227 1312 268 L.
1345 225 1399 268 Π.
1549 227 1643 272 113

169 339 320 395 ραπεία
352 337 522 394 γένοιτο.
595 338 840 395 τριβομένου
870 338 915 381 δὲ
936 342 1009 381 τοῦ
1033 342 1177 395 καιροῦ
1198 337 1352 395 φθάνει
1369 340 1436 383 καὶ
1457 340 1499 390 ἐς
1517 344 1641 394 βασι-

168 409 240 451 λέα
270 407 318 451 τὸ
347 409 487 463 δρᾶμα
498 440 511 460 ,
550 409 616 450 καὶ
645 408 756 464 βαρὺ
789 407 935 450 αὐτίκα
962 409 1076 450 δοκεῖ
1104 407 1324 453 ἀκουσθέν.
1396 409 1463 452 καὶ
1487 408 1532 459 ὃς
1555 417 1642 461 τοῖς

169 476 279 533 ἀμφ’
305 477 432 520 αὐτὸν
455 477 684 534 ἀρχιερεῦσι
710 476 755 519 τὸ
778 476 966 532 πραχθὲν
986 480 1045 534 τῷ
1066 474 1301 535 πατριάρχῃ
1333 481 1540 521 κοινοῦται
1572 481 1641 522 καὶ

170 545 217 588 τὸ
240 545 429 601 ποιητέον
448 548 566 600 ζητεῖ.
613 552 699 595 τοῖς
715 546 790 600 μὲν
812 540 885 588 οὗν
904 545 1118 600 προτροπὴ
1136 540 1187 600 ἧν
1210 547 1273 594 ἐπὶ
1289 546 1337 589 τὸ
1358 547 1426 589 διὰ
1447 548 1638 591 πλείστου

134 614 332 662 ὅτιθέναι
363 615 437 669 τὴν
471 611 730 670 ἀναχώρησιν
756 611 804 656 τό
831 630 874 656 τε
906 618 981 656 τοῦ
1012 612 1253 670 πράγματος
1278 613 1408 669 ι’ίηθες
1433 617 1500 658 καὶ
1521 614 1546 672 ἦ
1568 621 1642 672 τῆς

168 681 331 738 εἰρήνης
359 681 558 738 συνήθεια
588 685 654 725 καὶ
680 682 727 726 τὸ
755 682 814 738 μὴ
845 685 888 734 ἐξ
915 681 1080 737 ἑτοίμου
1098 681 1216 733 δόξαι
1236 682 1636 740 ἀποπροσποιεΐσθαι
1658 706 1689 740 Β

166 752 239 795 τὸν
257 757 420 806 πρῶτον
439 754 505 794 καὶ
527 753 655 807 ζητεῖν
675 752 811 807 ἕτερον
822 784 835 804 ,
870 751 950 807 πρὸ
971 753 1016 794 δὲ
1035 749 1192 795 τούτων
1211 750 1404 795 ἁπάντων
1423 751 1448 808 ἦ
1466 758 1541 797 τοῦ
1556 760 1639 809 βα-

168 811 311 870 σιλέως
346 819 600 877 παράκλησις
630 819 828 875 Μιχαήλ,
867 825 1051 877 λιπαρῶς
1073 819 1255 871 δεδιότος
1275 821 1333 877 μὴ
1358 822 1427 879 ἐφ’
1454 821 1567 882 αὑτῷ
1587 825 1639 867 τοὶ

168 894 241 944 τῆς
264 889 560 945 ἀναχωρήσεως
580 889 734 945 γένοιτο
755 889 888 932 αἴτια·
932 890 979 933 τὸ
1001 891 1079 946 γὰρ
1099 890 1283 940 συνειδὸς
1307 890 1479 947 ἀρρεπὲς
1497 892 1639 950 κριτή-

112 973 157 1007 10
169 976 256 1014 ριον
275 954 324 1013 ἦν
345 961 411 1001 καὶ
432 958 478 1001 τὸ
501 962 655 1001 λυποῦν
677 958 751 1001 οὐκ
771 956 919 1014 ἠγνόει,
956 957 1031 1002 κᾶν
1051 961 1200 1009 ἐκεῖνος
1221 959 1296 1002 οὐκ
1315 960 1419 1016 ἔλεγε
1436 966 1638 1018 φανερῶς,

168 1025 301 1082 λύπην
330 1025 461 1082 μόνην
494 1027 637 1083 κωφὴν
670 1029 736 1071 καὶ
768 1026 1076 1083 καταφρόνησιν
1095 1026 1445 1085 προβαλλόμενος.
1516 1032 1640 1074 ἐκεῖσε

164 1101 263 1152 γοῦν
297 1094 670 1151 τῶνῃὸπουδήποτε
705 1097 996 1151 συναχθέντων
1037 1097 1237 1154 ἶεραρχῶν
1270 1095 1433 1153 ζήτησις
1465 1093 1516 1154 ἦν
1547 1102 1639 1156 περὶ

164 1163 323 1208 τούτων
346 1167 413 1208 καὶ
435 1165 590 1219 σκέψις.
630 1167 696 1208 καὶ
718 1166 831 1216 τέλος
853 1166 1056 1221 πέμπουσι
1077 1166 1174 1217 τοὺς
1194 1168 1283 1223 περὶ
1304 1166 1375 1210 τὸν
1393 1165 1638 1223 Ἡρακλείας
1661 1185 1691 1219 c

163 1232 350 1290 Νικήταν
397 1234 541 1291 (ἔτυχε
573 1233 652 1291 γὰρ
682 1233 775 1278 τότε
810 1237 878 1278 καὶ
908 1232 1163 1292 πατριάρχης
1191 1240 1244 1294 τῇ
1277 1240 1386 1293 μονῇ
1414 1241 1489 1279 τοῦ
1521 1235 1639 1294 ἆγιόυ

111 1311 154 1347 15
165 1302 407 1358 Διομήδους
435 1303 700 1360 προσμένων)
732 1304 1003 1360 ἀγγελοῦντας
1023 1305 1098 1359 μὲν
1119 1305 1222 1361 πρὸς
1245 1305 1373 1348 αὐτὸν
1395 1307 1463 1348 καὶ
1485 1306 1536 1349 τὰ
1557 1306 1637 1350 ἀπὸ

163 1377 238 1426 τῆς
269 1370 446 1415 συνόδου
474 1373 832 1427 μετακαλουμένης
863 1373 989 1416 αὐτὸν
1018 1375 1085 1416 καὶ
1112 1379 1284 1428 βαρεῖαν
1306 1372 1509 1428 δοκούσης
1527 1373 1637 1431 ἡγεῖ-

166 1445 270 1484 σθαι
289 1440 364 1495 τὴν
382 1439 660 1497 ἀναχώρησιν,
696 1440 860 1495 ἑτοίμου
884 1442 927 1484 τ’
951 1440 1078 1497 οῦσης
1097 1443 1198 1498 πρὸς
1219 1443 1265 1486 τὸ
1282 1447 1437 1497 μαθεῖν
1454 1441 1638 1495 εἰπόντος

164 1509 218 1552 τὰ
245 1510 384 1563 αἴτια,
423 1509 530 1565 πλὴν
555 1511 599 1553 δὲ
625 1512 693 1553 καὶ
724 1510 997 1561 ὀνειδιοῦντας
1015 1510 1070 1562 ὥς
1092 1511 1140 1555 οὐ
1161 1509 1334 1562 δεόντως
1352 1510 1632 1569 διαπράξοιτο,

990 1577 995 1590 1
1612 1587 1617 1593 .

255 1654 290 1689 5.
311 1652 518 1690 τίθεσθαί)

162 1781 428 1823 gnoscerentur,
463 1783 504 1815 ut
533 1779 732 1827 plerumque
764 1780 932 1826 contingit
962 1781 1076 1815 curari
1107 1781 1338 1827 aegritudines
1371 1793 1512 1828 quarum
1535 1785 1632 1831 origo

162 1836 230 1859 non
261 1824 367 1867 latet,
401 1825 479 1859 iniri
510 1828 668 1861 nonnulla
699 1828 847 1862 fortasse
875 1828 1046 1873 potuisset
1067 1828 1159 1863 utilis
1179 1829 1268 1863 ratio
1290 1830 1439 1864 remedii.
1487 1842 1575 1865 nunc
1598 1832 1632 1865 in

162 1882 266 1905 caeca
295 1870 515 1915 ignoratione·
538 1885 739 1907 arcanorum
771 1874 863 1908 senis
898 1885 1078 1918 sensuum,
1112 1874 1297 1920 quamlibet
1329 1876 1435 1911 multa
1463 1876 1632 1920 dicerent,

160 1918 269 1952 verba
292 1917 326 1951 in
349 1917 482 1952 irritum
507 1918 699 1963 iactarem,
722 1919 773 1953 uti
796 1920 856 1965 qui
878 1920 1072 1955 iaculantur
1094 1932 1197 1966 scopo
1220 1932 1286 1955 nou
1309 1921 1394 1958 viso.
1431 1927 1630 1970 consumpto

159 1963 196 1997 in
221 1964 272 1997 liis
295 1965 425 1998 frustra
449 1964 578 1999 dierum
602 1966 735 2011 aliquot
756 1967 868 2012 spatio
892 1967 1144 2012 desperatoque
1165 1978 1348 2012 regressu,
1379 1971 1553 2014 perfertur
1585 1969 1629 2004 ad

159 2010 399 2056 imperatorem
423 2011 474 2045 rei
496 2013 608 2054 fama,
630 2024 718 2058 quae
741 2012 857 2056 gravis
881 2013 912 2047 ei
937 2013 1207 2059 permolestaque
1228 2025 1311 2048 sane
1329 2014 1466 2050 accidit.
1511 2015 1630 2061 itaque

158 2055 191 2090 is
223 2057 466 2091 communicato
500 2058 590 2103 quod
623 2059 781 2093 audierat
811 2059 981 2104 episcopis
1003 2059 1062 2105 qui
1085 2061 1176 2094 forte
1207 2060 1406 2105 adfuerunt,
1440 2062 1631 2107 quaerebat

159 2102 204 2136 ab
226 2102 310 2147 ipsis
333 2103 412 2147 quid
436 2104 627 2138 faciendum
654 2105 714 2138 tali
738 2105 917 2140 occasione
939 2110 1128 2140 censerent.
1176 2107 1337 2152 perplexa
1370 2119 1486 2142 eorum
1517 2108 1628 2142 oratio

158 2148 248 2190 suit,
279 2148 422 2193 primum
447 2151 725 2194 exaggerantium
758 2157 956 2186 momentum
979 2152 1224 2187 inusitatissimi
1244 2154 1346 2195 facti,
1381 2153 1564 2188 secessisse
1584 2153 1628 2188 de

158 2195 271 2228 medio
294 2202 438 2240 repente
458 2196 646 2242 principem
668 2209 843 2232 sacrorum
867 2199 958 2233 nulla
981 2204 1064 2233 nota
1086 2210 1208 2240 causa,
1237 2198 1272 2233 in
1294 2200 1395 2245 plena
1418 2210 1493 2233 cum
1516 2199 1629 2233 eccla·

158 2240 231 2275 siae
255 2243 325 2274 tum
350 2240 558 2285 reipublicae
582 2255 685 2287 pace,
709 2250 778 2277 tum
803 2244 996 2279 addentium
1017 2245 1105 2279 haud
1127 2245 1163 2278 in
1186 2250 1341 2291 promptu
1363 2256 1440 2280 esse
1461 2245 1628 2280 rationem

159 2291 222 2320 aut
250 2285 324 2319 loco
347 2289 501 2321 movendi
527 2289 667 2331 primum
692 2291 898 2332 antistitem,
931 2297 992 2326 aut
1014 2292 1114 2325 alium
1138 2292 1321 2336 quaerendi
1348 2292 1406 2337 qui
1430 2290 1464 2325 ei
1486 2292 1626 2326 suffice-

158 2338 267 2366 retur.
315 2332 375 2366 sed
400 2344 484 2377 prae
506 2333 559 2368 bis
581 2336 735 2370 omnibus
758 2338 907 2380 augebat
929 2343 1058 2372 aestum
1082 2348 1197 2372 eorum
1219 2337 1277 2383 qui
1299 2337 1562 2372 consulebantur
1583 2337 1628 2372 de

158 2389 198 2412 re
223 2377 304 2419 tali,
339 2379 414 2412 eius
437 2378 498 2425 qui
521 2382 718 2415 consulebat
739 2383 888 2417 eminens
911 2395 953 2418 ex
978 2385 1071 2418 vultu
1095 2387 1132 2418 et
1154 2385 1283 2418 frustra
1305 2383 1512 2418 dissimulata
1543 2394 1625 2429 per-

160 2423 324 2458 turbatio.
363 2423 437 2468 ipse
459 2425 587 2471 quippe
609 2427 755 2462 Michael
778 2430 855 2463 dum
878 2431 1025 2473 rogabat
1046 2430 1129 2476 quid
1152 2441 1236 2474 opus
1258 2431 1364 2472 facto,
1385 2429 1473 2464 male
1495 2434 1626 2464 metue-

157 2470 222 2504 bat
243 2482 286 2504 ne
307 2470 445 2504 audiret
467 2474 557 2517 quod
581 2484 642 2506 sua
671 2475 790 2517 (cuius
813 2481 867 2509 est
889 2476 1072 2510 inflexibile
1094 2476 1128 2510 in
1151 2476 1295 2521 gratiam
1316 2475 1502 2520 iudicium)
1534 2476 1625 2510 intus

156 2515 222 2560 ipsi
250 2517 484 2562 exprobrabat
518 2520 747 2561 conscientia,
785 2533 918 2556 causam
940 2522 1107 2556 ‘nimirum
1138 2522 1275 2557 dedisse
1304 2522 1412 2568 ipsum
1442 2522 1623 2556 secedendi

158 2562 398 2606 patriarchae,
423 2564 639 2609 quantumvis
662 2566 718 2600 ille
739 2566 773 2600 id
796 2568 899 2602 fateri
919 2573 1115 2611 recusaret,
1151 2570 1214 2603 aed
1236 2572 1362 2603 mutum
1385 2568 1536 2602 dolorem
1559 2568 1623 2602 ob-

157 2613 255 2641 tentu
286 2609 401 2644 nescio
431 2610 547 2653 cuius,
582 2612 625 2645 de
655 2623 722 2657 quo
755 2615 826 2647 solo
849 2615 1078 2659 querebatur,
1110 2614 1165 2650 sui
1187 2620 1398 2659 contemptus
1422 2615 1622 2649 occultaret.

157 2655 315 2688 continuo
338 2667 421 2699 ergo
444 2657 676 2703 episcoporum
699 2659 922 2705 undecunque
951 2660 1155 2706 conquisitio
1176 2662 1228 2696 fit.
1273 2660 1424 2696 evocatis
1451 2660 1622 2694 delibera-

156 2699 206 2734 tio
239 2700 400 2734 indicitur
432 2702 475 2736 de
506 2714 545 2737 re
575 2705 760 2748 praesenti.
806 2707 1005 2741 convenitur
1030 2707 1066 2741 in
1097 2707 1132 2742 id
1158 2707 1294 2742 tandem
1316 2710 1356 2741 ut
1377 2706 1522 2741 Nicetas
1545 2705 1622 2751 epi-

155 2747 1504 2845 238¹:“fflxlitzfss'*‘30‘13‘125nffi3’2‘3512‘222zz‘2¹:1⁸2‘pjffizisss³1;zzz'÷i
1517 2751 1622 2832 ,ἐκ

156 2837 268 2871 cantis
289 2839 399 2883 ipsum
412 2865 423 2883 ,
458 2846 495 2875 et
527 2842 662 2887 publice
692 2843 824 2878 noxiam
844 2845 1182 2892 intempestivamque
1202 2846 1356 2881 iudicare
1377 2856 1415 2879 se
1436 2844 1543 2890 ipsius
1565 2855 1620 2878 se-

155 2883 338 2918 cessionem
370 2886 595 2931 declarantis‚
628 2901 734 2935 seque
766 2896 924 2937 paratam
955 2891 1148 2928 exhibentis
1175 2892 1220 2928 ad
1252 2890 1439 2927 audiendas
1472 2901 1516 2925 ex
1542 2889 1620 2935 ipso

212 2937 388 2983 Georgius
418 2939 644 2986 Pachymeres
672 2943 704 2977 Ι.
1314 2941 1340 2981 8
