1884 3262
444 193 520 236 DE
553 193 833 237 MICHAELE
861 195 1237 254 PALAEOLOGO
1268 197 1316 241 L.
1353 196 1427 241 VI.
1536 196 1658 244 >481

209 303 510 350 ἂποστατοῦσιν
521 305 643 357 ὅσι’ως
659 307 967 364 προσφέρεσθαι
985 306 1040 357 ὥς
1059 306 1408 365 ἀπηκριβωμένως
1422 303 1537 363 μάλα
1553 309 1657 367 πρὸς

193 372 257 421 ,τὸ
281 371 426 428 ὀρθόν.
495 380 554 433 τῷ
575 375 619 417 δ’
638 375 712 419 οὐκ
733 371 783 431 ἦν
801 374 972 432 ἀρεστὸν
997 374 1119 429 οὕτω,
1156 375 1250 419 ἀλλ’
1267 378 1308 419 ἐἰ
1323 376 1383 433 μὴ
1402 370 1570 421 δεικνῦοι
1585 380 1653 421 καὶ

207 439 469 496 σφάλλοντας
494 443 593 493 τοὺς
618 445 839 500 προτέρους
861 446 990 498 δῆθεν
1018 444 1062 487 ἐκ
1086 447 1168 487 τῶν
1193 450 1388 500 γραφῶν,
1435 445 1479 487 οἳ
1501 445 1554 501 δὴ
1579 448 1647 489 καὶ
1667 451 1698 486 Β

205 508 280 563 τὴν
311 509 413 566 πρὸς
442 512 614 561 ἐκείνους
640 511 798 568 εἰρήνην
818 511 866 554 οὗ
891 511 1174 566 κατεδέχοντο,
1202 512 1299 555 οὐδὲ
1314 511 1466 566 βιωτὸν
1484 511 1560 568 εἶχε
1580 514 1652 558 ‘niv

170 578 308 630 εβίον.
380 577 478 621 ὅθεν
511 581 578 621 καὶ
610 580 763 634 συχνὰς
791 577 990 630 συνόδους
1021 581 1226 634 καθίστα,
1271 582 1338 623 καὶ
1365 585 1649 635 προσεκαλεῖτο

192 645 380 697 ,πολλοὺς
400 648 466 688 καὶ
483 652 566 690 τῶν
587 646 663 698 ἔξω
673 680 687 700 ,
725 650 791 690 καὶ
811 649 983 703 βίβλους
1002 646 1242 699 ἀνείλιττεν,
1287 649 1355 691 καὶ
1380 647 1508 698 ἄλλας
1525 650 1650 699 ἐξετί-

202 717 304 755 θετο
339 715 554 768 πλείστας,
602 713 791 760 δεικνύων
801 748 816 769 ,
863 713 919 766 ὥς
946 714 1045 770 εἶχε,
1092 715 1168 771 τὴν
1201 714 1361 772 εἲρήνην
1388 715 1436 759 τὸ
1465 716 1649 773 ἀσφαλὲς

202 778 397 835 ῗχουσαν,
441 785 510 825 καὶ
536 783 587 825 τὰ
610 787 778 826 πλεῖστα
800 781 1141 841 προσελιχνεύετο.
1210 784 1301 827 δέον
1316 783 1393 840 γὰρ
1412 785 1647 841 Δαμασκη-

200 846 273 891 νόν
291 866 334 891 τε
352 851 418 892 καὶ
438 850 510 893 τὸν
527 855 642 894 θεῖον
669 850 867 906 Μάξιμον
900 854 966 895 καὶ
997 853 1059 894 ἐπὶ
1086 849 1248 903 τούτοις
1276 852 1350 895 τὸν
1366 857 1481 895 θεῖον
1501 851 1647 910 Ταρά-

146 929 191 963 10
202 933 288 959 σιον
300 949 314 970 ,
351 918 501 961 ταύτὸν
521 919 567 961 δ’
598 921 719 962 εἰπεῖν
737 922 805 963 καὶ
824 921 897 976 τὴν
913 918 1094 974 ἑβδόμην
1113 917 1292 974 σύνοδον,
1304 924 1456 973 πᾶσαν,
1494 918 1556 963 ὅτι
1576 924 1644 964 καὶ
1666 933 1698 968 c

198 984 347 1036 πάντες
365 986 439 1040 τὴν
468 987 617 1030 ἐκείνου
641 985 857 1044 ὁμολογίαν
884 987 959 1043 τὴν
986 987 1090 1043 πρὸς
1118 987 1214 1037 τοῦς
1252 987 1516 1038 ἀνατολικοῦς
1540 1007 1645 1043 πεμ-

198 1058 378 1110 φθεῖσαν
388 1052 699 1110 ῦπεσημήναντο
711 1058 778 1098 καὶ
793 1055 861 1098 διὰ
877 1060 950 1110 τῆς
963 1057 1085 1098 ἐκεῖσε
1098 1054 1341 1112 προσθήκης
1354 1057 1416 1098 ἐπὶ
1431 1059 1482 1112 τῇ
1501 1055 1645 1100 τοιαύ-

195 1139 248 1179 τῃ
266 1119 481 1182 ὁμολογίᾳ,
516 1124 559 1165 ἔκ
576 1123 730 1179 πατρὸς
750 1124 827 1181 γὰρ
847 1124 915 1167 διὰ
934 1128 1009 1166 τοῦ
1027 1124 1119 1166 υἱοῦ
1137 1122 1429 1181 ἐκπορεύεσθαι
1452 1123 1647 1169 διδασκό-

195 1194 310 1244 μεθα
330 1190 432 1245 παρ’
456 1192 612 1235 ἐκείνων
630 1192 778 1248 λέγειν,
807 1217 865 1226 —-
890 1192 982 1235 δέον
999 1187 1072 1235 οὖν
1089 1189 1243 1243 ταύτας
1263 1190 1557 1248 προϊσχόμενον
1575 1196 1644 1236 καὶ

141 1266 186 1302 15
197 1258 323 1301 αὐτὸν
353 1258 449 1321 ξῖσον
478 1260 540 1301 ἐπὶ
565 1264 616 1317 τῇ
639 1258 859 1318 προσθήκῃ
889 1262 956 1302 καὶ
977 1259 1282 1316 θεραπεύεσθαι
1299 1263 1365 1303 καὶ
1384 1259 1641 1317 θεραπεύειν,

194 1328 263 1369 καὶ
293 1327 422 1382 μηδὲν
450 1335 718 1384 παρεγχειρεῖν
747 1327 998 1384 ἐξηγήσεσιν,
1043 1326 1064 1371 ὅ
1095 1329 1140 1370 δὲ
1171 1328 1326 1378 πολλὰς
1354 1332 1438 1372 τῶν
1467 1334 1641 1386 γραφῶν

193 1393 418 1452 συνεφόρει.
490 1397 555 1438 καὶ
577 1395 648 1439 τὸν
675 1396 801 1452 με’γαν
821 1398 1038 1439 Βασίλειον
1058 1393 1187 1453 εὗρών
1205 1397 1279 1452 τὴν
1299 1397 1362 1438 ἐπὶ
1388 1400 1462 1438 τοῦ
1481 1397 1574 1439 υἱοῦ
1591 1397 1635 1441 ἔκ
1657 1408 1689 1443 D

195 1462 250 1512 εἷς
279 1463 353 1518 τὴν
380 1460 448 1505 διά
471 1463 788 1519 μεθαρμόζοντα
820 1463 872 1514 ὥς
891 1463 1259 1518 ῦπαλλαττομε’νων
1287 1469 1367 1507 τῶν
1385 1465 1639 1520 προθέσεων,

193 1528 249 1579 ὥς
265 1531 312 1573 τὸ
327 1530 556 1587 ἐκτησάμην
572 1532 794 1590 ἄνθρωπον
813 1532 881 1575 διὰ
896 1537 970 1575 τοῦ
987 1535 1105 1585 θεοῦ,
1140 1533 1348 1576 τουτέστιν
1365 1533 1408 1574 ἐκ
1420 1536 1495 1575 τοῦ
1515 1537 1635 1587 θεοῦ,

137 1600 260 1646 ἓοκαὶ
287 1597 534 1655 γεννώμενον
556 1599 598 1644 ἔκ
614 1599 821 1658 γυναικός,
852 1600 1036 1645 τουτέστι
1065 1600 1134 1644 διὰ
1149 1598 1360 1658 γυναικός,
1395 1601 1465 1644 ἵνα
1484 1600 1542 1657 μὴ
1560 1601 1636 1658 τὴν

188 1753 365 1799 placebat,
397 1753 456 1788 sed
479 1754 543 1789 nisi
565 1754 810 1790 demonstraret
831 1754 1066 1801 evincet-etque
1095 1765 1138 1788 ex
1161 1754 1285 1799 certis,
1305 1756 1344 1788 ut
1359 1753 1524 1800 putabat,
1548 1755 1637 1790 scri-

186 1805 324 1845 ptorum
356 1801 618 1835 authenticorum
650 1801 849 1835 testimoniis
877 1812 1010 1835 errasse
1038 1799 1171 1846 priores
1201 1801 1235 1834 in
1260 1801 1468 1846 repudianda
1491 1812 1635 1835 commu-

187 1845 290 1878 nione
312 1844 530 1888 Latinorum,
552 1847 657 1880 vitam
682 1847 745 1881 sibi
766 1847 903 1881 vitalem
925 1858 992 1882 non
1014 1846 1170 1892 putabat.
1215 1847 1305 1881 unde
1335 1851 1371 1881 et
1393 1846 1531 1880 crebras
1551 1849 1634 1881 coe-

186 1889 241 1934 git
262 1891 430 1934 synodos,
453 1898 488 1926 et
510 1893 708 1927 convocavit
733 1894 854 1927 multos
877 1897 1089 1926 externorum
1112 1903 1269 1937 quoque,
1302 1896 1339 1926 et
1370 1891 1474 1926 libros
1504 1891 1633 1926 evolvit

184 1940 344 1979 veteres,
367 1937 541 1983 ediditque
566 1939 685 1973 multos
707 1949 832 1981 novos,
862 1949 990 1972 omnem
1015 1937 1162 1983 lapidem
1185 1949 1320 1972 movens
1348 1937 1391 1972 ad
1412 1938 1631 1972 astruendum

184 1991 286 2027 posse
308 1993 349 2016 ac
371 1982 497 2017 debere
525 1988 683 2028 cunctos,
707 1996 780 2018 cum
803 1984 891 2018 omni
911 1984 1097 2018 securitate
1118 1984 1364 2026 conscientiae,
1389 1983 1467 2016 huic
1489 1984 1568 2028 paci
1590 1987 1631 2018 ut

183 2037 248 2072 per
270 2038 308 2061 se
342 2029 472 2073 probae
503 2029 680 2075 iustaeque
702 2031 907 2072 adhaerere3
937 2041 1000 2063 nec
1029 2029 1210 2082 quidquam
1240 2029 1273 2062 in
1296 2029 1362 2063 hoc
1383 2028 1448 2062 sibi
1470 2029 1514 2061 ad
1537 2040 1630 2062 suun-

181 2082 270 2106 mam
293 2075 533 2109 contentionem
556 2075 706 2109 faciebat
735 2075 874 2121 reliqui,
905 2075 1016 2109 studio
1038 2078 1301 2119 intemperanter
1321 2073 1509 2117 indulgens.
1555 2085 1630 2108 cum

183 2117 272 2151 enim
291 2118 382 2152 illum
405 2121 610 2165 oportuisset
640 2133 680 2155 eo
704 2133 779 2155 esse
800 2126 991 2155 contentum
1018 2120 1108 2166 quod
1131 2119 1320 2153 tradiderat
1340 2119 1571 2152 Damascenus
1594 2124 1631 2153 et

184 2162 284 2196 divus
305 2164 469 2199 Maximus
498 2177 539 2199 ac
559 2177 662 2211 super
683 2167 744 2201 bos
768 2167 864 2201 divus
884 2177 1018 2212 quoque
1047 2164 1211 2199 Tarasius
1233 2170 1311 2206 aut,
1344 2164 1435 2208 quod
1464 2163 1552 2197 idem
1576 2168 1632 2199 est

184 2208 316 2249 dicere,
343 2211 485 2253 septima
506 2214 652 2255 synodus
674 2213 843 2254 universa,
866 2212 959 2246 cuius
982 2214 1097 2256 patres
1113 2220 1228 2243 omnes
1245 2209 1514 2254 praerogativam
1536 2209 1630 2243 eius·

183 2254 259 2287 dem
281 2254 416 2288 Tarasii
437 2256 546 2290 secuti
568 2258 767 2292 confessioni
790 2258 832 2292 de
854 2258 918 2291 hoc
940 2257 1080 2291 articulo
1093 2281 1103 2298 ,
1134 2267 1221 2300 quae
1244 2255 1287 2288 ad
1311 2254 1503 2288 Orientales
1525 2255 1628 2289 missa

182 2299 320 2340 fuerat,
341 2301 630 2346 subscripserunt,
659 2303 821 2349 siquidem
853 2304 894 2337 ab
926 2303 1000 2344 his,
1035 2302 1113 2334 dum
1144 2300 1321 2334 occasione
1352 2299 1531 2333 additionis
1565 2301 1626 2335 tali

181 2344 385 2389 professioni
415 2346 565 2380 insertae
593 2349 712 2393 dogma
750 2349 858 2394 ipsum
888 2347 1078 2392 explicant,
1118 2345 1233 2379 dicere
1271 2345 1429 2379 docemur
1458 2345 1623 2390 Spiritum

179 2390 342 2424 Sanctum
366 2402 408 2425 ex
441 2395 539 2436 patre
571 2403 634 2438 per
664 2394 768 2428 filium
797 2394 999 2439 procedere,
1022 2410 1070 2416 —
1096 2401 1192 2432 cum,
1230 2390 1384 2436 inquam,
1417 2391 1624 2435 oportuisset

179 2436 329 2470 Veccum
361 2447 419 2470 eas
449 2437 484 2470 in
514 2437 577 2471 hoc
608 2439 803 2483 explicando
833 2438 992 2483 mysterio
1022 2436 1233 2470 adhibentem
1262 2447 1363 2470 voces
1394 2446 1479 2482 quas
1513 2437 1620 2470 nostri

178 2485 298 2526 patres
320 2487 545 2527 usurparunt,
568 2483 794 2519 additamento
814 2484 1010 2518 Latinorum
1034 2482 1077 2516 ad
1098 2491 1179 2523 eas,
1202 2482 1315 2526 quoad
1337 2487 1463 2526 posset,
1485 2493 1620 2516 accom-

176 2527 367 2570 modando,
399 2527 471 2562 eius
504 2533 540 2562 et
561 2540 655 2563 suam
679 2529 785 2575 ipsius
806 2530 966 2564 invidiam
989 2538 1134 2573 purgare
1167 2531 1227 2561 aut
1247 2527 1394 2561 minuere
1416 2529 1620 2569 excusando,

179 2578 297 2607 contra
327 2573 383 2607 ille
415 2578 514 2608 extra
546 2575 705 2608 terminos
733 2578 911 2620 susceptae
939 2572 1152 2608 tractationis
1184 2572 1446 2608 declarationum
1475 2573 1618 2616 argutiis

177 2628 327 2662 evagans
356 2618 460 2652 multa
490 2619 661 2664 congessit
694 2621 890 2665 scriptorum
927 2624 1079 2654 veterum
1111 2618 1205 2658 loca3
1233 2618 1324 2652 inter
1354 2630 1442 2664 quae
1463 2629 1538 2651 cum
1560 2628 1618 2651 re-

175 2664 324 2708 perisset
344 2676 497 2709 magnum
521 2666 680 2699 Basilium
698 2666 781 2700 illud
803 2678 866 2707 ex,
897 2665 987 2711 quod
1008 2664 1050 2698 de
1072 2663 1142 2697 filio
1164 2663 1306 2706 dicitur,
1327 2663 1363 2698 in
1386 2675 1448 2710 per
1470 2674 1620 2697 commu-

174 2713 321 2750 tantem,
344 2714 514 2755 tamquam
536 2716 650 2745 essent
671 2712 735 2745 hae
766 2711 1011 2756 propositiones
1031 2709 1174 2743 invicem
1196 2709 1449 2754 aequivalenter
1469 2707 1619 2742 mutabi-

173 2752 244 2795 les,
265 2760 368 2799 prout
390 2758 552 2800 probatur
575 2757 628 2790 his
650 2756 849 2801 Scripturae
874 2755 1156 2797 auctoritatibus,
1184 2755 1346 2800 “possedi
1360 2754 1531 2788 ‘hominem
1554 2764 1618 2798 per

175 2798 307 2841 deum,’'
329 2800 363 2834 id
384 2807 439 2836 est
460 2814 503 2836 ex
527 2803 599 2843 deo,
623 2806 660 2836 et
682 2804 833 2838 “lactum
855 2813 898 2839 ex
918 2800 1095 2843 muliere?
1115 2799 1181 2836 hoc
1202 2804 1257 2835 est
1276 2811 1340 2846 per
1361 2799 1550 2843 mulierem,
1574 2809 1617 2834 ne

228 2851 404 2898 Georgius
431 2855 655 2900 Pachymeres
682 2855 714 2891 Ι.
1286 2851 1343 2891 31
