1846 3262
263 241 293 269 x
850 222 898 267 Ρ.
930 222 1150 268 POSSINI

262 348 364 393 quos
391 331 460 376 tali
488 330 698 375 occasione
724 330 860 374 multis
886 332 1001 376 annis
1019 332 1063 375 in
1089 332 1165 378 viri
1193 331 1412 376 doctissimi
1429 335 1597 379 iacuisse
1623 337 1721 381 scri-

260 404 338 446 niis
366 402 482 444 multi
508 401 650 443 sciunt.
705 413 910 443 successus
937 401 1030 455 fuit,
1058 404 1219 459 qualem
1247 403 1499 446 comitiorum
1521 404 1574 447 de
1595 420 1720 460 regno

259 473 449 514 arborum
486 483 598 511 sacer
633 470 827 526 apologus
865 477 1088 522 memorat,
1133 478 1179 512 ut
1223 471 1413 514 nimirum
1449 473 1552 523 vite,
1598 475 1720 529 oliva,

258 540 362 588 ficu,
400 536 547 578 cunctis
578 550 652 593 pro
686 550 731 578 se
764 550 921 594 quaque
954 537 1100 594 plantis
1138 538 1320 581 felicibus
1347 540 1638 595 recusantibus,
1667 541 1722 584 ad

258 608 476 649 rhamnum
502 618 566 646 res
596 602 889 647 devolveretur.
947 606 1039 647 licet
1072 620 1183 649 eram
1220 607 1322 649 mihi
1351 607 1531 650 conscius
1558 611 1721 667 suppel-

258 675 401 718 lectilis
438 680 593 725 curtae,
636 671 802 714 minoris
830 674 1047 727 facultatis,
1075 674 1268 732 temporis
1293 673 1571 718 diversissimis
1600 690 1721 718 occu-

257 740 487 800 pationibus
523 739 803 794 addictissimi,
839 748 975 783 tamen
1014 743 1180 796 cognitis
1219 741 1424 785 desideriis
1460 743 1536 786 viri
1572 743 1722 787 summi

258 809 311 851 de
343 823 411 851 me
457 808 611 865 optime
652 807 784 850 meriti
799 838 811 856 ‚
847 808 1113 852 verecundiae
1140 824 1256 852 meae
1294 811 1380 855 vim
1417 811 1652 855 facientibus
1680 820 1722 856 et

257 877 519 935 imperiorum
557 875 843 934 occupantibus
878 884 1031 934 partes,
1070 877 1218 920 audere
1253 892 1372 936 supra
1398 879 1503 922 vires
1531 894 1616 921 non
1645 878 1723 921 du-
1763 913 1766 917 .

258 945 406 999 bitavi,
445 945 608 1002 eiusque
644 960 747 987 onus
775 945 926 998 negotii
953 946 1107 1000 subire,
1144 946 1188 987 in
1216 960 1295 1002 quo
1314 946 1546 989 sustinendo
1576 947 1723 989 desun-

259 1012 472 1070 gendoque
500 1014 591 1057 vice
618 1013 691 1055 otii
717 1012 945 1068 ingeniique
972 1013 1105 1056 omnis
1140 1012 1319 1056 studium
1349 1014 1452 1056 mihi
1480 1028 1568 1058 esse
1595 1013 1722 1058 debe-

261 1090 322 1126 ret
347 1089 466 1140 atque
497 1080 746 1139 obsequium.

373 1183 430 1228 V.
486 1183 554 1227 Sic
581 1181 635 1225 ad
663 1197 757 1225 eum
783 1184 964 1225 laborem
992 1181 1246 1236 aggrediens,
1285 1182 1328 1224 in
1355 1180 1602 1226 recensendo
1627 1196 1722 1227 ver-

261 1251 466 1310 tendoque
506 1250 678 1294 fundum
709 1250 833 1293 habui
870 1249 1134 1292 Barberinum
1171 1249 1374 1303 codicem,
1418 1265 1513 1293 eum
1551 1249 1604 1291 de
1638 1264 1720 1307 quo

262 1323 390 1364 multa
418 1319 524 1373 dixi,
555 1319 758 1372 omnium,
789 1318 953 1375 opinor,
978 1319 1046 1374 qui
1074 1325 1210 1361 extant
1235 1318 1392 1375 uspiam
1418 1318 1722 1372 integerrimum

259 1397 302 1432 et
330 1389 551 1447 optimum,
581 1387 625 1430 in
662 1388 796 1428 charta
828 1386 1109 1440 transmarina,
1145 1386 1349 1430 vetustatis
1377 1387 1527 1428 auctori
1554 1386 1722 1440 Pachy-

256 1457 361 1499 mcri
388 1457 586 1513 aequalis,
613 1469 758 1497 manus
784 1468 870 1495 non
897 1453 1215 1510 speciosissimae
1237 1453 1400 1511 quidem
1427 1460 1495 1495 aut
1521 1454 1626 1495 lectu
1652 1454 1726 1494 fa·-

257 1525 451 1577 cillimae,
481 1530 679 1565 caeterum
704 1521 884 1565 eruditae
912 1529 953 1563 et
979 1528 1154 1563 exactae.
1210 1521 1314 1565 duos
1343 1521 1523 1564 consului
1550 1521 1650 1563 alios
1677 1519 1721 1562 in

259 1592 416 1644 dubiis,
447 1591 692 1634 Vaticanum
721 1598 761 1632 et
795 1590 1043 1631 Allatianum.
1102 1589 1225 1646 priori
1260 1604 1285 1632 a
1312 1590 1554 1633 bibliotheca
1580 1587 1721 1630 Ponti⁴

257 1659 377 1711 ficia,
412 1658 483 1700 ubi
522 1666 765 1711 asservatur,
812 1670 964 1699 nomen
999 1656 1092 1699 feci.
1155 1657 1230 1698 fuit
1264 1657 1299 1698 is
1335 1656 1542 1712 quondam
1579 1655 1634 1698 V.
1671 1654 1720 1697 G.

259 1726 415 1781 Aloysii
451 1725 599 1768 Lollini
635 1725 816 1784 episcopi
851 1723 1129 1776 Bellunensis‚
1172 1724 1241 1781 qui
1279 1739 1374 1784 eum
1413 1723 1591 1766 moriens
1626 1735 1721 1764 cum

259 1796 348 1837 aliis
384 1808 488 1847 mss,
531 1808 633 1851 quae
668 1795 795 1836 multa
830 1794 1062 1846 collegerat,
1098 1791 1318 1835 Vaticanae
1355 1792 1622 1835 bibliothecae
1659 1792 1722 1833 le·-

259 1862 381 1918 gavit.
445 1863 556 1903 hunc
600 1868 646 1903 ut
686 1861 782 1903 inde
832 1860 1000 1902 domum
1045 1862 1242 1902 auferrem
1260 1891 1272 1914 ,
1316 1860 1452 1917 ibique
1498 1858 1552 1901 ad
1590 1858 1722 1901 conti-

261 1944 390 1972 nuum
432 1937 472 1971 et
509 1929 734 1972 liberiorem
762 1938 881 1972 usum
907 1929 1042 1972 multis
1072 1929 1277 1970 mensibus
1303 1935 1483 1971 tenerem
1511 1926 1556 1970 S.
1584 1925 1640 1969 D.
1664 1925 1717 1970 N.

260 1996 590 2042 ALEXANDRI
617 1996 700 2040 VH
724 2006 927 2055 praestans
952 1997 1175 2050 benignitas
1203 1997 1408 2041 concessit.
1460 1995 1619 2038 tertium
1631 1994 1721 2035 'hu-

262 2066 497 2109 manissime
525 2063 792 2122 suppeditavit
823 2079 847 2107 e
874 2066 1029 2123 privato
1055 2064 1213 2123 peculio
1242 2065 1402 2106 librario
1428 2062 1719 2107 Illustrissimus

264 2135 352 2177 Leo
380 2133 542 2175 Allatius
571 2134 790 2190 praefectus
810 2135 1076 2176 bibliothecae
1100 2133 1332 2176 Vaticanae.
1387 2134 1558 2190 praefert
1581 2130 1617 2173 is
1643 2143 1720 2171 an-

263 2203 487 2260 tiquitatem
522 2201 898 2259 quadringentorum
931 2202 1048 2244 facile
1076 2214 1271 2243 annorum
1302 2202 1459 2243 chartae
1485 2207 1526 2242 et
1550 2197 1722 2255 scriptu-

267 2285 338 2314 rae
372 2271 505 2328 specie
540 2284 587 2312 ac
629 2269 767 2327 πίνῳ,
803 2269 878 2312 sed
919 2278 979 2312 est
1021 2266 1241 2325 ἀκέφαλος
1271 2267 1345 2313 καὶ
1373 2264 1545 2323 ἀτελής,
1573 2266 1717 2308 decem

266 2339 417 2381 circiter
459 2338 650 2396 capitibus
683 2338 822 2396 primis
850 2339 1036 2392 mutilus,
1075 2340 1199 2381 finem
1223 2338 1322 2380 item
1349 2336 1499 2379 lacunis
1525 2334 1718 2392 interpel-

263 2408 389 2448 latum
435 2414 475 2448 et
513 2406 662 2448 iniuriis
711 2406 803 2450 aevi
841 2421 888 2448 ac
937 2414 1219 2464 tempestatum
1274 2412 1501 2462 corruptum
1548 2404 1717 2445 habens.

263 2474 482 2517 Vaticanus
520 2476 641 2527 longe
681 2475 910 2518 recentioris
946 2483 1007 2518 est
1042 2490 1196 2518 manus.
1251 2475 1293 2516 in
1329 2473 1548 2518 Barberino
1576 2468 1716 2512 codice

261 2543 431 2600 pertusis
461 2556 554 2583 casu
582 2542 758 2598 quodam
785 2544 892 2586 foliis
920 2543 1100 2600 duobus,
1130 2546 1173 2587 in
1202 2543 1391 2601 capitibus
1417 2544 1444 2587 5
1473 2548 1511 2583 et
1530 2543 1558 2584 6
1584 2537 1675 2581 libri
1693 2534 1716 2578 Ῑ

263 2611 396 2653 hiatus
422 2609 593 2652 totidem
615 2613 749 2663 fuere,
778 2627 878 2670 quos
906 2614 1066 2670 explere
1086 2627 1170 2655 non
1197 2612 1308 2669 potui
1336 2626 1387 2654 ex
1413 2608 1618 2660 Allatiano,
1646 2604 1717 2662 qui

265 2679 429 2735 primis,
456 2686 502 2720 ut
531 2678 640 2731 dixi,
683 2681 874 2737 capitibus
904 2681 1045 2724 decem
1074 2688 1197 2734 caret,
1225 2694 1300 2722 nec
1328 2693 1379 2721 ex
1405 2677 1617 2726 Vaticano,
1646 2673 1717 2731 qui

265 2761 351 2787 non
378 2755 461 2789 tam
489 2749 763 2805 apographum
788 2750 977 2793 historiae
1004 2749 1261 2805 Pachymeris
1286 2761 1406 2805 quam
1432 2743 1718 2803 compendium

268 2822 349 2867 est,
387 2815 554 2861 diversis
589 2818 776 2874 pleraque
809 2819 943 2862 verbis
979 2818 1226 2875 exprimens,
1260 2831 1344 2859 non
1379 2814 1515 2875 paucis
1542 2818 1718 2870 praeter-

268 2881 416 2928 missis.
469 2885 615 2928 recurri
650 2900 745 2940 ergo
781 2885 835 2929 ad
872 2889 1076 2945 exemplar
1117 2893 1363 2932 asservatum
1398 2884 1442 2926 in
1474 2880 1717 2926 bibliotheca
