1846 3262
167 219 232 268 94
582 218 820 263 GEORGII
870 219 1228 264 PACHYMERIS

168 335 216 378 τὸ
239 335 304 377 ἐπὶ
324 334 417 377 δυσὶ
438 330 728 376 στασιαστικόν
746 351 789 376 τε
813 335 879 376 καὶ
898 332 1079 389 μάχιμον
1101 331 1344 389 ἓννοήσαιεν,
1374 332 1449 386 τάς
1470 334 1522 378 θ’
1545 323 1641 378 ἕκα-

168 404 351 460 τέρωθεν
373 402 595 455 ἐπιβουλὰς
616 404 681 444 καὶ
701 402 776 453 τὰς
792 401 978 458 ὑποψίας
1001 402 1089 453 ἑνὸς
1112 404 1176 445 ἐπὶ
1197 401 1403 459 θάτερον,
1441 407 1508 447 καὶ
1527 405 1643 454 τέλος

169 472 241 515 τὸν
265 471 334 528 ἐφ’
359 469 416 513 ἑνὶ
433 472 620 514 κίνδυνον
640 472 752 528 παρὰ
770 476 843 515 τοῦ
864 470 1160 528 κρατήσαντος,
1199 470 1425 528 διεφώνουν
1445 475 1511 515 καὶ
1534 473 1642 528 ἀπη-

121 551 150 586 Β
173 538 354 597 γόρευον.
425 538 526 583 εἶναι
556 540 634 597 γὰρ
663 541 737 596 τὴν
757 543 965 594 βασιλείαν
985 543 1050 584 καὶ
1074 541 1208 596 ἄλλως
1224 545 1367 596 χρῆμα
1383 542 1458 595 μὲν
1477 542 1642 598 ὀρεκτὸν

175 611 241 652 καὶ
265 613 338 652 τοῦ
364 609 518 659 παντὸς
537 609 676 663 ἄξιον,
710 608 936 653 ’ὖποπτικὸν
961 610 1003 653 δ’
1029 610 1184 662 ἄλλως,
1222 609 1325 653 ὥστε
1347 612 1413 652 καὶ
1434 611 1492 664 μὴ
1517 606 1676 654 οὗσανό

175 679 320 722 κακίαν
348 680 659 733 εἷδωλοποιῆσαι
680 679 748 721 διὰ
773 679 847 734 τὴν
864 678 1050 734 ὑποψίαν
1073 681 1138 721 καὶ
1160 675 1289 722 οὖσαν
1307 679 1484 733 μετιέναι
1507 697 1646 735 παρα-

175 745 380 800 σκευάζειν
401 747 473 790 τόν
493 748 556 790 ἐπὶ
580 752 653 802 τῆς
671 747 799 803 ἀρχῆς
813 782 826 801 ,
867 747 921 799 ὥς
951 747 1060 792 οὕτω
1077 746 1215 802 μόνως
1235 748 1436 805 ἀσφαλῶς
1454 746 1649 801 βασιλεύ-

177 833 332 870 σοντα,
371 815 422 859 ἂν
441 818 508 859 καὶ
527 816 579 860 τὰ
598 817 656 872 μὴ
678 817 777 860 ὄντα
795 819 928 875 μετίῃ.
984 812 1016 876 ᾧ
1037 818 1085 860 δέ
1100 835 1160 867 τις
1185 818 1287 872 πρὸς
1308 822 1440 860 ταῦτα
1457 819 1523 859 καὶ
1541 814 1648 859 ὓπο-

177 885 382 929 στέλλοιτ’
418 884 490 938 ἄν,
527 890 585 945 τῷ
619 884 677 941 μή
707 903 810 929 τισιν
839 886 980 936 ἄδικος
1004 885 1119 937 δόξαι
1148 891 1199 943 τῇ
1222 887 1427 946 μοναρχία
1453 886 1648 940 ἐπιθέμε-

127 960 158 994 C
182 972 276 1008 νος,
315 952 446 1012 σοφόν
467 972 556 997 τινα
577 952 696 1010 λόγον
717 958 783 998 καὶ
806 957 979 998 παλαιὸν
1001 957 1044 997 ἐκ
1065 957 1296 1014 τραγῳδίας
1317 953 1417 998 εἶναι
1445 955 1516 997 τὸν
1539 956 1648 1004 ἒξαι-
1662 963 1706 997 10

181 1029 334 1082 ροῢντα
353 1024 424 1067 τὸν
442 1024 504 1066 ἐπὶ
527 1028 577 1082 τῇ
603 1023 702 1082 δόξῃ
725 1029 799 1079 τῆς
818 1025 978 1074 ἀδικίας
998 1029 1142 1079 μῶμον
1156 1058 1168 1076 ,
1201 1025 1368 1080 λέγοντα
1383 1057 1396 1076 ,
1427 1024 1535 1080 εἴπερ
1558 1023 1651 1065 ἀδι-

180 1101 262 1137 κεῖν
297 1093 404 1146 δέοι,
441 1091 543 1149 ’ὑπὲρ
572 1096 813 1148 τυραννίδος
847 1092 1064 1136 κάλλιστον
1094 1093 1258 1138 ἀδικεῖν.
1329 1091 1453 1135 ταῦτ’
1490 1093 1652 1141 ἐκείνοις

181 1162 450 1219 λογιζομένοις
481 1163 573 1213 δέος
603 1161 733 1220 ἐπῄει·
771 1164 836 1205 καὶ
873 1163 985 1218 παρὰ
1006 1167 1137 1205 ταῦτα
1158 1164 1232 1216 μὲν
1255 1162 1427 1217 πλησίον
1448 1156 1554 1216 ἦσαν
1576 1164 1651 1203 τοῦ

181 1230 401 1288 πράττειν,
439 1229 597 1275 τούτων
624 1233 667 1274 δὲ
695 1229 1037 1288 προσκρουόντων
1056 1231 1153 1280 τοὺς
1173 1230 1391 1288 λογισμοὺς
1411 1230 1527 1286 ἀργοὶ
1550 1229 1653 1286 πρὸς

181 1300 229 1344 τὸ
263 1302 367 1358 δρᾶν
396 1294 524 1355 ἦσαν,
561 1299 635 1343 κᾶν
668 1299 758 1343 ὅσοι
787 1302 854 1342 καὶ
886 1299 1035 1356 ὥρμων
1065 1300 1200 1356 λέγειν.
1272 1303 1362 1359 νικᾷ
1390 1298 1432 1341 δ’
1463 1297 1575 1353 ὅμως
1603 1298 1650 1341 τὸ
1665 1306 1708 1341 15

129 1371 163 1408 D
185 1367 405 1428 μόρσιμον.
474 1371 540 1412 καὶ
570 1374 644 1413 τοῦ
674 1370 750 1425 μὲν
775 1369 850 1426 τὴν
869 1368 998 1427 ἀρχὴν
1017 1369 1237 1427 ἐγχειρίζειν
1256 1370 1390 1429 ἐκείνῳ
1413 1368 1451 1411 οἳ
1473 1372 1654 1410 πλεῖστοι

280 1492 335 1528 13.
360 1489 476 1528 ἐποίει
499 1490 540 1525 P.

186 1595 311 1638 infida,
345 1594 535 1638 instabilis,
569 1595 611 1630 ad
645 1595 796 1630 rixarum
819 1594 1019 1630 seditionum
1042 1597 1077 1628 et
1101 1593 1249 1629 civilium
1267 1595 1470 1628 tumultuum
1493 1603 1656 1640 praesens

188 1642 376 1688 periculum
401 1642 555 1687 exposita
579 1643 626 1677 sit
648 1643 790 1676 duorum
814 1642 850 1675 in
873 1653 940 1675 uno
963 1641 1104 1685 imperio
1125 1640 1284 1680 societas,
1309 1652 1398 1686 quae
1421 1640 1581 1685 utrinque
1602 1639 1657 1672 in-

191 1688 319 1731 sidiae,
353 1699 442 1734 quae
472 1688 702 1733 suspiciones,
733 1700 822 1734 quae
845 1687 1110 1722 machinationes
1133 1687 1396 1732 uniuscuiusque
1418 1686 1454 1720 in
1477 1685 1656 1726 aemulum,

191 1735 236 1769 ad
261 1738 446 1768 extremum
469 1746 558 1779 quae
581 1735 695 1769 clades
720 1746 888 1780 quamque
918 1734 1070 1772 tragicus
1101 1734 1211 1768 exitus
1233 1737 1371 1767 maneat
1392 1731 1658 1773 imbecilliorem,

191 1787 372 1827 postquam
396 1780 579 1826 potentiori
610 1786 669 1815 aut
699 1781 842 1815 feliciori
875 1780 1112 1822 succubuerit,
1147 1781 1252 1822 haec,
1282 1779 1438 1824 inquam,
1470 1778 1660 1822 cogitantes

193 1828 404 1862 revocabant
434 1827 705 1873 damnabautque
736 1831 818 1861 vota
850 1826 907 1860 illa
940 1838 1002 1860 sua
1025 1831 1060 1860 et
1084 1826 1221 1860 consilia
1246 1825 1382 1870 priora,
1415 1824 1480 1859 toti
1502 1824 1661 1859 videlicet

195 1872 301 1907 defixi
332 1873 366 1907 in
396 1873 540 1918 imagine
572 1873 780 1907 miseriarum
812 1872 942 1916 imperii
976 1872 1150 1907 discordis.
1196 1871 1383 1905 existimari
1407 1870 1531 1916 quippe
1554 1871 1660 1914 vulgo

195 1918 371 1965 imperium
401 1931 472 1953 rem
502 1919 538 1953 in
568 1920 685 1965 primis
719 1919 935 1963 expetibilem
956 1923 991 1952 et
1014 1918 1192 1963 quantovis
1223 1919 1309 1951 bene
1331 1917 1438 1963 pretio
1462 1916 1661 1961 parandam,

197 1965 399 2011 praesertim
431 1965 472 1999 iis
506 1966 563 2011 qui
593 1966 665 1999 eius
688 1970 821 2010 gustum
845 1964 1046 2010 experiendo
1070 1964 1298 2009 perceperint.
1345 1964 1434 1997 idem
1459 1973 1561 2008 porro
1585 1972 1662 1995 esse

198 2011 515 2057 suspiciosissimum
548 2011 738 2056 negotium3
771 2023 834 2045 nec
866 2011 1044 2056 quiescere
1067 2022 1224 2055 umquam
1247 2009 1376 2043 animos
1400 2009 1604 2052 collegarum
1626 2007 1663 2041 in

199 2069 358 2102 suprema
380 2061 575 2104 potestate,
607 2059 687 2100 quin
711 2069 748 2092 se
771 2057 1017 2103 inquietissime
1038 2060 1222 2101 torqueant
1245 2055 1336 2090 curis
1359 2055 1467 2088 anxiis
1490 2055 1525 2087 in
1548 2065 1587 2088 se
1608 2053 1662 2087 in-

198 2103 308 2138 vicem
338 2104 499 2143 intentis.
531 2104 736 2149 imaginante
765 2115 967 2149 unoquoque
997 2103 1041 2136 de
1073 2103 1139 2137 alio
1157 2102 1387 2136 *infestissima
1410 2111 1586 2146 quaeque,
1626 2101 1663 2133 et

200 2160 311 2195 aeque
334 2151 498 2185 ambobus
520 2154 589 2184 tam
612 2162 716 2196 saepe
739 2150 811 2184 sine
835 2160 936 2183 causa
969 2160 1068 2193 quam
1093 2160 1227 2194 semper
1250 2148 1325 2182 sine
1348 2147 1448 2181 venia
1471 2157 1548 2180 sese
1570 2144 1663 2179 invi-

200 2207 272 2230 cem
295 2195 490 2231 iusidiarum
514 2196 710 2242 capitalium
731 2201 907 2241 suspectos
921 2221 931 2235 ‚
967 2194 1066 2229 immo
1089 2206 1169 2229 reos
1193 2198 1229 2228 et
1251 2194 1427 2228 convictos
1450 2191 1664 2234 habentibus,

199 2247 304 2287 atque
326 2242 413 2277 adeo
436 2243 473 2277 in
495 2242 563 2277 ista
585 2242 829 2288 inquietissima
850 2241 965 2286 vigilia
997 2241 1222 2286 suspicionum
1256 2239 1430 2274 anxiatum
1457 2243 1493 2273 et
1520 2237 1665 2283 iniquis-

201 2288 362 2322 simarum
385 2300 479 2334 spem
502 2301 544 2324 ac
564 2289 728 2323 rationem
751 2299 871 2323 secure
891 2288 1056 2333 regnandi
1084 2287 1183 2321 sitam
1207 2297 1284 2321 esse
1306 2285 1517 2319 ducentibus.
1543 2281 1665 2330 quodsi

202 2333 299 2368 cuius
329 2336 418 2369 forte
452 2347 474 2369 a
505 2335 538 2369 vi
572 2335 741 2369 scelerata
770 2333 978 2379 perfidisque
1008 2333 1185 2367 fraudibus
1217 2333 1254 2366 in
1289 2332 1452 2376 collegam
1481 2330 1666 2365 abhorreat

202 2379 352 2422 animus,
386 2385 422 2414 et
444 2382 566 2415 famam
589 2381 800 2415 crudelitatis
825 2379 971 2414 iniustae
995 2384 1176 2422 vereatur,
1209 2382 1367 2413 occurret
1387 2377 1502 2412 statim
1524 2376 1559 2410 in
1581 2375 1666 2410 sub-
1708 2420 1713 2422 s

203 2426 326 2460 sidium
352 2426 544 2461 ambitionis
568 2432 687 2461 contra
713 2427 953 2460 humanitatem
983 2433 1082 2459 vetus
1113 2437 1132 2459 e
1161 2425 1339 2469 tragoedia
1371 2423 1564 2463 oraculum,
1598 2431 1666 2466 quo

204 2471 372 2514 edicitur,
406 2473 435 2506 si
456 2473 507 2507 ius
530 2472 727 2507 violandum
749 2483 906 2518 umquam
928 2471 994 2513 sit,
1027 2471 1160 2506 minime
1183 2470 1442 2516 vituperabilem
1465 2472 1501 2502 et
1523 2466 1667 2501 maxime

207 2518 445 2563 tempestivam
479 2518 552 2552 eius
585 2519 733 2554 violandi
764 2529 899 2553 causam
928 2528 1004 2552 esse
1032 2518 1164 2563 plenam
1186 2517 1221 2551 in
1244 2517 1386 2551 solidum
1409 2513 1667 2560 acquisitionem

207 2575 385 2609 supremae
408 2565 635 2599 auctoritatis.
679 2565 762 2599 talia
784 2567 993 2609 reputantes,
1018 2569 1054 2598 et
1076 2575 1164 2609 quae
1186 2575 1229 2597 ex
1251 2562 1326 2597 istis
1349 2571 1490 2607 pronum
1513 2562 1589 2593 erat
1611 2569 1669 2592 se·-

207 2610 267 2655 qui
301 2614 509 2653 metuentes,
547 2610 768 2645 ecclesiastici
799 2621 960 2656 proceres
982 2609 1109 2655 impelli
1130 2621 1168 2644 se
1190 2609 1380 2644 sentiebant
1411 2607 1455 2641 ad
1485 2604 1669 2640 favendum

210 2656 387 2691 ambitioni
419 2657 630 2701 palaeologi:
666 2667 784 2691 rursus
819 2666 901 2690 vero
934 2655 1189 2690 incurrentibus
1208 2666 1250 2689 ex
1273 2655 1420 2689 adverso
1451 2651 1670 2686 miseratione

209 2703 329 2747 pupilli
351 2703 512 2749 principis
536 2714 576 2737 ac
598 2703 667 2737 fide
689 2703 723 2737 in
746 2703 877 2736 domum
902 2703 1109 2746 Augustam,
1139 2711 1262 2746 segnes
1291 2700 1334 2734 ad
1365 2698 1532 2744 agendum
1546 2723 1557 2740 ‚
1584 2695 1671 2730 muti

210 2749 313 2782 etiam
347 2750 392 2783 ad
423 2749 623 2795 loquendum
654 2760 743 2794 quae
774 2759 859 2794 opus
890 2753 988 2782 erant
1020 2747 1260 2781 reddebantur.
1305 2745 1388 2780 vicit
1410 2748 1524 2778 tamen
1552 2742 1671 2776 divina.

211 2795 479 2840 praedestinatio
502 2807 590 2840 quae
612 2794 787 2840 imperium
811 2793 972 2828 Michaeli
1003 2793 1246 2839 desponderat:
1278 2803 1355 2826 nam
1386 2790 1429 2825 ad
1460 2790 1540 2824 huic
1561 2788 1671 2833 impe-

209 2841 296 2875 rium
318 2841 565 2876 decernendum
586 2840 823 2886 plerorumque
845 2851 886 2874 ac
908 2840 1016 2874 ferme
1046 2841 1188 2873 omnium
1208 2837 1398 2874 sententiae
1421 2834 1670 2880 conspirarunt.

211 2887 401 2933 appositum
423 2887 460 2922 id
481 2891 595 2923 tamen
614 2887 650 2922 in
671 2890 820 2922 mutuam
842 2885 1008 2922 cautelam
1029 2885 1195 2921 communi
1229 2894 1395 2920 consensu
1426 2886 1672 2928 temperamen-
