1884 3262
256 203 355 252 498
674 199 909 244 GEORGII
942 198 1289 243 PACHYMERIS

257 314 447 373 μαντείας
468 311 571 356 ἀλλὰ
591 315 742 368 φυσικῇ
770 307 912 366 γνώσει
936 314 1124 366 προορῶν
1152 309 1198 352 τὸ
1225 310 1392 364 μέλλον·
1427 309 1500 354 τὸν
1523 309 1705 366 γὰρ’τοῦ

258 381 462 441 λῃστεύειν
481 382 535 429 εἷς
555 386 695 435 πεῖραν
707 378 858 433 ἥκοντα
873 380 999 433 μηδὲν
1018 376 1163 434 ὁρμαῖς
1183 376 1319 432 ἑτέρου
1339 377 1582 421 δουλεύοντα
1601 376 1705 432 ἀγα-

212 460 242 493 C
265 455 406 504 πῆσαι.
475 446 531 497 ὥς
556 451 653 503 γοῦν
686 447 950 500 ἀμεταθέτως
973 444 1073 500 εἶχεν
1105 444 1126 488 ὅ
1147 445 1339 499 βασιλεῦς
1361 445 1421 487 ἐπὶ
1442 444 1598 504 τούτῳ,
1635 445 1703 486 καὶ

257 519 330 561 τὸν
346 517 435 559 υἱὸν
453 515 549 565 τούς
575 513 720 571 ὅρκους
746 516 1006 569 προτείνοντα
1031 513 1136 562 ὅλως
1163 514 1368 570 ἐπιορκίας
1385 511 1613 566 ἀπήλλαττε
1631 510 1704 554 λό-

257 601 343 642 γοις
375 583 516 638 (αὐτὸν
538 584 603 624 καὶ
633 583 711 638 γὰρ
739 580 954 638 φυλάττειν
977 581 1074 630 τοὺς
1103 580 1249 637 ὅρκους
1268 578 1322 629 ὥς
1340 581 1445 633 μηδὲ
1459 577 1736 635 προδιδόνταὸ

257 652 285 709 ἢ
309 653 577 695 συναινοῦντα
602 650 650 692 τὸ
676 648 862 703 σύμπαν,
899 650 1031 706 ἐκείνῳ
1060 648 1104 690 δ’
1139 648 1224 691 ὅντι
1253 652 1334 691 τῶν
1354 646 1484 703 ὅρκων
1505 647 1704 704 ἐλευθέρῳ

259 718 481 768 ἀκινδύνως
500 715 689 772 πράττειν
712 717 868 774 ἐξεῖναι)
884 750 896 769 ,
935 716 1114 759 ἀπειπών
1133 716 1235 771 πρὸς
1260 716 1356 764 τοὺς
1376 714 1521 770 λόγους
1546 716 1610 757 καὶ
1630 714 1705 769 τὴν

257 787 359 842 ὑπὲρ
391 791 464 830 τοῦ
494 786 623 828 ἱκέτου
655 786 819 828 ἱκετείαν
849 785 1108 828 ἀσθενοῦσαν
1135 782 1242 839 ὁρῶν
1272 781 1293 826 ὃ
1322 781 1535 836 δεξάμενος
1550 781 1706 837 βουλὴν

259 854 406 911 εῗσάγει
433 858 490 912 τῷ
517 852 785 896 κινδυνεύοντι
814 859 1059 909 καταφυγεῖν
1086 852 1188 908 πρὸς
1213 851 1260 894 τὸ
1290 852 1416 904 με’λαν
1448 852 1515 892 καὶ
1543 850 1594 892 τὰ
1622 853 1705 892 τῶν

208 933 241 969 D
262 927 454 978 μοναχῶν
470 921 753 978 ἀμφιέσασθαι
766 954 779 974 ,
816 922 854 964 εἷ’
877 938 963 970 πως
991 922 1180 962 ἐντεῦθεν
1203 920 1378 974 σωθείη·
1422 923 1480 976 τῷ
1499 917 1576 974 γὰρ
1596 916 1760 967 ἅπαξῙΟ

256 991 313 1034 ,τὰ
332 995 405 1034 τοῦ
425 987 578 1043 κόσμου
600 988 832 1044 ὁμολογίαις
853 988 1092 1045 ἀποθεμένῳ
1111 994 1298 1045 φρικταῒς
1318 987 1375 1041 μὴ
1397 985 1447 1028 ἄν
1467 1003 1555 1028 τινα
1578 987 1705 1028 δυνα-

259 1059 331 1102 'cdv
360 1056 459 1100 εἶναι
482 1055 677 1106 ὑπόπτως
705 1057 804 1111 ἔχειν
835 1055 889 1106 ὥς
909 1054 1187 1112 στραφήσεται
1206 1055 1308 1109 πρὸς
1329 1055 1381 1096 τὰ
1401 1051 1599 1107 πρότερον
1636 1069 1704 1095 σε-

259 1130 470 1181 βασθῆναι
498 1125 542 1166 δὲ
571 1127 638 1167 καὶ
666 1124 711 1167 τὸ
743 1128 882 1179 σχῆμα
906 1128 965 1182 τῷ
996 1127 1175 1177 βασιλεῖ,
1215 1122 1317 1165 ὥστε
1339 1122 1612 1175 ἀποδέχεσθαι
1632 1120 1703 1162 τὸν

260 1191 500 1237 ἐνδεδυκότα
522 1193 579 1246 μὴ
599 1199 799 1246 τιμωρεῖν.
870 1196 1001 1234 ταῦτα
1023 1191 1147 1245 λέγων
1162 1191 1264 1246 πρὸς
1282 1191 1428 1232 ἐκεῖνον
1449 1187 1470 1231 ὅ
1491 1204 1703 1244 πορφυρο-

257 1263 446 1317 γέννητος
458 1293 471 1312 ,
506 1261 572 1301 καὶ
591 1260 745 1313 βουλὴν
762 1256 932 1314 εἰσάγων
957 1258 1030 1313 τὴν
1051 1260 1252 1301 δοκοῦσαν
1269 1258 1481 1308 συνοίσειν,
1514 1258 1637 1311 δῆλος
1653 1251 1701 1309 ἦν
1714 1252 1758 1288 15

115 1338 144 1373 P
168 1336 237 1379 340¹
257 1327 447 1372 ἀπολύων
467 1325 714 1382 ἐγκλήματος
735 1326 880 1369 ἑαυτὸν
903 1326 948 1369 τὸ
976 1326 1121 1382 με’ρος,
1160 1328 1194 1368 εἷ
1222 1325 1278 1380 μὴ
1308 1329 1434 1367 ποιῶν
1459 1321 1702 1366 κινδυνεύοι·

257 1397 304 1441 τὸ
324 1396 402 1453 γὰρ
426 1397 468 1445 ἐξ
490 1395 617 1438 αὐτοῦ
629 1394 727 1438 ὅσον
743 1391 792 1449 ἦν
813 1399 986 1449 βοηθεῖν
1013 1391 1208 1447 δυνατόν,
1244 1396 1494 1451 πεπρᾶχθαι.
1559 1394 1702 1436 Κυτα-

350 1493 383 1527 1.
404 1489 495 1534 τὸν]
522 1488 563 1525 τὸ
585 1490 622 1525 Ρ.
760 1489 794 1524 5.
817 1488 930 1532 αὕτὸς
949 1489 990 1524 Ρ.

257 1582 433 1618 sufficeret
456 1580 498 1615 ad
520 1580 754 1615 exsolvendam
770 1581 869 1615 fidem
893 1580 1063 1615 abstinere
1086 1579 1195 1626 ipsum
1218 1591 1239 1615 a
1259 1579 1413 1627 supplice
1434 1577 1615 1622 multando,
1636 1589 1703 1612 non

257 1629 302 1662 ad
326 1639 362 1661 se
385 1634 564 1672 praeterea
586 1627 755 1671 pertinere
778 1628 1016 1669 arbim-antem,
1049 1627 1077 1661 si
1101 1626 1180 1671 quid
1205 1627 1294 1660 aliud
1315 1638 1375 1660 suo
1399 1625 1539 1672 quodam
1562 1623 1702 1658 consilio
1760 1657 1768 1665 ⁴

256 1678 357 1718 pater
387 1675 596 1706 decerneret.
642 1673 720 1706 mali
750 1684 850 1718 porro
883 1673 1046 1717 pravique
1077 1672 1240 1706 hominem
1270 1672 1370 1705 animi
1404 1677 1440 1705 et
1473 1683 1548 1705 esse
1570 1677 1606 1704 et
1627 1671 1703 1703 fore

258 1718 472 1752 Cotanitzam
497 1728 558 1762 pro
574 1722 674 1752 ‘certo
698 1719 845 1752 habebat
866 1718 1068 1762 imperator,
1092 1729 1159 1751 non
1181 1719 1320 1751 edoctus
1343 1717 1477 1751 oraculo
1501 1721 1559 1750 aut
1581 1714 1702 1749 vatici-

256 1764 359 1797 nandi
381 1765 587 1797 monstrante
609 1763 668 1804 vi,
704 1764 763 1797 sed
796 1763 940 1797 naturali
968 1763 1149 1808 prudentia
1170 1764 1262 1808 quod
1283 1769 1359 1798 erat
1381 1766 1575 1801 eventurum
1600 1772 1703 1807 prae-

256 1809 416 1851 sagiens,
438 1819 499 1841 nec
524 1809 719 1852 persuaderi
742 1809 804 1842 sibi
827 1809 939 1842 sinens
962 1812 1106 1842 ferocem
1129 1809 1281 1843 iuvenem
1312 1811 1447 1852 gustata
1472 1808 1573 1841 semel
1595 1808 1702 1840 latro·

256 1853 338 1887 cinii
359 1853 554 1894 dulcedine,
587 1853 676 1887 bona
698 1854 768 1887 fide
796 1855 859 1888 sub
882 1854 990 1888 alieno
1012 1854 1150 1898 imperio
1174 1854 1363 1892 victurum,
1395 1857 1701 1898 temperaturumve

257 1899 294 1933 in
318 1898 496 1932 occasione
519 1899 746 1933 novandarum
767 1911 878 1933 rerum
911 1909 934 1933 a
963 1899 1042 1942 iugo
1073 1899 1282 1932 excutiendo.
1330 1900 1373 1932 ab
1397 1899 1460 1932 hoc
1488 1903 1620 1940 autem,
1644 1896 1701 1931 cui

255 1943 486 1977 inflexibiliter
507 1944 688 1986 haerebat,
722 1945 897 1990 proposito
928 1945 1058 1978 frustra
1087 1944 1398 1989 Porphyrogenitus
1429 1946 1614 1987 Augustum
1647 1943 1701 1976 di-

254 1999 395 2023 movere
418 1989 625 2032 conabatur,
647 1989 762 2023 datum
785 2001 807 2024 a
830 2001 867 2024 se
891 1989 1115 2023 iusiurandum
1138 1989 1342 2023 obtendens:
1363 1990 1590 2034 respondebat
1612 1989 1701 2023 enim

256 2038 359 2080 pater
379 2033 444 2078 ipsi
466 2035 508 2068 ad
535 2034 760 2069 conscientiae
783 2036 994 2069 securitatem
1017 2035 1100 2069 satis
1122 2045 1216 2076 esse,
1247 2035 1337 2080 quod
1367 2046 1430 2068 nec
1451 2035 1616 2080 prodente
1637 2046 1702 2069 nec

257 2079 421 2113 suadente
452 2090 515 2113 nec
544 2081 748 2114 assent-iente
778 2092 816 2115 se
847 2081 1026 2126 quidquam
1060 2080 1095 2114 in
1127 2079 1314 2113 dedititium
1347 2081 1443 2114 aliter
1466 2092 1506 2114 ac
1527 2082 1702 2126 sperasset

257 2128 483 2158 statueretur-2
507 2135 545 2158 se
566 2131 676 2160 autem
698 2126 847 2168 sineret,
878 2132 1043 2171 quatenus
1079 2125 1166 2160 citra
1198 2125 1336 2170 periurii
1367 2127 1550 2170 periculum
1573 2130 1700 2171 posset,

257 2170 366 2215 quieti
388 2170 543 2214 publicae
564 2172 747 2205 consulere.
793 2172 877 2205 haec
898 2174 1087 2216 scrupulum
1103 2182 1167 2204 non
1185 2171 1375 2204 eximebunt
1390 2172 1701 2216 Porphyrogenitog

259 2214 319 2259 qui
343 2226 418 2248 cum
437 2215 481 2250 ab
505 2215 679 2250 obfirmato
701 2217 737 2251 in
763 2217 798 2251 id
824 2217 914 2262 quod
935 2217 1037 2252 semel
1059 2217 1257 2250 decreverat
1279 2217 1387 2261 patris
1409 2217 1516 2251 animo
1538 2217 1702 2262 impetra-

260 2262 371 2293 turum
395 2271 433 2293 se
456 2261 635 2305 quidquam
659 2262 856 2308 desperaret
878 2263 1096 2308 quantislibet
1122 2274 1183 2307 pro
1205 2266 1363 2306 suscepto
1386 2273 1446 2296 suo
1475 2264 1643 2306 precibus,
1662 2265 1702 2297 'ei

259 2304 328 2349 ipsi
348 2306 520 2350 patefacta
542 2318 580 2340 re
602 2307 711 2342 suasit
732 2312 788 2351 ut,
835 2320 899 2343 uae
921 2320 987 2342 una
1009 2309 1161 2342 restabat
1182 2307 1310 2341 vitandi
1332 2307 1424 2341 exitii
1444 2308 1552 2351 ratio,
1582 2309 1702 2343 confu-

259 2354 359 2393 geret
381 2351 426 2383 ad
448 2356 592 2386 montem
622 2352 753 2397 nigrum
767 2378 779 2395 ,
799 2321 934 2399 illicque
956 2353 1137 2388 monastico
1158 2353 1277 2388 induto
1300 2353 1417 2387 habitu
1439 2353 1543 2388 vitam
1563 2353 1703 2399 religio-

260 2406 334 2429 sam
356 2394 588 2439 profiteretur.
632 2398 683 2432 ita
703 2399 814 2434 videri
834 2401 909 2433 fore
930 2405 969 2433 ut
982 2409 1121 2434 securus
1141 2399 1184 2432 de
1206 2410 1247 2433 eo
1269 2398 1335 2433 iam
1356 2400 1527 2443 Augustus
1549 2400 1702 2435 volunta-

260 2444 332 2474 tem
355 2440 427 2474 eius
448 2442 553 2476 oculis
579 2443 734 2488 privandi
764 2445 965 2490 deponeret,
992 2445 1117 2490 quippe
1149 2447 1184 2478 et
1213 2443 1371 2479 venerari
1398 2456 1473 2478 eum
1502 2445 1536 2479 id
1557 2445 1702 2480 instituti

263 2494 391 2530 geum,
419 2489 456 2519 et
479 2497 499 2520 a
521 2488 623 2521 semel
645 2489 803 2524 abiuncto
834 2502 855 2525 a
876 2491 975 2524 rebus
998 2490 1147 2524 humanis
1167 2490 1268 2524 facile
1287 2490 1507 2524 inducendum
1530 2490 1634 2525 videri
1657 2502 1700 2525 ne

263 2530 481 2565 rebellionem
510 2534 546 2565 et
573 2533 685 2568 civiles
714 2536 832 2570 turbas
863 2539 1035 2570 metueret.
1082 2535 1166 2570 haec
1199 2547 1315 2581 parum
1349 2535 1482 2580 quidem
1503 2534 1546 2571 ed
1566 2535 1700 2581 genium

266 2575 467 2630 (Jotanitzae
486 2576 674 2613 faciebant:
697 2582 808 2615 tamen
830 2582 926 2616 homo
947 2581 1102 2616 solertior
1123 2592 1222 2627 quam
1242 2581 1430 2625 religiosior
1450 2582 1623 2626 ingressus
1644 2581 1701 2616 in-
1740 2590 1743 2594 ’

264 2626 347 2655 tune
368 2632 402 2654 m
425 2632 536 2656 curam
561 2633 669 2658 rerum
692 2637 826 2660 suarum
847 2627 896 2661 sic
918 2631 1077 2673 reputare
1099 2637 1212 2661 secum
1232 2626 1375 2669 institit,
1395 2626 1485 2661 istud
1507 2627 1570 2660 sibi
1591 2627 1700 2662 amice

263 2669 459 2711 suggestum
480 2679 502 2701 a
524 2667 810 2714 Porphyrogenito
833 2673 1002 2708 consilium
1029 2675 1104 2707 fore
1136 2672 1184 2706 illi
1214 2672 1303 2717 apud
1334 2682 1446 2707 omnes
1473 2673 1702 2708 excusationis

263 2711 404 2746 idoneae
427 2712 520 2755 loco,
551 2725 597 2768 ne·
623 2716 785 2768 perfidiae
813 2717 1007 2762 culparetur
1027 2719 1071 2753 ob
1093 2718 1361 2752 excaecationem
1382 2717 1504 2759 dediti,
1534 2718 1589 2752 cui
1609 2717 1700 2753 scili-

264 2761 322 2791 cet
343 2758 545 2792 avertendae
566 2759 648 2794 mlul
669 2761 838 2796 omisisset
855 2762 890 2796 in
912 2767 1082 2808 potestate
1104 2763 1205 2798 situm
1237 2774 1319 2805 ωας
1345 2763 1411 2797 sibi
1429 2766 1543 2798 autem
1568 2764 1644 2806 uni,
1667 2764 1700 2799 si

261 2811 386 2846 parere
406 2803 567 2840 salutaria
582 2805 733 2841 monenti
756 2811 934 2851 renueret,
953 2810 1178 2846 calamitatem
1198 2808 1422 2855 imputandam
1442 2820 1548 2845 suam.
1592 2821 1701 2856 quaro
