1846 3262
422 191 499 235 DE
532 189 811 233 MICHAELE
847 185 1221 232 PALAEOLOGO
1257 187 1306 230 L.
1340 184 1395 230 H.
1539 185 1634 230 123

161 306 219 351 δι’
256 304 370 349 ὀπῶν
399 302 702 360 κατηκόντιζον.
775 303 815 347 οἳ
845 301 922 354 ἔξω
954 303 999 345 δὲ
1024 308 1115 352 ταῖς
1143 300 1421 356 τειχομαχίαις
1440 302 1637 356 περιῆσαν

159 373 426 433 πετροβόλοις
444 372 668 430 βάλλοντες
694 370 988 429 μηχανήμασι,
1027 371 1131 428 πρὸς
1160 370 1187 413 ἃ
1204 371 1458 425 κληματίδας
1476 371 1639 426 ξυμφο-

162 443 362 502 ρήσαντες
389 445 430 495 ἐξ
462 443 655 498 ἀμπέλων
687 443 754 486 καὶ
783 441 837 484 τὰ
869 444 1078 483 πονοῦντα
1111 444 1194 482 τῶν
1215 443 1352 496 μερῶν
1380 436 1639 488 πυκάσαντες

163 521 255 564 ταῖς
279 517 424 567 βολαῖς
453 512 651 567 ἀντεῖχον.
723 509 841 561 αὐτοὶ
868 511 912 552 δὲ
940 510 1368 570 προσκαταβαίνοντες
1389 514 1480 557 ταῖς
1496 513 1639 557 στοαῖς

129 594 151 629 5
164 583 210 627 τὸ
233 582 417 640 ἀσφαλές
437 582 512 637 μὲν
534 581 640 624 κατὰ
657 583 838 637 κεφαλῆς
866 580 910 622 ἐκ
931 582 1014 621 τῶν
1034 579 1295 633 κληματίδων
1313 575 1418 632 εἶχον
1427 610 1441 630 ,
1478 577 1633 620 ἐκεῖθεν
1657 586 1690 621 E

166 653 213 695 δὲ
229 651 336 694 κατὰ
365 652 552 694 διοπτιάν
577 656 667 700 ταῖς
691 649 810 698 ὀπαῖς
835 646 1041 705 χρώμενοι
1064 645 1120 697 ὥς
1151 645 1258 701 εἶχον
1285 645 1505 701 ἠμύνοντο.
1575 646 1644 688 καὶ

165 720 264 771 τοὺς
284 721 359 775 μὲν
383 724 547 775 πλῆθος
579 720 646 761 καὶ
676 717 792 773 ἰσχὺς
817 717 911 772 μετ’
949 708 1157 773 ἓμπεὶριάς
1183 713 1449 772 παρεκρότει,
1490 712 1576 769 ἅμα
1598 714 1643 757 δὲ

166 791 235 833 καὶ
255 790 303 832 τὸ
326 791 560 847 ἐφορῶντος
580 791 655 831 τοῦ
671 787 874 842 βασιλέως
893 784 1129 842 μάχεσθαι,
1165 784 1348 834 Ἰταλούς
1377 786 1421 827 δὲ
1440 784 1487 827 τὸ
1509 800 1642 827 σπου-

168 861 286 901 δαῖον
306 860 372 901 καὶ
391 855 604 901 εὐσύνετον
618 889 632 909 ,
671 856 729 899 ἔτι
749 857 794 899 δὲ
814 857 880 898 καὶ
904 855 952 898 τὸ
982 856 1025 898 ἐκ
1056 856 1252 909 διαδοχῆς
1285 856 1341 904 εἷς
1364 852 1520 909 ἡμέραν
1538 870 1645 910 προ-

114 937 157 971 10
169 924 433 980 κινδυνεύειν,
470 926 635 970 οἴκοθεν
653 923 933 983 ὡρμημένους.
1005 925 1201 980 ἐκδρομαὶ
1222 924 1296 977 μὲν
1314 918 1388 966 οὖν
1408 922 1483 966 οὐκ
1504 921 1646 979 ἄσφα-

168 1001 250 1047 λεῖς
281 997 421 1053 σφίσιν
449 991 556 1052 ἦσαν
585 998 664 1054 (τῷ
693 995 771 1052 γὰρ
798 991 954 1049 πλήθει
981 995 1047 1036 καὶ
1079 995 1170 1035 λίαν
1199 991 1384 1048 ἡττῶντο
1413 996 1496 1035 τῶν
1516 990 1638 1048 ἔξω),
1666 1001 1696 1036 P
1720 1002 1764 1038 80

167 1064 301 1123 τόλμῃ
325 1066 371 1108 δὲ
388 1065 618 1122 τρεφομένῃ
640 1064 718 1107 δέει
739 1060 1082 1121 συγκροτοῦμενοι
1116 1060 1317 1119 ὅσημέραι
1344 1061 1642 1118 διεκαρτέρουν.

169 1134 278 1191 ἀγών
307 1134 351 1177 δ’
387 1129 437 1189 ἦν
464 1133 736 1191 ἀμφοτέροις,
781 1141 868 1183 τοῖς
892 1133 966 1187 μέν
994 1136 1069 1175 τοῦ
1089 1137 1341 1188 κρατοῦντος
1358 1129 1460 1174 ἑλεῖν
1481 1129 1536 1181 ὥς
1555 1128 1645 1185 ἅμα

170 1208 230 1264 τῷ
249 1203 436 1262 φρουρίῳ
454 1203 531 1259 τὴν
549 1201 667 1246 πόλιν
687 1202 822 1254 ἕξουσι
832 1235 845 1254 ,
882 1209 969 1252 τοῖς
992 1201 1034 1244 δ’
1059 1201 1236 1257 ἀντέχειν
1257 1199 1313 1251 ὥς
1332 1199 1644 1254 συναπολλυμέ-

117 1279 160 1316 15
173 1289 246 1329 νης
277 1274 320 1324 ἐξ
348 1269 526 1329 ἀνάγκης
556 1276 614 1331 τῷ
644 1273 833 1330 φρουρίῳ
864 1276 937 1326 τῆς
960 1268 1129 1320 πόλεως.
1200 1269 1382 1326 κατήντα
1409 1267 1501 1324 δ’ἧ
1528 1267 1642 1324 μάχη

171 1342 287 1399 σφίσι
320 1343 618 1399 διαχρονίζουσι
650 1342 898 1396 μαχομένοις
932 1347 1019 1390 τοῖς
1052 1340 1126 1395 μὲν
1154 1342 1244 1397 περὶ
1282 1340 1354 1383 τὸν
1384 1338 1558 1392 βασιλέα
1589 1339 1646 1388 εἰς

173 1413 279 1455 αἰδῶ
299 1415 492 1468 προφανῆ
522 1415 596 1454 τοῦ
618 1410 676 1465 μὴ
707 1409 989 1466 περιγενέσθαι
1021 1411 1223 1466 φρουρίου
1244 1409 1308 1451 ἐπὶ
1338 1412 1538 1451 τοσοῦτον
1558 1424 1645 1462 μα-

171 1479 372 1535 χομένους
403 1477 528 1523 τόσον
560 1483 726 1534 πλῆθος
753 1478 872 1522 οὐδὲν
903 1478 1050 1533 σεμνὸν
1078 1478 1242 1533 ἔχοντος
1268 1479 1341 1521 καί
1370 1493 1474 1521 τισιν
1498 1476 1648 1532 ὀλίγοις
1669 1490 1698 1525 Β

176 1547 559 1607 διαφυλαττομένου
572 1581 585 1601 ,
625 1555 710 1598 τοῖς
736 1547 776 1590 δ’
800 1548 970 1597 Ἰταλοῖς
998 1549 1052 1597 εἷς
1070 1549 1305 1604 φιλοτιμίαν
1322 1551 1395 1590 τοῦ
1421 1544 1568 1596 τόσους
1587 1545 1646 1601 μὴ

121 1617 458 1676 Ξοπεριγενέσθαι
478 1615 788 1676 παρασκευάσαι
818 1616 970 1667 αὐτοὺς
1000 1616 1160 1673 ὀλίγους
1189 1616 1312 1668 ὄντας
1343 1614 1399 1666 ὦς
1424 1615 1531 1671 μηδὲ
1550 1618 1649 1658 τολ-

177 1739 330 1775 exitialia
351 1739 538 1774 iactabant.
584 1740 858 1786 oppugnantibus
885 1741 983 1775 extra
1016 1738 1223 1774 succedebat
1250 1738 1422 1784 negotium
1447 1738 1650 1784 quatiendo-

175 1798 250 1822 rum
274 1787 459 1829 moenium,
494 1797 583 1832 quae
606 1787 700 1821 saxis
728 1787 924 1832 ingentibus
947 1786 1071 1820 balista
1103 1785 1240 1820 intortis
1262 1786 1350 1819 haud
1374 1785 1511 1820 innoxie
1533 1786 1651 1831 pulsa-

178 1834 286 1875 bant;
312 1837 415 1878 atque
439 1833 482 1867 ad
506 1835 623 1867 horum
646 1834 755 1868 labem
779 1834 891 1868 scalas
915 1833 1139 1867 admovebant
1158 1832 1323 1866 materiae
1346 1831 1478 1874 viteae,
1507 1836 1650 1877 proten·

177 1879 226 1914 tis
250 1879 355 1914 scutis
380 1884 497 1924 partes
519 1879 647 1914 ictibus
670 1880 833 1914 obnoxias
851 1884 1020 1925 tegentes.
1068 1879 1126 1925 qui
1150 1889 1223 1912 cum
1247 1878 1298 1913 sic
1321 1879 1365 1913 ad
1387 1889 1532 1913 summas
1555 1889 1648 1912 moe-

179 1926 272 1960 nium
305 1927 458 1971 porticus
493 1926 721 1968 eniterentur,
754 1926 870 1972 capita
904 1926 1041 1972 quidem
1082 1925 1333 1959 ascendentium
1367 1925 1402 1961 in
1430 1929 1506 1959 tuto
1538 1928 1648 1967 erant,

179 1977 359 2018 protecta,
390 1978 431 2007 ut
468 1972 563 2015 dixi,
594 1972 724 2017 clypeis
755 1984 886 2007 sursum
918 1971 1090 2007 obversis:
1118 1978 1231 2006 tamen
1264 1971 1324 2017 qui
1346 1972 1436 2006 intus
1460 1977 1559 2005 erant
1585 1982 1648 2016 per

180 2019 398 2060 fenestellas,
423 2018 546 2064 quibus
568 2019 697 2053 crebris
720 2019 837 2053 hiabat
859 2030 992 2063 murus,
1017 2019 1237 2052 collineantes
1258 2018 1328 2052 tela
1349 2018 1443 2053 varie
1466 2018 1645 2059 nocebant,

181 2065 474 2110 defensabantque
497 2076 609 2100 arcem
633 2076 696 2111 pro
719 2065 822 2101 virili.
867 2070 1002 2100 nostros
1025 2076 1086 2099 sua
1110 2064 1307 2106 multitudo,
1339 2068 1409 2099 tum
1432 2064 1540 2098 virtus
1564 2075 1646 2098 con-

180 2111 256 2147 scia
286 2111 481 2156 peritiaque
515 2112 594 2146 belli
630 2111 821 2153 animabat,
859 2112 920 2146 sed
959 2116 1038 2146 ante
1072 2112 1183 2146 omnia
1211 2111 1423 2156 imperatoris
1452 2109 1647 2156 praesentis

138 2159 140 2161 ’
181 2164 342 2203 aspectus
371 2157 452 2203 quid
489 2158 635 2204 quisque
667 2157 837 2204 praeclari
866 2159 998 2192 faceret
1025 2169 1138 2192 coram
1180 2157 1277 2192 oculo
1307 2157 1484 2202 signantis.
1539 2155 1647 2190 Italos

181 2215 263 2239 suus
294 2203 397 2238 ardor
434 2204 552 2249 utique
585 2215 646 2249 pro
679 2205 749 2239 aris
781 2204 935 2250 focisque
957 2204 1197 2250 pugnantium,
1223 2203 1486 2249 praesentiaque
1508 2201 1647 2236 solertis

181 2249 302 2291 animi,
333 2251 533 2294 praesertim
563 2262 645 2285 vero
668 2256 828 2296 receptus
851 2252 1016 2285 fessorum
1039 2251 1168 2293 facilis,
1203 2254 1384 2295 stataeque
1406 2248 1531 2294 quietis
1551 2248 1646 2283 vices

181 2295 398 2331 successione
420 2295 617 2341 quotidiana
647 2297 855 2339 recentium,
890 2302 960 2331 tum
985 2303 1155 2332 certamen
1179 2296 1345 2342 quoddam
1369 2295 1498 2337 laudis,
1523 2306 1647 2329 veren-

181 2342 277 2376 tibus
300 2353 436 2386 semper
458 2342 517 2387 qui
537 2342 698 2377 subibant
719 2355 762 2377 ne
783 2343 931 2389 impares
953 2344 1192 2378 decedentibus
1224 2341 1468 2376 succenturiati
1489 2341 1647 2376 videren-

184 2394 265 2430 tur,
310 2387 494 2423 firmabant
534 2389 832 2434 accendebantque
868 2389 904 2423 in
948 2402 1062 2424 acrem
1099 2388 1323 2435 pertinaciam
1365 2387 1557 2422 resistendi.
1612 2390 1650 2421 et

184 2433 381 2479 eruptiones
412 2434 548 2480 quidem
581 2434 667 2479 ipsis
700 2436 790 2470 haud
814 2440 914 2470 erant
938 2447 1098 2477 securae,
1130 2435 1344 2470 multitudine
1366 2434 1532 2479 siquidem
1555 2433 1650 2468 obsi-

183 2480 335 2515 dentium
360 2481 600 2515 obruebantur.
639 2482 782 2516 audacia
804 2483 916 2516 tamen
938 2483 1101 2527 vigebant
1121 2480 1324 2527 quotidianis
1346 2481 1416 2515 alta
1436 2480 1650 2515 successibus

184 2527 450 2572 oppugnationis
478 2526 642 2561 hacteuus
678 2527 751 2562 sine
782 2539 871 2562 noxa
899 2529 1067 2563 toleratae
1089 2527 1214 2562 obnixa
1235 2528 1404 2572 utrimque
1437 2526 1552 2561 studia
1573 2527 1647 2569 vin·

184 2573 304 2616 cendi,
337 2584 398 2619 spe
422 2577 581 2619 metuque
611 2572 821 2608 inflammata
843 2574 1024 2609 contrariis
1039 2600 1050 2616 ,
1086 2574 1304 2620 sperantibus
1327 2572 1486 2608 videlicet
1511 2571 1650 2613 nostris,

184 2619 215 2654 si
238 2630 351 2653 arcem
374 2623 633 2665 expugnarent,
656 2621 774 2654 urbem
798 2620 915 2655 statim
939 2620 1148 2665 dedendam,
1171 2620 1315 2662 Latinis,
1338 2619 1429 2666 quod
1453 2619 1518 2653 hoc
1540 2619 1649 2663 ipsum

183 2665 364 2708 timerent,
387 2666 504 2700 ultimo
527 2671 652 2700 conatu
675 2667 908 2708 certantibus,
947 2679 992 2701 ne
1022 2667 1105 2702 urbs
1126 2667 1160 2701 in
1183 2679 1264 2702 arce
1285 2670 1476 2712 caperetur.
1521 2663 1649 2708 longis-

184 2711 300 2745 simam
325 2723 407 2746 vero
431 2712 725 2766 perseverantiam
747 2716 869 2747 neutra
892 2725 934 2747 ex
957 2717 1058 2760 parte
1079 2713 1210 2748 remissi
1242 2713 1366 2760 praelii
1386 2711 1422 2746 in
1445 2712 1651 2755 imperatore

185 2757 321 2801 quidem
353 2759 550 2793 obstinabat
583 2758 691 2804 pudor
721 2770 787 2792 non
823 2764 946 2804 captae
979 2763 1076 2794 tanto
1108 2765 1264 2806 tempore
1296 2771 1317 2794 a
1349 2761 1419 2792 tam
1441 2757 1553 2791 multis
1574 2760 1649 2790 toto

185 2802 314 2848 impetn
337 2808 552 2850 oppugnatae
586 2805 674 2839 haud
698 2803 942 2840 famosissimae
971 2805 1188 2851 eiusdemque
1210 2818 1231 2841 a
1253 2805 1372 2851 paucis
1394 2804 1554 2837 defensae
1575 2813 1650 2836 mu-

186 2848 347 2892 nitionis,
380 2850 415 2885 in
437 2851 534 2886 Italis
564 2862 647 2886 vero
678 2851 820 2887 ambitio
845 2853 1040 2897 gloriaeque
1070 2854 1195 2897 ardor,
1218 2852 1338 2897 ingens
1360 2850 1428 2885 sibi
1451 2849 1554 2884 decus
1576 2849 1650 2884 fore
