1884 3262
308 170 408 222 754
691 193 694 196 ·
711 168 1027 215 OBSERVAT.
1059 169 1372 222 PACHYMER,

325 280 403 343 3321
442 278 605 341 ffitffiggffi.
631 271 797 336 ffilc’hagg
900 278 1126 318 Cardinales
1146 279 1298 319 Perusii
1324 283 1543 334 congregati
1559 290 1651 337 post
1667 298 1770 337 qua-

393 335 400 342 '
444 345 538 374 elem.
554 343 606 372 lv.
649 340 789 370 Palaeol.
846 334 1092 374 drimestrem
1122 336 1415 377 contentionem
1435 339 1595 380 tandem
1621 354 1770 382 conve-

310 384 416 429 1265
526 384 552 425 1
717 378 743 420 6
844 398 992 431 nerunt
1007 393 1050 430 in
1066 393 1297 431 electionem
1317 395 1368 432 ad
1386 396 1658 446 pontificatum
1668 399 1769 437 Gui-

845 448 957 487 donis
974 449 1108 488 Grossi
1126 450 1228 488 Galli
1246 451 1459 490 cardinalis
1478 452 1657 493 absentis.
1698 454 1768 506 qui

842 505 1096 557 postmodum
1116 507 1322 545 Perusium
1339 508 1570 558 adveniens,
1598 509 1768 562 indeque

842 575 931 600 cum
951 562 1227 601 cardinalibus
1241 564 1463 604 viterbium
1484 567 1694 617 profectus,
1712 567 1768 605 ibi

842 625 1093 657 consecratus
1118 625 1175 657 est
1198 621 1377 671 pontifex
1400 628 1541 660 octavo
1558 622 1637 660 kal.
1655 622 1768 662 Mar-

840 676 899 723 tii,
929 675 994 713 die
1009 675 1221 714 cathedrae
1239 678 1276 715 S.
1294 678 1412 726 Petri,
1443 684 1482 716 et
1496 679 1671 724 Clemens
1686 680 1769 717 eius

840 732 1009 771 nominis
1028 733 1207 780 Quartus
1226 740 1489 785 nuncupatus.
1548 735 1695 786 Spond.
1718 748 1769 774 ex

841 788 1129 840 antiquioribus
1146 791 1430 840 monumentis,
1459 790 1538 829 hoc
1554 805 1656 837 anno
1673 806 1712 830 n.
1731 794 1768 832 1.

897 858 1038 895 Sultan
1063 857 1269 905 Anninus,
1300 858 1368 908 qui
1389 871 1439 896 ex
1458 859 1614 897 Perside
1632 859 1768 911 prose—

841 919 928 952 ctus
945 914 997 951 ad
1014 914 1241 952 Michaelem
1254 914 1476 965 *Augustum
1496 915 1544 953 ab
1563 929 1608 954 eo
1626 928 1768 968 parum

840 971 1010 1010 officiose
1028 970 1286 1019 tractabatur,
1304 972 1455 1023 elapsus
1473 978 1513 1009 et
1529 972 1767 1023 coniungens

841 1041 881 1065 se
901 1025 1111 1076 Tocharis,
1139 1033 1298 1066 tantum
1324 1042 1406 1066 non
1428 1029 1623 1080 oppressit
1640 1029 1768 1080 impe-

839 1089 1014 1122 ratorem
1033 1084 1281 1135 imparatum.
1338 1084 1524 1135 Pachym.
1547 1089 1571 1126 3
1598 1085 1665 1127 25.

895 1150 1124 1189 Patriarcha
1138 1151 1414 1202 imperatorem
1433 1151 1627 1203 obiurgat,
1657 1151 1767 1202 quod

839 1207 941 1244 bella
962 1218 1052 1244 cum
1074 1206 1304 1246 Christianis
1321 1214 1490 1258 gereret,
1519 1221 1656 1260 pacem
1675 1221 1766 1246 cum

839 1262 1061 1302 infidelibus
1086 1263 1242 1302 coleret.
1298 1263 1351 1302 ib.
1372 1277 1406 1305 c.
1424 1266 1495 1319 26.

895 1331 1053 1370 Foedus
1079 1331 1183 1370 inter
1210 1331 1490 1383 imperatorem
1520 1336 1561 1370 et
1590 1328 1767 1369 Michae-

838 1388 915 1426 lem
935 1388 1141 1441 despotam
1159 1388 1348 1426 affinitate
1366 1389 1552 1427 sancitur.
1579 1387 1633 1426 ib.
1653 1401 1685 1426 c.
1698 1389 1764 1429 28.

309 1519 416 1571 1266
523 1526 551 1565 2
713 1526 740 1565 7
894 1523 1113 1576 Imperator
1148 1537 1238 1562 cum
1269 1524 1417 1561 frustra
1451 1536 1521 1574 per
1549 1522 1764 1560 triennium

839 1581 1014 1632 petiisset
1042 1581 1326 1619 absolutionem
1349 1578 1764 1617 excommunicationis

840 1652 862 1674 a
881 1635 1106 1689 patriarcha
1128 1637 1303 1685 Arsenio,
1333 1636 1381 1674 de
1403 1637 1483 1674 eius
1502 1635 1648 1673 duritie
1665 1647 1763 1686 que-

837 1694 941 1732 ritur
968 1694 1144 1733 oratione
1177 1693 1230 1732 ad
1258 1693 1456 1746 episcopos
1482 1692 1628 1734 habita.
1684 1691 1762 1730 Pa-

839 1749 968 1802 chym.
985 1749 1012 1791 4
1036 1755 1072 1793 1.

892 1818 1061 1856 Ultimae
1086 1831 1131 1856 ea
1152 1818 1200 1856 de
1220 1831 1263 1856 re
1280 1816 1526 1869 imperatoris
1554 1828 1689 1868 preces
1710 1815 1762 1854 ad

836 1874 1043 1912 Arsenium
1058 1888 1130 1926 per
1149 1874 1356 1925 Iosephum
1376 1873 1542 1924 Augusti
1567 1873 1762 1911 confessa—

834 1931 940 1969 rium
959 1930 1110 1969 delatae
1129 1936 1170 1968 et
1186 1931 1368 1968 reiectae.
1423 1930 1477 1968 ib.
1497 1943 1529 1967 c.
1546 1934 1584 1973 2.

891 1997 1060 2036 Libellus
1080 1998 1336 2037 accusationis
1355 1997 1397 2035 in
1418 1996 1626 2035 Arsenium
1643 1996 1761 2036 datus

835 2054 1063 2107 imperatori
1080 2060 1120 2093 et
1138 2054 1279 2107 cupide
1301 2059 1496 2106 acceptus.
1536 2053 1590 2092 ib.
1608 2066 1641 2092 c.
1664 2055 1704 2094 3.

890 2120 1099 2161 Damnatio
1116 2128 1157 2161 et
1175 2122 1365 2174 depositio
1387 2120 1553 2160 Arsenii.
1612 2133 1646 2161 c.
1667 2119 1708 2171 4,
1733 2122 1761 2162 6

836 2184 877 2217 et
899 2180 939 2220 7.

891 2245 1038 2285 Eiectio
1067 2246 1149 2286 eius
1183 2252 1225 2286 et
1253 2244 1476 2299 deportatio
1505 2244 1548 2283 in
1578 2243 1759 2286 insulam.

837 2316 871 2341 c.
894 2304 934 2344 8.

894 2371 1179 2410 Successeritne
1193 2370 1326 2410 statim
1344 2370 1559 2409 Germanus
1573 2367 1760 2407 inlocum

838 2424 1003 2476 Arsenii,
1019 2441 1069 2466 an
1088 2435 1178 2480 post
1194 2441 1341 2466 annum
1360 2431 1593 2475 vertentem,
1611 2425 1654 2462 in
1674 2438 1760 2463 am-

837 2483 954 2534 biguo
973 2484 1112 2536 reliqui
1131 2485 1309 2536 superius
1328 2497 1361 2521 c.
1377 2487 1403 2526 6
1421 2497 1459 2522 n.
1482 2484 1502 2523 1
1517 2510 1542 2531 ,v
1557 2480 1677 2532 magis
1694 2481 1759 2518 in-

839 2540 989 2579 clinans
1016 2540 1058 2580 in
1088 2542 1315 2580 dilationem
1341 2546 1505 2592 propter
1528 2550 1663 2575 causas
1680 2534 1759 2574 illic

838 2597 1029 2636 indicatas
1041 2626 1053 2648 ,
1101 2598 1322 2637 distinctius
1368 2609 1463 2634 mox
1507 2593 1758 2646 exponendas

839 2667 856 2691 s
887 2683 895 2692 .
916 2667 980 2694 an.
1006 2670 1011 2675 ’

859 2666 1201 2755 qArsenianorum
1224 2709 1341 2749 factio
1366 2707 1561 2746 conflatur
1579 2711 1620 2744 et
1640 2705 1758 2743 inva-

840 2765 961 2805 lescit.
1019 2763 1211 2818 colligitur
1236 2779 1286 2806 ex
1313 2764 1496 2818 Pachym.
1517 2763 1544 2806 4
1571 2764 1618 2804 11
1645 2767 1686 2800 et
1705 2763 1758 2805 19

841 2827 882 2860 et
896 2821 993 2861 locis
1006 2823 1100 2866 aliis.
