1846 3262
406 179 483 223 DE
516 178 794 222 MICHAELE
826 178 1203 223 PALAEOLOGO
1239 179 1288 223 L.
1320 177 1398 227 111.
1533 179 1633 226 207

155 292 358 350 τημένους
379 290 553 348 πάμπαν
582 294 650 336 καὶ
676 289 794 348 μόλις
811 290 1070 349 ὁριζομένους
1093 292 1386 350 Θεσσαλονίκῃ,
1458 297 1630 337 τοιαῦτα

155 367 258 420 γοῦν
274 362 506 419 ἀπελογεῖτο
532 360 744 419 πρότερον.
794 359 887 405 τότε
908 363 952 404 δὲ
970 361 1076 405 ἀλλὰ
1090 360 1234 419 χώραν
1251 361 1302 417 ἣν
1321 362 1359 404 οἳ
1379 369 1508 418 γονεῖς
1526 363 1627 406 ἐκεί-
1649 370 1680 406 Β

154 449 228 476 νου
252 429 392 482 πόνοις
412 433 479 474 καὶ
500 432 646 488 ἱδρῶσι
667 433 734 474 καὶ
753 428 880 485 μόνον
900 430 976 485 οὐχ
996 432 1142 485 αἵμασι
1161 428 1377 483 στάζοντες
1401 429 1629 488 προσεκτή-

155 518 281 544 σαντο
298 503 365 543 καὶ
384 505 536 557 κλῆρον
552 501 768 545 κατέλιπον
785 505 873 549 τοῖς
891 500 1020 552 παισί,
1050 503 1137 549 πῶς
1157 498 1209 543 ἂν
1227 501 1294 551 καὶ
1314 501 1481 550 δικαίως
1501 500 1630 544 ἄπαι-

121 567 351 624 5τοῦμενος
392 567 590 629 ἀποδῴη,·
631 567 813 618 Ἰταλοὺς
855 567 933 624 γὰρ
981 567 1312 624 ἀφαιρουμένους
1345 570 1413 610 καὶ
1443 569 1503 625 μὴ
1528 567 1630 614 Ῥω-

151 639 323 693 μαίους,
363 639 469 681 κατὰ
498 638 546 682 τὸ
577 639 734 681 δίκαιον
755 638 823 679 καὶ
845 644 933 686 τοῖς
958 637 1001 687 ἒξ
1024 635 1181 680 ἐκείνων
1201 638 1257 687 εἷς
1281 638 1477 692 διαδοχὴν
1499 656 1630 681 κατα-

151 708 301 751 λείπειν
334 706 390 758 ὦς
416 707 612 765 σφέτερον
643 710 794 762 κλῆρον
820 706 863 757 ἐξ
889 705 1060 763 ἀρετῆς·
1096 701 1139 748 εὖ
1163 705 1242 762 γὰρ
1265 707 1333 747 καὶ
1361 706 1552 761 λελέχθαι
1575 706 1632 758 ὥς

152 775 273 819 οῦδὲν
298 776 465 826 οὐδενὸς
484 776 591 831 πλὴν
613 779 689 818 τοῦ
709 772 1015 827 σπουδάζοντος
1035 774 1140 817 κατὰ
1164 771 1356 828 πόλεμον.
1427 776 1495 818 καὶ
1519 774 1628 820 οὓτω

150 846 226 899 μὲν
255 843 671 902 διαμφισβητούντων
699 843 751 886 τὰ
777 841 990 898 Ῥωμαίων
1030 848 1090 902 τῷ
1123 841 1301 901 δεσπότῃ
1334 842 1624 900 στρατεύματα
1650 858 1681 893 c

97 924 141 958 10
154 915 442 970 κατετρίβοντο
452 947 466 966 ,
505 911 526 956 ὅ
559 913 608 955 δέ
636 930 679 969 γε
707 911 1052 968 σεβαστοκράτωρ
1074 916 1125 970 τῇ
1146 914 1430 973 ΠἸονεμβασίᾳ
1451 916 1519 956 καὶ
1541 921 1629 965 τοῖς

150 982 266 1038 πέριξ
289 980 635 1040 προσκαθήμενος
655 981 960 1037 καθημερινοῦς
976 981 1180 1039 πολέμους
1201 983 1307 1038 πρὸς
1326 981 1398 1024 τὸν
1418 984 1626 1039 Πρι’ντζην

150 1052 262 1107 ἐξῆγε
276 1065 288 1076 ·
323 1052 430 1107 μηδὲ
443 1051 522 1108 γὰρ
541 1050 760 1107 ἀρκεῖσθαι
788 1055 847 1110 τῷ
864 1050 977 1106 μέρει
1001 1054 1076 1106 τῆς
1097 1047 1250 1106 νήσου,
1293 1054 1432 1094 πᾶσαν
1456 1052 1502 1095 δὲ
1521 1070 1624 1110 κρα-

148 1124 272 1174 τῆσαι
305 1120 463 1173 θέλων,
501 1117 713 1176 ὑπάρχους
742 1118 844 1174 ἔχων
870 1117 942 1163 τόν
970 1136 1013 1162 τε
1042 1118 1171 1175 μέγαν
1192 1120 1433 1174 δομέστικον
1452 1120 1524 1164 τὸν
1546 1125 1626 1164 Φι-

148 1192 225 1244 λῆν
269 1190 336 1231 καὶ
377 1188 449 1232 τὸν
485 1186 854 1245 παρακοιμώμενον
890 1188 1146 1246 ΖΠακρηνόν,
1193 1186 1249 1239 ὥς
1276 1188 1366 1232 {urba
1395 1188 1621 1246 ἠγωνίζετο.
1643 1205 1676 1241 D

94 1256 272 1315 15(17)
318 1253 367 1312 ἦν
395 1257 441 1300 δ’
481 1257 708 1312 εὐδοκιμῶν
740 1255 762 1300 ὅ
795 1255 1183 1314 παρακοιμώμενος,
1220 1259 1288 1300 καὶ
1318 1257 1422 1314 παρ’
1451 1260 1620 1316 ἐχθροῖς
1643 1275 1675 1310 Ε

149 1325 281 1382 ὄνομα
313 1326 416 1382 ἔχων
451 1327 516 1370 ε’πὶ
547 1327 742 1386 στρατείᾳ
773 1328 840 1369 καὶ
870 1326 918 1369 τὸ
950 1326 1130 1384 φοβερὸν
1160 1324 1484 1381 ἐνδεικνύμενος,
1521 1327 1626 1372 ὥστε

148 1397 216 1438 καὶ
237 1400 311 1438 τοῦ
334 1393 718 1452 σεβαστοκράτορος
739 1397 894 1438 ἐκεῖθεν
917 1393 1261 1447 ἔπαναζεῦξαντος
1279 1394 1452 1452 ὕστερον
1473 1396 1626 1449 αὐτοὺς

148 1464 517 1522 ἐγκαταλελεῖφθαι
547 1466 615 1507 καὶ
648 1467 722 1507 τοῦ
752 1462 1061 1522 στρατεῦματος
1089 1462 1251 1521 ἰέρχειν,
1279 1466 1348 1507 καὶ
1369 1464 1421 1521 δὴ
1437 1466 1624 1522 μαχομέ-

147 1642 225 1678 duis
255 1643 300 1677 ab
331 1654 370 1678 se
404 1642 623 1689 reposcendis
652 1642 835 1686 cogitaret.
881 1654 945 1676 nec
967 1653 1071 1688 porro
1094 1640 1197 1677 istam
1220 1653 1312 1685 rem,
1347 1654 1448 1689 quam
1483 1644 1627 1681 dixisset

146 1689 281 1724 omnino
302 1690 608 1734 praevertendum,
645 1689 779 1723 facilem
803 1691 864 1722 aut
886 1689 982 1723 brevi
1006 1689 1261 1733 transigendam
1284 1700 1472 1734 apparere:
1514 1691 1624 1727 Italos

146 1736 234 1771 enim
267 1741 338 1770 tam
372 1736 490 1780 procul
517 1746 592 1769 esse
624 1746 646 1769 a
676 1735 852 1768 reddenda
874 1734 1038 1769 Romanis
1060 1735 1194 1780 imperii
1217 1735 1418 1780 metropoli,
1454 1741 1493 1770 ut
1517 1738 1624 1773 etiam

146 1793 209 1827 spe
232 1793 299 1815 non
323 1792 462 1827 prorsus
484 1793 573 1815 vana
595 1781 782 1815 maioribus
805 1781 955 1822 inhient,
992 1785 1029 1815 et
1060 1781 1145 1815 adeo
1176 1792 1243 1815 non
1277 1783 1530 1818 contemnendis
1552 1784 1624 1818 sint

144 1827 275 1862 viribus
306 1833 346 1861 ut
377 1839 493 1862 eorum
525 1827 611 1861 ditio
635 1838 740 1872 aegre
763 1827 1011 1862 Thessalonica
1041 1827 1193 1861 finiatur.
1239 1827 1329 1870 hac,
1362 1831 1520 1874 inquam,
1549 1830 1621 1865 eins

79 1868 84 1875 “
145 1873 256 1917 omni,
285 1885 355 1919 qua
378 1873 474 1919 prius
495 1885 534 1907 se
555 1873 767 1915 iactaverat‚
799 1873 954 1907 oratione
975 1885 1064 1907 nunc
1087 1874 1240 1917 sublata,
1264 1873 1348 1907 illud
1370 1875 1470 1909 modo
1493 1887 1556 1920 pro
1581 1887 1621 1911 se

145 1920 336 1964 allegabat,
370 1920 542 1964 regionem
576 1931 615 1953 se
646 1919 801 1953 obtinere
835 1930 936 1965 quam
959 1926 1078 1964 patres
1100 1919 1154 1953 sui
1175 1919 1349 1954 laboribus
1373 1921 1555 1956 sudoribus
1576 1933 1619 1957 ac

144 1970 278 2000 tantum
310 1977 377 2000 non
409 1968 485 2000 suso
517 1965 670 2000 stillatim
693 1965 834 2011 proprio
856 1965 1021 2010 sanguine
1043 1970 1233 2011 parassent.
1279 1967 1368 2000 hanc
1391 1967 1618 2003 hereditatem

144 2012 188 2046 ab
213 2011 298 2057 ipsis
321 2012 365 2046 ad
388 2012 475 2045 filios
498 2012 728 2046 transmissam
751 2011 928 2056 possidere
950 2023 1026 2046 sese
1048 2011 1123 2046 iure
1145 2024 1246 2058 quarn
1269 2012 1406 2058 optimo.
1453 2025 1616 2059 quorsum

144 2069 227 2102 ergo
257 2057 331 2102 ipse
365 2057 456 2091 illam
486 2057 605 2103 inique
639 2057 876 2103 repetentibus
906 2057 1103 2092 relaxaret?
1149 2070 1231 2093 sane
1254 2059 1283 2093 si
1304 2059 1480 2093 reddenda
1509 2066 1615 2103 esset,

144 2103 188 2138 iis
219 2103 335 2148 potius
363 2104 461 2137 reddi
491 2108 667 2148 oporteret
695 2104 818 2149 quibus
851 2107 971 2149 erepta
999 2104 1056 2138 sit.
1100 2116 1168 2138 non
1198 2108 1310 2138 autem
1333 2104 1517 2148 Romanis,
1551 2107 1614 2141 sed

144 2149 242 2183 Italis
264 2149 360 2194 prius
381 2149 456 2184 iure
477 2150 556 2184 belli
579 2150 809 2184 obtinentibus
842 2155 956 2184 terras
986 2150 1063 2184 illas
1085 2151 1119 2184 vi
1143 2151 1328 2185 extorsisse
1350 2150 1497 2185 maiores
1520 2163 1614 2195 snos,

145 2205 289 2240 quorum
317 2206 355 2229 se
377 2200 535 2240 posteros
559 2207 600 2229 ac
622 2196 771 2230 sobolem
803 2196 894 2238 frui,
926 2208 1028 2241 quam
1055 2196 1206 2240 legitime
1235 2196 1444 2240 crevissent,
1475 2197 1614 2232 heredi-

143 2244 219 2275 tate
240 2251 282 2274 ac
303 2241 506 2285 patrimonio
539 2241 695 2285 virtutis,
726 2242 802 2287 quis
824 2254 891 2277 non
915 2243 969 2276 fas
991 2247 1027 2277 et
1049 2254 1194 2287 aequum
1218 2253 1295 2276 esse
1317 2242 1496 2278 fateatur?
1529 2256 1614 2279 vere

144 2285 311 2332 siquidem
333 2286 458 2321 dictum
479 2287 562 2321 illud
585 2288 690 2330 ferri,
714 2288 797 2322 nibil
819 2290 1016 2334 cuiusquam
1041 2288 1169 2323 meliori
1189 2289 1266 2322 iure
1287 2289 1461 2334 proprium
1480 2291 1614 2325 censeri

143 2344 245 2378 quam
269 2332 360 2378 quod
383 2337 543 2377 satagens
566 2333 710 2379 quisque
741 2347 783 2369 ac
811 2334 1011 2380 periclitans
1033 2346 1134 2369 manu
1155 2334 1222 2368 sibi
1245 2346 1287 2368 ac
1312 2334 1430 2370 Marte
1452 2337 1629 2381 quaesie?

143 2379 200 2413 rit.
246 2378 338 2412 inter
369 2378 433 2413 has
465 2379 626 2424 utrinque
645 2380 682 2414 in
705 2380 840 2425 longum
871 2381 1096 2426 procedentes
1119 2392 1182 2415 sua
1202 2380 1280 2415 iura
1302 2380 1382 2415 hinc
1407 2385 1514 2427 atque
1533 2382 1614 2418 inde

143 2424 360 2468 allegantium
386 2424 627 2459 altercationes
652 2426 770 2471 copiae
791 2427 928 2460 Ioannis
950 2426 1116 2472 despotae
1138 2426 1243 2461 ductu
1270 2426 1455 2462 militantes
1477 2433 1611 2474 tempus

142 2481 215 2504 rem
238 2470 380 2515 gerendi
402 2471 642 2506 contriverunt.
690 2476 727 2506 at
747 2473 1002 2507 sebastocrator
1025 2473 1289 2507 Monembasiam
1312 2477 1349 2507 et
1370 2473 1611 2520 circumposita

144 2515 304 2550 obsidens
334 2516 411 2551 loca
442 2516 595 2562 quotidie
625 2528 700 2551 cum
725 2518 879 2563 principe
909 2519 1102 2563 pugnabat:
1135 2530 1202 2553 non
1234 2519 1321 2553 enim
1343 2531 1386 2554 ea
1409 2532 1511 2565 quam
1535 2521 1612 2555 Ro-

143 2561 236 2596 mani
255 2562 323 2596 iam
345 2565 601 2608 occupaverant
620 2563 846 2608 Peloponnesi
867 2568 969 2609 parte
993 2568 1185 2607 contentus,
1206 2565 1400 2600 universam
1423 2567 1610 2610 subiugare

143 2607 348 2650 affectabat,
371 2608 415 2643 ad
437 2609 472 2642 id
495 2608 561 2655 ipsi
584 2620 647 2654 pro
670 2609 759 2644 virili
783 2610 1044 2655 cooperantibus
1058 2622 1150 2656 ‚quos
1169 2612 1232 2645 sub
1256 2623 1295 2645 se
1316 2612 1467 2646 habebat
1488 2613 1606 2655 duces,

142 2652 244 2688 Phile
273 2655 477 2698 praesertim
508 2666 631 2699 magno
666 2654 850 2690 domestico
880 2659 916 2690 et
944 2656 1109 2691 Macreno
1136 2657 1227 2691 sacri
1249 2657 1397 2692 cubiculi
1420 2659 1607 2703 praefecto.

144 2699 242 2744 (17)
273 2700 308 2734 in
333 2700 384 2734 his
406 2700 498 2735 sacri
520 2700 664 2735 cubiculi
685 2701 854 2746 praefecti
876 2703 1060 2748 praecipua
1082 2708 1158 2737 erat
1178 2703 1306 2748 gloria,
1338 2704 1407 2738 iam
1430 2704 1520 2749 apud
1542 2704 1605 2738 ho-

142 2748 215 2778 stes
237 2745 379 2780 celebris
400 2747 493 2781 fama
512 2747 660 2793 peritiae
682 2758 796 2782 rerum
817 2747 1011 2783 bellicarum
1034 2752 1071 2783 et
1092 2760 1133 2783 eo
1156 2749 1290 2783 nomine
1310 2749 1396 2794 ipsis
1418 2749 1604 2784 formidati.

142 2789 232 2825 unde
253 2792 526 2828 sebastoeratore
546 2793 640 2827 illinc
661 2796 783 2838 postea
802 2794 1004 2838 recedente,
1034 2795 1066 2830 is
1088 2794 1136 2829 ibi
1158 2807 1232 2830 cum
1253 2795 1351 2830 Phile
1373 2799 1427 2830 est
1447 2795 1604 2840 relictus,

141 2839 182 2870 nt
203 2837 366 2873 exercitui
387 2843 600 2884 praeessent.
646 2850 716 2886 qua
735 2839 770 2874 in
790 2841 1011 2887 praefectura
1034 2852 1109 2876 cum
1131 2852 1236 2888 saepe
1256 2852 1420 2888 prospere
1451 2852 1604 2887 pugnas—
