1846 3262
192 255 257 301 54
617 254 854 300 GEORGII
886 255 1240 301 PACHYMERIS

192 370 298 413 κατὰ
326 370 373 413 τὸ
407 368 602 426 σύνηθες.
673 371 740 413 καὶ
778 371 1002 422 ἐ’ξετίθεντο
1025 371 1100 425 μὲν
1124 370 1178 413 τὰ
1195 369 1534 429 προσταττόμενα
1551 389 1667 427 παμ-

142 448 172 482 C
197 439 370 493 πληθεί,
407 437 484 489 τοὶς
511 439 555 482 δὲ
583 437 641 482 δι’
664 439 854 497 ἓρυθρῶν
883 440 1101 495 βασιλικὰς
1125 437 1452 496 ὕποσημᾶνσεις,
1488 442 1569 483 ἐπεὶ
1592 441 1667 484 οὔκ

191 503 243 563 ἦν
264 506 335 549 τὸν
353 507 443 550 νὲον
462 507 637 563 βασιλέα
655 514 773 565 χεῖρα
793 515 912 552 κινεῖν
931 511 996 552 καὶ
1015 507 1376 564 ὑποσημαίνεσθαι
1388 543 1402 564 ,
1439 513 1498 569 τῷ
1529 511 1666 566 δηλω-

193 575 310 618 θέντι
329 576 532 635 λογοθέτῃ
553 581 635 620 τῶν
655 577 810 634 ἀγελῶν
833 585 959 621 ποιεῖν
979 579 1223 621 ἐνεδίδοσαν.

327 642 376 687 Ὁ
407 646 482 699 μὲν
514 641 586 690 οὖν
618 643 991 704 πρωτοβεστιᾶριος
1027 647 1130 704 πρὸς
1170 652 1261 697 ταῖς
1292 646 1382 702 περὶ
1417 649 1501 689 τῶν
1530 644 1698 695 ἅλλων5

198 714 409 770 φροντίσιν
440 709 511 770 ἦν,
545 716 612 758 καὶ
638 713 824 770 ἀσχόλως
849 713 972 771 εἶχεν,
1010 715 1213 776 ἐλευθέρῳ
1231 712 1442 771 χρώμενος
1465 713 1520 765 ὥς
1538 716 1668 771 μηδὲν

139 788 172 822 D
196 780 458 837 ὑπειδόμενος
475 788 533 842 τῷ
553 782 788 841 φρονήματι
806 784 876 841 ἐφ’
899 782 960 834 οἷς
977 784 1172 841 ἔπραττεν
1186 799 1195 808 ·
1270 782 1391 842 (18)
1428 779 1478 838 ἦν
1510 785 1554 826 δὲ
1583 783 1667 842 ἄρα

194 849 215 894 ὅ
237 851 340 910 πρὸς
362 854 509 896 ἐκεῖνον
529 851 691 910 φθόνος
716 854 906 896 οῗδαίνων
923 852 1077 910 βαρύς,
1116 856 1182 896 καὶ
1203 853 1331 903 δεινὸς
1347 851 1544 910 4’ὖφεῖρπεν
1566 852 1668 896 {nel-

1069 921 1082 936 t

194 937 252 980 νῳ
290 920 349 975 μὴ
387 921 435 964 τὸ
479 920 653 965 σύνολον
693 922 888 965 ἐπαΐοντι.
956 924 1024 965 καὶ
1059 941 1083 978 η
1119 927 1272 978 σκῆψις
1303 926 1386 964 τῶν
1419 919 1667 979 ἀπορρήτων

195 988 290 1032 κατ’
318 990 468 1033 ἐκείνου
497 997 583 1041 τοῖς
606 990 874 1048 ὀργιζομένοις
894 989 949 1042 ὥς
970 989 1153 1046 πιθανή·
1191 990 1358 1034 ἐδόκουν
1374 990 1452 1047 γὰρ
1477 992 1542 1033 καὶ
1562 989 1664 1048 ὑπὲρ
1678 1001 1723 1036 10

193 1058 396 1112 βασιλέων
420 1061 590 1115 ζηλοῦν,
620 1064 694 1103 τοῦ
713 1061 787 1115 μὲν
804 1058 866 1103 ὅτι
887 1061 1147 1117 μαγγανείαις
1165 1067 1254 1110 ταῖς
1274 1059 1379 1116 παρ’
1402 1061 1560 1103 ἐκείνοιν
1587 1076 1666 1103 συ-

142 1136 174 1171 Ε
199 1129 513 1179 σκευασθείσαις
540 1129 680 1185 νοσοίη
710 1130 777 1172 καὶ
809 1127 865 1179 ὥς
894 1134 1028 1179 κακῶς
1056 1127 1298 1180 ἀπαλλάξειε
1327 1127 1540 1184 πρόωρος,
1589 1133 1665 1172 τοῦ

196 1196 241 1238 δὲ
270 1194 331 1239 ὅτι
365 1201 553 1257 βασιλειξὶ
584 1199 649 1240 καὶ
678 1195 929 1255 ὑφαρπάζειν
964 1198 1036 1253 τὴν
1069 1198 1198 1255 ἀρχὴν
1229 1202 1378 1257 μελετᾷ
1401 1199 1466 1239 καὶ
1486 1197 1664 1253 μεῖζονῆ

192 1264 299 1307 καθ’
323 1263 449 1308 αὖτόν
472 1273 635 1323 φρονεῖ,
673 1271 930 1324 περιφρονῶν
950 1271 1025 1310 τοῦ
1049 1268 1251 1321 βασιλέως
1269 1269 1335 1309 καὶ
1355 1266 1429 1320 τὴν
1450 1269 1665 1320 βασιλείαν

195 1331 472 1390 εὖπροσώπως
499 1333 835 1390 ὑποποιούμενος.
907 1343 993 1386 τοῖς
1013 1337 1057 1378 δὲ
1080 1341 1162 1379 τῶν
1186 1339 1348 1387 ξενικῶν
1367 1335 1558 1388 Ἰταλοῖς,
1593 1334 1664 1386 οὓς
1678 1342 1721 1377 15

195 1401 247 1456 δὴ
268 1404 334 1445 καὶ
354 1400 435 1446 ὕπὸ
452 1410 568 1460 χεῖρα
588 1402 688 1458 εἶχεν
713 1402 733 1446 ὃ
755 1404 880 1460 με’γας
899 1409 1197 1456 κονοσταῦλος,
1236 1407 1301 1447 καὶ
1333 1403 1436 1446 ἄλλα
1461 1404 1536 1445 {¹15ss
1561 1403 1666 1447 ι’ίττα

195 1465 303 1526 ’ἦσαν
325 1476 398 1527 τῆς
416 1472 508 1515 κατ’
532 1474 689 1516 ἐκείνων
713 1471 843 1528 ὁρμῆς
861 1471 1106 1528 αἰτιάματα,
1144 1472 1200 1523 ὥς
1223 1473 1335 1530 παρὰ
1356 1471 1665 1526 Μουζαλῶνων,

74 1547 102 1580 Ρ
128 1549 172 1585 31
197 1541 265 1583 καὶ
286 1545 445 1595 μᾶλλον
464 1539 552 1592 ἑνὸς
573 1546 646 1585 τοῦ
667 1540 855 1599 πρώτου,
892 1550 1099 1599 στεροῖντο
1119 1544 1268 1595 ζῶντος
1288 1542 1490 1596 βασιλέως
1509 1547 1591 1584 τῶν
1611 1543 1668 1593 εἷς

197 1607 322 1666 ῥόγας
351 1610 492 1660 αὐτοῖς
522 1610 883 1667 ἀποτεταγμένων,
936 1610 991 1661 ὡς
1032 1618 1358 1668 καταφρονοῖντο
1390 1611 1460 1668 ἐφ’
1492 1608 1553 1661 οἷς
1582 1613 1666 1653 ε’δι-
1725 1625 1739 1663 s

198 1680 339 1721 καίουν
371 1676 543 1730 ἑαυτοὺς
569 1685 840 1736 τετιμῆσθαι,
878 1678 934 1730 ὥς
966 1684 1038 1736 τῆς
1070 1680 1173 1737 πρὸς
1192 1680 1364 1735 βασιλέα
1387 1676 1722 1725 ἀποπλείοιντοΞΟ

199 1748 431 1804 παρρησίας
462 1746 687 1805 εἷσηγήσεσι
716 1756 808 1799 ταῖς
835 1750 984 1793 ἐκείνου
994 1782 1008 1803 ,
1049 1747 1104 1800 ὥς
1126 1749 1336 1804 ἀτιμοΐντο
1357 1753 1430 1792 τοῦ
1454 1753 1666 1806 πρωτοβε-

293 1861 326 1894 1.
348 1856 625 1906 προταττόμενα
646 1860 688 1895 P.

200 1952 345 1996 plurium
369 1951 555 1987 scribarum
578 1951 761 1997 diplomata
783 1963 922 1988 numero
943 1964 1044 1998 quam
1069 1953 1234 1995 maximo,
1267 1962 1413 1998 quorum
1438 1951 1562 1986 rubras
1584 1951 1667 1986 sub-

199 1997 418 2043 scriptiones,
442 2010 530 2044 quae
552 2010 652 2033 manu
674 1998 891 2044 imperatoris
913 2000 989 2034 fieri
1014 2000 1198 2041 debebant,
1222 1998 1379 2044 quoniam
1403 2009 1534 2032 manum
1555 1998 1666 2032 adhuc

200 2055 265 2087 per
290 2050 436 2079 aetatem
463 2056 547 2090 puer
570 2044 755 2090 imperator
778 2057 914 2080 movere
938 2046 982 2079 ad
1006 2045 1043 2081 id
1066 2046 1256 2092 nequibat,
1279 2044 1379 2080 modo
1403 2050 1587 2079 memorato
1611 2044 1665 2078 lo-

199 2090 364 2133 gothetae
387 2091 559 2135 agelarum
584 2091 761 2126 faciendae
784 2092 1019 2129 tradebantur.
1417 2128 1419 2131 ,

289 2136 430 2174 Interim
471 2137 757 2182 protovestiarius
798 2138 956 2173 curandis
995 2138 1072 2172 aliis
1113 2149 1201 2183 quae
1238 2147 1320 2172 usus
1357 2136 1525 2182 poscebat
1562 2147 1667 2182 prae-

199 2193 278 2216 sens
312 2194 432 2217 secure
466 2194 507 2218 ac
541 2184 649 2218 libere
681 2184 848 2226 vacabat,
885 2185 993 2219 nullas
1026 2185 1222 2230 suspicatus
1258 2183 1402 2217 insidias
1435 2183 1469 2216 in
1502 2194 1540 2216 se
1573 2194 1666 2217 com-

199 2224 323 2272 parari
365 2228 511 2274 negotiis
558 2229 703 2275 publicis
744 2229 923 2266 intentum.
993 2230 1092 2275 (18)
1137 2231 1350 2264 tumescebat
1389 2233 1499 2263 autem
1545 2228 1664 2273 gravis

198 2279 304 2318 atque
336 2281 436 2309 atrox
471 2275 506 2310 in
541 2288 616 2310 eum
652 2275 802 2318 invidia,
849 2272 1001 2322 clamque
1042 2287 1185 2321 serpens
1219 2276 1338 2310 eadem
1373 2274 1566 2320 periculose
1599 2274 1666 2318 gli-

199 2320 338 2363 scebat,
386 2321 463 2366 ipso
508 2322 592 2356 nihil
632 2323 732 2368 plane
770 2322 948 2357 sentiente.
1019 2327 1054 2357 et
1073 2359 1079 2363 μ
1094 2328 1171 2356 erat
1202 2333 1350 2356 arcanae
1381 2322 1416 2354 in
1449 2320 1558 2366 ipsum
1591 2320 1667 2354 irae

199 2377 303 2399 causa
347 2367 492 2402 infensis
537 2368 588 2402 illi
628 2367 828 2414 probabilis.
891 2368 1072 2403 videbatur
1108 2368 1195 2402 enim
1231 2368 1339 2412 ipsis,
1378 2379 1416 2401 se
1455 2367 1529 2401 zelo
1572 2365 1667 2400 fideli

199 2411 257 2455 agi
291 2422 376 2457 erga
408 2413 633 2458 imperatores
667 2420 797 2459 patrem
822 2427 863 2449 ac
885 2415 1015 2456 filium,
1053 2426 1192 2460 quorum
1224 2415 1317 2448 illum
1341 2413 1475 2458 quidem
1499 2413 1668 2457 putabant

198 2466 382 2502 procurato
413 2459 515 2493 huius
549 2459 690 2504 magicis
725 2460 900 2495 maleficiis
932 2463 1047 2495 morbo
1072 2466 1303 2506 consumptum
1329 2467 1364 2493 et
1387 2459 1462 2493 dira
1486 2459 1667 2492 immature

198 2511 307 2538 morte
330 2505 520 2547 sublatum,
553 2506 643 2540 hunc
668 2518 750 2541 vero
773 2507 1021 2542 miserabantur
1046 2519 1120 2541 mox
1146 2506 1348 2552 privandum
1372 2504 1513 2551 imperio
1536 2505 1668 2538 iniusta

199 2548 300 2584 istius
324 2550 360 2585 vi
384 2551 561 2586 efferentis
593 2563 631 2586 se
664 2552 818 2597 improbe
851 2565 956 2598 supra
989 2554 1159 2599 privatum
1190 2553 1340 2595 modum,
1376 2557 1411 2585 et
1442 2550 1532 2585 haud
1564 2549 1667 2585 dubie

198 2607 306 2640 regno
329 2596 516 2640 inhiantis,
549 2602 813 2644 contemptaque
837 2599 982 2645 Augusti
1006 2600 1105 2645 pueri
1129 2604 1246 2633 aetate
1270 2598 1447 2643 imperium
1471 2597 1539 2630 sibi
1562 2596 1668 2631 hone-

199 2641 263 2676 stis
287 2643 523 2687 praetextibus
551 2645 716 2689 parantis.
763 2645 988 2679 auxiliaribus
1020 2658 1122 2691 porro
1158 2645 1256 2680 Italis
1281 2643 1447 2691 peculiari
1470 2643 1583 2687 magni
1607 2654 1668 2676 co-

199 2689 346 2723 nostauli
371 2689 537 2724 subiectis
562 2691 821 2736 praefecturae,
857 2696 996 2736 praeter
1020 2693 1106 2726 alias
1130 2692 1313 2737 quasdam,
1347 2691 1413 2724 hae
1437 2688 1668 2724 vehementio-

199 2745 256 2768 res
288 2735 430 2780 proprie
463 2740 561 2770 erant
592 2736 662 2770 odii
695 2735 732 2770 in
766 2749 841 2771 eum
875 2743 912 2772 et
944 2738 1099 2772 meditati
1131 2738 1277 2784 impetus
1299 2747 1440 2777 causae,
1472 2734 1562 2779 quod
1585 2746 1623 2769 se
1647 2746 1668 2768 a

199 2780 459 2823 Muzalonibus‚
483 2787 519 2816 et
545 2782 745 2827 praesertim
769 2784 813 2817 ab
838 2784 902 2818 hoc
926 2783 1016 2818 inter
1041 2796 1099 2818 eos
1123 2791 1207 2818 natu
1230 2783 1397 2823 maximo,
1420 2780 1573 2827 privatos
1596 2791 1669 2814 me-

199 2825 368 2861 minerant
405 2827 577 2863 donativis
611 2833 646 2862 et
679 2828 860 2873 stipendiis
891 2830 975 2874 ipsis
1009 2831 1051 2863 ab
1079 2830 1191 2865 adhuc
1216 2830 1354 2865 vivente
1377 2827 1582 2873 imperatore
1605 2825 1669 2860 de-

198 2872 324 2914 cretis,
358 2874 450 2918 quod
482 2879 779 2910 contemnerentur
802 2874 837 2910 iu
860 2875 903 2910 iis
927 2877 1051 2921 quibus
1075 2876 1167 2911 iuste
1190 2887 1228 2910 se
1251 2873 1412 2910 honorari
1435 2874 1563 2908 debere
1586 2884 1668 2906 con-

197 2918 404 2964 tendebant,
441 2921 531 2965 quod
557 2921 653 2955 aditu
670 2926 713 2956 -et
737 2921 853 2966 gratia
884 2922 1104 2969 imperatoris
1126 2920 1405 2968 suggestionibus
1427 2919 1528 2954 huius
1551 2918 1669 2954 exclu-
