1846 3262
457 227 532 269 DE
562 209 839 270 ΜΙοΗΑΕιΕ
866 227 1248 273 PALAEOLOGO
1284 230 1330 275 L.
1362 229 1395 274 Ι.
1603 230 1666 274 53

191 339 313 383 πλε-ὀν
343 339 500 396 ἔχοντες
527 341 673 398 λέγειν,
713 342 906 399 ἐμφανεῖς
927 335 1034 397 ἦσαν
1057 341 1343 398 συντιθέμενοι
1368 347 1453 393 τοῖς
1480 342 1658 400 ῥηθεῖσι,
1686 351 1716 386 Ε

189 414 348 465 μᾶλλον
371 411 445 464 μὲν
471 405 543 453 οὖν
566 408 765 466 ῶχθησάν
782 427 825 453 τε
846 411 913 452 καὶ
932 406 1231 468 βαρυνομένοις
1250 410 1428 472 ἐῴκεσαν
1451 415 1666 470 παραχρῆ-

189 497 273 534 μα,
320 481 354 522 εἷ
386 478 486 523 ἄλλο
518 498 556 522 τι
583 479 696 537 παρὰ
727 478 780 522 τὰ
810 478 1010 535 λεχθέντα
1045 479 1172 536 λέγειν
1200 478 1419 524 ὖπονοοΐτό
1451 497 1513 531 τις
1543 482 1666 524 ἐκεῖσε

189 546 347 606 παρών.
418 547 518 591 ὅθεν
539 551 605 591 καὶ
623 546 937 606 προυλοῖμβανεν
958 548 1082 599 ἄλλος
1099 548 1227 592 ἄλλου
1251 550 1375 601 λε’ξων
1396 549 1447 592 τὰ
1467 550 1569 608 πρὸς
1586 547 1665 606 χοὶ--

155 628 276 674 5ριν,
316 619 383 659 καὶ
415 618 557 669 δείξων
589 616 644 668 ῶς
672 617 720 661 τὸ
750 615 827 660 ὕπ’
851 618 988 677 ἐκείνῳ
1021 615 1249 662 τάττεσθαι
1272 623 1348 662 τοῦ
1368 618 1504 675 ἄρχειν
1536 618 1664 662 αὐτὸν

188 689 338 730 ἐκεῖνον
366 689 456 742 περὶ
487 688 669 737 πλείονος
699 685 801 743 ἄγοι.
872 686 924 730 τὰ
948 686 991 731 δ’
1016 681 1124 743 ἦσαν
1147 692 1299 744 σκῆψις
1322 689 1389 732 καὶ
1409 685 1567 742 κόμπος
1587 687 1663 731 ἅλ-

186 760 292 809 λως,
332 754 387 806 ὡς
410 756 546 807 ἔδειξε,

328 823 434 868 Τότε
469 829 567 881 γοῦν
602 827 679 867 τοῦ
715 820 916 881 συλλόγου
945 823 1241 879 διαλυθέντος,
1285 824 1338 868 τὰ
1367 824 1493 868 πιστὰ
1522 825 1663 879 λαβὼν

187 895 378 937 ἐντεῦθεν
396 892 417 936 ὃ
439 890 813 951 πρωτοβεστιάριος
831 898 906 937 τοῦ
930 894 995 936 καὶ
1018 891 1193 938 ἑκόντων
1216 896 1347 950 δῆθεν
1363 898 1447 937 τῶν
1466 891 1662 950 μεγιστά-

132 972 176 1006 10
188 981 268 1006 νων
286 963 491 1017 βασιλέως
517 964 584 1005 καὶ
614 967 705 1006 τῶν
720 960 975 1019 πραγμάτων
999 962 1126 1007 αὐτὸν
1147 965 1214 1007 καὶ
1232 960 1360 1019 μόνον
1383 963 1532 1006 ἐκεῖνον
1560 961 1660 1006 εἶναι
1683 975 1711 1010 Ρ
1736 975 1781 1011 3ο

185 1030 464 1089 διαφερόντως
487 1032 559 1075 τὸν
583 1030 855 1089 φροντιστήν,
895 1031 1118 1087 ἀναλαβὼν
1141 1033 1215 1090 τὴν
1243 1037 1381 1076 πᾶσαν
1403 1029 1578 1086 δύναμιν
1598 1032 1661 1074 ἐπὶ

183 1102 436 1158 ΠΙαγνησίας
462 1099 617 1158 ε’χῶρει.
688 1103 754 1144 καὶ
787 1101 839 1157 δὴ
869 1101 943 1152 τὰς
967 1101 1155 1159 φυλακὰς
1176 1101 1251 1157 τὴν
1268 1103 1343 1157 μὲν
1359 1101 1562 1156 βασιλέως
1586 1100 1661 1144 ἇν-

184 1168 309 1227 δροῖσι
343 1178 503 1221 πιστοῖς
529 1171 777 1227 ἐγχειρίσας,
814 1171 888 1226 τὴν
910 1172 955 1214 δὲ
973 1175 1050 1214 τοῦ
1066 1175 1282 1225 βασιλικοῦ
1302 1171 1485 1226 ταμιείου
1510 1168 1661 1228 ἑτέροις

186 1237 341 1293 ὁμοίως
361 1247 520 1290 πιστοῖς
539 1242 606 1282 καὶ
628 1239 778 1294 ἀξίοις,
818 1239 899 1283 ἀπὸ
921 1245 1084 1284 πολλῶν
1106 1238 1152 1284 τὸ
1174 1240 1359 1297 ἔχε’γγυον
1381 1240 1562 1295 ἴχουσιν,
1601 1233 1658 1282 ὧν

127 1316 170 1351 15
184 1308 234 1364 δὴ
266 1306 287 1351 ὃ
317 1309 544 1366 λογοθέτης
576 1307 668 1352 τότε
703 1314 785 1352 τῶν
816 1308 970 1366 ἀγελῶν
1007 1308 1028 1354 ὃ
1063 1307 1426 1367 Ἀγιοθεοδωρίτης
1461 1310 1654 1364 ἐξηγεῖτο,

183 1377 309 1428 αὐτὸς
345 1379 409 1421 ἐπὶ
441 1385 532 1429 ταῖς
561 1383 644 1421 τῶν
675 1382 820 1422 κοινῶν
851 1376 1070 1434 διοικήσεσι
1093 1378 1198 1433 μετὰ
1218 1383 1300 1422 τῶν
1324 1382 1477 1421 λοιπῶν
1501 1379 1653 1420 ἐσπου-

181 1448 419 1503 δαιοτρῖβει.
467 1445 761 1490 συνετάττοντο
787 1448 923 1490 τοίνυν
943 1446 1241 1505 προστάγματα
1262 1450 1474 1503 πανταχοῦ
1495 1443 1653 1490 πόλεων
1674 1452 1704 1487 Β

181 1520 257 1571 τῆς
284 1514 496 1571 Ῥωμαίων
526 1521 600 1572 γῆς
629 1514 1025 1572 ἀποσταλησόμενα,
1063 1518 1130 1560 καὶ
1151 1516 1248 1560 κατ’
1273 1516 1402 1567 ἄλλας
1422 1516 1497 1571 μὲν
1516 1516 1654 1572 χρείας

181 1583 321 1642 ἑτέροις
331 1619 344 1638 ,
381 1585 428 1628 τὸ
454 1586 708 1631 δὲπλεῖστον
729 1588 795 1629 καὶ
813 1586 1003 1643 μέγιστον
1025 1584 1132 1629 κατά
1152 1604 1194 1629 τε
1218 1584 1395 1642 δήλωσιν
1418 1589 1493 1628 τοῦ
1513 1581 1653 1627 θανά-

122 1663 255 1698 Ξοτου
285 1658 360 1698 τοῦ
390 1655 617 1709 βασιλέως,
656 1653 744 1710 ἅμα
777 1656 823 1698 δὲ
850 1657 918 1698 καὶ
941 1659 1015 1710 τῆς
1034 1660 1109 1699 τοῦ
1133 1655 1225 1705 νέου
1246 1653 1448 1710 βασιλέως
1467 1649 1650 1710 ἀναρρή-

177 1741 303 1777 σεως,
339 1725 407 1767 καὶ
432 1728 507 1767 τοῦ
536 1726 594 1775 εἷς
621 1726 771 1768 ἐκεῖνον
793 1725 1101 1782 προστίθεσθαι
1124 1722 1248 1783 χάριν
1267 1721 1494 1780 συνθήκαις
1518 1721 1650 1780 ὅρκων

177 1833 275 1879 quasi
306 1833 445 1868 scilicet¹
462 1833 547 1868 nihil
571 1834 741 1869 haberent
763 1834 854 1880 quod
879 1834 1007 1870 auditis
1031 1835 1219 1877 adderent,
1250 1844 1328 1869 sese
1351 1832 1453 1868 dictis
1477 1831 1648 1867 assentiri.

177 1881 258 1925 quin
283 1880 400 1926 potius
423 1881 663 1925 significarunt
685 1892 793 1925 grave
813 1880 879 1915 sibi
907 1893 947 1916 ac
971 1882 1147 1916 molestum
1171 1882 1269 1924 fore,
1301 1881 1330 1915 si
1353 1880 1430 1925 quis
1449 1879 1520 1914 illic
1544 1890 1648 1924 prae-

175 1927 322 1961 sentium
346 1928 583 1973 suspicaretur
607 1927 778 1962 diversum
806 1927 901 1972 ipsos
933 1928 1116 1973 quidquam
1139 1940 1160 1962 a
1185 1927 1282 1962 modo
1306 1925 1491 1973 propositis
1515 1925 1647 1959 sentire

175 1977 236 2007 aut
260 1973 412 2008 dicturos
436 1974 522 2008 fore.
571 1974 662 2008 unde
686 1980 723 2008 et
747 1975 1046 2020 praeoccupabant
1068 1986 1106 2009 se
1129 1973 1271 2009 invicem
1296 1971 1470 2008 affectatis
1493 1971 1538 2006 ad
1561 1981 1647 2016 gra-

175 2019 258 2054 tiam
281 2019 491 2054 sermonibus
516 2020 640 2066 passim
666 2019 932 2063 assentabundi‚
963 2032 1004 2056 ac
1027 2032 1090 2066 pro
1113 2032 1154 2055 se
1177 2020 1323 2066 quisque
1346 2018 1503 2054 certatim
1527 2023 1644 2052 osten-

175 2070 290 2100 tantes
323 2066 426 2112 longe
459 2066 566 2112 pluris
602 2066 669 2102 sibi
693 2077 769 2101 esse
792 2078 834 2101 ac
856 2067 961 2102 multo
985 2067 1084 2102 malle
1106 2065 1372 2113 protovestiario
1395 2062 1520 2099 subiici
1542 2074 1643 2108 quam

173 2111 269 2157 ipsos
291 2112 473 2158 imperare.
519 2113 606 2147 haec
630 2118 742 2147 autem
776 2112 862 2148 nihil
893 2113 989 2149 aliud
1018 2125 1118 2160 quam
1150 2114 1249 2148 fucus
1281 2118 1318 2148 et
1348 2110 1494 2147 mendax
1524 2115 1641 2144 osten-

174 2159 262 2193 tatio
289 2164 405 2203 erant,
430 2163 469 2193 ut
491 2164 632 2194 eventus
654 2159 915 2194 demonstravit.

267 2205 370 2239 Tunc
400 2205 508 2250 igitur
537 2206 648 2240 soluto
683 2211 853 2241 conventu
884 2206 986 2252 plane
1016 2215 1216 2252 persuasum
1250 2200 1517 2249 protovestiario
1549 2199 1641 2247 quod

174 2251 312 2286 volebat
351 2257 424 2295 est,
465 2252 554 2286 velie
594 2252 749 2287 nimirum
788 2258 825 2287 et
862 2257 996 2297 gratum
1032 2253 1162 2287 habere
1201 2251 1382 2296 optimates
1417 2253 1454 2283 et
1486 2258 1543 2282 res
1571 2247 1641 2301 ‘iur-

174 2297 261 2343 perii
313 2301 348 2331 et
393 2298 533 2332 tutelam
580 2299 744 2344 principis
793 2310 877 2333 suae
928 2299 1027 2333 unius
1073 2310 1177 2332 curae
1224 2296 1435 2341 arbitrioque
1474 2299 1638 2340 permitti.

173 2355 280 2389 quare
311 2355 454 2379 securus
485 2344 552 2378 iam
585 2350 620 2379 et
651 2350 748 2379 certa
780 2345 997 2380 confirmatus
1029 2344 1157 2379 fiducia
1186 2342 1354 2377 universis
1383 2352 1497 2376 secum
1529 2339 1638 2385 copiis

173 2390 357 2436 assumptis
395 2389 607 2435 Magnesiam
645 2391 898 2437 proficiscitur3
947 2391 1064 2436 ibique
1102 2390 1146 2425 ad
1184 2389 1371 2424 custodiam
1420 2385 1639 2433 imperatoris

171 2442 268 2471 certa
302 2437 542 2471 fidissimorum
575 2437 641 2472 sibi
673 2437 812 2472 militum
844 2439 984 2473 cohorte
1018 2435 1241 2482 praeposita.
1281 2434 1437 2470 similiter
1468 2432 1636 2486 aerarium

170 2482 304 2528 regium
336 2484 540 2517 servandum
575 2484 651 2518 aliis
681 2484 897 2519 concredidit
932 2495 1042 2528 aeque
1075 2481 1232 2528 probatis
1254 2493 1296 2516 ac
1319 2480 1435 2516 multis
1463 2478 1639 2523 variisque

170 2530 414 2574 experimentis
439 2530 728 2575 compertissimae
752 2531 820 2564 sibi
848 2529 931 2564 fidei
956 2530 1064 2573 viris,
1099 2539 1242 2575 quorum
1271 2526 1341 2562 dux
1365 2530 1440 2562 erat
1463 2525 1638 2570 agelarum

170 2575 246 2610 sive
277 2588 422 2621 gregum
458 2581 538 2610 tunc
559 2576 740 2621 logotheta
765 2576 1114 2621 Hagiotheodorite23
1145 2575 1268 2620 quibus
1291 2574 1340 2609 ita
1363 2571 1527 2619 provisis,
1563 2571 1639 2616 ipse

170 2634 245 2656 cum
276 2622 417 2668 reliquis
448 2628 608 2657 caeterae
630 2623 870 2668 gubernationi
905 2622 1115 2668 reipublicae
1138 2625 1270 2656 attente
1293 2631 1335 2655 ac
1357 2618 1513 2672 studiose
1535 2627 1639 2651 vaca-

169 2669 242 2702 bat.
266 2668 506 2703 scribebantur
529 2681 612 2714 ergo
638 2669 753 2704 edicta
775 2669 811 2703 in
834 2681 950 2704 omnes
972 2669 1147 2703 Romanae
1171 2665 1310 2701 ditionis
1332 2666 1437 2701 nrbes
1459 2661 1639 2704 mittenda,

170 2726 244 2748 cum
269 2716 311 2749 ad
338 2715 515 2761 alia-quae
540 2727 703 2761 praesens
726 2717 891 2761 poscebat
912 2727 1013 2757 usus,
1037 2721 1106 2749 tum
1129 2714 1164 2748 in
1189 2712 1329 2759 primis,
1357 2711 1451 2758 quod
1474 2709 1635 2762 universe

169 2772 286 2796 omnes
307 2767 469 2806 spectans
491 2763 626 2797 maximi
649 2763 807 2797 momenti
830 2766 927 2803 erat,
962 2766 999 2796 ut
1021 2761 1280 2806 significaretur
1302 2769 1392 2793 mors
1415 2757 1638 2802 imperatoris

168 2811 205 2840 et
229 2808 326 2852 pueri
349 2808 411 2842 filii
434 2809 508 2843 eius
532 2809 567 2843 in
590 2810 698 2843 locum
722 2808 797 2843 eius
818 2808 1011 2851 successim
1044 2807 1265 2842 mandaretur
1297 2809 1337 2840 ut
1371 2813 1486 2838 omnes
1516 2800 1635 2836 stude-

169 2859 246 2888 rent
268 2866 289 2889 a
309 2866 397 2889 novo
423 2855 579 2902 principe
602 2855 748 2900 gratiam
771 2855 882 2898 inire,
905 2854 1090 2899 obliganda
1113 2852 1146 2887 ei
1168 2853 1238 2887 fide
1261 2853 1424 2903 consueto
1448 2848 1510 2883 tali
1534 2859 1636 2882 occa-

167 2899 265 2935 sione
287 2905 513 2937 sacramento.
560 2902 596 2937 in
628 2914 701 2938 eam
729 2902 934 2937 sententiam
959 2900 1226 2936 conficiebantur
1250 2909 1372 2944 magno
1397 2895 1495 2930 Slmul
1519 2893 1637 2929 labore
