1884 3262
268 200 372 248 -506
690 192 923 243 GEORGII
954 197 1304 243 PACHYMERJS

270 310 502 360 ἐπανιόντος
529 307 569 367 (ὅ
591 308 669 365 γὰρ
685 307 927 364 Ἡρακλείας
948 305 1171 366 ἐτεθνήκει)
1193 309 1371 368 ἐνδεινῷ
1391 309 1576 362 ἐποιεῖτο,
1615 306 1719 352 ὥστε

269 383 335 423 καὶ
354 384 426 422 τοῦ
445 375 633 420 διακόνου
649 377 867 431 μέλλοντος
886 375 1150 431 μνημονεύειν
1168 381 1243 420 τοῦ
1259 375 1375 420 noina
1396 377 1500 420 κατὰ
1519 378 1565 421 τὸ
1591 376 1718 432 σύνη-

268 454 342 497 θες
362 446 562 501 βασιλέως
580 443 783 501 παρόντος
799 444 821 488 ὅ
840 450 1000 501 κρατῶν
1021 443 1222 498 διεκώλυε,
1256 444 1362 487 καλὰ
1379 444 1504 500 λέγων
1521 449 1596 499 τῆς
1615 443 1715 500 ‹tyci-

268 532 348 570 πης
369 515 525 557 ἐκείνων
547 511 809 565 ἀπόνασθαι,
847 512 952 556 ὥστ’
986 513 1110 556 αὐτὸν
1137 514 1211 567 μὲν
1240 514 1517 564 ἐκπολεμῶσαι
1536 513 1593 554 δι’
1617 514 1717 555 ἐκεί-

218 597 252 632 1)
273 599 369 632 νους
389 581 520 640 ἑαυτῷ
540 581 636 631 τοὺς
654 582 821 631 οἰκείους
828 614 842 634 ,
879 582 1052 631 ἐκείνους
1070 582 1115 623 δὲ
1133 581 1192 636 μὴ
1213 579 1321 630 ὅπως
1338 577 1458 636 χάριν
1490 579 1589 634 ἔχειν
1610 579 1749 627 ἀλλὰ5

270 653 337 694 καὶ
369 651 694 706 προσαφορίζειν.
760 648 853 692 τότε
884 651 928 692 δέ
957 652 1025 692 καὶ
1056 647 1232 691 διαλύειν
1261 647 1384 704 ἤθελε
1415 646 1491 697 τὰς
1522 646 1713 697 σπονδάς.

270 718 346 762 κᾶν
366 716 594 770 διελύοντο,
629 720 663 760 εἷ
681 715 740 772 μή
761 735 800 760 τι
830 719 1078 773 προσίστατο
1101 722 1151 774 τῇ
1177 720 1323 774 βουλῇ.
1392 714 1516 757 αὐτὸν
1543 715 1618 769 μὲν
1637 715 1716 771 γὰρ

270 787 403 830 πολλὰ
421 791 570 828 παθεῖν
594 787 662 828 διὰ
681 790 812 828 ταῦτα
834 788 900 828 καὶ
918 783 1036 838 μόλις
1054 784 1200 828 ἀνύσαι
1212 817 1226 837 ,
1262 783 1339 827 κᾶν
1362 784 1600 834 ἐξαπιναίως
1625 781 1717 825 λύοι

268 857 531 914 παλινῳδῶν,
563 852 799 903 ἐπιστάντος
819 856 887 896 καὶ
906 849 1031 903 αὖθις
1060 857 1202 912 καιροῦ
1225 856 1300 896 τοῦ
1322 856 1455 895 ταῦτα
1474 848 1718 905 ζητήσοντος

127 940 158 972 p
180 938 246 974 345
269 923 326 979 μὴ
353 922 402 964 ἂν
433 922 589 965 ἄνυστὰ
618 922 806 978 γενέσθαι
835 922 883 965 τὸ
911 919 1096 965 σύνολον.
1159 927 1306 978 χωρεῖν
1333 921 1377 963 δὲ
1410 918 1543 968 ι’ίλλως
1568 919 1635 960 καὶ
1658 920 1715 968 εἷς
1727 931 1771 965 10

264 991 496 1046 μεταβολὴν
514 990 565 1032 τὰ
584 995 657 1044 τῆς
679 991 890 1045 ἐκκλησίας
910 988 1130 1046 πράγματα
1150 994 1223 1032 τοῦ
1240 989 1392 1045 Ἰωσὴφ
1421 984 1716 1030 ἐπικαταστάν-

264 1076 348 1109 τος.
421 1057 546 1101 αὖτόν
573 1059 647 1112 μὲν
677 1055 748 1101 οὗν
770 1060 836 1100 καὶ
860 1058 1056 1114 εἰρηνικὸν
1076 1059 1132 1106 εἷς
1158 1055 1267 1100 ἅπαν
1285 1055 1384 1099 εἶναι
1394 1088 1409 1109 ,
1438 1056 1505 1097 καὶ
1525 1055 1653 1109 μηδὲν
1671 1055 1715 1104 ἐξ

265 1128 393 1170 αὐτοῦ
412 1122 609 1169 πιστεύειν
627 1130 709 1169 τῶν
728 1126 956 1181 ἀνηκέστων
975 1127 1184 1181 γίνεσθαι,
1214 1124 1262 1167 οὗ
1290 1124 1372 1179 μὴν
1404 1121 1500 1166 ἀλλ’
1535 1119 1714 1177 ἀνάγκην

265 1194 366 1238 εἶναι
398 1196 463 1237 καὶ
491 1194 588 1243 τούς
617 1193 869 1249 κινήσοντας.
935 1195 1004 1235 καὶ
1035 1193 1156 1237 ταῦτ’
1192 1192 1267 1246 οὐχ
1302 1191 1441 1240 ἁπλῶς
1475 1187 1713 1232 ὑποπτεύων

264 1262 405 1319 ἔλεγεν,
436 1260 540 1304 ἄλλοί
560 1278 600 1317 γε
621 1262 666 1305 τὸ
689 1262 767 1318 πρὸ
785 1259 941 1304 τούτων
960 1261 1122 1314 συμβὰν
1144 1260 1223 1304 ἆνᾶ
1241 1259 1310 1303 τὸν
1330 1257 1533 1314 Σάγγαριν
1553 1258 1711 1313 διατρί-
1724 1266 1767 1305 15

209 1339 238 1373 B
262 1336 411 1385 βοντος
443 1332 590 1372 δειλιᾶν
615 1331 738 1372 ἐποίει
771 1331 861 1386 περὶ
891 1333 972 1371 τῶν
1005 1327 1110 1372 ὅλων
1145 1328 1218 1371 τὸν
1243 1327 1439 1381 βασιλέα,
1486 1325 1529 1367 εἶ’
1548 1341 1635 1374 πως
1656 1322 1713 1375 ὥς

212 1410 244 1444 G
263 1401 469 1456 ’ἐπισφαλῆ
498 1397 550 1441 τὰ
581 1399 815 1454 συγκείμενα
845 1394 1079 1441 διαλύσειεν.
1150 1395 1272 1456 (31)
1307 1393 1329 1439 ὃ
1361 1395 1435 1451 μὲν
1455 1392 1535 1451 γὰρ
1560 1392 1712 1450 Ἰωσὴφ

264 1542 351 1577 haec
378 1540 439 1575 ubi
467 1539 658 1575 renuntiata
687 1538 883 1584 imperatori
910 1550 973 1585 per
1003 1539 1188 1575 Nicaenum
1214 1540 1294 1574 sunt
1324 1538 1415 1583 (nam
1445 1534 1649 1571 Heracleote
1670 1546 1712 1578 eo

265 1588 389 1621 itinere
417 1586 568 1630 obierat)
603 1585 834 1630 indignissime
868 1587 974 1627 tulit,
1003 1586 1088 1620 adeo
1114 1590 1154 1619 ut
1187 1596 1260 1618 cum
1288 1583 1378 1617 inter
1409 1593 1508 1617 sacra
1540 1581 1583 1615 de
1605 1591 1710 1625 more,

263 1633 469 1679 imperatore
491 1635 692 1677 praesente,
720 1631 881 1666 diaconus
911 1636 1104 1666 consuetam
1137 1642 1246 1675 papae
1268 1626 1606 1663 commemorationem
1630 1637 1711 1671 pro-

264 1678 478 1713 nuntiaturus
505 1680 611 1717 esset,
648 1676 805 1721 princeps
838 1689 880 1712 ne
903 1679 1033 1711 faceret
1053 1675 1274 1723 prohibuerit.
1319 1675 1430 1720 palam
1460 1678 1570 1709 autem
1592 1672 1635 1705 ad
1657 1673 1712 1712 fa-

265 1724 412 1758 miliares
448 1733 673 1768 conquerens,
710 1723 825 1757 aiebat
856 1724 1065 1768 praeclarum
1097 1722 1268 1756 enimvero
1301 1721 1368 1755 sibi
1390 1721 1534 1754 fructum
1556 1720 1712 1751 constare

267 1769 424 1804 caritatis
446 1769 480 1802 in
506 1768 645 1802 Latinos
668 1778 771 1801 suae:
804 1779 842 1802 se
874 1780 993 1814 nempe
1024 1779 1127 1802 causa
1149 1778 1263 1802 eorum
1286 1778 1358 1800 cum
1382 1763 1586 1799 necessariis
1608 1763 1711 1797 etiam

265 1815 338 1850 suis
359 1814 539 1847 certamine
561 1816 737 1858 suscepto,
768 1825 810 1847 ne
841 1814 958 1858 poenis
980 1814 1114 1859 quidem
1148 1813 1283 1846 acribus
1312 1812 1485 1844 dubitasse
1506 1810 1598 1853 ipsos
1621 1819 1713 1842 com-

264 1861 432 1907 primere,
452 1859 528 1893 illos
551 1863 661 1892 autem
684 1869 746 1903 pro
769 1859 887 1902 gratiis
920 1870 1001 1893 suae
1023 1862 1139 1892 tantae
1168 1858 1202 1891 in
1234 1856 1302 1890 fide
1331 1858 1478 1901 ipsorum
1501 1853 1710 1887 constantiae

265 1905 389 1941 debitis
410 1905 503 1939 diras
526 1907 561 1938 et
591 1904 821 1938 execrationes
850 1905 990 1938 referre.
1033 1908 1114 1938 tunc
1148 1902 1254 1948 igitur
1286 1911 1448 1935 revocare
1478 1899 1589 1933 omnia
1614 1897 1710 1943 prins

266 1951 398 1986 sancita
421 1954 457 1983 et
478 1953 583 1984 totum
607 1950 804 1983 concordiae
826 1954 1007 1983 tractatum
1030 1950 1220 1983 rescindere
1241 1947 1356 1983 voluit.
1402 1945 1606 1990 fecissetque
1629 1955 1711 1978 con-

264 1997 382 2038 tinuo,
406 1996 438 2029 ni
462 1996 504 2029 ab
529 1995 593 2028 hoc
615 2006 689 2028 eum
712 1995 848 2029 consilio
870 1995 1034 2040 quaedam
1059 1997 1286 2028 revocassent.
1331 1992 1512 2037 reputabat
1540 1989 1709 2031 videlicet,

264 2043 295 2078 si
317 2042 407 2087 quod
428 2045 496 2074 tam
518 2039 618 2084 longa
640 2046 675 2074 et
697 2040 863 2074 laboriosa
884 2041 1052 2074 molitione
1072 2043 1129 2073 vix
1149 2039 1282 2073 tandem
1298 2037 1431 2072 summis
1453 2036 1522 2070 suis
1543 2035 1710 2069 aerumnis

264 2087 482 2135 perfecisset,
505 2091 668 2120 momento
692 2086 871 2127 disiiceret,
892 2086 1174 2130 mutationemque
1187 2096 1228 2118 ac
1250 2082 1500 2117 revocationem
1522 2086 1591 2114 tam
1614 2084 1708 2115 certo

263 2144 306 2166 ac
328 2132 437 2177 palam
460 2134 671 2165 contestatae
693 2143 775 2165 suae
808 2131 931 2176 prioris
963 2131 1150 2165 sententiae
1182 2131 1270 2164 ultro
1295 2129 1528 2173 profiteretur,
1549 2126 1630 2160 inde
1651 2137 1708 2160 ar-

263 2179 385 2212 manda
406 2179 495 2211 forte
518 2182 635 2211 contra
657 2177 765 2222 ipsum
789 2177 866 2211 odia
898 2177 1153 2218 malevolorum,
1188 2180 1224 2209 et
1253 2176 1400 2208 futurum
1424 2184 1489 2207 non
1509 2171 1709 2206 inverisimi-

262 2223 342 2258 liter
368 2227 499 2267 tempus
532 2234 598 2267 quo
632 2233 696 2256 non
727 2227 818 2256 esset
850 2222 918 2267 ipsi
952 2222 1036 2256 utile
1064 2222 1177 2267 priora
1208 2221 1291 2254 haec
1316 2221 1388 2253 eius
1418 2224 1495 2252 act-a
1518 2228 1579 2251 suo
1599 2217 1708 2262 ipsius

262 2268 373 2303 videri
395 2267 559 2311 suffragio
582 2267 749 2302 damnata.
793 2268 921 2302 veritus
945 2279 1026 2312 ergo
1050 2279 1093 2301 ne
1123 2267 1152 2301 si
1175 2267 1261 2299 hanc
1281 2265 1481 2311 palinodiam
1503 2262 1708 2308 praecipita-

263 2318 320 2348 ret
342 2313 516 2358 palamque
539 2313 748 2357 divulgaret,
771 2313 805 2347 id
828 2316 946 2358 ageret
967 2313 1055 2358 quod
1078 2313 1253 2357 aliquando
1276 2312 1437 2345 infectum
1459 2309 1578 2350 vellet,
1599 2307 1707 2342 satius

265 2359 361 2393 duxit
383 2358 626 2403 supersedere,
652 2359 771 2393 videns
800 2358 997 2404 praesertim
1028 2359 1191 2393 ecclesiae
1212 2368 1267 2391 res
1289 2357 1323 2390 in
1345 2355 1522 2390 notabilem
1546 2352 1708 2387 mutatio-

264 2415 340 2439 nem
374 2414 509 2450 pronas.
554 2415 754 2451 quamquam
794 2404 900 2447 enim,
940 2404 968 2437 si
998 2405 1178 2449 Iosephus,
1209 2402 1298 2448 quod
1329 2403 1475 2435 futurum
1506 2399 1707 2446 apparebat,

265 2449 373 2483 denuo
395 2449 430 2482 in
453 2449 533 2482 sede
555 2449 771 2493 patriarchali
791 2455 1028 2496 reponeretur,
1061 2451 1103 2484 ab
1132 2449 1206 2493 ipso
1238 2448 1396 2493 quidem,
1429 2445 1523 2480 cuius
1551 2445 1632 2478 mite
1661 2453 1704 2477 ao

265 2494 441 2540 pacificum
461 2493 629 2538 ingenium
651 2499 891 2541 perspexerat,
921 2495 1003 2528 nihil
1025 2495 1202 2529 adversum
1223 2504 1261 2527 se
1282 2493 1449 2527 sinistrum
1469 2494 1528 2524 aut
1549 2490 1706 2523 infestum

266 2543 431 2574 tentatum
453 2539 494 2572 iri
517 2540 726 2581 confidebat,
756 2546 867 2575 tamen
898 2541 987 2586 quod
1010 2540 1095 2574 idern
1119 2544 1211 2574 esset
1239 2539 1349 2573 facilis
1370 2537 1412 2571 ad
1434 2536 1621 2581 sequendos
1642 2533 1706 2568 im-

266 2585 383 2632 pulsus
417 2584 574 2625 aliorum,
607 2596 669 2618 nec
701 2587 849 2620 defuturi
881 2587 1074 2620 viderentur
1107 2586 1163 2630 qui
1186 2596 1259 2618 eum
1282 2585 1325 2618 ad
1345 2583 1496 2626 exempla
1517 2579 1646 2614 edenda
1667 2578 1704 2613 in

266 2630 362 2676 pacis
383 2629 511 2663 invisae
533 2633 668 2664 autores
700 2631 919 2674 instigarent,
956 2631 1207 2677 temperandum
1227 2628 1387 2663 iudicavit
1408 2639 1430 2662 a
1461 2637 1500 2660 se
1520 2625 1593 2669 ipso
1613 2624 1703 2659 ultro

266 2674 544 2723 praedamnando.
590 2687 688 2719 quam
711 2681 822 2710 autem
844 2688 909 2710 non
940 2688 1028 2710 vane
1050 2677 1120 2710 tale
1143 2676 1223 2720 quid
1256 2678 1420 2709 metueret
1441 2672 1485 2705 ab
1508 2669 1646 2704 asseclis
1668 2672 1705 2703 et

267 2720 465 2755 consiliariis
485 2720 639 2764 Iosephi,
662 2721 909 2755 demonstrabat
929 2733 1047 2756 recens
1068 2723 1214 2762 factum,
1240 2720 1329 2766 quod
1354 2730 1394 2752 eo
1415 2715 1503 2762 apud
1525 2715 1706 2759 Sangarim

267 2778 374 2814 nuper
396 2770 518 2811 agente
539 2766 738 2809 contigerat.
782 2767 880 2810 (31)
905 2778 977 2800 cum
1002 2767 1089 2801 enim
1111 2778 1172 2811 per
1194 2766 1230 2800 id
1264 2771 1423 2809 tempus‚.
1445 2761 1540 2795 brevi
1562 2761 1705 2794 moritu-

266 2822 346 2856 rus,
379 2817 417 2847 ut
447 2817 517 2846 tum
543 2812 744 2859 putabatur,
775 2811 937 2857 Iosephus
969 2817 1076 2848 testes
1109 2811 1247 2847 ultimae
1277 2807 1460 2846 voluntatis
1480 2806 1613 2844 tabulas
1634 2806 1704 2841 rite
