1884 3262
221 198 316 246 364
493 171 500 178 ’
633 196 865 240 GEoRGn
893 197 1238 242 PACHYMEms

218 310 354 366 βήτων
372 307 582 361 ε’νέψοντες
592 339 604 358 ,
640 307 786 361 τιμίοις
799 312 941 362 χηλοΐς
960 308 1225 352 ἓναπετίθουν
1246 309 1298 352 τοὶ
1325 310 1499 366 λείψανα
1530 309 1586 362 ὥς
1605 315 1657 369 τῇ

166 391 197 424 Ε
221 378 383 432 πατρίδι
421 374 755 428 ἀνακομίσοντες,
802 376 841 418 οῗ
871 376 919 418 δέ
951 393 994 430 γε
1017 376 1200 432 πρέσβεις
1229 384 1379 430 κεναῖς,
1438 377 1459 421 ὃ
1488 379 1654 435 λέγεται,

215 449 296 488 τῶν
316 442 602 497 ὑπεσχημένων
622 440 874 500 ὑπέστρεφον
894 451 983 493 ταῖς
999 446 1148 499 χερσίν.
1217 443 1312 486 ἀλλ’
1335 443 1356 486 ὃ
1372 446 1562 498 βασιλεὺς
1583 446 1656 488 οὔκ

213 513 322 567 ἠφίει
342 514 715 566 προσμηχανᾶσθαι
737 509 933 567 ἁμαρτὼν
963 516 1045 553 τῶν
1075 512 1118 553 ἐκ
1145 516 1219 554 τοῦ
1250 509 1393 567 ῥηγός,
1431 513 1536 555 ἀλλὰ
1555 517 1656 555 πολ-

213 585 297 628 λοῖς
317 576 466 634 ἑτέροις
491 582 766 631 μεσολαβοῦσι
787 581 888 634 πρὸς
912 576 1052 621 πάπαν
1070 577 1113 636 (ἦ
1133 579 1209 635 γὰρ
1233 583 1306 621 τοῦ
1326 577 1544 634 Καροῦλου
1568 582 1686 627 ἐπί-5

212 653 330 696 θεσις
351 645 503 702 ἔπειθε)
531 646 582 688 τὰ
604 650 677 689 τοῦ
704 651 856 689 σκοποῦ
874 645 1048 689 διανῦειν
1067 647 1108 697 ἐξ
1127 645 1304 696 ἅπαντος
1327 647 1526 703 ἐπειρᾶτο.
1555 659 1557 661 ’

342 714 402 757 Οὐ
426 714 506 768 μὴν
529 714 572 756 δὲ
596 715 662 755 καὶ
682 718 763 756 τῶν
783 717 838 764 εἷς
858 715 1116 770 παρασκευὰς
1135 714 1559 770 κατερραθυμημένως
1579 713 1656 770 εἶχε

212 785 277 826 καὶ
311 782 469 836 ἀμελῶς
479 813 491 833 ,
541 779 596 830 ὥς
622 782 774 824 ἐκεῖθεν
811 780 937 835 μόνον
968 784 1206 837 προσδοκῶν
1242 780 1513 838 ἀποχρώντως
1540 780 1657 838 γενή-

71 861 99 893 Ρ
124 859 189 894 248
214 856 382 900 σεσθαι,
414 849 518 891 ἀλλὰ
537 851 602 891 καὶ
625 849 748 898 αὐτὸς
767 847 822 899 ὥς
839 848 915 904 εἶχε
945 847 1269 905 παρεσκευάζετο.
1339 849 1459 907 (10)
1493 851 1657 905 εἶσαγα-

210 920 291 976 γών
313 922 410 974 γοῦν
428 917 581 967 ἔξωθεν
599 923 711 960 σῖτον
731 916 833 959 ὥστε
861 915 1038 973 πύργους
1066 922 1277 974 πληρῶσαι
1300 921 1357 974 τῷ
1377 915 1546 971 πλήθει,
1582 916 1655 960 τὸν
1667 926 1712 961 10

213 987 352 1030 λοιπὸν
379 992 464 1034 τοΐς
486 985 668 1033 πολίταις
684 991 867 1038 παρεῖχεν
888 987 942 1034 εἷς
963 985 1149 1041 φυλακὴν
1167 984 1222 1034 ὥς
1247 984 1351 1027 κατὰ
1373 984 1512 1040 καιρὸν
1531 979 1656 1034 αὖθις

213 1053 543 1107 ἇντιπαρέξουσιν
557 1083 569 1102 ,
606 1053 672 1093 καὶ
691 1053 840 1107 χοίρων
862 1049 960 1100 ὅλας
989 1050 1159 1106 ἀγέλας,
1194 1054 1260 1093 καὶ
1293 1051 1443 1100 αὐτούς
1458 1051 1656 1106 ἐπεμέριζε

213 1128 299 1170 τοῖς
320 1121 502 1167 πολίταις
530 1118 606 1159 ἀνὰ
639 1118 735 1160 δέκα
757 1120 822 1160 καὶ
850 1118 969 1161 πλέον
994 1118 1019 1172 ἢ
1040 1120 1105 1160 καὶ
1124 1120 1300 1160 ἐλλεῖπον
1322 1115 1478 1175 ἑκάστῳ
1499 1117 1651 1170 διδούς,

215 1189 318 1233 ὥστε
339 1185 531 1242 σφάττειν
552 1187 616 1227 καὶ
650 1185 799 1234 αὐτοὺς
825 1185 1190 1240 ἀποκερδαίνοντας
1217 1185 1267 1228 τοὶ
1295 1183 1488 1227 {mdo-9102
1510 1185 1560 1227 τὰ
1580 1202 1654 1227 τα-

216 1259 305 1312 ρίχη
323 1259 381 1313 τῷ
399 1258 518 1311 κοινῷ
538 1250 776 1308 φυλάττειν,
810 1251 915 1294 ὅπλα
935 1270 976 1295 τε
997 1255 1123 1308 μυρία
1145 1255 1210 1295 καὶ
1235 1252 1395 1301 ὀϊστοὺς
1413 1255 1478 1294 καὶ
1498 1252 1651 1307 ι’)’ργανα
1665 1260 1707 1296 15

164 1337 193 1370 B
217 1320 444 1376 πετροβόλοι
453 1351 466 1372 ,
513 1318 770 1371 ὁπλοτέχναις
804 1321 870 1359 καὶ
914 1327 1147 1372 μηχανικοῖς
1188 1320 1234 1362 τὸ
1271 1319 1407 1362 ἱκανὸν
1443 1321 1652 1374 παρέχων,

211 1389 414 1445 ἡτοίμαζε.
483 1389 548 1428 καὶ
568 1385 613 1428 τὸ
636 1384 822 1427 ναυτικὸν
843 1383 1030 1441 ε’ξήρτυεν
1051 1384 1171 1427 ἅπαν.
1242 1385 1481 1436 οἰκοδόμους
1501 1385 1542 1427 τ’
1567 1387 1654 1427 ἐπι-

211 1456 367 1512 στήσας
393 1455 576 1503 πλείονας
597 1454 663 1495 καὶ
693 1451 908 1502 ἐπιστάτας
939 1451 1130 1505 ἐδιδύμου
1164 1452 1210 1494 τὸ
1243 1459 1371 1506 τεῖχος
1399 1456 1472 1506 τῆς
1501 1450 1655 1502 πόλεως

211 1526 258 1569 τὸ
297 1524 399 1579 πρὸς
428 1520 668 1565 θάλασσαν·
711 1520 758 1563 τὸ
788 1520 865 1577 γὰρ
895 1520 997 1577 πρὸς
1022 1521 1095 1575 τὴν
1130 1524 1204 1574 γῆν
1232 1523 1451 1562 δεδίπλωτο
1475 1517 1648 1570 πάντως.

213 1594 282 1637 καὶ
313 1591 412 1634 λαὸν
443 1593 629 1632 πλεῖστον
659 1589 725 1631 καὶ
751 1586 953 1643 μάχιμον,
1001 1587 1096 1631 ὅσον
1117 1587 1358 1643 ἀποχρῶντα
1378 1585 1547 1645 τοιαύτῃ
1570 1603 1707 1638 rra-20

210 1755 329 1791 loculis
342 1780 352 1798 ‚
375 1753 583 1789 venerandas
603 1752 679 1786 illas
702 1762 813 1786 secum
835 1750 871 1785 in
893 1750 1036 1796 patriam
1056 1750 1216 1796 reliquias
1244 1750 1396 1785 relaturi.
1440 1749 1544 1794 legati
1566 1761 1653 1786 vero
1701 1783 1703 1786 .

211 1802 293 1836 nihil
317 1800 379 1835 nisi
411 1811 556 1840 vacuas,
585 1798 670 1840 quod
704 1797 846 1839 dicitur,
878 1807 994 1831 manus
1025 1807 1067 1830 ex
1099 1796 1204 1830 tantis
1235 1796 1406 1841 promissis
1435 1799 1652 1839 reportarunt

216 1848 360 1881 domum.
407 1850 575 1878 caeterum
606 1844 789 1888 imperator
822 1853 883 1887 per
916 1842 1006 1886 regis
1035 1846 1174 1876 mortem
1196 1853 1257 1886 spe
1277 1842 1460 1875 frustratus
1482 1851 1563 1884 sua,
1585 1851 1651 1875 non

215 1898 327 1926 tamen
351 1890 481 1924 destitit
503 1889 568 1923 alia
591 1892 633 1923 ad
656 1889 856 1921 destinatum
878 1887 937 1921 via
969 1886 1141 1931 grassari,
1164 1887 1223 1920 sed
1245 1886 1357 1920 multis
1379 1885 1455 1919 aliis
1476 1886 1565 1930 apud
1589 1897 1652 1931 pa-

214 1949 291 1983 pam
315 1935 589 1970 intercessoribus
612 1933 769 1968 adhibitis
793 1935 885 1976 (nam
916 1933 1034 1977 ingens
1057 1944 1077 1966 a
1101 1932 1222 1966 Carolo
1246 1936 1353 1964 metus
1376 1931 1484 1964 omnia
1506 1931 1651 1976 experiri

215 1982 397 2026 suadebat)
421 1981 598 2025 impetrare
621 1981 663 2013 ab
695 1990 735 2012 eo
759 1983 797 2012 ut
827 1977 941 2011 Caroli
973 1977 1218 2022 expeditionem
1249 1976 1426 2021 impediret
1454 1978 1650 2011 conabatur.

305 2027 380 2062 Nec
403 2037 503 2071 porro
525 2025 613 2059 idem
635 2025 686 2058 his
709 2023 882 2058 conatibus
911 2026 985 2056 arte
1007 2023 1152 2056 Martem
1175 2021 1348 2055 avertendi
1371 2021 1455 2055 adeo
1478 2021 1650 2055 confiden-

215 2073 293 2107 dum
316 2072 448 2117 putavit
470 2077 628 2115 tanquam
651 2070 739 2103 haud
772 2069 872 2102 dubie
893 2079 1082 2102 successum
1105 2072 1253 2111 optatum
1278 2066 1463 2106 habituris,
1483 2070 1521 2100 ut
1544 2078 1650 2111 appa-

214 2123 309 2152 ratus
331 2117 516 2161 negligeret
536 2115 693 2149 bellicos:
726 2114 822 2148 simul
841 2115 924 2147 enim
948 2113 1161 2158 providendis
1182 2114 1214 2146 in
1237 2123 1364 2146 omnem
1385 2115 1540 2145 eventum
1561 2122 1652 2157 quae

215 2164 260 2198 ad
280 2163 347 2197 vim
369 2162 546 2197 arcendam
567 2171 652 2206 opus
671 2164 794 2200 essent,
816 2159 1005 2202 diligentem
1027 2157 1188 2204 impendit
1209 2168 1355 2203 operam.
1402 2157 1482 2200 (10)
1506 2156 1648 2202 primum

216 2208 359 2242 omnium
393 2209 592 2242 frumentum
620 2205 750 2239 invexit
779 2205 811 2238 in
845 2206 959 2238 urbem
991 2209 1085 2237 tanta
1117 2202 1232 2248 copia,
1260 2206 1300 2236 ut
1331 2203 1421 2247 quod
1454 2203 1497 2235 ab
1521 2202 1649 2236 horreis

214 2254 356 2299 publicis
379 2258 414 2286 et
436 2253 585 2286 turribus
610 2251 752 2296 expletis
774 2249 910 2283 multum
933 2249 1040 2283 adhuc
1062 2253 1254 2292 supererat,
1282 2248 1466 2293 deponeret
1487 2248 1577 2292 apud
1599 2246 1648 2281 ci·

213 2309 274 2332 ves
308 2299 437 2342 signato
469 2308 624 2338 numero,
661 2295 974 2341 repraesentandum
1007 2295 1050 2329 ab
1082 2294 1165 2339 ipsis
1201 2293 1276 2339 pari
1306 2303 1480 2334 mensura,
1514 2293 1648 2338 quando

211 2348 456 2387 repeterentur.
502 2342 634 2376 induxit
663 2345 699 2375 et
721 2341 1002 2375 numerosissimos
1023 2351 1116 2374 suum
1137 2349 1280 2383 greges,
1311 2348 1395 2384 quos
1418 2337 1497 2371 item
1517 2337 1650 2371 civibus

214 2388 405 2429 distribuit,
428 2388 541 2421 decem
565 2387 684 2432 cuique
707 2387 781 2432 plus
804 2386 950 2419 minusve
972 2385 1084 2430 porcis
1107 2383 1298 2429 assignatis.
1342 2383 1401 2417 hos
1424 2384 1480 2428 qui
1501 2382 1650 2427 accipie·-

211 2434 312 2474 bant,
355 2433 506 2466 occidere
540 2432 711 2466 confestim
753 2432 973 2473 iubebantur,
1001 2436 1036 2464 et
1063 2430 1223 2464 intestina
1254 2428 1386 2474 quidem
1417 2428 1480 2462 sibi
1510 2429 1647 2470 habere,

209 2480 361 2511 membra
382 2479 487 2511 solida
510 2479 608 2511 salita
633 2478 763 2521 publico
787 2488 932 2511 servare.
977 2475 1166 2510 immensam
1190 2475 1233 2510 ad
1256 2475 1340 2508 haec
1361 2473 1564 2518 comportari
1586 2482 1648 2506 cn-

210 2523 304 2558 ravit
325 2534 488 2556 armorum
512 2523 616 2556 omnis
650 2524 776 2556 formae
806 2522 957 2567 copiam,
988 2521 1170 2555 iaculorum
1199 2518 1417 2566 praesertim,
1447 2518 1646 2562 sagittarum

211 2580 255 2603 ac
278 2568 418 2602 telorum
441 2567 585 2600 cuiusvis
607 2568 749 2611 generis.
795 2568 946 2601 ballistas
975 2571 1152 2612 praeterea
1180 2571 1215 2600 et
1246 2564 1414 2599 machinas
1440 2561 1646 2597 eiaculandis

209 2613 304 2648 saxis
332 2613 407 2647 fieri
440 2613 594 2657 plurimas
625 2614 741 2653 iussit,
773 2613 882 2646 fabris
904 2623 1018 2646 earum
1040 2611 1224 2646 artificibus
1246 2610 1336 2644 iusta
1358 2608 1510 2642 mercede
1531 2618 1647 2641 nume-

212 2663 300 2693 rata.
346 2659 484 2693 classem
507 2657 541 2691 in
570 2658 682 2702 primis
704 2658 873 2701 expedivit
903 2668 1016 2699 suam,
1047 2657 1240 2701 minctisque
1261 2653 1456 2690 necessariis
1474 2652 1645 2687 instruxit.

214 2704 409 2738 architectis
432 2704 509 2736 item
540 2707 576 2736 et
605 2702 828 2736 structoribus
860 2713 926 2736 uno
956 2708 1106 2748 tempore
1135 2700 1293 2736 adhibitis
1323 2698 1492 2744 pluribus,
1516 2708 1642 2731 murum

213 2748 307 2783 urbis
330 2760 397 2794 qua
419 2759 510 2782 mare
532 2752 664 2793 spectat
686 2747 867 2792 geminavit
893 2747 957 2781 alio
980 2750 1172 2782 adstructo=
1207 2757 1282 2780 nam
1307 2744 1366 2790 qui
1387 2743 1539 2788 partibus
1560 2742 1642 2776 civi-

212 2793 296 2828 tatis
327 2794 369 2828 ad
401 2798 524 2828 terram
553 2792 661 2828 versis
692 2792 974 2838 praetendebatur
1003 2792 1192 2838 duplicatus
1213 2790 1336 2835 ubique
1364 2788 1486 2823 dudum
1517 2789 1642 2822 fuerat.
