1884 3262
260 174 355 220 366
674 169 905 213 GEORGII
940 170 1284 216 PACHYMERIS

260 291 352 335 λον,
391 281 476 335 ἅμα
496 282 540 323 δὲ
559 282 623 323 καὶ
646 287 734 331 ταῖς
754 286 834 324 τῶν
853 282 1014 335 ἐχθρῶν
1031 278 1295 337 ἆναγομίναις
1317 284 1390 341 (μὴ
1408 284 1486 340 γὰρ
1510 282 1609 326 εἶναι
1632 283 1700 326 διὰ

257 352 304 394 τὸ
325 350 476 406 ῥοῶὸες
493 353 566 403 τῆς
582 347 800 404 θαλάσσης
817 348 1035 405 ἵστασθαι)
1070 348 1238 392 κατόπιν
1268 351 1470 403 ἐμπίπτειν
1501 351 1576 400 τὰς
1601 349 1703 405 ἦμε-

257 418 390 473 τέρας.
465 416 701 472 ἠσφαλίζετο
722 419 765 459 δὲ
780 419 846 459 καὶ
864 417 960 466 τοὺς
979 418 1042 459 ἐπὶ
1062 421 1135 471 τῆς
1153 418 1322 472 περαίας
1340 421 1379 459 Γ
1376 421 1579 467 εννουΐτας
1595 450 1608 469 ,
1647 415 1703 466 ὥς

257 485 313 539 μὴ
335 488 670 527 συνεπιτιθιῦνται
690 484 920 540 στέργοντες
942 484 1016 534 τὰς
1046 483 1251 536 σπονδάς,
1283 483 1331 526 οὗ
1349 484 1432 539 μὴν
1449 486 1493 527 δὲ
1512 485 1615 527 ἀλλὰ
1637 486 1702 527 καὶ

261 552 395 602 ι’ίλλως
423 550 693 608 φυλάττοιντο
723 552 797 606 τὴν
830 552 932 607 πρὸς
969 552 1067 601 τοὺς
1108 552 1441 606 ἐπελευσομένους
1480 553 1735 604 κοινωνίαν,5

260 619 335 663 κᾶν
356 619 596 674 ἀπόσχοιντο
629 624 702 662 τοῦ
730 619 831 675 πρὸς
854 621 1025 668 ἐκείνους
1051 619 1228 673 πολέμου
1251 620 1317 661 dmi
1339 619 1384 661 τὸ
1402 619 1534 674 γένος,
1571 619 1704 668 ἄλλως

210 694 239 727 Β
264 690 308 730 δὲ
337 690 401 730 καὶ
432 688 620 742 παρέσπα
648 689 714 730 καὶ
741 689 868 737 ἰδίους
897 689 1017 729 ἐποίει
1045 686 1222 745 (λυζίους
1242 685 1345 730 εἶπεν
1376 686 1426 729 ἄν
1450 703 1511 736 τις
1529 687 1702 742 ἐκείνων)

259 763 348 806 ταῖς
373 756 600 808 εὐμενείαις.

398 825 481 866 Καὶ
504 827 635 865 ταῦτα
663 818 853 876 πράττων
883 823 949 864 καὶ
977 818 1370 874 κατασκευαζόμενος
1396 820 1608 875 πρεσβείας
1629 815 1705 862 αὗ-

263 896 334 940 θις
352 890 502 945 συχνὰς
520 889 776 933 ἀποστέλλειν
795 890 868 932 οὐκ
887 887 1057 932 ἀπώκνει
1078 890 1191 945 παρὰ
1209 889 1279 931 τὸν
1299 887 1437 931 ποίπαν
1457 888 1525 930 διὰ
1541 886 1704 931 θαλάσ-
1718 893 1761 927 10

263 975 339 1013 σης
358 991 370 1010 ,
408 960 474 1000 καὶ
501 962 658 1013 μᾶλλον
691 956 752 999 ὅτι
782 959 847 999 καὶ
876 962 1050 1011 συνεχῶς
1079 957 1116 999 οἱ
1147 954 1278 999 πάπαι
1311 953 1615 1010 ἀπηλλάττοντο
1647 959 1706 1012 τῷ

261 1024 448 1082 θανάτῳ.
518 1026 582 1066 καὶ
610 1024 655 1066 τὸ
685 1028 764 1065 τῶν
806 1027 1025 1079 πρεσβειῶν
1059 1022 1276 1078 κεφάλαιον
1312 1022 1338 1076 ἦ
1374 1027 1455 1066 τῶν
1490 1024 1706 1078 ἐκκλησιῶν

264 1093 403 1141 ἕνωσις
432 1093 498 1133 καὶ
527 1095 600 1134 τοῦ
633 1094 807 1132 παλαιοῦ
844 1089 1074 1132 σκανδάλου
1108 1089 1322 1145 ἀναίρεσις.
1393 1091 1613 1143 συγκρίνων
1630 1090 1707 1144 γὰρ

213 1163 243 1196 C
267 1160 314 1203 τὸ
343 1159 404 1201 ἐπὶ
434 1162 507 1201 τοῦ
541 1156 686 1202 Δούκα
708 1155 896 1200 Ἰωάννου
923 1160 1142 1206 συνοὸικῶς
1170 1157 1330 1212 γεγονὸς
1353 1155 1459 1211 παρ’
1479 1157 1612 1198 αἰτίαν
1634 1161 1706 1198 τοῦ

263 1227 520 1270 ἀποστέλλειν
541 1226 692 1267 ἐκεῖθεν
715 1227 780 1267 καὶ
800 1232 1023 1279 συμμαχεῖν
1042 1231 1125 1273 τοῖς
1146 1225 1186 1266 ἐν
1215 1228 1266 1279 τῇ
1296 1221 1407 1265 πόλει
1433 1222 1705 1277 ἀποσχέσθαι,
1720 1229 1762 1264 15

265 1293 321 1342 ὡς
349 1293 518 1345 ἑτοίμων
547 1298 628 1333 τῶν
655 1291 859 1345 ἦμετίρων
893 1292 1019 1331 ὄντων
1051 1296 1288 1345 λειτουργεῖν
1315 1291 1436 1332 ἐκεῖσε
1465 1292 1532 1332 καὶ
1549 1308 1710 1344 μνημο-
1761 1308 1767 1313 ·

263 1358 389 1403 νεύειν
418 1363 490 1402 τοῦ
521 1355 637 1400 πάντα
675 1362 808 1400 ταῦτα
839 1355 1156 1411 ὑπισχνουμένου
1193 1357 1277 1413 (καὶ
1306 1357 1595 1398 ἀπεστέλλοντο
1619 1357 1640 1398 ὅ
1667 1372 1710 1398 τε

355 1469 388 1504 7.
414 1465 477 1510 δὲ]
501 1466 567 1501 vs?
704 1467 757 1500 10.
780 1463 993 1501 ἐπιστέλλειν
1015 1465 1055 1498 Ρ.

262 1553 451 1593 opportune
474 1545 507 1579 in
530 1544 668 1578 hostiles
690 1554 825 1578 aversas
849 1546 985 1588 possent
1007 1553 1201 1586 erumpere:
1233 1540 1432 1586 providebat
1462 1540 1547 1575 enim
1569 1541 1645 1576 fore
1670 1546 1710 1575 ut

261 1594 455 1627 invehentes
479 1602 553 1625 sese
576 1591 621 1624 ad
642 1589 761 1623 ostium
787 1588 859 1622 eius
882 1594 999 1633 portus
1022 1588 1165 1621 Latinae
1186 1598 1311 1629 naves,
1341 1587 1501 1631 adituque
1524 1587 1711 1630 prohibitae

265 1639 362 1673 obice
384 1642 545 1678 catenae,
575 1635 625 1669 ibi
648 1636 702 1668 diu
726 1640 866 1679 propter
888 1635 990 1667 maris
1020 1633 1145 1666 fluxum
1169 1632 1352 1666 consistere
1375 1633 1569 1676 nequirent,
1596 1632 1710 1676 sicque

263 1685 298 1718 in
321 1695 402 1725 eas,
435 1682 532 1716 simul
566 1692 684 1726 proras
715 1681 911 1720 vertissent,
943 1684 1076 1712 nostrae
1109 1690 1129 1712 a
1153 1678 1255 1723 puppi
1287 1677 1388 1711 facile
1411 1689 1452 1711 ac
1475 1683 1549 1712 tuto
1572 1680 1711 1722 possent

264 1727 423 1773 impetum
447 1728 572 1761 facere.
619 1729 880 1770 praeoccupavit
911 1735 1042 1769 quoque
1073 1729 1235 1757 renovato
1267 1723 1403 1756 foedere
1426 1734 1466 1757 ac
1488 1722 1712 1768 praemunivit

265 1776 465 1809 Genuenses
490 1772 678 1806 habitantes
700 1771 733 1804 in
757 1771 887 1803 Peraea
904 1794 915 1811 ‚
938 1781 979 1803 ne
1005 1769 1134 1803 Latinis
1157 1779 1194 1802 se
1217 1768 1436 1811 adiungerent
1456 1771 1498 1801 ad
1523 1768 1638 1801 urbem
1661 1768 1711 1801 si-

266 1820 332 1854 mul
359 1818 635 1863 oppugnandam,
668 1817 728 1849 aed
751 1815 899 1849 volentes
920 1815 955 1847 in
979 1814 1046 1847 fide
1069 1819 1242 1858 pactorum
1265 1815 1457 1857 perstarent
1479 1812 1712 1857 quiescerent-

265 1876 344 1910 que.
391 1863 572 1908 quinetiam
596 1862 638 1895 ad
662 1867 821 1906 quantum
845 1868 961 1903 posset
983 1859 1277 1904 praevertendum,
1300 1869 1342 1891 ne
1364 1857 1466 1891 libido
1491 1868 1550 1891 eos
1572 1861 1712 1902 caperet

267 1922 342 1943 cum
367 1907 586 1953 popularibus
607 1907 754 1952 ipsorum
785 1906 902 1946 Italis,
934 1905 992 1938 ubi
1024 1905 1144 1938 armati
1168 1904 1402 1943 advenissent,
1427 1902 1568 1947 aliquam
1592 1903 1711 1936 saltem

268 1952 594 1988 communicationem
620 1950 818 1996 usurpandi,
849 1961 915 1995 quo
948 1950 1064 1993 utique
1094 1950 1275 1994 impulsura
1303 1953 1378 1982 erat
1410 1958 1468 1981 eos
1498 1947 1710 1981 necessitudo

271 2000 476 2043 cognationis
499 2003 535 2032 et
556 1997 688 2042 generis
711 2008 750 2030 ac
773 1995 902 2040 patriae
926 1994 1123 2036 communis,
1146 1999 1183 2028 et
1206 1993 1418 2037 peculiariter
1441 1992 1629 2027 invitatur-a
1650 1993 1711 2026 ho-

270 2045 368 2079 stium
390 2045 434 2078 ab
457 2043 538 2088 ipsis
563 2042 787 2076 verisimiliter
810 2041 876 2074 vim
900 2041 979 2074 belli
1010 2044 1310 2085 temperaturorum
1334 2038 1542 2081 moderatio,
1576 2038 1714 2083 pellexit

271 2089 438 2125 blanditiis
460 2088 698 2132 beneficiisque
721 2087 918 2133 praecipuos
944 2097 1057 2119 eorum
1090 2090 1128 2118 ut
1151 2085 1288 2118 clientes
1312 2083 1373 2116 sibi
1397 2087 1433 2116 et
1467 2083 1573 2128 (quod
1599 2094 1713 2117 eorum

270 2135 465 2169 vocabulum
489 2134 556 2176 est)
579 2133 650 2176 ligii
673 2133 811 2175 fierent,
835 2133 897 2165 hoc
919 2130 1078 2175 singulari
1098 2131 1270 2175 professae
1292 2128 1508 2163 subiectionis
1530 2128 1644 2163 officio
1669 2128 1712 2162 ad

271 2181 372 2214 fidem
394 2181 622 2213 inconcussam
644 2177 799 2212 devincti.

363 2226 455 2259 Inter
478 2226 562 2258 haec
584 2223 679 2258 varie
702 2222 912 2268 providenda
938 2220 1152 2267 parandaque
1174 2231 1239 2254 non
1263 2220 1419 2253 cessabat
1441 2218 1543 2253 variis
1574 2217 1713 2252 subinde

271 2271 445 2305 missitatis
467 2270 522 2304 via
550 2269 716 2303 maritima
738 2268 863 2302 instare
896 2267 984 2312 apud
1008 2277 1148 2311 papam,
1179 2266 1326 2309 urgendo
1359 2265 1449 2309 quod
1469 2268 1647 2310 coeperat3
1676 2267 1712 2298 et

273 2317 351 2361 quia
374 2315 588 2358 contingebat
610 2314 780 2359 frequenti
804 2313 995 2357 pontificum
1017 2317 1124 2345 morte
1147 2311 1295 2345 aliosex
1320 2310 1395 2344 aliis
1417 2321 1522 2355 papas
1544 2309 1640 2350 fieri,
1671 2313 1711 2343 ut

273 2372 438 2406 quemque
460 2362 502 2394 de
525 2364 608 2394 novo
633 2366 781 2393 creatum
814 2363 975 2401 noverat,
1007 2356 1122 2391 statim
1147 2355 1366 2389 deliniendum
1391 2366 1452 2400 per
1474 2365 1554 2389 suos
1578 2354 1711 2399 sibique

273 2411 311 2440 ut
340 2411 474 2450 poterat
506 2405 744 2438 conciliandum
776 2404 926 2437 curabat.
977 2403 1012 2436 in
1045 2403 1154 2446 capite
1185 2402 1303 2435 harum
1333 2401 1475 2434 omnium
1505 2410 1578 2434 cum
1622 2409 1711 2443 papa

273 2450 509 2484 tractationum
533 2452 718 2494 ponebatur
740 2449 894 2494 speciosa
912 2449 978 2483 illic
1001 2452 1036 2481 et
1058 2450 1175 2492 optata
1197 2458 1264 2487 res,
1286 2445 1476 2481 conciliatio
1497 2443 1712 2479 ecclesiarum

273 2499 309 2530 et
329 2495 457 2539 antiqui
479 2496 624 2529 scandali
648 2495 780 2529 amotio.
827 2495 869 2528 ad
893 2495 955 2528 hoc
977 2494 1034 2527 ille
1064 2493 1114 2526 sic
1147 2493 1311 2536 agendum
1344 2491 1540 2526 movebatur
1561 2489 1711 2533 exemplo

273 2553 294 2575 e
317 2541 451 2575 Ioannis
474 2540 588 2574 Ducae
611 2540 800 2585 principatu
823 2541 977 2585 repetito.
1022 2537 1176 2575 memoria
1208 2538 1332 2582 quippe
1361 2547 1425 2570 non
1457 2535 1506 2569 ita
1527 2538 1626 2568 vetus
1649 2545 1712 2567 exd-

274 2587 382 2627 tabat,
399 2586 522 2619 Ioanne
544 2586 639 2619 Duca
662 2586 848 2630 imperante
882 2584 1003 2628 synodi
1025 2594 1186 2617 consensu
1210 2583 1377 2616 decretam
1400 2580 1595 2624 missamque
1618 2579 1711 2622 lega·

274 2631 398 2666 tionem
422 2630 464 2664 ad
488 2641 630 2674 papam,
667 2642 734 2675 qua
765 2630 870 2663 nostri
900 2629 1147 2675 profitebantur
1176 2639 1214 2663 se
1237 2632 1371 2671 paratos
1402 2624 1540 2669 obsequi
1562 2623 1714 2668 pontifici

274 2678 423 2710 Romano
447 2674 585 2720 eiusque
606 2675 640 2709 in
660 2686 758 2709 sacra
779 2675 917 2718 liturgia
942 2673 1140 2709 mentionem
1163 2674 1226 2707 rite
1249 2675 1382 2711 facere,
1413 2669 1442 2704 si
1465 2669 1496 2703 is
1518 2669 1714 2703 societatem

274 2723 490 2767 abrumperet
511 2732 584 2755 cum
616 2720 748 2754 Latinis
778 2720 895 2753 urbem
927 2719 1248 2763 Constantinopolim
1279 2715 1486 2756 tenentibus,
1522 2720 1559 2748 et
1589 2724 1628 2748 se
1649 2714 1714 2747 illis

275 2767 402 2802 auxilia
424 2777 492 2801 non
513 2765 687 2800 missurum
709 2764 935 2811 polliceretur.
981 2777 1023 2799 ea
1045 2763 1214 2809 legatione
1236 2762 1341 2797 functi
1363 2766 1443 2796 sunt
1464 2758 1612 2806 episcopi
1635 2759 1714 2800 duo,
