1846 3262
179 202 243 247 88
598 200 835 245 GEORGII
870 201 1226 245 PACHYMERIS

186 314 292 373 παρ’
316 315 478 365 ἐκείνοις
500 313 745 372 ἆφορισμῶν
764 319 946 359 τελεῖται.
1001 310 1109 370 ’ἦσαν
1131 314 1180 358 δέ
1196 332 1335 372 σφισιν
1358 316 1402 358 αἱ
1417 316 1648 370 συνθεσίαι,

187 380 215 439 ἦ
245 384 327 439 μὴν
353 383 426 427 τὸν
455 384 529 438 μὲν
545 384 754 440 Πρίγκιπα
770 382 984 439 Ῥωμαίοις
1009 386 1154 427 δοῦναι
1175 385 1241 426 καὶ
1269 388 1435 439 βασιλεῖ’
1461 385 1503 436 ἐξ
1523 385 1652 441 αὐτῆς

189 458 405 507 κατασχεῖν
433 453 488 502 εἲς
513 453 752 495 δεσποτείαν
787 452 1063 510 ἀναφαίρετον
1104 452 1155 495 τὰ
1191 453 1296 496 κατὰ
1331 451 1650 509 Πελοπόννησον

187 525 337 574 ταῦτα,
374 522 679 576 Μονεμβασίαν
700 520 1077 578 ΜαΐνηνἾεράκιον
1100 523 1341 579 Μυζηθρᾶν
1358 520 1594 576 (Ἀνάπλιον
1608 523 1652 565 δὲ

132 601 164 635 D
190 591 256 633 καὶ
277 589 427 646 ’Ἀργος
458 590 500 634 ἐν
526 587 773 647 ἀμφιβόλοις
795 590 946 648 ἐτίθει)
984 592 1049 634 καὶ
1072 589 1158 645 ἅμα
1179 594 1261 633 πᾶν
1281 590 1329 633 τὸ
1347 592 1438 647 περὶ
1457 590 1532 645 τὴν
1548 594 1683 636 Κιν-5

192 658 365 715 στέρναν
394 658 506 714 θέμα
526 657 631 702 πολύ
650 676 692 715 γε
715 658 762 702 ‘dv
778 659 825 703 τὸ
842 664 972 715 μῆκος
996 661 1062 702 καὶ
1083 663 1250 709 πολλοῖς
1276 657 1407 715 βρύον
1430 666 1517 709 τοῖς
1543 659 1652 719 ,ἄγα-

192 732 291 778 θοῒς
303 761 316 782 ,
351 728 423 771 καί
448 745 491 784 γε
519 728 643 772 αὐτὸν
662 730 702 779 ἐς
722 727 782 771 ἀεὶ
800 730 948 772 δοῦλον
965 732 1191 783 κεκλῆσθαι
1212 726 1422 782 Ῥωμαίων
1444 729 1511 770 καὶ
1530 733 1655 782 βασι-

189 796 317 850 λέως,
355 798 422 840 καὶ
444 797 637 855 ὀφφίκιον
658 799 847 841 ἐντεῦθεν
868 799 923 848 εἷς
940 798 1124 846 δουλείας
1143 804 1309 853 σημεῖον
1332 794 1654 854 ἀποφερόμενον,

190 865 262 909 τὸν
286 865 334 909 δέ
358 882 401 923 γε
429 867 603 921 βασιλέα
632 864 888 920 σεμνύναντα
915 871 1064 909 τοῦτον
1081 869 1139 924 τῷ
1157 870 1232 909 τοῦ
1251 863 1429 922 μεγάλου
1455 863 1656 919 ἀξιώματι

193 936 435 990 δομεστίκου
467 935 570 990 μετὰ
601 940 721 991 τιμῆς
760 934 996 978 ἀποστεῖλαι
1033 932 1198 988 συνάμα
1241 941 1328 984 τοῖς
1369 933 1479 991 ἄμφ’
1512 931 1652 987 αὐτόν,
1668 943 1712 979 10

195 1002 284 1047 ὅσοι
304 1006 372 1047 καὶ
392 1002 594 1061 περιόντες
610 999 729 1060 ἦσαν.
768 1005 835 1047 καὶ
858 1004 908 1059 δὴ
928 1005 991 1047 ἐπὶ
1011 1001 1172 1053 τούτοις
1187 1001 1406 1060 γεγονότων
1424 1007 1507 1046 τῶν
1528 1019 1658 1046 σπον-

141 1074 174 1109 Ε
199 1074 282 1116 δῶν
301 1072 426 1116 αὐτὸν
443 1074 517 1128 μὲν
534 1073 749 1116 ἀπέστελλε
771 1072 848 1116 σὺν
868 1079 1004 1127 τιμαῖς
1021 1070 1290 1130 πρεπούσαις,
1325 1071 1423 1120 τοὺς
1446 1071 1494 1114 δέ
1516 1088 1558 1127 γε
1582 1075 1657 1126 λη-

194 1141 404 1197 ψομένους
434 1142 487 1185 τὰ
513 1140 643 1198 λύτρα
669 1139 1012 1199 προσεπεπόμφει.
1084 1143 1154 1184 καί
1181 1158 1222 1197 γε
1252 1139 1273 1184 ὃ
1296 1141 1484 1196 Πρίγκιψ
1503 1140 1556 1183 τὰ
1572 1139 1658 1182 ἴδια

196 1208 504 1265 κατελάμβανε,
542 1212 730 1268 Πρίγκιψ
756 1210 920 1266 Ἀχαΐας
942 1211 1007 1252 καὶ
1029 1209 1155 1266 με’γας
1182 1207 1660 1263 δομέστικοςῬωμανίας

197 1277 557 1337 ἐπιφημιζόμενος,
595 1281 662 1323 καὶ
693 1278 780 1334 ἅμα
815 1283 874 1338 τῷ
906 1280 1116 1334 ἐπιστῆναι
1146 1279 1273 1334 μηδὲν
1292 1276 1497 1333 μελλήσας
1519 1277 1714 1321 daedi-15

199 1350 274 1391 δου
291 1348 344 1391 τοὶ
365 1346 494 1406 λύτρα
516 1347 572 1399 ὥς
590 1348 881 1405 προϋπέσχετο.
931 1346 1007 1390 κᾶν
1025 1347 1193 1401 ἐνέμεινε
1213 1348 1278 1390 καὶ
1300 1348 1341 1396 ἐς
1356 1347 1471 1397 τέλος
1491 1343 1660 1394 ἐνσπόν-

200 1419 283 1467 δως
304 1417 407 1472 ἔχων
425 1417 527 1475 πρὸς
543 1416 768 1473 Ῥωμαίους
787 1421 845 1476 τῷ
864 1420 937 1472 τῆς
950 1414 1176 1470 Ῥωμαΐδος
1196 1413 1440 1469 κλεῖζόμενος
1464 1414 1659 1472 ὂφφικίῳ,

202 1487 237 1529 εἲ
268 1483 324 1541 μή
350 1503 392 1543 γε
426 1484 447 1529 ὃ
479 1483 621 1537 πάπας
653 1484 862 1539 ἀκούσας,
898 1486 1173 1540 παροξυνθεὶς
1203 1485 1270 1527 καὶ
1296 1487 1429 1526 ταῦτα
1459 1483 1561 1539 πρὸς
1588 1486 1662 1525 τοῦ

203 1552 347 1612 ῥηγός,
393 1556 461 1598 καὶ
487 1554 615 1599 αὐτοῦ
641 1572 683 1612 γε
710 1552 1050 1612 προσδραμόντος
1076 1555 1142 1596 καὶ
1172 1550 1450 1602 ἱκετεύσαντος
1483 1551 1561 1610 (οὗ
1584 1551 1662 1607 γὰρ

204 1626 261 1674 εἲς
280 1630 467 1667 συνοῖσον
488 1622 615 1668 ἐδόκει
638 1624 676 1668 οἳ
693 1623 741 1668 τὸ
764 1623 829 1667 διὰ
850 1624 992 1679 τέλους
1010 1622 1259 1665 σπένδεσθαι
1278 1621 1380 1678 πρὸς
1393 1618 1659 1676 Ῥωμαίους),
1673 1626 1721 1661 20

85 1700 114 1733 Ρ
139 1700 184 1736 53
206 1692 281 1742 τὰς
309 1689 522 1748 συνθήκας
555 1693 706 1743 ἐκείνας
736 1693 865 1736 διέλυε
889 1693 956 1735 καὶ
975 1691 1070 1741 τούς
1090 1689 1237 1748 ὅρκους
1267 1689 1369 1746 παρ’
1395 1689 1513 1732 οὐδὲν
1537 1690 1666 1731 ἐτίθει

207 1759 263 1812 ὥς
279 1762 320 1805 ἐν
339 1765 502 1819 φυλακῇ
519 1763 586 1805 καὶ
607 1759 805 1819 ἀφύκτοις
825 1763 1013 1816 δεσμοῖς,
1042 1762 1108 1803 καὶ
1125 1760 1183 1816 μὴ
1203 1758 1417 1811 ἑκουσίως,
1449 1756 1505 1808 ὡς
1525 1759 1664 1814 ἐχρῆν,

206 1859 282 1882 rum
312 1847 350 1882 in
382 1847 557 1894 quospiam
588 1848 725 1883 intortis
755 1847 995 1883 efficacitatem
1029 1850 1065 1881 et
1095 1845 1291 1880 firmitatem
1316 1843 1456 1888 adiungi
1477 1843 1665 1878 maximam.

208 1905 312 1940 porro
351 1894 605 1929 conventionum
636 1895 729 1934 inter
761 1905 821 1929 eos
840 1894 981 1929 istarum
1013 1892 1125 1939 capita
1149 1893 1234 1926 haec
1257 1896 1367 1932 erant,
1391 1889 1584 1934 Principem
1608 1900 1667 1923 ce-

213 1941 296 1974 dere
329 1939 490 1975 Romanis
521 1944 557 1975 et
589 1940 786 1986 imperatori
800 1966 811 1985 ,
843 1940 918 1975 iure
951 1951 1052 1985 quam
1084 1937 1209 1984 optimo
1240 1935 1446 1983 possidenda
1477 1940 1512 1970 et
1533 1935 1570 1969 in
1588 1945 1668 1988 per-

211 1989 351 2032 petuum
383 1986 456 2021 eius
493 1986 672 2021 dominium
704 1998 747 2022 ex
776 1998 865 2021 nunc
897 1986 1106 2026 transitura,
1146 1984 1233 2018 haec
1261 1983 1297 2016 in
1324 1982 1556 2027 Peloponneso
1589 1984 1669 2023 sita,

211 2032 501 2077 Monembasiam‚
541 2033 710 2075 Mainam‚
750 2031 963 2074 Hieracium,
1005 2030 1229 2074 Myzethram.
1282 2027 1462 2073 Auaplium
1503 2038 1589 2061 vero
1634 2031 1671 2061 et

214 2079 325 2124 Argos
355 2082 396 2113 ut
425 2084 647 2114 controversa
680 2084 716 2113 et
750 2078 837 2114 iuris
868 2078 962 2113 dubii
992 2077 1114 2112 relicta
1135 2076 1169 2110 in
1193 2073 1303 2108 medio
1327 2078 1426 2118 sunt,
1464 2073 1515 2127 uti
1538 2076 1574 2107 et
1595 2075 1671 2107 tra-

216 2129 292 2158 ctus
313 2124 492 2159 universus
514 2125 606 2160 circa
626 2125 840 2160 Cinsternam
861 2125 961 2159 valde
983 2123 1019 2158 in
1041 2123 1177 2167 longum
1200 2125 1320 2166 patens
1344 2124 1380 2154 et
1402 2119 1513 2154 multis
1536 2121 1672 2154 scatens

215 2170 324 2204 bonis.
373 2170 563 2218 Principem
597 2175 710 2206 autem
731 2171 842 2217 ipsum
864 2173 1061 2217 perpetuum
1085 2170 1160 2203 fore
1182 2168 1409 2202 Romanorum
1432 2169 1468 2200 et
1488 2165 1673 2218 imperato-

215 2215 263 2250 ris
295 2214 470 2259 clientem,
503 2223 539 2252 et
561 2217 595 2252 in
619 2217 839 2252 subiectionis
865 2217 995 2262 signum
1028 2214 1180 2250 officium
1200 2213 1280 2247 inde
1303 2215 1523 2258 sumpturum.
1567 2210 1674 2264 vicis-

219 2262 281 2296 sim
305 2263 348 2296 ab
367 2262 573 2308 imperatore
595 2264 785 2310 Principem
808 2269 960 2298 ornatum
982 2261 1150 2307 dignitate
1172 2259 1285 2304 magni
1301 2257 1473 2293 domestici
1487 2256 1674 2292 honorifice

217 2307 453 2343 dimittendum
484 2310 644 2354 liberum,
679 2322 753 2344 cum
775 2309 818 2344 iis
841 2320 976 2344 suorum
1003 2308 1061 2354 qui
1090 2310 1171 2340 tunc
1198 2305 1397 2351 superstites
1428 2303 1674 2350 reperirentur.

218 2353 257 2387 in
279 2354 365 2388 haec
386 2355 526 2390 foedere
548 2357 640 2390 facto
664 2355 792 2390 dimisit
813 2355 1007 2400 Principem
1029 2353 1213 2398 imperator
1233 2363 1272 2386 eo
1296 2363 1363 2397 quo
1385 2361 1449 2396 par
1472 2353 1548 2384 erat
1568 2349 1675 2383 hono-

219 2411 281 2442 re,
303 2400 416 2435 missis
437 2401 534 2436 simul
557 2413 631 2436 cum
654 2402 710 2437 illo
734 2402 791 2448 qui
811 2401 923 2447 pretia
944 2399 1133 2441 libertatis,
1156 2399 1199 2433 de
1223 2397 1344 2444 quibus
1368 2398 1596 2437 convenerat,
1618 2404 1675 2428 re-

221 2446 385 2492 ciperent.
432 2447 534 2482 rediit
557 2447 664 2493 igitur
687 2448 818 2483 domum
839 2447 1026 2492 Princeps,
1054 2444 1205 2480 Achaiae
1229 2442 1392 2490 principis
1419 2445 1455 2477 et
1476 2439 1676 2494 magni-do-

221 2492 352 2527 mestici
373 2493 559 2528 Romaniae
589 2494 706 2529 titulos
735 2495 906 2535 referens3
937 2505 1000 2527 nec
1021 2491 1202 2538 quidquam
1234 2493 1410 2525 cunctatus
1431 2491 1510 2533 post
1531 2486 1677 2521 reditum

223 2542 347 2572 cuncta
369 2551 457 2585 quae
479 2539 679 2585 promiserat
700 2539 940 2585 redemptionis
963 2539 1075 2584 pretia
1096 2536 1238 2571 exolvit.
1283 2534 1536 2587 mansissetque·
1554 2542 1678 2578 perpe-

222 2589 284 2619 tuo
305 2585 341 2619 in
362 2585 432 2621 fide
451 2589 645 2632 pactorum,
675 2586 802 2633 quippe
824 2588 1017 2620 auctoratus
1039 2583 1198 2618 Romanis
1220 2585 1404 2617 memorato
1426 2589 1538 2634 magt-u
1561 2578 1679 2632 dome-

223 2630 303 2665 stici
326 2631 450 2675 officio,
473 2631 538 2666 nisi
559 2643 651 2677 papa
673 2644 712 2667 re
735 2632 862 2674 audita,
886 2643 960 2666 cum
983 2641 1045 2675 per
1068 2641 1107 2665 se
1127 2629 1333 2674 indignatus,
1358 2632 1430 2661 tum
1450 2637 1487 2660 m
1509 2624 1543 2658 ιὰ
1566 2634 1678 2668 ipsum

224 2677 388 2723 impulsus
409 2678 567 2723 precibus
590 2677 683 2723 regis
703 2678 866 2724 Apuliae,
899 2688 1042 2724 quorum
1065 2675 1216 2710 neutrius
1238 2673 1425 2709 rationibus
1447 2670 1680 2724 accommoda-

225 2727 298 2757 tum
321 2723 500 2759 videbatur
530 2727 662 2759 tantum
695 2735 832 2759 suarum
856 2724 1017 2758 hactenus
1039 2722 1185 2767 partium
1205 2719 1401 2765 Principem
1426 2715 1680 2771 stipendia-num

224 2768 386 2804 Romanis
409 2782 623 2816 permanere,
647 2774 783 2816 pactum
805 2770 885 2804 illud
908 2768 1141 2811 dissolvisset,
1163 2768 1419 2810 iuramentaque
1441 2763 1543 2818 ifrlta
1561 2760 1680 2816 decla-

224 2820 336 2850 rasset
368 2817 466 2862 quasi
496 2821 633 2852 extorta
662 2815 871 2851 ineluctabili
899 2815 936 2850 vi
967 2814 1181 2849 necessitatis
1203 2813 1247 2848 ab
1269 2811 1400 2846 homine
1428 2810 1514 2844 dms
1534 2806 1682 2862 ‘vinculis

225 2863 428 2908 constricto,
461 2875 502 2899 ac
524 2874 587 2910 per
609 2863 674 2898 hoc
696 2874 762 2898 non
784 2862 837 2897 sui
858 2860 962 2904 iuris,
997 2872 1061 2896 uec
1083 2860 1158 2896 eius
1178 2857 1344 2895 libertatis
1365 2868 1407 2893 ac
1429 2865 1559 2903 proptu
1590 2853 1681 2889 arb}-
