1884 3262
567 232 707 278 rus.
723 231 759 278 1.
813 199 1180 277 Grossnzmm.
1241 198 1246 204 ’
1518 232 1619 278 573

161 349 260 414 δρας
287 343 377 387 καὶ
386 340 658 416 Παρθενόπας
682 342 751 385 καὶ
776 339 967 391 Ῥοδόπας
989 337 1126 395 τινάς,
1152 340 1222 383 καὶ
1245 341 1370 383 ταῦτα
1383 337 1517 382 πάντα
1533 339 1619 384 ὕπο

159 400 384 472 κρούσμασι
403 402 471 442 καὶ
489 402 735 455 τερετίσμασι
749 399 819 440 καὶ
835 401 974 441 ποὸων
990 396 1128 440 κτύπω
1148 406 1221 438 etc.
1262 405 1350 438 tum
1367 398 1488 450 paulo
1505 405 1620 451 post·

158 458 342 511 κάθησαι
371 456 421 499 τά
450 455 570 510 σ’μοια
598 454 817 505 πεπονθως
845 461 930 505 τοῖς
952 453 1001 496 τοὶ
1029 473 1110 497 ωτα
1126 459 1259 512 πτερῷ
1278 456 1509 508 κνωμένοις.
1566 468 1618 494 ex

158 517 301 569 quibus
317 516 520 554 manifeste
540 520 664 568 patet:
691 514 835 552 audire
854 525 944 552 cum
961 513 1167 565 voluptate
1188 513 1402 551 cantilenas
1418 518 1456 550 et
1477 525 1621 551 nume-

157 587 293 613 rosum
319 573 529 625 strepitum
551 571 802 620 saltantium,
833 569 1073 620 caeterisque
1097 571 1253 608 aurium
1274 569 1420 607 deliciis
1438 569 1566 618 affici,
1596 583 1620 607 a

156 631 330 669 Luciano
359 630 436 668 dici
470 629 552 681 pati
578 642 662 667 rem
691 628 855 666 similem
881 628 929 665 iis
961 627 1105 676 quibus
1125 627 1322 666 auriculae
1342 639 1472 677 penna
1493 599 1621 664 strin-

155 693 314 739 guntur.
372 686 630 724 confirmatur
650 685 723 723 id
712 698 840 737 ipsum
861 683 1084 722 evidentius
1103 697 1154 722 ex
1171 683 1248 721 alio
1269 683 1441 721 eiusdem
1457 683 1620 721 Luciani

155 745 265 794 loco,
294 744 336 782 in
355 744 457 782 libro
476 741 568 796 περὶ
589 743 781 794 διαβολῆς
799 741 848 779 de
868 741 1086 787 calumnia,
1117 740 1186 778 ubi
1203 740 1258 778 ait
1282 736 1373 780 οἶδα
1388 742 1489 792 γοῦν
1505 755 1620 788 τινας

156 817 286 849 ουτως
318 798 449 853 ἡδέως
476 798 830 853 γαργαλιζομένους
852 794 900 837 τοὶ
929 813 1012 837 ωτα
1038 794 1119 837 υπὸ
1142 799 1223 837 τῶν
1254 797 1454 848 διαβολων
1484 792 1619 849 ω’σπερ

154 874 250 905 τους
278 860 436 909 πτεροῖς
458 855 698 907 κνωμένους.
753 856 836 893 scio
866 855 997 906 igitur
1024 853 1223 906 quosdam
1247 861 1334 891 tam
1351 854 1534 890 sumiter
1548 851 1619 889 de-

153 915 273 952 liniri
287 915 430 951 solitos
453 912 602 950 auditu
617 912 945 962 calumniarum,
976 918 1022 948 ut
1043 913 1079 948 ii
1096 910 1243 962 quibus
1259 909 1473 948 auriculae
1480 923 1619 960 penna

153 973 458 1022 stringantur.
482 968 582 1007 haec
608 968 805 1007 afferenda
833 968 1059 1006 testimonia
1085 968 1267 1016 suerunt,
1297 972 1345 1005 ut
1372 965 1618 1018 interpreta-

152 1028 302 1066 tionem
329 1027 449 1065 huius
477 1024 775 1077 Pachymeriani
795 1025 871 1062 loci
893 1030 1070 1062 nostram
1085 1030 1290 1062 tueremur
1307 1023 1498 1061 adversus
1517 1036 1615 1061 con-

150 1085 314 1122 trariam
331 1083 363 1121 ei
381 1083 612 1121 sententiam
629 1081 909 1133 paraphrastae
925 1080 1114 1127 Vaticani,
1134 1080 1200 1131 qui
1219 1093 1292 1131 pro
1309 1078 1371 1117 his
1389 1092 1488 1129 quae
1505 1079 1614 1130 apud

150 1147 330 1179 nostrum
351 1146 490 1178 auct01
493 1152 553 1176 em
570 1139 611 1176 in
631 1137 786 1176 duobus
804 1137 962 1190 optimis
978 1137 1179 1175 codicibus
1197 1137 1230 1174 B
1246 1142 1287 1174 et
1305 1136 1339 1175 Δ
1358 1136 1564 1206 leguntur
1562 1136 1613 1174 de

149 1196 376 1250 patriarcha
409 1202 449 1233 et
477 1195 656 1247 patribus
691 1194 856 1246 synodi,
896 1196 1044 1248 πτερῷ,
1083 1191 1127 1233 τὸ
1154 1196 1228 1262 τοῦ
1253 1188 1374 1261 λόγου
1387 1220 1400 1239 ‚
1439 1209 1489 1233 τα
1530 1208 1613 1233 ωτα

149 1253 370 1305 κνωμένοις
399 1249 591 1308 ἐῴκεσαν,
630 1251 686 1290 sic
709 1251 864 1289 reddit.
896 1249 938 1291 οἰ
961 1249 1004 1290 δὲ
1034 1246 1130 1290 ov'd’
1157 1247 1298 1301 ἄκροις
1330 1249 1405 1290 ωσι
1437 1245 1612 1290 ἀκοῦσαι

148 1306 377 1362 ἠνείχοντο,
409 1295 477 1347 i‘lli
505 1316 640 1346 autem
665 1322 713 1345 ne
739 1308 911 1344 summis
939 1305 1103 1358 quidem
1128 1306 1297 1345 auribus
1319 1305 1466 1344 audire
1482 1308 1611 1344 susti-

148 1367 307 1406 nebant.
363 1378 568 1418 perperam
600 1363 782 1412 omnino,
821 1370 869 1401 ut
900 1376 1014 1414 saepe
1044 1363 1158 1412 alias,
1196 1369 1237 1400 et
1265 1369 1406 1400 contra
1437 1364 1612 1401 auctoris

147 1429 321 1463 mentem
340 1423 494 1472 locique
513 1421 761 1469 sententiam,
791 1433 890 1470 quae
906 1420 1019 1471 plane
1037 1419 1159 1470 exigit
1176 1418 1244 1457 hic
1257 1418 1422 1470 intelligi
1438 1420 1611 1470 patriar·-

148 1479 264 1518 cham
298 1485 338 1517 et
366 1479 586 1530 episcopos,
625 1483 673 1515 ut
706 1477 935 1527 imperatori
963 1476 1304 1527 gratificarentur,
1332 1476 1397 1513 cui
1425 1476 1612 1515 obsistere
1634 1481 1663 1517 P
1685 1482 1753 1518 394

146 1551 230 1576 non
253 1541 458 1588 poterant,
487 1534 689 1572 simulasse
704 1545 744 1570 se
763 1532 931 1571 libenter
953 1533 1094 1588 audire
1117 1532 1226 1583 quod
1243 1532 1277 1570 is
1296 1533 1544 1583 proponebat
1561 1533 1613 1571 de

146 1593 321 1632 ineunda
341 1605 431 1630 cum
452 1590 598 1628 Latinis
618 1602 734 1641 pace,
765 1602 856 1627 cum
875 1602 1015 1628 revera
1033 1590 1142 1627 intus
1170 1589 1212 1626 in
1239 1589 1371 1626 animo
1387 1589 1431 1626 id
1449 1602 1611 1628 aversa—

146 1655 290 1689 rentur
308 1655 354 1687 etv
365 1648 522 1687 nonnisi
538 1646 807 1699 perfunctorie
826 1646 1011 1684 audirent
1023 1676 1034 1695 ‚
1062 1645 1246 1684 intimum
1266 1651 1305 1683 et
1324 1658 1465 1684 verum
1491 1647 1611 1685 animi

146 1719 304 1745 sensum
326 1705 544 1757 exprimere
562 1717 643 1742 non
662 1703 875 1750 audentes,
904 1716 978 1741 nec
999 1702 1096 1740 adeo
1114 1703 1156 1740 id
1177 1702 1437 1740 necessarium
1458 1709 1611 1754 putan-

147 1769 226 1813 tes,
256 1762 366 1813 qued
386 1761 631 1800 confiderent
651 1773 736 1799 rem
758 1759 811 1798 ad
827 1765 1049 1798 extremum
1069 1772 1250 1797 successu
1266 1759 1490 1798 carituram.
1547 1759 1612 1799 bis

146 1833 199 1858 ex
226 1819 428 1857 occasione
457 1817 668 1869 adiungam
695 1817 826 1855 locum
843 1820 871 1858 2
898 1816 950 1855 ad
981 1814 1153 1855 Timoth.
1169 1815 1196 1856 4
1213 1818 1262 1865 3,
1299 1816 1369 1854 ubi
1389 1816 1437 1855 fit
1457 1817 1607 1855 mentio

145 1875 355 1914 hominum
381 1873 650 1927 κνηθομένων
676 1871 752 1927 τήν
780 1869 934 1926 ἀκοήν,
961 1870 1040 1911 1100
1060 1881 1142 1923 est,
1171 1878 1218 1911 ut
1237 1873 1422 1923 vulgatus
1448 1873 1610 1925 elegan-

143 1939 208 1971 ter
226 1932 373 1982 vertit,
399 1934 674 1984 prurientium
694 1930 889 1981 auribus,
920 1931 1177 1983 ἰσοδυναμεῖν
1194 1928 1289 1967 huic
1306 1936 1514 1968 enarratae
1529 1929 1608 1969 1100

143 1989 231 2028 1000
249 1989 441 2059 sormulpe
458 2002 508 2027 ex
527 1995 659 2027 mente
679 1986 877 2039 Hesychii.
934 2000 1025 2025 nam
1046 1987 1078 2025 is
1096 1986 1164 2025 ubi
1181 1986 1428 2038 exposuisset
1446 1984 1607 2039 κνηθό-

143 2061 258 2114 μενοι
277 2062 354 2099 την
378 2041 510 2099 ἀκοήν
534 2059 608 2098 per
628 2045 727 2084 haec
745 2044 886 2083 verba.
916 2042 1122 2095 ζητοῦντές
1139 2059 1176 2083 τι
1197 2039 1366 2084 ακοῦσαι
1382 2040 1488 2084 καθ’
1501 2043 1604 2095 2260-

141 2099 243 2154 νήν,
273 2110 504 2154 quaerentes
524 2101 691 2155 aliquid
705 2100 854 2140 audire
875 2100 934 2138 ad
950 2101 1219 2151 voluptatem,
1248 2106 1385 2151 postea
1401 2097 1602 2152 κνώμενοι

141 2158 428 2210 interpretatur
445 2159 706 2210 aequivalenti
722 2158 917 2198 vocabulo
934 2157 1193 2209 κνηθόμενοι.

257 2211 456 2256 Κόκκοι
482 2229 522 2267 p.
539 2216 621 2257 489
647 2229 687 2256 v.
713 2218 777 2257 16.
835 2228 934 2266 quos
955 2214 1061 2252 dicat
1080 2212 1146 2250 hic
1172 2210 1431 2263 Pachymeres
1454 2211 1600 2250 Cocco-⁹

141 2270 379 2321 monachos,
415 2271 625 2310 Vaticanus
650 2272 734 2323 ipse
761 2271 924 2310 videtur
950 2271 1147 2321 ignorasse
1172 2267 1470 2320 paraphrastes:
1505 2282 1598 2307 nam

140 2327 219 2367 hoc
246 2328 413 2366 verbum
440 2328 590 2377 omisit,
618 2333 667 2366 ut
694 2333 846 2366 caetera
871 2328 953 2365 fere
976 2339 1076 2377 quae
1096 2339 1175 2364 non
1196 2325 1378 2376 intelligit
1402 2326 1599 2364 transilire

142 2385 358 2423 consuevit.
404 2397 464 2422 ‘ne
484 2384 688 2436 proprium
707 2384 753 2422 id
772 2396 915 2422 nomen
938 2389 1098 2435 putem,
1126 2382 1256 2420 obstat
1273 2394 1478 2421 numerus:
1506 2396 1599 2422 nani

141 2453 242 2493 quae
268 2442 370 2480 ratio
397 2441 548 2492 patitur
575 2446 623 2478 ut
649 2440 764 2479 multi
794 2441 953 2478 nomine
978 2453 1059 2477 uno
1082 2439 1195 2477 velut
1220 2438 1382 2490 proprio
1408 2439 1487 2477 sint
1506 2440 1599 2479 usi?

140 2511 194 2536 an
219 2498 427 2549 peculiaris
454 2497 646 2549 quaedam
665 2496 950 2535 monachorum
975 2496 1159 2533 sodalitas
1178 2494 1256 2533 hoc
1273 2496 1468 2534 vocabulo
1491 2496 1599 2534 desi-

139 2560 257 2606 gnata
285 2560 365 2604 est,
394 2555 449 2592 sic
478 2556 582 2593 sorte
608 2553 892 2606 appellatorum
909 2566 932 2590 a
949 2552 1079 2590 colore
1098 2552 1220 2592 vestis
1237 2552 1461 2591 coccineum
1479 2567 1598 2605 prae-

138 2612 289 2650 serente
320 2611 554 2663 quippiam?
609 2611 651 2649 id
669 2610 829 2661 quidem
858 2609 1104 2662 suspicabar;
1133 2614 1173 2647 et
1189 2609 1375 2648 fulciebat
1393 2610 1599 2648 coniectu-

139 2681 224 2706 ram
260 2668 371 2718 quod
415 2668 548 2706 statim
585 2667 855 2718 subiungitur,
897 2666 1074 2705 fortassis
1108 2665 1347 2718 expositive,
1399 2666 1467 2707 καὶ
1503 2663 1601 2713 τούς

138 2720 230 2764 κατ’
250 2724 418 2774 ἐκεῖνον,
440 2724 550 2776 quod
566 2724 658 2763 licet
674 2723 926 2775 interpretari
946 2731 984 2761 et
1002 2737 1068 2761 eoa
1084 2725 1156 2775 qui
1173 2725 1285 2761 circa
1301 2724 1435 2772 illum,
1458 2734 1599 2773 nempe

137 2780 416 2831 imperatorem
427 2811 438 2830 ,
466 2786 592 2820 erant.
635 2794 715 2819 non
732 2781 866 2832 paucis
882 2779 1001 2819 huius
1018 2779 1205 2819 historiae
1220 2780 1316 2818 locis
1327 2809 1338 2829 ,
1366 2779 1598 2831 praesertim

139 2837 332 2888 capitibus
349 2841 376 2880 2
396 2844 436 2876 et
461 2841 513 2881 18
534 2838 560 2877 l.
580 2838 628 2888 4,
663 2837 781 2876 video
808 2837 973 2875 indicari
1003 2837 1210 2890 Iosephum
1237 2842 1327 2874 ante
1347 2835 1597 2887 patriarcha..

137 2898 225 2932 tum
245 2893 377 2934 adhuc
401 2894 640 2935 monachum
665 2893 864 2934 assiduum
885 2893 1001 2933 fuisse
1022 2894 1129 2947 apud
1147 2894 1443 2947 imperatorem,
1472 2892 1596 2932 adeo-
