1884 3262
422 182 496 226 DE
530 180 808 224 MICHAELE
841 176 1211 222 PALAEOLOGO
1246 177 1293 219 L.
1319 175 1398 222 IV.
1536 174 1633 220 333

185 295 375 351 στιχηδόν
396 294 500 338 κατὰ
523 292 697 344 δεκάδας
716 291 888 351 ἐπῄεσαν
898 325 911 345 ,
939 292 983 334 αἶ
1001 292 1076 347 μὲν
1094 295 1169 351 τῆς
1187 288 1353 347 πρώτης
1373 285 1543 339 δεκάδος
1562 289 1635 344 τὴν

185 362 350 421 πρώτην
382 363 567 418 ἐδέχοντο
597 362 758 418 μάχην,
791 363 858 404 καὶ
886 365 960 416 τῆς
993 358 1162 410 δεκάδος
1195 358 1222 414 ἦ
1250 356 1392 415 πρώτη
1416 356 1633 414 προώρμα,

187 432 289 476 ὅπου
323 433 390 475 καὶ
419 430 440 474 ὅ
475 429 828 488 Φιλανθρωπηνός
853 427 1183 485 πρωτοστράτωρ
1202 423 1252 483 ἦν
1271 427 1404 471 καὶτὸ
1425 426 1637 481 βασιλικὸν

185 498 422 557 ἀνεγήγερτο
454 506 683 557 σκῆπτρον,
721 497 777 549 ὥς
802 495 1004 552 σύνηθες,
1043 499 1108 539 καὶ
1130 497 1180 551 δὴ
1200 495 1480 551 συμπεσοῦσαι
1497 493 1634 551 μάχην

153 569 344 626 5ἤγειραν
374 567 586 626 κρατεράν.
658 567 752 610 ἀλλ’
779 566 853 609 οὐκ
879 561 928 620 ἦν
956 567 1054 619 μίαν
1079 563 1437 622 ἓπεισφρησάντων
1467 568 1629 607 πολλῶν
1651 568 1683 603 D

183 637 371 694 ἐνεγκεῖν·
407 636 507 680 ὅθεν
529 639 595 679 καὶ
618 640 811 691 περιῆσαν
834 635 1062 686 ἐπιθέμενοι
1088 634 1354 688 μαχομένοις,
1384 630 1634 689 σφάττοντες

183 705 493 761 ἀντεχομένους,
534 703 858 759 καταβάλλοντες
877 702 1217 755 ἀνθισταμένους.
1287 699 1377 744 τότε
1396 702 1471 755 μὲν
1491 703 1633 744 πολλοὶ

182 776 248 817 καὶ
268 779 474 829 μαχαίρας
495 774 609 830 ἔργον
631 773 808 829 ἐγένοντο
818 804 830 823 ,
870 772 1012 813 πολλοὶ
1035 772 1079 813 δὲ
1098 772 1164 813 καὶ
1183 771 1248 812 ἐπὶ
1266 774 1347 812 τῶν
1363 767 1527 812 ὖδάτων
1548 769 1634 812 ὄλι-

182 845 420 892 σθαίνοντες
443 843 768 896 ἐναπέθνησκον,
806 839 921 883 ἄλλοι
942 839 984 881 δ’
1012 835 1065 881 αὖ
1084 840 1331 894 τραυματίαι
1350 835 1557 894 γεγονότες
1578 840 1635 888 εἷς

130 911 295 961 1οτίλος
326 910 519 965 ἀντεῖχον.
589 910 659 953 τὸν
682 910 730 952 δέ
743 925 784 965 γε
803 905 1152 964 πρωτοστράτορα
1177 909 1243 949 καὶ
1271 910 1440 957 πολλαῖς
1460 907 1635 959 ἔβαλλον

182 985 274 1029 ταῖς
299 978 429 1031 ἀκίσι,
478 981 543 1020 καὶ
574 980 654 1020 ἐπεὶ
681 977 929 1020 καθικέσθαι
961 976 1034 1018 οὐκ
1061 971 1110 1029 ἦν
1136 973 1390 1033 ὥπλισμένου
1422 973 1629 1027 πεσόντος,
1653 980 1685 1014 Ε

181 1047 256 1097 τὰς
283 1049 490 1102 μαχαίρας
520 1045 790 1100 ἐμβάλλοντες
819 1050 900 1087 τῶν
932 1042 1066 1086 ὅπλων
1096 1043 1210 1093 ἐντὸς
1242 1043 1439 1100 ᾐκίζοντο.
1510 1048 1633 1086 τοῦτο

180 1121 270 1165 ταῖς
290 1119 448 1164 λοιπαῖς
470 1117 588 1157 ναυσὶ
610 1115 703 1168 δίχα
728 1115 794 1156 καὶ
822 1117 896 1155 τοῦ
920 1112 1013 1155 κατ’
1042 1111 1172 1161 αὐτὰς
1196 1109 1383 1155 κινδύνου
1407 1113 1463 1161 εἷς
1482 1113 1634 1154 δειλίαν

180 1181 400 1238 ἀνήκεστον
427 1184 675 1238 περιίστατο.
743 1179 764 1224 ὅ
785 1182 833 1224 δέ
850 1198 891 1237 γε
911 1179 1107 1236 δεσπότης
1136 1188 1221 1230 τοῖς
1249 1183 1446 1236 αἰγιαλοῖς
1463 1178 1633 1236 ἐφιστά-

127 1261 168 1296 15
179 1251 312 1305 μενος
324 1250 444 1307 ὤρεγε
471 1258 607 1308 χεῖρας
618 1284 631 1303 ,
669 1251 736 1292 καὶ
764 1248 1042 1305 κατηντιβόλει
1063 1249 1114 1292 τὰ
1133 1250 1303 1305 μέγιστα
1334 1253 1482 1305 φωνῶν
1503 1266 1545 1292 τε
1565 1250 1632 1292 καὶ

179 1317 464 1373 ποτνιώμενος,
497 1322 562 1362 καὶ
585 1318 640 1369 ὥς
661 1318 785 1368 αὐτὸς
806 1316 826 1361 ὃ
848 1316 1048 1372 δεσπότης
1068 1318 1127 1373 εἴη
1146 1319 1212 1360 καὶ
1235 1322 1515 1372 προσβοηθεῖν
1534 1317 1632 1372 ἔχοι,

179 1389 246 1430 καὶ
274 1386 295 1430 ὅ
322 1387 462 1442 καιρὸς
496 1387 767 1441 ἀνακλιθῆναι
795 1388 910 1442 σφίσι
939 1384 1134 1443 σφάλμα,
1170 1387 1205 1428 εἴ
1230 1384 1358 1439 μόνον
1382 1385 1630 1440 προσέχοιεν.

178 1454 305 1513 ὤρεγέ
318 1473 361 1499 τε
380 1462 518 1513 χεῖρας
537 1456 690 1507 ἔξωθεν
708 1462 793 1504 τοῖς
811 1453 948 1508 ἐντός,
986 1456 1053 1497 καὶ
1082 1455 1322 1511 προθυμίας
1343 1460 1505 1511 παρεῖχε
1525 1452 1633 1509 σι”μ-

177 1677 281 1714 eadas
317 1677 488 1719 versibus,
520 1677 593 1711 acie
622 1688 683 1722 per
711 1675 910 1721 multiplices
933 1675 1070 1709 ordines
1090 1675 1279 1721 profunda3
1311 1674 1407 1709 cuius
1429 1686 1518 1720 quae
1539 1677 1633 1711 frons

178 1729 254 1758 erat
275 1723 378 1758 decas
402 1724 507 1769 prima
530 1722 736 1757 committere
757 1723 822 1755 iam
847 1728 1027 1766 coeperat,
1049 1721 1223 1766 excipiens
1238 1720 1380 1767 primum
1402 1721 1561 1767 impetum
1583 1723 1632 1757 ir-

177 1770 344 1804 ruentium
372 1770 406 1804 vi
436 1779 564 1803 summa
592 1768 801 1802 Latinorum.
848 1767 883 1801 in
915 1767 966 1801 his
998 1768 1111 1801 decem
1135 1767 1257 1801 nostris
1279 1767 1440 1812 princeps
1463 1772 1538 1802 erat
1559 1768 1634 1813 ipsa.

176 1815 367 1862 praetoria,
406 1826 473 1860 qua
506 1815 693 1860 vehebatur
731 1814 1034 1857 philanthropenus
1068 1817 1314 1858 protostrator,
1355 1813 1444 1847 unde
1486 1818 1635 1849 erectum

176 1861 405 1906 prominebat,
450 1860 493 1894 de
526 1871 618 1894 more
662 1860 729 1893 alte
761 1860 974 1905 conspicuum
1007 1864 1175 1904 sceptrum
1211 1858 1354 1904 imperii.
1401 1870 1443 1893 ea
1475 1860 1636 1905 expedito

176 1912 256 1940 ante
280 1918 394 1941 omnes
416 1917 578 1952 procursu
602 1906 783 1940 miscuerat
803 1917 842 1939 se
863 1906 1015 1939 hostibus
1038 1912 1242 1950 strenueque
1266 1904 1467 1948 dimicabat,
1498 1906 1633 1940 imitan-

174 1952 266 1986 tibus
289 1964 351 1997 pro
373 1951 461 1986 virili
482 1963 601 1986 novem
625 1951 781 1986 caeteris.
829 1963 940 1985 verum
965 1963 1038 1985 cum
1062 1951 1097 1985 in
1119 1962 1218 1985 unam
1248 1950 1339 1984 illam
1362 1955 1459 1984 extra
1481 1951 1631 1987 ordinem

175 2005 327 2032 evectam
350 1997 498 2043 undique
519 1997 633 2032 Latini
656 1997 842 2031 coorientes
865 1998 1042 2031 conatibus
1065 2009 1129 2042 pro
1153 2008 1190 2030 se
1212 1996 1357 2042 quisque
1379 1997 1633 2032 vehementissi-

175 2043 237 2077 mis
259 2043 504 2088 irrumperent,
526 2054 593 2077 non
616 2043 777 2077 sustinuit
797 2043 864 2076 vim
887 2048 1034 2077 atrocem
1059 2043 1101 2077 ad
1126 2046 1329 2083 extremum,
1353 2042 1555 2088 admisitque
1577 2043 1631 2076 vi-

174 2093 308 2131 ctores,
340 2089 397 2134 qui
422 2089 560 2123 eluctati
582 2089 803 2123 constantiam
832 2088 1059 2123 resistentium
1081 2089 1262 2122 fortissime
1287 2093 1494 2130 nostrorum,
1522 2089 1628 2122 truci-

177 2133 299 2169 dantes
322 2135 496 2177 adversos,
519 2134 719 2168 deiicientes
742 2134 873 2178 obvios,
896 2135 1116 2168 miserabilem
1141 2134 1320 2168 ediderunt
1338 2139 1499 2177 stragem.
1546 2138 1628 2169 tunc

175 2179 297 2214 multos
320 2181 506 2225 absumpsit
527 2181 697 2214 confossos
716 2179 860 2223 gladius,
882 2181 1004 2214 multos
1025 2180 1134 2214 bausit
1155 2179 1190 2213 in
1213 2190 1333 2224 aquam
1356 2179 1510 2224 delapsos
1525 2190 1627 2214 mare.

174 2224 231 2259 alii
257 2229 370 2259 tamen
392 2225 521 2268 adhuc,
547 2225 629 2260 licet
650 2227 832 2260 semineces
854 2226 1066 2267 vulneribus,
1093 2226 1137 2259 ad
1160 2225 1260 2259 finem
1282 2235 1390 2269 usque
1410 2225 1626 2260 resistebant.

174 2273 455 2315 protostratorem
478 2272 586 2315 ipsum
608 2271 720 2305 multis
742 2271 912 2316 petierunt
934 2272 1030 2313 telis,
1060 2283 1147 2316 quae
1171 2270 1325 2315 quoniam
1347 2271 1502 2315 perferre
1522 2270 1627 2306 ictum

172 2316 207 2349 in
233 2327 356 2361 corpus
379 2315 565 2361 nequibant
587 2317 699 2350 valida
721 2317 848 2362 ubique
869 2321 1059 2362 protectum
1082 2321 1272 2355 armatura,
1296 2315 1416 2360 gladiis
1437 2328 1499 2361 per
1522 2316 1626 2352 rimas

173 2365 211 2394 et
233 2361 465 2396 commissuras
488 2373 653 2395 armorum
677 2362 855 2396 insinuatis
878 2375 980 2396 saeve
1002 2363 1093 2396 illum
1116 2361 1403 2396 excarnificabant
1425 2374 1488 2407 per
1508 2361 1625 2398 intima

173 2406 353 2441 fodientes.
400 2406 434 2440 id
456 2418 540 2440 vero
564 2407 829 2441 animadversum
850 2408 894 2442 ab
916 2408 1055 2442 aliarum
1080 2408 1239 2441 militibus
1268 2407 1422 2449 navium,
1456 2408 1624 2443 acerrimis

174 2457 210 2486 et
241 2452 390 2498 ipsarum
422 2452 598 2487 insultibus
629 2454 872 2494 laborantium,
906 2453 1010 2496 fregit
1042 2453 1185 2498 denique
1213 2453 1418 2498 pertinacem
1448 2453 1539 2487 inid
1563 2455 1628 2488 loci

173 2498 415 2540 constantiam,
458 2498 549 2532 tristi
591 2502 627 2531 et
662 2498 895 2532 immedicabili
934 2499 1062 2532 iniecta
1093 2510 1134 2532 ex
1165 2499 1400 2544 desperatione
1434 2499 1626 2542 formidine,

173 2543 307 2588 quando
330 2543 489 2589 apparuit
511 2556 531 2578 e
553 2542 667 2577 littore
690 2544 832 2588 despota
855 2556 971 2578 manus
991 2545 1147 2585 tendens,
1172 2557 1212 2578 ac
1235 2545 1377 2589 supplici
1398 2544 1545 2579 clamore
1561 2557 1628 2579 vo-

171 2588 341 2629 ciferans,
372 2594 505 2622 starent
534 2589 644 2623 adbuc
674 2589 806 2623 animis:
839 2601 879 2623 en
912 2590 1030 2623 adesse
1059 2601 1136 2625 sese
1166 2591 1342 2637 despotam
1363 2590 1488 2625 auxilia
1510 2591 1626 2624 seren-

172 2639 257 2677 tem;
292 2634 502 2669 occasionem
536 2635 657 2668 adesse
684 2635 900 2679 reponendae
921 2635 1072 2670 hostibus
1095 2636 1202 2671 cladis
1222 2647 1395 2682 nuperae,
1427 2636 1459 2670 si
1488 2636 1624 2681 paulum

171 2679 269 2713 modo
299 2675 558 2715 conniterent'ur.
603 2680 687 2714 haee
717 2680 858 2725 loquens
893 2681 1008 2722 vultu,
1045 2681 1173 2724 oculis,
1215 2693 1370 2717 manuum
1404 2681 1622 2726 protensione

168 2727 418 2768 commonebat,
450 2738 470 2760 e
492 2731 586 2760 terra
609 2725 742 2760 intuens
770 2726 806 2759 in
834 2726 975 2760 navibus
1002 2734 1212 2773 pugnantes,
1244 2734 1350 2770 nutu,
1380 2730 1498 2771 gestu,
1532 2726 1622 2761 omni

166 2775 350 2814 praeterea,
375 2771 625 2815 significatione
657 2772 810 2805 indicans
839 2772 1008 2813 adducere
1039 2785 1077 2808 se
1105 2774 1262 2808 auxilinm
1293 2772 1520 2818 praevalidum
1542 2783 1621 2807 mox

165 2825 311 2862 moxque
344 2817 548 2853 adfuturum.
592 2817 626 2851 id
656 2817 823 2853 enimvero
853 2818 1030 2864 plurimum
1061 2819 1176 2855 valuit.
1221 2819 1330 2854 nostri
1349 2818 1471 2853 milites
1494 2828 1516 2853 a
1537 2825 1620 2854 nota
