1884 3262
285 199 382 247 384
701 199 933 243 GEORGII
966 200 1309 245 PACHYMERIS
1344 216 1346 219 ’

282 315 328 357 τὸ
347 317 505 365 πνεῦμα
527 308 796 368 γινώσκεσθαι
816 312 874 368 μὴ
894 314 1119 368 προοδικῶς
1139 311 1185 355 ὂν
1205 315 1248 356 ἐκ
1267 318 1369 357 θεοῦ
1391 313 1450 357 δι’
1471 315 1563 358 υἱοῦ
1575 346 1588 367 ,
1627 314 1731 358 ἀλλὰ

283 384 520 435 ποιητικῶς,
552 379 606 430 ὥς
628 381 798 436 λέγουσι.
869 380 1028 430 τούτοις
1057 398 1098 423 τε
1128 383 1193 422 καὶ
1221 389 1306 431 τοῖς
1331 381 1530 433 τοιούτοις
1560 399 1734 439 συγκρο-

285 451 426 503 τηθεὶς
448 446 535 491 οἷον
565 447 585 491 ὅ
610 450 760 499 Βὲκκος
793 449 862 506 ἐφ’
899 444 931 508 ᾧ
962 449 1034 503 τὴν
1068 451 1175 491 ἰδίαν
1203 453 1456 504 θεραπεῦσαι
1486 453 1730 505 συνείδησιν,

282 516 513 559 ὖπεκλίνετο
534 517 636 572 πρὸς
660 516 832 573 εἰρήνην.
885 520 951 560 καὶ
974 516 994 560 ὃ
1015 517 1206 571 βασιλεὺς
1226 518 1377 571 πολλὴν
1401 520 1587 562 ἐντεῦθεν
1608 518 1734 572 ἐλάμ-

283 591 383 639 βανε
402 585 474 639 τὴν
495 584 646 642 ῥοπήν,
685 587 886 639 πολέμους
907 587 950 628 δὲ
969 586 1065 634 τούς
1095 588 1328 641 ἐφεστῶτας
1354 587 1419 628 καὶ
1443 588 1594 640 αἵματα
1616 588 1766 641 {xxv-*5

283 651 497 709 θησόμενα
520 652 847 709 προβαλλόμενος
861 687 873 705 ,
913 653 1020 707 ὅμως
1042 654 1085 696 δὲ
1113 656 1154 696 ἐν
1177 653 1356 710 ἀσφαλεῖ
1375 654 1506 708 μένειν
1525 653 1734 709 πράξαντα

284 722 396 778 παρὰ
427 727 509 764 τῶν
536 722 648 777 ἀμφ’
691 721 814 765 αὖτόν
842 726 987 777 λογίων
1025 719 1260 775 λαμβάνων.
1330 721 1429 765 ὅθεν
1454 724 1632 772 καὶτοῖς
1658 723 1736 779 ἆρ-

147 797 175 830 Ρ
196 797 262 831 261
283 794 458 846 χιερεῦσι
479 791 605 839 πολὺς
625 786 674 844 ἦν
695 790 900 844 ἐμπίπτων
929 792 994 832 καὶ
1027 788 1338 846 καταναγκάζων
1366 790 1440 846 τὴν
1473 793 1641 847 πρᾶξιν,
1671 791 1735 846 ἔγ-

281 857 549 918 χρονιζόντων
567 861 632 900 καὶ
651 863 808 912 μᾶλλον
827 862 908 901 τῶν
925 858 1144 913 πρέσβεων.

426 929 501 973 17.
567 925 639 975 ‘fic
662 932 758 983 γοῦν
785 929 850 968 καὶ
879 926 935 968 ἔτι
961 925 1186 980 ἀνήρτηντο
1202 925 1253 968 τὰ
1272 930 1346 967 τοῦ
1371 923 1633 981 πράγματος,
1670 926 1793 970 καὶ-10

285 993 334 1052 ἦν
363 994 514 1052 ἀνάγκη
544 996 730 1052 πρέσβεις
763 996 995 1048 πέμπεσθαι
1025 994 1093 1049 ἐφ’
1117 989 1148 1052 ᾧ
1180 993 1282 1049 παρ’
1309 995 1465 1036 ἐκείνων
1487 994 1533 1036 τὸ
1556 993 1738 1050 ἀσφαλὲς

284 1065 470 1124 γενέσθαι
486 1097 498 1115 ,
535 1062 590 1113 ὥς
614 1065 800 1106 ἐντεῦθεν
826 1063 883 1117 μὴ
911 1060 1149 1105 ὗποπτεύειν
1173 1062 1243 1104 τὸν
1263 1063 1447 1104 κίνδυνον
1465 1060 1739 1117 ὖποταγέντας

287 1138 338 1190 τῇ
369 1127 450 1176 τῶν
479 1134 695 1187 ἐκκλησιῶν
726 1132 934 1188 πρωτίστῃ
955 1132 1020 1172 καὶ
1045 1130 1123 1185 ἤδη
1147 1131 1334 1185 γνησίους
1359 1128 1506 1184 ἐκείνης
1526 1129 1738 1183 νομιζομέ-

287 1219 383 1251 νους
398 1234 410 1253 ,
449 1201 669 1256 ἐξελέγοντο
690 1201 763 1254 μὲν
783 1200 820 1242 οἱ
840 1200 1047 1253 πρέσβεις,
1080 1199 1116 1240 οῖ
1136 1198 1179 1240 δ’
1200 1187 1304 1252 ἦσαν
1337 1196 1356 1240 ὃ
1387 1185 1740 1253 προπατριαργζεῦ-

236 1284 265 1317 Β
290 1287 365 1320 σας
383 1268 591 1324 Γερμανὸς
618 1270 683 1310 καὶ
714 1266 734 1310 ὃ
755 1268 928 1316 Νικαίας
951 1264 1187 1322 Θεοφάνης,
1226 1268 1291 1307 καὶ
1320 1269 1399 1307 τῶν
1423 1269 1694 1320 συγκλητικῶν
1715 1262 1792 1307 ὅ·1·5

287 1339 412 1393 μέγας
445 1336 666 1392 λογοθέτης
682 1335 993 1391 Ἀκροπολίτης,
1033 1333 1053 1376 ὃ
1078 1332 1487 1389 προκαθήμενοςτοῦ
1504 1334 1737 1388 βεστιαρίου

287 1404 553 1461 Πανάρετος,
585 1408 651 1446 καὶ
683 1402 704 1447 ὅ
733 1404 857 1459 μέγας
888 1402 1171 1458 διερμηνευτὴς
1202 1399 1470 1456 Βερροιιῦτης.
1497 1412 1499 1414 “
1541 1401 1652 1454 οἳὸὴ
1673 1402 1740 1443 καὶ

288 1474 366 1517 ἀνὰ
401 1475 499 1528 μιάν
537 1470 707 1528 τριήρη,
758 1473 943 1514 ἐντεῦθεν
969 1472 1043 1524 μὲν
1071 1470 1109 1512 οἲ
1139 1475 1212 1525 τῆς
1243 1472 1478 1524 ἐκκλησίας,
1515 1469 1668 1511 ἐκεῖθεν
1697 1469 1741 1511 δὲ

287 1542 390 1598 πλὴν
409 1546 482 1584 τοῦ
504 1539 680 1598 μεγάλου
704 1540 928 1597 λογοθέτου
954 1539 993 1582 οἳ
1013 1539 1055 1582 ἐκ
1073 1542 1146 1582 τοῦ
1170 1538 1391 1594 βασιλέως,
1427 1535 1622 1591 λαβόντες
1639 1533 1740 1592 ἀνή-

380 1651 435 1686 16.
459 1646 478 1685 ὁ
504 1649 633 1685 deerat.

288 1742 368 1788 quin
392 1753 434 1775 ex
457 1740 519 1775 deo
544 1751 604 1786 per
627 1739 730 1774 filium
753 1751 818 1773 non
842 1739 1055 1785 progressive
1078 1738 1137 1772 sed
1161 1737 1369 1780 efficienter,
1391 1739 1431 1771 ut
1451 1738 1644 1782 loquuntur,
1669 1736 1742 1770 exi-

287 1789 404 1822 steret.
450 1786 501 1821 his
531 1786 666 1820 tandem
693 1791 728 1819 et
762 1786 877 1820 horum
911 1785 1072 1819 similibus
1107 1788 1236 1819 attente
1266 1782 1441 1828 perpensis
1464 1783 1618 1823 Veccus,
1653 1781 1741 1815 om‘ni

289 1833 356 1867 iam
380 1835 536 1878 exempto
568 1831 794 1865 conscientiae
821 1832 998 1875 scrupulo,
1032 1834 1123 1864 totus
1152 1829 1194 1863 ad
1219 1841 1333 1874 pacem
1367 1828 1607 1873 propendebat.
1653 1837 1741 1872 quae

289 1889 346 1913 res
368 1889 488 1922 magno
521 1877 733 1910 incitamento
765 1876 959 1921 imperatori
990 1876 1056 1910 fuit
1088 1876 1129 1909 ad
1163 1875 1332 1919 inceptum
1355 1873 1550 1918 urgendum.
1595 1883 1677 1916 ergo
1699 1883 1740 1905 eo

294 1925 362 1958 iam
385 1923 541 1956 fidentius
565 1922 640 1956 illas
666 1921 733 1956 sibi
756 1923 871 1956 solitas
896 1921 1087 1956 formidines
1111 1921 1300 1965 allegabat,
1325 1920 1482 1953 bellorum
1505 1918 1682 1959 videlicet,
1705 1917 1742 1951 ni
1792 1934 1801 1938 -

297 1969 475 2004 concordia
498 1968 661 2011 iniretur,
685 1968 940 2012 impendentium
963 1968 1158 2012 cruorisque
1182 1965 1350 2006 fundendi,
1372 1965 1499 1999 addens
1522 1963 1644 1998 nullam
1667 1973 1743 2001 esse

297 2026 433 2049 causam
455 2019 525 2048 tam
547 2014 760 2048 necessariae
784 2012 1032 2058 praecautionis
1056 2012 1280 2052 omittendae,
1305 2022 1379 2045 culn
1401 2010 1490 2055 quod
1513 2010 1557 2044 ad
1581 2019 1743 2054 praever-

295 2060 400 2095 tenda
423 2064 520 2094 tanta
542 2059 630 2093 mala
654 2060 852 2104 petebatur,
884 2069 1036 2092 securum
1069 2058 1305 2101 innoxiumque
1327 2055 1484 2101 quiddam
1507 2060 1599 2089 esset
1621 2053 1743 2088 iudicio

295 2106 536 2151 praestantium
559 2105 809 2150 theologorum,
842 2107 877 2138 et
907 2105 950 2138 ab
972 2103 1060 2138 omni
1083 2103 1205 2137 erroris
1234 2107 1293 2136 aut
1316 2102 1434 2146 culpae
1465 2100 1612 2146 periculo
1635 2111 1744 2134 remo-

295 2158 377 2186 tum.
425 2163 531 2197 quare
553 2151 676 2185 multus
700 2154 774 2185 erat
807 2150 840 2184 in
871 2150 1026 2183 instando
1056 2148 1222 2195 episcopis
1238 2173 1248 2189 ‚
1279 2148 1386 2192 iisque
1408 2147 1497 2181 omni
1519 2150 1640 2180 conatu
1665 2155 1746 2189 per-

294 2197 454 2241 urgendis
478 2198 521 2231 ad
547 2196 717 2241 negotium
754 2195 993 2230 conficiendum
1009 2220 1018 2235 ‚
1059 2194 1315 2239 expectantibus
1336 2193 1369 2227 id
1392 2192 1501 2238 ipsum
1523 2192 1580 2237 qui
1603 2191 1746 2225 aderant

297 2254 319 2277 a
341 2244 491 2321 Rgmano
516 2242 673 2287 pontifice
695 2242 833 2286 legatis,
858 2246 894 2276 et
915 2241 1059 2276 reditum
1083 2239 1306 2274 differentium
1329 2250 1391 2285 spe
1413 2238 1550 2272 tandem
1572 2235 1744 2271 obtinendi

321 2300 362 2321 uo
412 2289 584 2332 petebant.

294 2300 320 2334 q
391 2335 444 2368 17.
491 2334 557 2367 Hic
581 2336 657 2367 erat
678 2337 759 2367 tunc
781 2335 889 2367 status
912 2331 1038 2376 negotii
1063 2330 1251 2377 pendentis.
1296 2341 1362 2375 quo
1386 2327 1526 2364 articulo
1548 2338 1660 2363 rerum
1678 2325 1744 2361 iam

295 2382 463 2414 maturum
496 2385 599 2424 atque
633 2379 715 2412 adeo
747 2378 974 2413 necessarium
1002 2377 1108 2412 visum
1143 2382 1196 2411 est
1226 2377 1356 2420 legatos
1388 2374 1431 2409 ad
1463 2385 1584 2419 papam
1613 2376 1744 2407 mutuos

297 2424 449 2464 mittere,
483 2435 548 2469 quo
581 2424 737 2458 videlicet
759 2429 854 2458 tanto
878 2423 1027 2458 securius
1057 2423 1237 2457 formidata
1259 2421 1455 2455 Latinorum
1478 2418 1647 2465 expeditio
1669 2427 1746 2452 sus-

298 2470 514 2516 penderetur,
539 2475 716 2514 praetextu
739 2470 804 2504 iam
821 2471 955 2515 dempto
969 2469 1092 2503 carolo
1106 2470 1260 2503 Graecos
1283 2465 1498 2512 oppugnandi
1521 2469 1560 2499 ut
1581 2462 1744 2498 schisma-

297 2516 405 2557 ticos,
451 2526 589 2559 quorum
624 2520 714 2549 esset
752 2515 786 2549 in
817 2516 920 2550 Italia
959 2514 1084 2559 legatio
1127 2514 1312 2547 Romanam
1344 2511 1521 2546 ecclesiam
1560 2507 1744 2554 principem

297 2559 515 2595 ecclesiarum
549 2561 820 2604 agnoscentium,
860 2560 893 2595 ei
926 2560 1120 2606 obsequium
1152 2558 1402 2605 profitentium,
1438 2568 1480 2591 ac
1501 2558 1540 2589 ut
1563 2565 1657 2590 suam
1678 2553 1745 2587 rite

297 2605 527 2641 venerantium
558 2607 723 2640 dominam
757 2611 792 2640 et
824 2611 975 2640 matrem.
1022 2604 1122 2640 electi
1146 2617 1227 2650 ergo
1251 2605 1286 2639 in
1310 2605 1439 2649 legatos
1462 2601 1495 2635 hi
1516 2605 1617 2641 sunt,
1653 2599 1746 2633 Ger-

297 2663 412 2686 manus
436 2651 493 2696 qui
516 2652 706 2696 patriarcha
728 2653 857 2693 suerat,
881 2656 916 2686 et
939 2651 1116 2697 episcopus
1138 2651 1288 2684 Nicaeae
1310 2648 1545 2693 Theophanes,
1567 2648 1745 2690 praeterea

301 2709 344 2731 ex
368 2696 546 2731 senatoriis
572 2708 711 2741 magnus
744 2697 914 2741 logotheta
938 2696 1151 2741 Acropolita,
1188 2706 1326 2742 praeses
1359 2691 1512 2729 vestiarii
1542 2691 1743 2732 Panaretus,

301 2747 337 2776 et
372 2753 511 2786 magnus
542 2741 707 2788 interpres
739 2742 955 2776 Berrhoeota.
1000 2742 1051 2776 his
1080 2742 1234 2776 triremes
1257 2741 1299 2775 ab
1322 2739 1524 2784 imperatore
1545 2737 1645 2770 datae
1667 2741 1746 2771 sunt

302 2789 410 2822 duaet
434 2799 532 2822 unam
555 2788 612 2833 qui
634 2800 675 2822 ex
697 2787 840 2822 ecclesia
863 2790 960 2821 erant
982 2787 1079 2822 simul
1102 2786 1382 2827 conscenderunt,
1408 2783 1517 2818 altera
1538 2781 1625 2827 regii
1643 2781 1746 2816 vehe—

303 2834 428 2868 bantur
452 2838 596 2880 excepto
627 2844 747 2879 magno
769 2833 952 2878 logotheta.
1000 2832 1193 2867 extulerunt
1214 2835 1326 2866 autem
1347 2840 1462 2865 secum
1482 2828 1585 2862 multa
1608 2830 1649 2862 et
1665 2837 1746 2873 pre·-
