1884 3262
398 223 474 265 DE
506 222 780 265 MICHAELE
815 221 1186 278 PALAEOLOGO
1220 223 1266 266 L.
1301 222 1377 266 VI.
1533 219 1632 267 459

182 338 278 390 λῆς,
313 338 388 389 τῆς
421 335 525 392 πρὸς
553 335 705 386 αὖτοὺς
734 335 1031 391 ἅποκρι’σεως.”
1099 339 1232 378 ταῦτα
1251 339 1326 378 τοῦ
1346 333 1547 388 βασιλέως
1576 335 1633 377 εἲ-

181 402 330 452 πόντος
357 402 378 446 ὂ
407 405 481 459 μὲν
508 403 761 460 πατριάρχης
789 405 1004 460 ἐφίσταται
1039 407 1090 460 τῇ
1129 409 1211 447 τῶν
1240 401 1480 459 Μαγγάνων
1509 407 1630 459 μονῇ,
1654 412 1682 446 Β

183 473 250 514 καὶ
281 471 390 514 οὕτω
419 473 471 514 τὰ
503 473 606 514 καθ’
641 472 765 515 αὑτὸν
794 470 1094 524 ὃιασκευᾶζεται
1124 471 1179 522 ὥς
1206 473 1311 526 μηδὲ
1330 476 1413 514 τῶν
1434 473 1490 521 εἷς
1509 470 1635 514 αὐτὸν

182 540 450 596 πραχθέντων
477 542 623 597 γνῶσίν
651 558 740 583 τινα
763 548 986 596 παρασχεῖν
1007 542 1145 596 σφίσι·
1180 545 1261 582 τῶν
1284 539 1328 582 δ’
1355 539 1569 596 ἀρχιερέων
1591 556 1634 581 τε

151 610 249 651 Sua?
272 613 352 651 τῶν
373 611 562 663 ε’κκρίτων
579 613 653 651 τοῦ
677 607 827 664 κλήρου
857 608 964 664 ἀμφ’
990 608 1115 650 αὐτὸν
1137 608 1426 662 συναχθέντων
1458 609 1634 663 παραγί-

181 694 321 719 νονται
348 679 414 718 καὶ
443 678 482 719 οἳ
511 677 708 731 πρέσβεις.
779 677 915 719 καὶτὰ
933 681 1007 731 τῆς
1026 679 1240 733 πρεσβείας
1260 681 1482 727 κινοῦντες,
1519 678 1635 730 δῆλοι

180 740 288 800 ἦσαν
313 745 440 788 ἔκεΐνα
468 747 742 800 προτείνοντες
770 744 796 787 ἃ
829 745 879 799 δὴ
907 743 1078 800 φθάσας
1110 743 1131 787 ὅ
1159 745 1351 797 βασιλεὺς
1375 742 1600 801 προεδήλου
1618 757 1628 767 ·
1654 748 1685 782 C

182 812 286 869 παρ’
317 812 367 867 ἢν
400 814 533 856 αἰτίαν
567 815 633 856 καὶ
665 813 1010 868 προενηχηθέντες
1037 813 1212 866 εὐμενῶς
1241 812 1412 868 ἤκουον,
1448 811 1474 855 δῖ
1504 811 1555 867 δὴ
1576 811 1634 867 μὴ

183 880 472 938 προμαθόντες
494 883 559 923 καὶ
584 883 674 923 λίαν
697 884 903 937 δυσχερῶς
924 880 974 923 ἂν
993 881 1247 935 ἠνωτίζοντο.

131 959 174 991 10
326 951 399 996 16.
470 949 607 991 Ταῦτ’
630 949 712 1006 ἄρα
734 952 800 991 καὶ
823 950 1017 1002 βασιλεὺς
1045 947 1100 998 ὥς
1123 949 1171 991 οὗ
1195 946 1344 1004 χλεύην
1364 946 1462 990 εἶναι
1483 947 1558 1002 τὴν
1579 949 1634 990 εἲ·-
1658 952 1690 986 D

185 1015 312 1073 ρήνην
340 1021 613 1074 πληροφορῶν
625 1049 637 1069 ,
674 1017 744 1059 τὸν
764 1017 936 1074 Ἐφέσου
962 1017 1101 1059 Ἰσαὰκ
1121 1017 1196 1059 σὺν
1216 1017 1430 1071 πρέσβεσιν
1448 1016 1638 1059 ἀποστεί-

182 1090 259 1135 λας
277 1086 594 1141 καθειργμένους
611 1086 762 1127 ἐδείκνυ
780 1092 1007 1141 προσγενεΐς
1030 1086 1071 1127 ἐν
1091 1092 1179 1134 ταῖς
1197 1089 1411 1141 φυλακαῖς.
1459 1084 1498 1126 οἳ
1519 1083 1563 1126 δ’
1586 1079 1638 1140 ἦ-

183 1169 262 1195 σαν
301 1152 322 1196 ὅ
362 1151 693 1209 πρωτοστράτωρ
731 1152 1016 1209 Παλαιολόγος
1055 1151 1330 1209 Ἀνδρόνικος,
1377 1151 1638 1208 δπιγκέρνης

177 1220 325 1264 Ῥαοῦλ
356 1220 584 1276 Μανουήλ,
627 1220 648 1264 ὃ
679 1221 855 1278 ἀδελφὸς
885 1222 1012 1264 αὐτοῦ
1036 1220 1259 1274 Ἰσαάκιος,
1296 1223 1362 1264 καὶ
1394 1221 1588 1277 τέταρτος
1615 1219 1636 1264 ὃ

132 1294 173 1329 15
185 1294 258 1332 τοῦ
288 1287 654 1347 πρωτοστράτορος
682 1289 931 1343 αὐτανέψιος
961 1288 1245 1345 Παλαιολόγος
1270 1287 1483 1344 Ἰωάννης·
1520 1290 1566 1331 οἳ
1587 1289 1636 1343 δὴ

185 1360 252 1400 καὶ
282 1360 458 1414 τέτραχα
490 1358 788 1412 κοσμηθέντες,
821 1359 924 1401 εἴποι
951 1375 1011 1407 τις
1037 1356 1227 1413 ποιητής,
1263 1359 1446 1413 βαρείαις
1472 1355 1637 1400 ἁλύσεσι
1659 1364 1692 1399 Ε

186 1430 371 1482 φυλακῆς
399 1425 653 1481 τετραγώνου
683 1427 830 1481 γωνίαν
857 1427 1006 1481 ἐπεῖχεν
1039 1427 1219 1476 ἕκαστος.
1290 1423 1381 1468 τότε
1414 1427 1480 1467 καὶ
1506 1423 1527 1467 ὅ
1551 1442 1642 1481 πιγ-

187 1493 487 1549 κέρνηςῬαοῦλ
508 1494 604 1536 ῗὸών
631 1493 701 1536 τὸν
715 1494 911 1550 Ἐφέσου,
951 1496 1016 1536 καὶ
1037 1493 1123 1537 οἷον
1143 1491 1443 1550 ὑπερπαθήσας
1464 1495 1499 1535 εἰ
1519 1493 1643 1543 αὐτὸς

186 1564 259 1615 μὲν
291 1565 332 1605 ἐν
364 1562 493 1605 ἀνέσει
525 1564 593 1618 ζῇ,
641 1564 779 1604 ἐκεῖνοι
812 1564 856 1605 δὲ
889 1567 1350 1618 προσταλαιπωροῦνται
1379 1566 1429 1618 τῇ
1463 1565 1641 1619 φυλακῇ,

131 1635 176 1668 20
188 1628 288 1688 ὑπὲρ
309 1625 364 1674 ὧν
386 1633 534 1673 ἐκεῖνον
564 1635 721 1685 μᾶλλον
742 1630 766 1686 ἢ
787 1631 935 1681 αὐτοὺς
959 1631 1035 1673 ἔδει
1055 1629 1289 1686 μάχεσθαι,
1325 1627 1485 1686 συνάγει
1509 1647 1551 1672 τε
1576 1634 1642 1672 λε-

278 1751 332 1785 16.
354 1750 713 1797 τραχακοσμηθέντες
733 1751 775 1786 Ρ.
990 1759 1009 1763 ’

186 1852 264 1887 silio
290 1854 482 1888 constantia
504 1865 547 1888 ne
570 1853 737 1888 minimum
761 1854 894 1900 quidem
924 1852 1186 1888 deflectamus.”
1230 1853 1315 1888 talia
1348 1852 1460 1888 locuto
1494 1853 1643 1899 impera-

146 1935 148 1937 ,
187 1903 286 1942 tore,
317 1900 512 1944 patriarcha
536 1900 670 1945 quidem
693 1901 728 1934 in
751 1901 995 1945 Manganorum
1018 1898 1257 1934 monasterium
1280 1910 1318 1934 se
1344 1900 1502 1944 contulit,
1533 1905 1570 1934 et
1591 1900 1643 1934 ita

189 1955 228 1978 se
259 1945 367 1989 gessit
395 1950 436 1979 ut
468 1946 558 1980 nulla
592 1957 706 1979 eorum
739 1958 827 1992 quae
850 1946 885 1980 in
907 1958 982 1980 eum
1007 1951 1085 1980 acta
1107 1947 1242 1979 fuerant
1272 1945 1394 1980 notitia
1416 1957 1478 1991 per
1500 1957 1574 1980 eum
1597 1946 1642 1980 ad

187 1990 319 2034 legatos
350 1996 530 2026 emanaret.
577 1993 794 2036 congregatis
827 2003 927 2037 porro
950 1992 998 2026 ibi
1023 1993 1066 2025 ad
1090 2003 1164 2025 eum
1188 1991 1355 2036 episcopis
1378 2003 1419 2024 ac
1441 1991 1642 2036 primoribus

188 2035 272 2070 cleri
302 2036 483 2071 adsuerunt
515 2039 550 2070 et
583 2037 707 2081 legati,
744 2043 779 2072 et
810 2039 966 2072 videlicet
989 2038 1098 2082 palam
1122 2042 1157 2071 et
1178 2037 1286 2071 libere
1309 2037 1366 2070 illa
1389 2036 1467 2081 ipsa
1489 2037 1642 2082 protule-

186 2085 270 2115 runt
302 2094 390 2127 quae
423 2084 650 2128 postulaturos
680 2083 774 2130 ipsos
805 2083 870 2118 iam
900 2084 1084 2128 imperator
1106 2087 1373 2128 praemonuerat.
1420 2083 1455 2115 in
1478 2094 1544 2127 quo
1568 2082 1641 2115 eius

188 2127 426 2172 providentiae
455 2130 584 2162 fructus
614 2128 643 2162 is
675 2130 847 2171 constitit,
878 2132 918 2163 ut
948 2134 1065 2162 tantae
1096 2128 1290 2162 offensionis
1312 2128 1417 2161 verba
1442 2128 1575 2172 placide
1598 2139 1640 2161 ac

189 2172 264 2206 sine
293 2174 436 2207 tumultu
466 2174 652 2216 audierint,
680 2175 864 2209 irritabiles
893 2174 1019 2220 alioqui
1053 2174 1220 2216 homines,
1255 2184 1360 2218 quos,
1397 2173 1459 2206 nisi
1480 2172 1641 2217 prudenti

187 2217 334 2251 fuissent
364 2219 587 2253 admonitione
616 2221 829 2267 praeparati,
862 2224 955 2254 certo
979 2220 1105 2254 certius
1127 2224 1182 2253 est
1203 2219 1239 2252 in
1261 2230 1341 2253 acre
1363 2218 1509 2263 iurgium
1531 2219 1640 2264 prima

188 2262 248 2297 illa
267 2263 436 2297 mentione
454 2270 687 2310 prorupturos.

283 2309 337 2343 16.
384 2309 601 2353 Excogitavit
631 2316 667 2344 et
701 2311 792 2345 aliud
822 2311 1008 2356 imperator
1039 2310 1224 2355 peresficax
1255 2311 1402 2344 futurum
1434 2309 1477 2343 ad
1500 2319 1641 2354 persua-

191 2353 335 2388 dendum
370 2354 493 2399 legatis
523 2366 590 2389 non
626 2367 700 2390 esse
730 2357 909 2390 ludibrium
940 2367 1058 2401 pacem
1087 2356 1155 2389 iam
1189 2356 1325 2390 factam.
1373 2354 1462 2389 misit
1483 2355 1643 2390 videlicet

190 2399 321 2444 Ephesi
341 2401 534 2445 episcopum
557 2401 708 2435 Isaacum
731 2414 806 2436 cum
828 2401 951 2445 legatis
973 2401 1007 2435 in
1031 2401 1201 2435 custodias
1222 2401 1396 2446 publicas,
1419 2400 1538 2435 iubens
1560 2401 1643 2446 ipsis

189 2445 258 2479 illic
292 2445 426 2479 ostendi
457 2448 618 2490 cognatos
650 2446 741 2492 ipsos
773 2458 813 2480 ac
835 2446 1046 2480 necessarios
1067 2457 1145 2480 suos
1167 2447 1212 2481 ibi
1240 2447 1415 2488 detentoS‚
1454 2447 1544 2492 quod
1566 2446 1645 2491 paci

191 2502 259 2525 non
282 2490 538 2525 consensissent.
583 2491 618 2524 hi
640 2496 738 2526 erant
760 2495 988 2536 protostrator
1001 2492 1223 2537 Palaeologus
1238 2492 1459 2535 Andronicus,
1482 2492 1645 2538 pincerna

193 2536 281 2570 Raiil
305 2536 462 2577 Manuffl,
500 2537 610 2570 frater
632 2537 730 2571 huius
751 2537 922 2578 Isaacius‚
962 2541 998 2570 et
1028 2542 1168 2582 quartus
1189 2538 1447 2583 protostratoris
1470 2549 1512 2571 ex
1535 2539 1645 2571 fratre

193 2593 301 2627 nepos
322 2582 544 2626 Palaeologus
566 2582 730 2624 Ioannes3
757 2583 814 2627 qui
838 2594 919 2616 sane
940 2583 974 2616 in
998 2593 1120 2627 aspero
1143 2588 1262 2618 ornatu
1275 2610 1285 2626 ,
1307 2589 1346 2618 ut
1361 2587 1463 2629 poeta
1479 2583 1645 2628 quispiam

195 2627 344 2669 diceret,
375 2627 536 2672 quadrati
557 2628 656 2662 unius
680 2628 828 2662 carceris
851 2628 998 2671 singulos
1020 2628 1144 2673 singuli
1165 2630 1304 2674 angulos
1328 2630 1507 2670 tenebant,
1531 2628 1646 2672 gravi-

194 2673 259 2706 bus
282 2673 385 2707 vincti
408 2672 548 2707 catenis.
594 2679 676 2707 tunc
698 2673 858 2718 pincerna
881 2674 968 2707 Raiil
991 2673 1198 2719 Ephesinum
1220 2675 1356 2717 videns,
1385 2680 1421 2709 et
1444 2674 1572 2708 scilicet
1592 2673 1645 2707 in-

195 2717 340 2762 dignans
363 2730 436 2752 eum
461 2718 594 2764 quidem
615 2719 721 2753 libere
741 2719 774 2752 in
797 2719 992 2754 remissione
1014 2731 1056 2753 ac
1078 2720 1206 2755 deliciis
1228 2721 1362 2762 vivere,
1386 2732 1423 2754 se
1445 2725 1554 2753 autem
1571 2730 1646 2753 cum

195 2764 296 2797 sociis
318 2764 506 2798 conflictari
533 2764 615 2798 tetri
642 2764 790 2798 carceris
823 2764 990 2798 aerumnis
1023 2765 1284 2801 ecclesiasticam
1315 2767 1358 2799 ob
1389 2776 1545 2807 causam,
1582 2775 1645 2810 pro

196 2819 263 2851 qua
283 2808 392 2853 ipsum
415 2809 592 2851 nimirum,
615 2813 734 2855 utpote
757 2810 963 2851 antistitem,
986 2814 1117 2846 certare
1141 2823 1182 2846 ac
1205 2812 1289 2846 dura
1312 2811 1427 2845 subire
1449 2812 1562 2845 suerat
1583 2821 1643 2844 ae-

196 2854 315 2898 quius,
356 2855 491 2901 collegit
513 2857 598 2890 clam
619 2855 655 2890 in
677 2866 808 2891 manum
831 2867 852 2891 e
873 2855 1109 2902 pendentium,
1147 2857 1270 2903 quibus
1300 2857 1490 2902 ligabatur,
1527 2860 1641 2891 tracta
