1884 3262
172 196 270 243 230
589 192 825 238 GEORGII
856 177 1210 236 PAGHYMERIS

178 307 304 366 ὅσην,
343 306 400 350 ἔτι
421 305 466 349 δὲ
488 306 555 349 καὶ
579 309 663 348 τῶν
692 309 768 348 τοῦ
800 302 1003 361 βασιλέως
1033 303 1168 347 πολλὰ
1195 299 1401 359 λαβόντας
1421 304 1642 358 ἓπαναζευ-

172 375 323 435 γνῦειν,
361 374 409 417 τὸ
431 381 611 430 κρεῖττον
629 377 704 429 τῆς
734 374 845 424 λείας
865 375 931 417 καὶ
963 372 1090 417 αὐτὸν
1108 370 1386 430 διαφερόντως
1404 373 1642 430 ἀγομένους.

126 447 158 482 D
179 443 422 501 μεμνῆσθαί
453 459 496 485 τε
526 443 753 500 συγγενείας
781 442 983 500 προτέρας
1021 443 1088 484 καὶ
1120 439 1257 496 δόξης.
1335 443 1403 484 καὶ
1434 444 1468 484 εἲ
1493 442 1550 497 μὴ
1581 442 1640 485 δι’

175 513 302 569 ἄμφω
330 512 398 554 καὶ
427 508 484 561 ὥς
515 515 681 568 συγγενῆ
703 509 889 554 σπεύδειν
909 513 977 554 καὶ
1003 508 1058 561 ὥς
1085 511 1295 562 ἐλπίζοντα
1314 509 1643 565 μεταλαμβάνειν

173 579 305 625 πάλιν
318 579 370 622 τὰ
389 581 511 634 μείζω
527 585 725 637 θαρρεῖν,
762 579 860 623 ἀλλ’
884 574 958 623 οὖν
975 579 1032 622 δι’
1051 576 1096 621 εἐν
1115 578 1275 621 τούτων
1292 577 1406 629 ἄξιον
1424 577 1640 636 συμπράτ-
1654 590 1675 625 5

173 666 255 693 τειν
271 647 449 702 οἴεσθαι,
490 646 514 702 ἢ
538 647 594 699 ὥς
618 655 800 705 συγγενεῖ
812 652 1058 704 βοηθοῦντα
1081 646 1107 702 ἢ
1132 645 1186 697 ὥς
1206 644 1342 690 εἶδότα
1359 651 1644 692 κατελεοῧντα.

174 721 309 761 ταῦτα
328 714 520 773 δηλώσας
536 721 594 776 τῷ
612 719 714 776 θείῳ
734 717 793 760 δι’
816 714 1077 773 ἀπορρήτων,
1114 715 1166 758 τὰ
1186 715 1312 758 πιστὰ
1332 715 1473 769 λαβὼν
1492 717 1647 760 ἐκεῖθεν

176 785 244 830 διὰ
267 783 523 842 γραμμάτων
542 793 818 842 προσεποιεῖτο
839 785 986 843 ἔφετὴν
1015 783 1117 827 εἶναί
1139 784 1178 827 οἳ
1206 784 1281 841 τὴν
1298 784 1501 838 βασιλέως
1524 785 1644 838 θέαν,

122 854 156 889 Ε
180 855 247 898 καὶ
265 854 501 912 γράμμασιν
521 852 667 909 ἐδήλου
686 859 744 913 τῷ
764 859 937 910 βασιλεῖ,
970 855 1037 896 καὶ
1055 852 1225 896 ἱκέτευεν
1248 853 1401 910 ἐφεῖναι
1419 852 1524 909 παρ’
1548 854 1650 896 ἐκεῖ-

174 923 477 980 νονγενὲσθαι·
515 922 609 966 οἶδὲ
630 922 709 980 γὰρ
729 921 875 967 ἀνεκτά
898 922 938 966 οἱ
958 920 1059 964 εἷναι
1081 923 1144 964 ἐπὶ
1174 926 1373 965 τοσοῦτον
1398 921 1648 980 ἐστερῆσθαι
1661 934 1705 968 10

177 995 253 1047 τῆς
277 995 494 1047 βασιλικῆς
524 991 676 1046 ὅψεως.
748 994 782 1035 εἶ
807 995 917 1048 γοῦν-
935 988 1213 1047 προστάσσοι·
1250 991 1284 1033 εἴ
1318 989 1361 1032 δ’
1402 985 1497 1044 οὖν,
1547 989 1645 1033 ἀλλ’

181 1059 310 1104 αὐτὸν
331 1059 438 1115 ἥξειν
459 1061 526 1102 καὶ
547 1059 702 1113 οὕτως,
741 1061 825 1103 ἐπεὶ
845 1058 981 1110 πόθος
1000 1060 1143 1115 ἐπείγει
1162 1060 1228 1102 καὶ
1245 1065 1445 1116 τυραννεῖ.
1514 1063 1650 1102 ταῦτα

178 1128 333 1185 μαθὼν
358 1126 378 1172 ὃ
411 1128 606 1183 βασιλεὺς
634 1128 722 1187 (καὶ
747 1133 827 1171 ποῦ
849 1128 926 1185 γὰρ
945 1128 1016 1171 τὸν
1041 1126 1164 1170 δόλον
1195 1126 1295 1182 εἶχεν
1317 1125 1503 1170 ὑπονοεῖν
1515 1126 1550 1184 3)
1581 1127 1650 1171 διὰ

42 1203 71 1238 Ρ
96 1203 163 1239 1¹54
187 1194 441 1255 γραμμάτων
463 1198 621 1253 ἐφίησιν
643 1197 868 1254 ἀφικέσθαι
886 1196 992 1252 παρ’
1014 1197 1186 1239 ἐκεῖνον·
1222 1198 1320 1238 ἰδεῖν
1343 1195 1420 1252 γὰρ
1441 1196 1509 1238 καὶ
1531 1198 1650 1239 δυσι-

181 1266 277 1317 noes
301 1263 450 1316 τόπους
471 1265 703 1323 ἐγγενέσθαι
722 1266 759 1309 οἱ
770 1299 783 1321 ,
824 1264 895 1316 οθς
917 1265 991 1309 οὐκ
1012 1260 1062 1321 ἦν
1083 1262 1185 1323 δρᾶν
1208 1264 1305 1308 κατ’
1329 1263 1536 1316 ἀνατολὰς
1558 1262 1647 1309 διά·
1661 1273 1704 1310 15

179 1409 258 1446 inde
278 1410 441 1445 bonorum
464 1409 498 1445 in
532 1409 626 1455 ipsos
649 1409 915 1446 redundaturum
939 1411 1051 1445 esset=
1074 1409 1128 1444 sin
1160 1408 1195 1444 id
1219 1420 1283 1444 non
1307 1407 1530 1451 succederet,
1554 1411 1650 1443 certe

179 1469 246 1492 non
264 1467 365 1502 posse
388 1456 539 1491 dubitari
562 1457 644 1502 quin
668 1457 966 1502 quaestuosissima
981 1456 1048 1502 ipsi
1064 1457 1155 1490 soret
1168 1456 1237 1490 ista
1255 1455 1384 1498 militia,
1409 1454 1529 1499 utique
1548 1455 1652 1489 redu·

181 1509 278 1537 cturo
303 1514 346 1537 ex
378 1514 421 1537 ea
455 1502 573 1548 copias
604 1507 744 1538 onustas
775 1503 890 1548 opima.
921 1502 1073 1548 praeda,
1109 1514 1185 1536 cum
1211 1501 1351 1536 aliarum
1383 1501 1490 1535 omnis
1515 1501 1651 1545 generis

179 1559 311 1590 rerum,
333 1551 406 1582 tum
430 1551 616 1594 apparatus
648 1561 690 1583 ac
721 1548 941 1595 supellectilis
974 1548 1235 1603 imperatoriae,
1271 1558 1314 1581 ex
1346 1546 1468 1592 quibus
1492 1546 1653 1592 excipere

181 1595 248 1629 sibi
271 1595 597 1639 praestantissimum
620 1595 770 1640 quidque
793 1598 933 1640 posset,
966 1598 1002 1629 et
1024 1606 1134 1640 ipsum
1157 1593 1441 1638 consanguineum
1463 1592 1652 1638 supplicem

180 1640 320 1685 indigna
343 1640 498 1674 custodia
521 1645 676 1685 ereptum
698 1640 897 1676 incolumem
921 1653 962 1675 ac
992 1641 1136 1675 liberum
1169 1652 1244 1675 cum
1266 1639 1426 1686 pretiosis
1449 1639 1566 1684 spoliis
1589 1639 1654 1672 do-

180 1697 270 1721 mum
293 1685 456 1730 recipere.
503 1686 709 1721 meminisset
741 1686 861 1732 prioris
889 1698 973 1720 suae
1005 1686 1159 1731 gloriae,
1191 1690 1228 1719 et
1259 1697 1301 1720 ex
1329 1696 1398 1730 qua
1431 1685 1596 1719 felicitate
1617 1685 1654 1718 in

184 1742 285 1778 quam
308 1730 478 1765 miseriam
499 1735 569 1766 tam
592 1737 669 1766 arta
690 1732 757 1778 ipsi
781 1732 992 1777 cognationis
1015 1731 1268 1767 necessitudine
1293 1731 1472 1765 devinctus
1494 1731 1654 1776 princeps

184 1777 389 1818 decidisset,
420 1782 585 1823 reputans
615 1778 846 1812 miseraretur.
893 1778 1014 1824 quodsi
1047 1779 1133 1812 haec
1168 1789 1288 1823 parum
1321 1782 1498 1811 moverent
1522 1777 1567 1811 ad
1591 1788 1655 1810 au-

183 1822 328 1857 dendum
359 1823 450 1867 quod
483 1823 714 1865 suadebatur,
746 1827 783 1858 at
815 1825 960 1858 fructum
992 1824 1163 1868 cogitaret
1193 1823 1273 1857 inde
1303 1822 1371 1868 ipsi
1401 1827 1651 1868 proventurum

183 1869 322 1903 uberem
351 1868 408 1902 vel
441 1879 600 1903 successu
633 1869 713 1904 belli
744 1869 879 1904 lucroso
901 1869 1130 1915 praemiisque
1153 1868 1341 1910 victoriae,
1371 1868 1427 1902 vel
1461 1879 1482 1902 a
1514 1867 1653 1913 propria

185 1913 396 1959 gratitudine
419 1914 470 1948 sui
493 1914 621 1960 ipsius,
645 1918 825 1961 postquam
851 1927 927 1950 sese
947 1916 983 1949 in
1017 1918 1142 1950 statum
1166 1916 1324 1948 fortunae
1349 1913 1528 1959 pristinum
1549 1925 1653 1959 repo-

186 1960 315 2001 suerit,
338 1959 449 1994 omnia
470 1960 645 1995 liberatori
667 1961 826 1996 debituri.
872 1962 957 1995 haec
979 1961 1008 1996 si
1030 1961 1228 1995 viderentur
1250 1961 1384 1994 infirma
1418 1959 1571 2003 singula,
1602 1960 1652 1994 si-

186 2005 257 2040 mul
278 2008 392 2040 tamen
416 2005 595 2041 coniuncta
618 2006 731 2042 omnia
754 2006 822 2042 vim
845 2007 972 2041 habere
998 2008 1176 2041 maximam
1208 2006 1299 2052 apud
1323 2007 1396 2040 eius
1420 2006 1566 2040 animum
1587 2016 1654 2051 par

187 2062 276 2088 esse.
323 2055 444 2096 ageret
466 2051 589 2096 igitur,
616 2057 653 2087 et
675 2053 732 2087 vel
755 2053 1061 2098 consanguinitatis
1086 2056 1246 2099 respectu
1271 2051 1397 2086 auxilio
1420 2052 1569 2093 veniret,
1594 2051 1655 2086 vel

187 2108 271 2132 suae
291 2096 525 2141 infelicitatis,
548 2110 649 2144 quam
670 2099 736 2144 ipsi
759 2099 929 2145 aperiret,
967 2099 1087 2133 notitia
1107 2099 1247 2143 indigna
1281 2100 1450 2132 ferentem
1473 2097 1655 2131 miserare-

187 2149 256 2178 tur.
303 2143 356 2178 his
380 2154 502 2178 arcano
526 2144 690 2190 expositis
714 2148 855 2191 patruo,
885 2145 1061 2191 literisque
1089 2144 1197 2190 ipsius
1228 2144 1353 2178 mutuis
1385 2155 1526 2178 assensu
1547 2142 1654 2187 ipsius

189 2188 326 2234 fideque
349 2192 509 2236 accepta,
547 2191 718 2225 simulavit
749 2191 940 2226 desiderare
971 2203 1009 2225 se
1030 2191 1189 2225 maiorem
1221 2190 1257 2224 in
1280 2190 1412 2224 modum
1437 2194 1654 2235 conspectum

188 2234 425 2279 imperatoris,
455 2235 491 2269 in
526 2248 668 2282 eamque
697 2237 895 2271 sententiam
919 2237 962 2271 ad
984 2237 1222 2282 imperatorem
1246 2236 1401 2281 scripsit,
1426 2247 1526 2270 orans
1549 2235 1655 2270 etiam

189 2284 295 2324 atque
321 2281 423 2315 etiam
446 2286 486 2314 ut
507 2282 573 2316 sibi
596 2282 810 2328 permitteret
839 2283 949 2329 ipsum
984 2283 1091 2317 adire.
1139 2294 1246 2326 neque
1278 2282 1365 2316 enim
1389 2282 1455 2317 sibi
1477 2282 1656 2316 tolerabile

190 2325 299 2359 videri
319 2329 416 2360 tanto
439 2326 505 2361 iam
527 2331 682 2373 tempore
706 2339 770 2364 usu
799 2340 842 2363 ac
872 2329 949 2364 visu
972 2329 1099 2374 privari
1131 2327 1296 2363 carissimi
1327 2334 1430 2374 atque
1460 2327 1656 2363 honoratis-

190 2370 352 2424 simi-sibi
375 2371 549 2419 principis,
595 2374 715 2408 iubere
736 2374 845 2420 igitur
867 2375 1110 2421 quamprimum
1133 2375 1333 2420 dignaretur
1362 2387 1400 2409 se
1425 2374 1555 2408 venire.
1600 2373 1654 2407 sin

191 2416 380 2461 gratificari
413 2417 478 2451 hoc
510 2419 578 2453 sibi
602 2420 777 2465 differret,
809 2420 915 2455 sciret
936 2426 1035 2456 tanta
1056 2432 1095 2455 se
1114 2421 1167 2455 uri
1188 2421 1260 2455 eius
1283 2432 1396 2455 coram
1418 2419 1571 2455 intuendi
1594 2430 1656 2453 cu-

191 2461 359 2508 piditate,
390 2466 430 2496 ut
465 2463 527 2498 vix
559 2465 624 2499 sibi
657 2470 849 2513 temperare
880 2471 998 2512 posset
1027 2479 1049 2502 a
1072 2467 1285 2513 profectione
1314 2467 1404 2501 istuc
1424 2466 1553 2500 iniussu
1575 2469 1655 2499 ten-

192 2508 316 2552 tanda3
343 2508 433 2553 quod
466 2508 495 2542 si
526 2511 658 2545 faceret
688 2513 819 2556 ignosci
846 2525 989 2560 aequum
1015 2515 1108 2548 fore:
1140 2513 1351 2558 tyrannicam
1373 2523 1450 2548 esse
1471 2511 1539 2546 vim
1562 2510 1656 2546 desi-

193 2552 300 2596 derii,
322 2557 359 2588 et
380 2565 557 2600 erumpere
580 2557 776 2612 plerumque
799 2559 890 2594 ultra
923 2559 1063 2594 rationis
1100 2564 1205 2606 atque
1227 2559 1363 2594 humani
1397 2557 1532 2593 arbitrii
1553 2569 1656 2603 prae-

194 2598 323 2645 scripta
345 2600 498 2634 fraenum
521 2602 684 2637 eluctatos
705 2616 778 2638 ems
800 2604 956 2650 impetus.
1003 2605 1055 2640 his
1077 2605 1266 2652 imperator
1283 2603 1446 2650 acceptis,
1469 2615 1533 2638 nec
1555 2603 1656 2649 quid-

192 2656 295 2690 quam
317 2645 361 2679 de
382 2646 525 2681 occultis
546 2659 631 2693 quas
654 2649 797 2684 diximus
819 2651 1122 2686 machinationibus
1143 2651 1354 2698 suspicatus,
1387 2649 1563 2695 rescripsit
1591 2649 1656 2683 hu-

193 2690 338 2725 maniter
358 2690 535 2737 indulgens
559 2694 695 2728 Sultani
717 2695 807 2740 quod
829 2698 981 2741 petebat,
1003 2698 1092 2732 ultro
1115 2697 1298 2743 quinetiam
1318 2695 1463 2730 invitans
1487 2694 1531 2730 ad
1553 2706 1655 2729 occa-

194 2736 322 2771 sionem
344 2739 572 2784 usurpandam
596 2740 729 2775 visendi
751 2739 945 2787 provincias
968 2747 1003 2777 et
1028 2745 1132 2778 urbes
1155 2742 1299 2778 Occidui
1330 2746 1481 2782 tractus,
1513 2752 1656 2787 quarum

191 2793 363 2828 nunquam
396 2784 586 2828 hactenus,
620 2787 748 2833 quippe
779 2798 914 2833 semper
949 2794 1099 2824 moratus
1134 2789 1167 2824 in
1202 2789 1370 2829 Oriente,
1395 2799 1507 2822 coram
1534 2791 1570 2821 et
1591 2798 1656 2822 usu

192 2828 366 2874 praesenti
390 2831 698 2876 cognoscendarum
721 2832 818 2879 copia
839 2833 907 2880 ipsi
931 2835 1142 2880 contigisset.
1187 2846 1252 2870 non
1277 2834 1410 2869 distulit
1431 2834 1553 2869 Sultan
1576 2844 1663 2876 con--
