1884 3262
426 208 502 250 DE
534 205 813 249 MICHAELE
845 202 1221 248 PALAEOLOGO
1256 204 1303 247 L.
1331 202 1407 248 VI.
1539 201 1638 248 473

176 323 242 365 καὶ
266 320 404 364 αὐτῶν
426 319 644 366 ἅπτεσθαι.
716 323 768 375 τῇ
791 318 840 362 δέ
854 335 898 375 γε
917 318 1022 376 δίψῃ
1041 317 1107 360 καὶ
1123 320 1282 372 μᾶλλον
1305 315 1409 374 οἷῖσῃ
1428 316 1640 375 βιαιοτέρᾳ

177 390 252 433 οὐκ
280 386 332 444 ἦν
361 391 572 445 ἐπινοῆσαι
603 389 856 442 θεραπείαν,
903 389 970 429 καὶ
1011 390 1145 429 ταῦτα
1177 385 1225 429 τό
1255 385 1533 442 μεσημβρινὸν
1564 389 1639 428 τοῦ

175 457 292 514 ἡλίου
311 458 545 514 φλέγοντος.
616 456 716 500 ὅθεν
734 458 802 499 καὶ
825 452 1113 512 προσεχώρουν
1135 452 1293 504 ἑκόντες
1309 462 1396 504 τοῖς
1418 455 1638 508 πολεμίοις,

177 525 437 582 ἀνεκτότερον
460 523 676 582 ἡγούμενοι
696 522 885 568 θανάτου
906 521 1059 578 τρόπον
1080 521 1243 565 ἅπαντα
1263 528 1338 566 τοῦ
1363 523 1430 566 διὰ
1453 527 1574 577 λιμοῦ
1595 539 1638 565 τε
1660 526 1694 561 D

145 609 166 644 5
179 598 245 638 καὶ
270 597 398 650 δίψης
408 629 420 648 ,
459 597 527 637 καὶ
546 593 759 650 καγκάνοις
780 596 1155 649 προσλιπαροῦντες
1174 598 1259 640 τοῖς
1272 593 1466 646 χείλεσιν,
1504 589 1559 641 ὥς
1578 590 1644 633 ἔν-

176 664 324 707 τεῦθεν
356 664 493 711 ἐλέους
522 661 705 718 τύχοιεν,
750 663 982 704 ἔκεντοῢντο
1009 661 1076 702 καὶ
1107 659 1275 702 ἔπιπτον
1304 659 1492 715 ἀκηδεῒς,
1537 659 1644 714 μηδὲ

176 737 313 788 ταφῆς
346 729 590 786 ἀξιούμενοι.
659 730 822 786 Πέρσαι
849 731 895 772 δὲ
925 730 998 771 καὶ
1024 728 1082 771 ἔτι
1120 735 1207 778 τοῖς
1241 728 1355 777 ε’ντός
1383 728 1643 783 ἄντίσχουσιν

178 800 374 859 (ἤλπιζον
398 800 476 857 γὰρ
499 800 727 857 ἀφίξεσθαί
744 804 876 842 ποθεν
895 798 1130 852 συμμαχίαν
1155 796 1179 852 ἢ
1203 797 1286 851 μὴν
1305 799 1539 854 ἐπικουρίαν
1569 800 1645 851 τῆς

178 868 424 926 συμφορᾶς)
460 867 650 912 ἐπενόουν
683 868 736 911 τὰ
764 866 1061 923 χαλεπώτατα,
1100 868 1166 914 καὶ
1198 870 1363 916 πελταΐς
1393 867 1535 920 συχνοὶ
1561 869 1644 908 τῶν

125 948 169 981 10
181 936 456 995 θυρεαφόρων
502 936 758 994 ἐφιζάνοντες
793 938 1015 979 ἔκολλῶντο
1053 941 1140 984 τοῖς
1170 936 1351 995 τείχεσιν.
1424 935 1470 977 οἳ
1490 934 1542 990 δὴ
1571 935 1638 976 καὶ
1663 942 1697 977 Ε

178 1005 345 1061 ὑψόθεν
374 1007 540 1063 πέτραις
566 1003 814 1058 βαλλόμενοι
846 1009 928 1047 τῶν
952 1007 1091 1057 βολῶν
1125 1002 1321 1058 η’λόγουν·
1359 1001 1531 1062 πατάγῳ
1563 1002 1646 1059 ’γὰρ

178 1077 245 1118 καὶ
262 1074 376 1133 μόνῳ
399 1079 540 1130 περιῆν
558 1075 721 1122 ἐκείνοις
741 1073 786 1116 τὸ
812 1069 1017 1130 φοβερόν,
1055 1069 1244 1114 κάτωθεν
1264 1069 1546 1128 ὗπορόσσουσι
1565 1089 1647 1125 μο-

174 1147 290 1198 χλοῖς
310 1160 352 1186 τε
372 1145 438 1185 καὶ
458 1144 757 1191 κατασείσταις.
828 1147 952 1184 τοῦτο
981 1144 1190 1195 πολλαχοῦ
1208 1141 1370 1196 γεγονὸς
1391 1145 1465 1184 τοῦ
1490 1141 1647 1194 τείχους

177 1210 418 1255 ’ὖπεσπῶντο
448 1212 523 1265 μὲν
554 1211 754 1266 θεμέλια,
793 1210 840 1253 τὸ
875 1210 923 1252 δέ
948 1209 989 1265 γ’
1024 1210 1268 1263 ἐπικείμενον
1296 1214 1379 1252 τῶν
1412 1207 1646 1263 κτισμάτων

126 1287 168 1322 15
181 1279 316 1331 ξύλοις
344 1279 520 1334 ἑτοίμοις
545 1281 600 1328 εἷς
623 1279 779 1332 ἄναψιν
796 1277 1062 1333 ὖπηρείδετο,
1100 1279 1166 1319 καὶ
1186 1275 1314 1331 μόνον
1340 1273 1387 1332 ἦν
1409 1283 1492 1334 πῦρ
1513 1279 1646 1331 ἔμβα-

180 1353 261 1392 λεΐν
286 1347 341 1396 ὥς
365 1349 471 1404 μηδὲ
499 1348 602 1404 πρὸς
629 1348 762 1403 ὀλίγον
793 1347 1028 1398 ἀνθίξουσι.
1091 1348 1159 1388 καὶ
1190 1347 1241 1401 δὴ
1269 1344 1465 1396 πολλάκις
1494 1344 1648 1400 ὁμολο-

179 1419 284 1474 γίαις
305 1417 380 1472 τὴν
402 1415 520 1459 πόλιν
539 1413 895 1472 παραστήσασθαι
913 1413 1214 1470 βουληθέντες,
1252 1413 1308 1464 ὥς
1329 1417 1395 1457 καὶ
1421 1415 1647 1468 πέμποντες
1669 1425 1699 1460 Ρ
1722 1423 1791 1460 324

180 1486 345 1539 ἠξίουν,
384 1487 450 1528 καὶ
481 1482 621 1537 σώζειν
646 1484 744 1534 τοὺς
773 1482 1012 1541 περιόντας,
1053 1483 1091 1526 οἳ
1115 1482 1159 1525 δ’
1186 1483 1539 1539 ἀποκρουσθέντες
1564 1487 1648 1525 τῶν

182 1557 299 1610 σφίσι
331 1554 663 1609 βεβουλευμένων
696 1551 849 1607 μάχαις
889 1553 1051 1609 αἱροῦσι
1084 1553 1151 1594 καὶ
1184 1550 1540 1604 κατασκάπτουσι,
1581 1553 1650 1594 καὶ

126 1630 173 1663 20
187 1623 258 1679 τὴν
278 1625 373 1680 πρὶν
396 1624 439 1665 ἐν
460 1629 661 1680 χρησμοῖς
684 1622 866 1678 κειμένην
894 1620 1131 1679 περιᾳανὲσι
1158 1622 1230 1663 καί
1252 1620 1293 1677 y’
1324 1621 1477 1663 ἐλπίσιν
1504 1620 1649 1679 ἀπῃω-

181 1799 349 1835 hominum
371 1811 509 1846 quoque
530 1799 879 1846 fateabsumptorum
903 1799 1137 1835 cadaveribus.
1184 1799 1261 1834 aitis
1289 1799 1457 1835 levandae
1480 1799 1651 1834 difficilior

182 1850 259 1882 erat
281 1847 390 1888 ratio,
428 1847 516 1893 quod
539 1846 598 1880 illa
621 1857 722 1891 quam
745 1845 839 1887 dixi,
880 1846 1011 1880 cruoris
1042 1845 1156 1892 equini
1179 1847 1274 1891 potio
1297 1859 1361 1881 nec
1384 1845 1469 1880 satis
1491 1847 1648 1880 ardorem

181 1893 433 1937 restingueret,
470 1898 508 1927 et
536 1893 650 1926 tabem
682 1893 882 1936 ingenerans
909 1897 1036 1926 mortes
1058 1893 1304 1938 frequentaret.
1349 1893 1468 1937 itaque
1492 1892 1649 1926 destituti

179 1939 315 1984 liquore
337 1938 448 1981 omni,
478 1938 618 1973 meridie
640 1938 841 1983 praesertim
865 1938 936 1972 sole
958 1938 1146 1982 flagrante,
1185 1939 1275 1973 ultro
1300 1938 1342 1972 ad
1366 1939 1482 1972 hostes
1505 1939 1650 1972 accede-

181 1985 288 2026 bant,
320 1985 476 2030 quamvis
503 1985 610 2019 diram
643 1995 760 2018 necem
794 1985 901 2019 minus
934 1984 1126 2018 horribilem
1158 1985 1224 2019 rati
1260 1985 1351 2019 lento
1379 1985 1454 2019 sitis
1483 1996 1524 2018 ac
1547 1984 1649 2018 famis

180 2031 314 2065 viscera
335 2031 586 2077 depascentium
608 2030 856 2064 vivicomburio.
904 2035 942 2064 at
974 2030 1088 2064 miseri
1115 2030 1216 2065 siccis
1242 2031 1348 2065 labris
1370 2041 1491 2076 aquam
1515 2030 1649 2075 suppli-

182 2076 269 2110 citer
291 2080 447 2122 petentes
470 2077 555 2112 adeo
578 2088 642 2110 non
665 2076 853 2110 flectebant
878 2076 922 2110 ad
947 2076 1210 2111 misericordiam
1244 2078 1429 2117 barbaros,
1469 2083 1507 2109 ut
1541 2074 1651 2108 basti-

116 2142 118 2145 v
181 2122 262 2156 lium
295 2123 509 2157 mucronibus
539 2122 685 2156 confossi
718 2122 982 2167 repellerentur3
1019 2127 1056 2155 et
1087 2122 1145 2168 qui
1179 2122 1334 2168 plerique
1355 2122 1432 2155 istis
1454 2120 1650 2154 vulneribus

182 2169 446 2211 occumbebant,
484 2169 584 2203 foede
610 2168 776 2202 inhumati
809 2168 982 2210 iacerent,
1021 2179 1086 2202 nec
1119 2168 1268 2213 pulveris
1297 2168 1477 2201 iniectione
1504 2166 1649 2210 dignati.

181 2212 217 2246 in
241 2213 292 2246 bis
315 2218 426 2248 tamen
450 2226 510 2260 spe
533 2214 647 2248 auxilii
671 2226 692 2248 a
717 2214 868 2248 Caesare
890 2213 1022 2248 venturi
1047 2214 1268 2248 constantiam
1300 2212 1511 2247 circumsessi
1538 2211 1649 2246 obsti-

183 2259 331 2298 nabant,
369 2270 438 2304 qua
471 2260 598 2294 Persae
631 2260 798 2304 indignati
819 2271 1015 2306 oppugnare
1038 2261 1202 2294 hactenus
1224 2262 1355 2292 tantum
1379 2260 1536 2292 obsessos
1559 2257 1649 2291 omni

183 2315 248 2349 ope
272 2304 506 2339 decreverunt.
554 2305 728 2339 moenibus
757 2306 863 2349 igitur
892 2318 930 2340 se
963 2306 1058 2339 densi
1093 2306 1290 2345 admovent,
1329 2304 1467 2349 illicque
1490 2306 1647 2349 perstant

183 2349 292 2384 scutis
314 2350 428 2404 capita
450 2351 618 2396 protecti,
652 2355 688 2384 et
709 2353 771 2385 sub
795 2358 871 2385 tuta
894 2351 1064 2385 testudine
1088 2361 1187 2385 casus
1209 2361 1322 2384 omnes
1345 2349 1579 2384 devolutarum
1602 2360 1647 2384 ex

183 2395 255 2430 alto
287 2395 423 2429 molium
452 2396 659 2441 excipientes
689 2397 835 2431 innoxie.
882 2402 953 2431 tum
976 2397 1088 2430 securi
1111 2400 1253 2441 experta
1277 2396 1447 2430 soliditate
1478 2395 1648 2440 tegminis,

183 2453 281 2475 omne
314 2441 404 2475 aliud
434 2447 672 2487 praeterquam
707 2443 873 2488 strepitus
905 2448 941 2476 et
971 2442 1082 2476 inanis
1111 2442 1184 2476 soni
1207 2442 1412 2476 deiectorum
1437 2453 1583 2487 superne
1605 2453 1648 2475 ac

183 2487 273 2521 citra
296 2487 451 2521 damnum
474 2488 694 2521 resilientium
712 2488 855 2522 telorum
878 2488 1120 2522 incommodum
1143 2487 1309 2528 arcentis,
1345 2487 1536 2522 suffossioni
1559 2486 1648 2521 muri

184 2544 247 2578 per
275 2533 379 2567 otium
412 2533 599 2575 vacabant,
638 2534 784 2567 terebris
814 2533 1099 2578 ferramentisque
1128 2532 1164 2566 id
1196 2545 1304 2577 genus
1334 2535 1528 2568 emolientes
1564 2532 1648 2567 locis

184 2578 327 2613 subinde
357 2578 483 2621 variis,
520 2583 557 2615 et
584 2584 763 2622 egerentes
797 2591 901 2621 saxa,
938 2580 1049 2624 quoad
1083 2579 1300 2614 fundamenta
1322 2579 1397 2625 ipsa
1420 2579 1648 2614 subvellerent

183 2625 371 2670 molemque
392 2624 602 2670 superiorem
625 2623 817 2658 tibicinibus
840 2637 859 2658 e
882 2625 971 2666 ligno
995 2625 1138 2659 subditis
1161 2626 1424 2671 suspenderent,
1451 2631 1546 2659 certa
1570 2634 1647 2657 mox

184 2675 343 2704 secutura
375 2681 544 2704 murorum
575 2675 717 2714 strage,
756 2670 815 2704 ubi
845 2669 1075 2704 subiiciendus
1097 2670 1131 2704 in
1156 2675 1307 2717 tempore
1336 2671 1426 2716 ignis
1449 2671 1543 2714 tigna
1566 2680 1648 2703 con-

185 2716 378 2761 sumpserit.
425 2716 514 2750 inter
544 2716 629 2750 haec
659 2715 789 2750 crebris
820 2716 1036 2751 lacessebant
1060 2717 1316 2752 invitationibus
1339 2718 1497 2751 obsessos
1520 2715 1564 2749 ad
1588 2726 1647 2749 sa-

185 2760 288 2795 lutem
311 2762 482 2796 deditione
502 2762 756 2808 paciscendam3
794 2773 877 2807 quas
903 2773 976 2796 cum
998 2762 1046 2796 illi
1067 2764 1293 2808 repellerent,
1330 2762 1461 2797 subruti
1495 2760 1647 2807 undique

185 2807 273 2840 muri
299 2807 430 2843 ruinam
460 2810 640 2851 fecerunt,
679 2808 792 2842 aditus
829 2808 1019 2852 aperientes
1044 2814 1160 2843 vastos
1190 2809 1400 2843 irruentibus
1424 2807 1549 2841 Persis.
1595 2806 1646 2840 sic

185 2852 362 2889 destructa
383 2865 459 2889 mox
482 2855 527 2891 ab
550 2858 629 2890 ortu
651 2865 713 2889 suo
737 2858 792 2889 est
811 2853 928 2889 infelix
950 2854 1093 2899 civitas,
1123 2856 1342 2890 mendacibus
1365 2853 1532 2888 ominibus
1557 2852 1646 2887 vati-
