1846 3262
395 203 471 248 DE
505 202 786 246 MICHAELE
813 199 1191 245 PALAEOLOGO
1224 200 1271 243 L.
1306 198 1361 244 Π.
1526 195 1619 244 143

143 320 216 363 τὸν
232 317 336 374 με’γα
356 315 605 375 φωνήσοντα
627 316 703 372 τὴν
719 321 803 360 τῶν
821 313 1085 373 κρατούντων
1106 313 1322 370 εὐφημίαν.
1394 309 1508 367 ὅμως
1534 330 1618 355 πα-

144 384 476 445 ρακρατούμενος
495 393 581 436 τοῖς
601 384 754 441 ἑτέροις
769 382 978 441 τρεμούσῃ
1000 387 1116 441 φωνῇ
1135 383 1211 438 τὴν
1228 381 1444 436 βασιλικὴν
1463 379 1618 436 ὖπεσῆ-

142 473 308 511 μαινεν,
347 458 414 498 καὶ
449 453 652 510 συνήχουν
682 455 721 498 οἶ
756 452 868 497 κάτω
901 461 990 502 τοῖς
1019 452 1128 503 ἄνω,
1169 453 1236 494 καὶ
1265 449 1290 506 ἦ
1318 451 1435 506 φωνὴ
1456 449 1617 508 διῄρετο

145 524 332 568 καθόσον
355 520 406 578 ἦν
438 522 711 580 ὑψηλότερον.
781 521 875 566 τότε
912 524 979 565 καὶ
1014 522 1052 564 οἶ
1082 520 1189 577 ἀμφὶ
1217 519 1288 563 τὸν
1317 521 1512 574 Καίσαρα
1541 519 1616 575 τὴν
1638 529 1671 564 D

110 600 132 636 5
146 594 287 652 φωνὴν
306 595 634 648 καραδοκοῦντες
653 589 902 641 ἀκούσαντες
925 592 1130 646 ε’κπηὸὥσι
1152 594 1228 632 τοῦ
1249 587 1374 643 λόχου
1389 622 1402 641 ,
1443 591 1510 631 καὶ
1533 587 1620 641 ἅμα

142 662 255 717 τάχει
279 662 444 720 ἀπτὲρῳ
465 663 527 704 ἐπὶ
548 667 622 717 τῆς
643 659 775 715 πύλης
795 659 976 717 ἐχώρουν
986 693 999 712 ,
1039 660 1106 702 καὶ
1128 655 1515 714 προκαταλαβόντες
1536 660 1622 700 εἷσ-

139 733 304 788 χέονται
334 732 589 786 παμπληθεί.
659 729 718 772 ἔτι
748 730 792 772 δ’
829 728 905 772 ὑπ’
941 729 1085 785 αὐγαῖς
1104 734 1196 777 ταῖς
1216 724 1396 781 πρώταις
1422 731 1496 782 τῆς
1518 725 1620 782 ἦμέ-

144 818 221 858 ρας
250 799 377 855 οὔσης
396 801 590 856 ἐξαίφνης
609 798 685 854 τὴν
712 796 854 854 χώραν
872 798 1071 841 κατέθεον
1102 798 1169 839 καὶ
1191 795 1401 852 ἐπόρθουν
1422 795 1469 839 τὸ
1488 814 1620 852 προσ-

141 869 267 924 τυχὸν
296 867 571 918 σκυλεύοντες.
641 867 690 910 τὸ
719 867 768 910 δέ
792 885 835 924 γε
851 867 1060 912 Σκυθικὸν
1078 865 1300 915 εὗσυνίτως
1317 865 1374 920 μὴ
1396 863 1621 909 σκεδαννύ-

90 946 266 994 1ομενον
299 935 430 993 εἶργον
463 937 511 980 τὸ
540 934 858 994 προσγινόμενον
885 938 928 979 ἐκ
960 941 1035 991 τῆς
1068 934 1225 984 πόλεως
1252 938 1444 989 πλῆθος,
1483 935 1619 978 εἵπου

142 1006 334 1051 συσταΐέν
353 1023 456 1055 τινες
471 1007 770 1061 μαθησείοντες
789 1006 834 1049 τὸ
850 1004 1079 1062 γινόμενον·
1111 1001 1322 1058 πλάσματι
1341 1003 1419 1060 γὰρ
1440 1003 1486 1046 τὸ
1506 1021 1615 1058 πρα-
1639 1013 1671 1048 Ε

140 1077 244 1130 χθὲν
274 1073 387 1133 ἐῴκει
415 1072 640 1130 λεγόμενον.
711 1073 732 1118 ὅ
753 1075 892 1129 μέντοι
911 1092 954 1131 γε
978 1077 1145 1130 Καῖσαρ
1170 1074 1403 1129 στρατείαις
1422 1071 1618 1123 πολλάκις

143 1144 375 1200 ἕσχολακώς
406 1146 474 1186 καὶ
504 1144 622 1194 εἰδὼς
648 1143 701 1186 τὰ
733 1148 817 1187 τῶν
852 1142 1047 1187 ἆλώσεων
1077 1146 1278 1198 δυσχερῆ,
1318 1141 1462 1192 δεδιὼς
1488 1147 1617 1200 σχολῇ

141 1213 415 1269 προσέβαλεν,
455 1213 531 1262 ἕως
550 1217 626 1268 τῆς
647 1211 804 1268 ἡμέρας
824 1211 1123 1269 ὖπαυγασάσης
1142 1212 1277 1254 τέλεον
1296 1209 1430 1266 μάθοι
1453 1212 1528 1266 τὴν
1552 1213 1618 1254 ἒν-

89 1287 131 1324 15
145 1282 214 1332 τὸς
243 1279 418 1335 δύναμιν
438 1281 738 1338 ἀκριβέστερον.
808 1280 1117 1336 μεταλαμβάνει
1136 1282 1181 1323 δὲ
1197 1280 1270 1335 τὴν
1290 1282 1440 1323 δειλίαν
1461 1278 1618 1336 ταύτην

81 1343 89 1399 J
142 1351 280 1406 ἕτερος
309 1349 518 1407 θόρυβος,
555 1351 708 1394 ἱκανῶν
734 1351 904 1395 Ἰταλῶν
934 1351 1145 1406 φανέντων
1171 1349 1212 1392 ἓν
1234 1349 1376 1399 ὅπλοις
1404 1350 1470 1391 καὶ
1499 1351 1618 1404 ἰσχυ-

142 1424 226 1475 ρῶς
258 1419 516 1474 φαινομένων
545 1419 646 1473 ἔχειν
676 1418 854 1474 ἀμύνειν.
925 1419 1040 1475 ἔγγὺς
1069 1419 1111 1461 δ’
1139 1419 1274 1461 ἐλθεῖν
1303 1416 1526 1461 ἐκινδύνευε
1548 1418 1618 1461 διὰ

141 1492 275 1531 ταῦτα
304 1485 427 1530 πάλιν
462 1488 697 1544 τραπέσθαι
726 1506 769 1531 τε
801 1490 868 1531 καὶ
898 1488 973 1544 τὴν
1003 1491 1150 1544 πρᾶξιν
1174 1487 1484 1540 ἀναβαλέσθαι·
1522 1487 1619 1530 οὐδὲ

141 1556 221 1613 γὰρ
253 1558 308 1606 εἷς
337 1554 474 1611 μάχην
506 1557 544 1598 οἷ
572 1555 826 1608 εἰσελθόντες
848 1556 1044 1616 ἀξιόχρεῳ
1065 1555 1298 1611 ἒνομίζοντό
1322 1556 1384 1608 οἳ,
1420 1554 1540 1610 μόλις
1562 1558 1619 1606 εἷς

85 1636 132 1670 20
143 1632 285 1682 πεῖραν
306 1626 372 1667 καὶ
392 1624 513 1679 λόχον
535 1625 787 1682 ἀρκέσοντες.
860 1626 967 1669 ἀλλὰ
990 1627 1282 1681 προστίθενται
1304 1623 1467 1675 τούτοις
1488 1627 1555 1667 καὶ
1577 1626 1616 1668 οἱ
1638 1634 1667 1668 Ρ
1690 1636 1736 1672 93

140 1691 465 1750 θεληματᾶριοι,
498 1695 566 1736 καὶ
598 1694 732 1745 ἄλλως
754 1696 830 1750 μὲν
862 1696 1094 1752 θαρραλέοι
1126 1694 1265 1747 ὄντες,
1303 1692 1415 1749 ὅμως
1437 1695 1482 1737 δὲ
1501 1697 1568 1737 καὶ
1592 1693 1614 1738 ὃ

233 1780 264 1817 1.
290 1777 515 1826 φωνήσαντα
538 1781 579 1817 Ρ.

139 1849 231 1884 infra
263 1860 394 1883 murum
427 1854 543 1894 erant,
581 1852 618 1885 et
646 1862 764 1885 vocem
786 1861 934 1897 superne
957 1854 1133 1896 acceptam
1159 1850 1417 1896 multiplicatam
1439 1850 1615 1886 robustius

139 1896 420 1940 frequentarunt,
453 1909 543 1942 quae
573 1897 643 1931 late
673 1897 740 1931 iam
772 1897 932 1943 clareque
956 1898 1074 1932 audita
1097 1897 1155 1931 ubi
1180 1898 1366 1931 Caesarem
1390 1908 1463 1930 cum
1485 1897 1553 1931 suis
1577 1897 1614 1932 id

138 1941 248 1987 ipsum
283 1947 506 1987 expectantes
538 1943 733 1986 admonuit,
772 1943 916 1978 exiliunt
946 1956 988 1978 ex
1019 1944 1175 1985 insidiis,
1212 1949 1247 1978 et
1278 1943 1411 1977 volucri
1435 1943 1612 1978 celeritate

139 1990 278 2021 mentes
309 1988 352 2022 ad
383 1994 516 2033 portam
547 2001 611 2034 per
633 2002 708 2024 eam
731 1995 934 2035 occupatam
956 1990 1052 2024 densi
1073 1991 1230 2024 subeunt.
1278 1990 1360 2024 bora
1383 1994 1460 2023 erat
1481 1989 1611 2024 diluet»

140 2033 267 2067 scentis
290 2033 466 2078 primulum
491 2035 583 2076 diei,
614 2036 749 2081 quando
783 2036 929 2081 ingressi
962 2038 1080 2071 urbem
1106 2037 1228 2070 milites
1253 2036 1412 2070 Caesaris
1434 2036 1611 2070 incursare

138 2078 311 2124 regionem
334 2080 478 2125 primum
501 2081 635 2116 obviam
662 2094 703 2116 ac
725 2082 876 2128 diripere
907 2086 1113 2129 coeperunt,
1152 2083 1335 2128 spoliantes
1358 2086 1527 2128 quotquot
1550 2094 1611 2116 oc-

140 2130 326 2159 currerent.
374 2130 411 2160 at
434 2127 619 2171 Scythicae
643 2129 785 2174 copiae,
818 2129 973 2174 prudenti
997 2140 1079 2163 sane
1103 2129 1262 2169 consilio,
1299 2127 1493 2162 militariter
1515 2128 1610 2161 ordi-

139 2174 243 2204 natae
275 2172 521 2216 perstiterunt,
559 2175 798 2209 submoventes
824 2175 1021 2209 affluentem
1044 2187 1064 2209 e
1086 2175 1215 2220 reliqua
1245 2176 1329 2209 urbe
1351 2173 1609 2217 multitudinem,

140 2215 252 2251 sicubi
283 2219 443 2252 coeuntes
472 2218 608 2264 quidam
641 2221 863 2256 consisterent
892 2222 1005 2267 cupidi
1041 2221 1264 2266 cognoscendi
1300 2221 1378 2266 quid
1411 2224 1608 2264 gereretur:

139 2274 207 2295 non
240 2261 329 2295 enim
362 2263 463 2298 fidem
495 2266 670 2301 faciebant
691 2267 749 2312 qui
779 2279 850 2302 rem
875 2272 914 2302 ut
937 2271 1013 2302 erat
1034 2269 1231 2301 narrabant.
1278 2272 1449 2301 caeterum
1476 2266 1610 2300 Caesar

138 2308 239 2352 longo
270 2319 334 2342 usu
365 2321 478 2343 rerum
507 2311 703 2347 bellicarum
727 2314 888 2357 edoctus,
924 2325 1097 2360 saepeque
1120 2325 1162 2347 ac
1184 2313 1241 2346 diu
1262 2319 1419 2347 versatus
1442 2312 1477 2346 in
1501 2324 1609 2358 expe-

139 2353 302 2388 ditionum
327 2357 364 2388 et
386 2358 673 2400 oppugnationum
705 2360 883 2404 periculis,
918 2360 1065 2405 indeque
1094 2364 1258 2405 reputans
1289 2370 1390 2404 quam
1413 2358 1459 2392 sit
1481 2370 1607 2404 anceps

139 2403 176 2433 et
199 2399 372 2434 erroribus
395 2402 596 2447 perniciosis
618 2405 763 2440 obnoxia
784 2417 841 2440 res
864 2406 1070 2453 expugnatio
1101 2406 1255 2446 urbium,
1287 2404 1434 2450 sapienti
1466 2410 1608 2439 cuncta-

138 2445 274 2480 bundus
305 2450 397 2480 metu
428 2448 560 2482 nonnisi
595 2456 697 2485 caute
727 2463 770 2486 ac
808 2452 1017 2498 pedetentim
1049 2451 1272 2497 procedebat,
1308 2455 1494 2496 expectans
1526 2451 1606 2485 dum

140 2491 259 2526 adulta
281 2491 347 2545 iam
371 2492 428 2526 die
453 2493 552 2539 plene
575 2501 734 2532 acrcerto
760 2504 982 2542 cognosceret
1011 2503 1172 2543 quantum
1194 2497 1287 2531 intus
1309 2503 1402 2532 esset
1425 2497 1608 2542 copiarum.

140 2548 243 2591 quam
269 2549 343 2572 eius
365 2539 607 2584 progrediendi
628 2542 843 2578 timiditatem
866 2545 953 2579 alius
977 2544 1134 2578 continuo
1158 2546 1319 2578 tumultus
1342 2545 1488 2589 excepit,
1513 2543 1608 2577 Italis

139 2583 299 2636 videlicet
321 2590 378 2619 sat
399 2596 520 2630 magno
542 2598 682 2622 numero
705 2591 949 2635 apparentibus
971 2590 1007 2624 in
1030 2590 1133 2624 armis
1157 2601 1199 2624 ea
1221 2590 1334 2634 specie
1357 2594 1397 2624 ut
1419 2589 1609 2624 fortissime

138 2628 336 2663 Viderentur
359 2641 421 2675 pro
445 2633 530 2666 urbe
552 2633 728 2669 liberanda
751 2637 944 2680 pugnaturi.
993 2635 1028 2670 hi
1051 2647 1126 2670 cum
1151 2647 1190 2670 se
1213 2636 1442 2671 admovissent
1463 2635 1608 2680 propius

140 2673 304 2718 Caesari,
335 2679 590 2731 parum-abfuit
613 2680 694 2725 quin
717 2681 774 2715 ille
794 2683 950 2729 receptui
975 2687 1115 2716 caneret
1143 2693 1297 2728 opusque
1320 2682 1530 2727 relinqueret
1551 2680 1607 2714 in-

139 2724 292 2765 ceptum:
317 2733 394 2775 -non
415 2734 503 2757 enim
525 2724 593 2771 ipsi
619 2726 845 2770 videbantur,
874 2739 963 2775 quos
982 2729 1020 2763 in
1043 2729 1159 2762 urbem
1182 2729 1384 2767 induxerat,
1416 2727 1606 2761 resistendo

138 2775 261 2809 Ρὸῐθθ,
295 2778 422 2813 qmppe
444 2782 530 2815 quos
552 2771 610 2806 vix
632 2773 677 2806 ad
699 2775 895 2809 tentandum
918 2786 964 2809 ex
984 2774 1117 2809 insidiis
1138 2774 1296 2808 insuitum
1320 2774 1481 2808 sufficere
1503 2777 1607 2818 puta-

136 2810 210 2845 bat.
254 2823 370 2848 verum
401 2814 444 2849 iis
474 2827 512 2851 se
546 2818 772 2854 adiunxerunt
804 2821 989 2856 voluntarii
1021 2822 1131 2855 fortes
1166 2820 1312 2866 alioquin
1344 2825 1382 2854 et
1401 2819 1491 2853 bello
1514 2818 1607 2858 boni,

136 2860 218 2891 tunc
251 2862 364 2894 autem
395 2861 593 2899 audaciores
625 2864 711 2900 facti
739 2866 942 2903 certitudine
974 2867 1206 2913 impendentis
1238 2866 1324 2912 ipsis
1346 2866 1488 2901 extremi
1509 2864 1605 2912 peri-
