1884 3262
539 167 642 212 LIB.
660 166 735 215 111.
787 165 1276 214 cunononoelctffi.
1345 157 1356 169 ’
1535 143 1634 214 743

175 290 314 330 graves
342 273 383 316 et
410 277 467 316 rei
495 258 695 317 Romanae
719 252 1062 329 perniciosissimas
1096 276 1341 316 inimicitias
1353 254 1552 326 exercuit,
1593 278 1637 316 in

175 332 438 373 Cantacuzeni
464 334 696 385 praesertim
724 333 889 372 historia
920 339 1127 382 narratas,
1153 332 1430 383 Andronicus,
1456 334 1632 384 inquam,
1656 342 1685 377 P
1709 342 1776 378 526

175 392 314 430 Senior
341 390 540 429 Michaelis
567 390 784 442 Palaeologi
807 389 950 444 prioris
975 389 1278 442 primogenitus,
1306 390 1460 442 imperii
1489 390 1634 441 collega

174 454 216 486 et
245 453 335 499 post
364 447 489 499 patris
518 453 688 487 mortem
718 459 938 495 successor,
968 446 1127 497 quando
1153 453 1271 488 natus
1299 447 1372 496 sit,
1401 459 1480 498 qua
1506 453 1634 486 aetate

171 516 343 545 uxorem
365 504 548 552 duxerit,
577 517 656 553 quo
676 517 779 543 anno
796 516 869 555 par
871 503 994 555 ticeps
1011 504 1140 542 factus
1159 504 1281 543 fuerit
1299 503 1498 554 Augustae
1514 509 1633 555 pote-

171 561 304 609 statis,
332 560 530 598 incertum
548 560 699 598 faciunt
717 559 849 599 variae
867 573 913 597 ac
931 560 1031 599 male
1050 560 1153 598 inter
1170 573 1251 598 sese
1271 559 1523 598 cohaerentes
1540 574 1633 599 cum

169 616 421 667 Pachymeris
454 622 542 657 tum
569 616 765 668 Gregorae
791 621 828 654 et
855 615 1020 655 aliorum
1049 617 1117 667 qui
1138 616 1188 654 de
1205 616 1309 655 illius
1326 617 1444 656 rebus
1463 616 1631 668 scripse-

169 680 268 712 runt
295 673 586 711 affirmationes.
642 686 763 723 quare
783 686 923 724 operae
937 673 1108 726 pretium
1127 686 1188 711 me
1208 673 1405 711 facturum
1425 673 1568 722 statui,
1596 673 1631 712 si

169 730 412 769 evolvendae
431 742 481 767 ex
498 729 725 780 ambagibus
744 734 783 767 et
802 734 928 778 certo,
957 729 1091 780 quoad
1117 729 1271 778 licebit,
1303 729 1536 781 digerendae
1557 743 1630 768 οι-

169 787 261 825 dine
286 800 421 825 rerum
448 786 570 838 ipsius
591 784 668 823 hac
693 785 860 825 historia
876 791 1180 825 memoratarum
1200 785 1472 837 chronologiae
1490 786 1628 837 capitis

166 842 285 885 huius
313 856 472 895 operam
492 842 776 894 impenderem.
832 843 961 895 prima
981 843 1156 882 omnium
1171 842 1382 882 statuenda
1402 847 1459 880 est
1475 841 1626 894 epocha

166 899 308 938 natalis
337 899 552 937 Andronici
579 898 716 946 huius,
745 899 941 950 perplexis
960 898 1207 952 Pachymeris
1227 905 1267 937 et
1287 896 1481 950 Gregorae
1497 912 1626 948 asser7

164 957 339 994 tionibus
360 961 517 994 nutans.
573 955 708 994 scribit
726 955 984 1007 Pachymeres
1003 956 1028 993 l.
1044 959 1071 997 3
1089 969 1122 994 c.
1140 959 1167 998 7
1186 955 1433 994 Theodoram
1448 954 1625 994 Michae-

163 1012 211 1050 lis
238 1012 456 1062 Palaeologi
482 1024 671 1060 uxorem,
700 1025 791 1049 cum
818 1011 1068 1062 comperisset
1094 1011 1226 1051 virum
1253 1025 1369 1052 suum
1386 1011 1556 1062 cogitare
1574 1011 1623 1050 de

162 1081 203 1106 se
217 1068 464 1120 repudianda
483 1067 810 1118 adsciscendaque
825 1067 913 1106 loco
929 1067 1011 1105 eius
1025 1068 1068 1105 in
1084 1068 1287 1119 coniugem
1305 1068 1418 1107 Anna
1434 1068 1625 1105 Alamana

162 1125 317 1163 Ioannis
344 1125 530 1163 Batatzae
558 1123 651 1161 olim
679 1123 847 1175 Augusti
871 1123 1015 1172 vidua,
1043 1123 1235 1175 graviter,
1265 1130 1313 1162 ut
1340 1137 1415 1177 par
1441 1129 1548 1173 erat,
1578 1124 1622 1163 id

160 1181 372 1229 ferentem,
401 1180 668 1232 expostulasse
688 1180 797 1228 quod
813 1193 855 1217 se
871 1185 1097 1218 coronatam
1116 1179 1192 1217 iam
1210 1180 1424 1231 Augustam
1439 1181 1520 1218 sine
1542 1180 1622 1218 ulla

161 1252 279 1276 causa
298 1239 515 1288 imperator
532 1236 653 1275 vellet
671 1235 868 1274 dimittere
884 1265 895 1284 ,
922 1242 1132 1287 postquam
1151 1235 1184 1273 ei
1203 1236 1282 1273 iam
1301 1235 1477 1287 Augusto
1496 1249 1621 1287 pepe-

159 1295 275 1334 risset
304 1294 425 1342 filios,
454 1293 625 1344 primum
651 1291 811 1342 quidem
829 1292 1051 1331 Manu'elem
1069 1292 1140 1342 qui
1158 1292 1237 1330 cito
1255 1292 1424 1344 perierat
1436 1321 1449 1341 ,
1477 1291 1621 1331 deinde

159 1364 256 1391 vero
279 1349 553 1388 Andronicum
581 1347 712 1387 adhuc
738 1350 1005 1400 superstitem,
1034 1361 1151 1398 quem
1169 1355 1282 1400 pater
1301 1348 1404 1399 regie
1426 1349 1620 1398 nutribat,

160 1408 329 1458 denique
357 1406 522 1445 tertium
546 1411 754 1456 postquam
782 1405 827 1442 in
849 1405 990 1444 urbem
1019 1405 1396 1456 Constantinopolim
1422 1418 1443 1442 e
1468 1405 1619 1443 Latinis

157 1470 357 1515 receptam
382 1463 599 1515 imperator
622 1461 882 1512 migraverat,
911 1461 1023 1499 illic
1007 1475 1049 1499 m
1066 1475 1247 1515 purpura
1263 1467 1403 1500 natum
1421 1461 1616 1499 Constan-

157 1521 290 1559 tinum
319 1519 499 1568 nomine,
509 1524 797 1590 cognomento
825 1516 1310 1572 Porphyrogenitum.v1‘
1334 1517 1488 1587 βασιλὶς
1517 1519 1616 1558 Θεο-

157 1573 272 1631 δῶρα
290 1579 484 1645 χαλεπῶς
488 1571 590 1626 εἶχεν
604 1573 782 1627 ἐνέγκαι,
813 1574 850 1614 εἰ
871 1574 1060 1615 δέσποινα
1076 1572 1289 1626 ἐστεμμένη
1309 1568 1411 1614 ουσα
1429 1573 1497 1614 καὶ
1515 1590 1614 1627 γνη-

155 1635 225 1675 σία
253 1629 401 1702 γυνή,
407 1628 484 1673 ὑπ’
511 1628 628 1684 ἀνδρί
655 1645 697 1671 τε
727 1633 781 1684 τῷ
805 1633 962 1686 βασιλεῖ
976 1633 1147 1674 τεκοῦσα
1166 1631 1333 1680 παῖδας,
1364 1629 1432 1670 καὶ
1450 1645 1612 1695 πρωτον

149 1688 230 1761 μὲν
257 1684 524 1757 ἄποιχομενον
551 1685 695 1736 ἄλλον,
719 1685 790 1731 τὰν
819 1683 1047 1738 Μανουήλ,
1077 1684 1160 1727 εἶτα
1184 1685 1227 1726 δὲ
1246 1686 1315 1726 καὶ
1336 1702 1406 1728 τον
1427 1682 1613 1738 περιόντα

149 1742 428 1797 Ἀνδοόνικον,
459 1759 508 1785 ον
533 1745 746 1796 βασιλικως
772 1741 793 1784 ὅ
819 1741 950 1796 πατηρ
966 1742 1116 1795 τρέφοι.
1173 1756 1224 1780 ex
1243 1742 1304 1780 his
1324 1742 1483 1782 videtur
1497 1756 1613 1794 posse

154 1803 282 1853 colligi
299 1802 456 1840 sensisse
476 1799 756 1852 Pachymerem
773 1799 1064 1847 Andronicum,
1094 1799 1212 1837 immo
1233 1805 1270 1836 et
1294 1805 1495 1851 leaetelea
1519 1799 1609 1836 Ma-

153 1860 308 1898 ιιιιὲΙωιι
328 1858 437 1909 prius
452 1863 674 1922 mortuum,
716 1862 807 1907 post
825 1856 968 1894 initum
986 1870 1010 1893 a
1031 1855 1217 1894 Michaele
1235 1855 1494 1906 Palaeologo
1482 1869 1609 1907 unpe-

151 1916 255 1957 rium
271 1921 398 1963 natos,
426 1921 472 1952 ut
489 1914 544 1951 sic
559 1914 645 1952 illos
665 1919 793 1951 mater
807 1925 945 1954 eorum
962 1911 1170 1953 Theodora
1185 1911 1274 1951 viro
1289 1912 1367 1951 iam
1385 1912 1606 1965 imperanti,

152 1967 269 2026 ἆνδρι
290 1975 344 2027 τῷ
362 1972 531 2023 βασιλεῖ,
560 1969 770 2022 pepererit.

262 2028 309 2066 Π.
365 2027 488 2076 Atqui
513 2026 595 2064 hoc
619 2026 778 2077 quidem
799 2030 993 2076 repugnat
1010 2024 1086 2076 ipsi·
1100 2025 1271 2075 primum
1289 2023 1522 2073 Pachymeli
1541 2025 1604 2060 as-

149 2083 324 2122 firmanti
351 2082 622 2121 Andronicum
652 2095 775 2120 annos
803 2086 942 2119 natum
968 2086 1141 2130 quatuor
1164 2085 1202 2116 et
1226 2080 1365 2131 viginti
1390 2079 1492 2131 patri
1510 2093 1602 2117 mo—

149 2140 269 2178 rienti
287 2139 527 2179 successisse.
583 2139 617 2176 si
635 2138 739 2176 enim
753 2137 786 2175 is
807 2142 919 2188 patre
939 2136 1016 2176 iam
1034 2136 1248 2187 imperante
1260 2164 1271 2183 ,
1302 2141 1341 2173 et
1363 2135 1520 2186 quidem
1537 2149 1601 2172 se-

151 2195 305 2234 cundus
327 2201 418 2246 post
434 2194 656 2232 manuelem
675 2194 717 2232 in
735 2193 900 2231 infantia
916 2198 1143 2241 mortuum,
1169 2198 1287 2230 natus
1305 2198 1382 2241 est,
1411 2205 1500 2230 cum
1521 2191 1600 2229 Mi-

150 2252 281 2300 chaeL
308 2258 356 2289 ut
381 2257 439 2288 est
464 2250 797 2298 demonstratum,
824 2249 1019 2301 imperare
1038 2248 1211 2299 coeperit
1231 2249 1309 2286 kal.
1327 2248 1481 2286 Ianuar.
1502 2249 1597 2286 anni

150 2307 294 2346 Christi
307 2311 426 2355 1260,
444 2307 578 2346 venire
591 2307 633 2344 in
646 2306 772 2344 lucem
789 2319 870 2344 non
890 2305 1022 2356 potuit
1041 2311 1132 2342 ante
1149 2318 1295 2343 annum
1315 2304 1458 2342 Christi
1475 2307 1595 2356 1261,

147 2363 299 2415 imperii
324 2363 538 2413 Palaeologi
564 2363 800 2410 secundum3
828 2367 867 2399 et
892 2367 1190 2410 consequenter,
1220 2361 1378 2411 quando
1396 2361 1501 2399 idem
1517 2361 1595 2398 Pa-

147 2420 343 2470 laeologus
359 2418 526 2457 Michael
543 2433 646 2458 anno
660 2448 669 2466 ‚
698 2424 744 2456 ut
767 2431 849 2469 cap.
866 2419 1044 2468 sequenti
1066 2417 1417 2465 demonstrabitur,
1448 2416 1594 2455 Christi

150 2476 259 2518 1282
280 2481 463 2513 mortuus
482 2481 562 2525 est,
588 2474 836 2513 Andronicus
855 2487 936 2512 non
953 2474 1029 2514 nisi
1045 2487 1237 2512 annorum
1255 2473 1371 2514 unius
1392 2479 1431 2510 et
1450 2473 1592 2523 viginti

146 2545 228 2569 esse
247 2531 447 2582 potuisset.
501 2537 650 2583 pugnat
665 2530 708 2569 id
725 2530 843 2568 etiam
861 2543 951 2568 cum
968 2543 1012 2568 eo
1029 2531 1136 2582 quod
1159 2531 1346 2582 Gregoras
1365 2530 1499 2567 scribit
1514 2529 1540 2566 1.
1560 2528 1588 2571 4

85 2583 87 2585 i
145 2601 184 2640 Ρ.
204 2586 279 2636 40,
310 2587 558 2636 michaelem,
581 2601 671 2626 cum
704 2586 865 2625 solemni
894 2599 1037 2637 pompa
1062 2586 1437 2637 Constantinopolim
1463 2598 1486 2621 a
1507 2583 1586 2622 suis

143 2650 413 2694 recuperatam
437 2644 630 2695 ingressus
656 2649 736 2692 est,
765 2641 1032 2683 Andronicum
1049 2643 1203 2682 filium'
1193 2658 1268 2682 iam
1286 2650 1371 2681 tum
1389 2640 1580 2679 bimulum

146 2699 313 2740 duxisse.
370 2699 472 2740 ἰέναι
506 2715 607 2753 προς
632 2714 708 2768 την
735 2700 917 2751 βασιλΐδα
943 2714 1024 2740 των
1055 2696 1212 2741 πόλεων
1244 2697 1326 2751 αἷμα
1339 2701 1400 2763 τῇ
1425 2693 1581 2749 συζύγῳ

143 2755 333 2823 δεσποίνῃ
363 2755 430 2797 καὶ
455 2759 513 2811 τῷ
537 2756 614 2812 υἱῷ
635 2751 896 2818 Ἀνδρονίκῳ
909 2771 964 2810 τῳ
992 2754 1075 2809 νέῳ
1102 2757 1255 2808 βασιλεῖ
1281 2749 1463 2805 δευτερον
1494 2751 1580 2798 ε’τος

142 2808 279 2864 ἄγοντι
294 2814 365 2865 τῆς
384 2797 551 2866 ἡλικίας.
604 2825 667 2851 eet·
671 2812 820 2850 tissime
837 2825 940 2852 emm
955 2813 1160 2852 statuimus
1178 2811 1355 2865 superius
1366 2810 1583 2862 ingressum
