1884 3262
634 161 738 205 ΠΒ.
755 160 791 207 1.
848 140 1211 210 GLOSSARIUM.
1556 162 1654 208 581

197 273 302 313 niter
320 271 421 311 enim
439 284 484 310 ea
502 273 974 325 tempestateinvaluerat
995 279 1041 311 ut
1060 272 1285 311 Thessaliae
1297 278 1495 311 montana-
1513 272 1656 324 Magna

195 329 358 368 Blachia
374 337 627 368 vocarentur.
662 330 813 367 Nicetas
832 330 876 368 in
894 330 1088 368 Balduino
1107 330 1282 368 Flandro
1298 343 1337 381 p.
1355 333 1437 371 313
1458 330 1520 368 ed.
1537 330 1654 370 Basil.

192 400 262 424 fan.
287 386 416 428 1557:
447 385 512 427 ἐπὶ
536 385 579 427 δὲ
606 383 764 434 τούτοις
789 385 858 426 καὶ
884 384 1001 433 ἄλλος
1018 402 1078 434 τις
1097 384 1146 427 τοὶ
1167 387 1375 434 Θετταλίας
1392 385 1567 438 κατέχων
1582 401 1655 438 με·

191 442 346 494 τὲωρα,
378 439 403 482 ἃ
430 445 509 482 νῦν
537 438 687 495 μεγάλη
708 443 855 494 maxia
874 440 1143 494 κικλήσκεται,
1173 439 1374 495 τοπάρχαις
1391 437 1446 495 ἦν
1462 446 1542 484 τῶν
1563 441 1657 483 ἐκεῖ.

191 498 336 546 -huius,
367 499 434 549 qui
454 505 632 550 tempore
653 499 834 537 Balduini
853 499 1183 549 Megaloblachitis
1201 499 1519 550 imperitaverant,
1547 511 1654 537 unus

192 569 217 593 e
237 555 523 594 successoribus
539 556 612 595 suit
627 555 693 594 hic
710 556 874 594 Ioannes
888 555 1089 593 Michaelis
1106 555 1291 607 despotae
1304 554 1474 603 nothus,
1502 555 1552 592 de
1572 568 1652 605 quo

192 611 262 650 hic
282 611 551 663 pachymeres.
608 613 785 655 meminit
802 612 919 651 etiam
940 609 1110 665 μεγάλης
1130 613 1302 664 Βλαχίας
1316 612 1506 663 Georgius
1525 611 1654 650 Acro-

191 669 273 722 pol.
293 669 394 707 Hist.
414 675 509 707 sect.
531 669 582 711 15
600 682 637 720 p.
655 672 708 710 23
731 669 792 707 ed.
811 669 904 720 Reg.
928 675 968 706 et
991 674 1085 707 sect.
1105 671 1160 710 38
1180 682 1218 719 p.
1237 671 1303 710 33.

307 724 477 777 μέλεοι
503 739 542 777 p.
565 724 648 768 478
679 739 719 764 v.
740 729 779 767 3.
831 723 877 766 w*
898 723 942 765 δὲ
958 727 1030 777 τῆς
1049 720 1176 778 μάχης
1191 747 1248 754 -
1268 722 1340 777 μὲν
1358 723 1502 775 ἐφεῖτο.
1555 722 1653 761 haec

190 781 313 821 valde
329 782 516 834 perplexa
535 787 648 829 sunt,
679 794 789 822 more
808 795 854 820 ac
870 781 1004 820 indole
1026 782 1220 831 auctoris,
1249 795 1331 819 non
1346 793 1437 818 raro
1457 779 1653 830 *quaedam

187 838 403 877 ‚dimidiata
428 838 684 889 congerentis.
741 838 904 878 videtur
932 844 1064 876 autem
1090 837 1156 876 hic
1183 837 1407 875 summatim
1435 842 1475 874 et
1499 836 1651 887 fastigia

190 909 358 947 carpens
387 895 565 933 indicare
594 908 695 946 quae
721 901 850 934 essent
875 901 974 933 tunc
998 895 1204 932 hominum
1233 894 1410 944 querelae
1431 893 1481 930 ‹le
1497 892 1651 944 scriptis

188 951 321 990 vecci.
376 965 499 1004 porro
526 965 609 990 vox
639 951 770 1003 μέλεοι
798 953 854 990 sic
880 951 935 989 ibi
965 951 1135 1000 abrupta
1149 951 1319 1002 pendet,
1346 950 1504 1002 punctis
1519 949 1650 988 clausa

188 1008 233 1047 >in
254 1014 422 1058 utroque
441 1022 502 1046 ms
520 1008 552 1046 B
572 1013 612 1045 et
631 1007 683 1046 A:
707 1021 800 1045 nam
828 1007 1041 1046 Vaticanus
1068 1006 1178 1046 hunc
1207 1006 1360 1055 locum,
1388 1012 1437 1046 ut
1455 1006 1539 1044 fere
1560 1019 1651 1043 cae-

188 1070 300 1103 -teros
324 1064 520 1113 difficiles,
550 1077 711 1105 securus
740 1064 922 1103 transilit.
979 1062 1137 1116 μέλεον,
1165 1069 1213 1102 ut
1233 1069 1372 1101 notum
1393 1068 1471 1112 est,
1499 1062 1651 1114 sig-nifi—

190 1126 256 1159 cat
281 1122 327 1159 in
347 1135 532 1170 cassum3
562 1120 670 1159 unde
691 1126 730 1158 et
749 1133 894 1159 nomen
916 1118 1054 1172 μέλεος
1071 1126 1148 1167 est,
1178 1132 1326 1159 vanum
1351 1124 1390 1157 et
1411 1133 1652 1172 supervaca-

188 1191 309 1216 neum
337 1191 492 1217 sonans.
549 1177 581 1215 si
607 1177 880 1216 emendatione
905 1177 1103 1214 curandus
1132 1175 1198 1214 hic
1220 1176 1330 1214 lucus
1360 1182 1482 1225 esset,
1518 1182 1652 1228 posset

189 1234 352 1273 rescribi
380 1234 538 1286 μέλεον,
566 1239 613 1272 ut
636 1234 917 1285 intelligeretur
943 1233 1126 1284 dogmata
1147 1234 1299 1270 moveri
1320 1233 1490 1281 frustra,
1518 1232 1649 1270 incas-

185 1305 299 1340 sum,
327 1290 611 1343 intempestive.
668 1291 738 1328 sed
763 1290 901 1328 melius
924 1289 1023 1327 citra
1042 1290 1164 1327 ullam
1183 1289 1226 1326 in
1242 1295 1433 1327 contextu
1454 1290 1648 1327 mutatio-

190 1361 282 1386 nem
299 1347 560 1398 intelligemus
582 1345 1106 1398 commemorari'summarie
1124 1350 1162 1382 et
1178 1344 1473 1396 per-inchoatas
1488 1351 1647 1384 tantum

189 1404 423 1452 sententias,
453 1417 552 1454 quae
579 1409 676 1441 tunc
702 1417 770 1442 ore
798 1403 904 1453 vulgi
930 1407 1071 1440 contra
1091 1402 1262 1440 Veccum
1283 1408 1323 1439 et
1341 1401 1375 1438 ei
1391 1401 1648 1440 adhaerentes

185 1461 460 1509 iactabantur,
498 1460 595 1498 haec
623 1461 833 1508 nimirum,
869 1460 1022 1497 moveaei
1056 1458 1108 1495 ab
1136 1459 1238 1509 ipsis
1265 1459 1538 1508 intempestive
1569 1457 1645 1495 do-

185 1524 346 1569 gmata.
404 1531 530 1555 vanos·
551 1531 631 1554 esse
651 1517 830 1554 homines
848 1523 883 1553 et
902 1517 1047 1554 inania
1062 1516 1267 1552 miscentes
1283 1515 1425 1565 iurgia
1442 1520 1516 1553 etc.
1572 1527 1646 1552 ex-

187 1573 367 1625 plerique
392 1573 629 1625 incompleta
658 1573 783 1612 oratio
810 1577 938 1623 posset
962 1570 1184 1622 repetendo
1195 1566 1316 1611 τδῑῧτι
1335 1571 1516 1621 superius
1533 1571 1643 1622 posi—

183 1635 274 1668 ‚tum
286 1660 296 1679 ‚
325 1630 367 1667 in
386 1629 495 1667 hunc
515 1630 676 1668 modum
690 1659 700 1679 ,
730 1626 790 1682 iim
806 1632 1014 1669 κινοῦνται
1031 1625 1221 1681 δόγματα,
1245 1622 1306 1667 ’ότι
1323 1625 1454 1678 μέλεοί
1473 1627 1550 1667 εἰσι
1567 1633 1641 1666 etc.

188 1700 283 1724 mox
304 1685 446 1724 recitat
466 1686 586 1725 verba
605 1687 689 1738 ipsa
705 1685 1077 1738 reprehendentium
1098 1684 1268 1723 veceum
1285 1689 1326 1721 et
1344 1696 1528 1734 sequaces
1541 1683 1641 1722 eius:

189 1738 273 1784 εἶτα
289 1741 389 1795 ’ὑμῖν
410 1742 543 1793 ἐφεῖτο
565 1749 639 1782 etc.

302 1795 526 1852 μεσοῗζων
554 1799 698 1855 p..352
717 1811 757 1838 v.
779 1801 844 1840 16.
901 1797 1126 1837 chronicon
1155 1794 1493 1847 Constantinopol.
1517 1790 1640 1849 μεσά-

183 1857 304 1907 ψζοντα
331 1869 475 1894 nomen
502 1855 700 1907 dignitatis
727 1855 920 1906 agnoscit,
950 1867 1067 1905 quam
1087 1866 1176 1892 cum
1198 1853 1326 1904 magni
1350 1852 1482 1899 ducis,
1511 1851 1641 1901 magni

181 1911 392 1951 :domestici
420 1918 460 1950 et
483 1913 784 1964 protostratoris
801 1917 841 1950 et
861 1910 1151 1963 protovestiarii
1172 1909 1425 1961 dignitatibus
1444 1906 1640 1957 amplissi-

187 1969 260 2007 mis
289 1975 512 2019 comparat,
542 1975 583 2009 et
614 1983 697 2008 eam
725 1975 824 2007 tunc
846 1968 1038 2006 tributam
1054 1972 1245 2004 memorat
1265 1965 1420 2003 cuidam
1440 1964 1637 2001 camacu-

182 2038 284 2063 zeno
295 2055 306 2075 ‚
339 2039 442 2076 quae
456 2031 542 2064 erat
560 2026 704 2065 familia
723 2038 772 2063 ex
790 2024 1003 2076 primariis.-
1033 2023 1141 2062 unde
1156 2022 1407 2072 intelligimus
1425 2020 1635 2069 magistra-

187 2087 255 2119 tus
278 2081 321 2119 id
343 2095 484 2120 nomen
512 2083 629 2120 fuisse
656 2083 698 2120 in
720 2080 1150 2130 Constantinopolitana
1170 2079 1258 2116 aula
1273 2078 1316 2116 in
1338 2076 1473 2127 primis
1501 2074 1635 2125 splen-

190 2136 294 2184 didi,
324 2138 388 2174 cui
415 2139 671 2189 proportione
698 2138 862 2176 similem
887 2136 996 2188 apud
1020 2148 1110 2173 suos
1139 2135 1279 2172 Serbes
1303 2132 1369 2170 hic
1397 2136 1635 2169 memoratus

189 2193 377 2243 Georgius
405 2201 565 2244 gereret.
621 2200 866 2244 sequestrum
885 2193 1022 2230 Latine
1056 2191 1184 2229 dicere
1217 2195 1415 2242 poteram:
1444 2186 1516 2224 sed
1541 2199 1632 2224 cum

186 2249 266 2298 sit,
289 2254 336 2287 ut
363 2249 447 2287 dixi
471 2255 508 2287 et
533 2250 725 2290 Mem-sius
746 2251 949 2298 observat,
977 2247 1175 2298 dignitatis
1194 2245 1374 2297 propriae
1393 2244 1634 2281 Graecorum

189 2308 352 2353 nomen,
381 2306 569 2344 usitatum
585 2307 678 2358 ipsis
694 2306 930 2346 vocabulum
951 2305 1128 2342 retinere·
1140 2303 1260 2340 satius
1280 2307 1339 2339 est
1355 2300 1486 2340 visum
1498 2299 1518 2320 *
1529 2298 1562 2352 ).

301 2363 606 2403 Μεσοθινία
630 2361 699 2403 καὶ
727 2364 1086 2402 Μεσοθινῖται
1113 2373 1151 2410 p.
1178 2361 1260 2400 310
1279 2371 1320 2397 v·
1347 2359 1385 2398 8.
1439 2356 1682 2404 Alizonas‚P
1704 2361 1768 2396 401

182 2418 269 2457 sive
299 2423 347 2456 ut
371 2417 600 2457 Eustathius
627 2419 876 2457 scribendum
901 2416 1089 2468 praecipit
1108 2415 1306 2466 plerisque
1324 2426 1408 2451 non
1425 2413 1629 2462 obtempe-

181 2474 382 2523 rantibus,
410 2468 638 2524 Halizonos,
666 2480 902 2512 memoratos
918 2473 1088 2511 Homero
1108 2471 1314 2510 Herodoto
1333 2469 1519 2508 Straboni
1537 2470 1629 2507 Ste-

185 2530 318 2583 phano
349 2537 389 2568 et
417 2529 516 2580 aliis,
546 2544 780 2582 quamquam
801 2543 889 2568 cum
908 2530 1035 2580 aliqua
1053 2528 1274 2580 ιιοιῆρῒιιιτωΔ
1284 2526 1498 2574 varietate,
1526 2527 1624 2575 Scy-

185 2586 295 2624 thiae
321 2587 545 2638 Europaeae
569 2588 754 2639 populos,
790 2586 988 2624 communi
1013 2585 1199 2626 Graeciae
1216 2583 1459 2636 Byzantinae·
1487 2593 1626 2619 reeen-

183 2642 303 2682 tioris
329 2642 496 2682 dialecto
519 2643 801 2682 Mesotlzinitas
825 2643 949 2681 dictos
977 2641 1218 2681 credendum
1235 2640 1381 2689 seilicet
1395 2636 1626 2689 Pachymeri

186 2704 256 2738 est.
312 2699 365 2738 ad
387 2700 675 2754 intelligendam
698 2705 829 2739 autem
847 2698 929 2740 eius
945 2698 1214 2752 appellationis
1235 2696 1422 2738 rationem
1444 2694 1628 2745 affulgere

277 2821 324 2867 *)
371 2823 417 2858 cf.
437 2823 591 2859 Glossar.
612 2823 710 2858 alter.
728 2829 765 2857 v.
785 2817 1046 2866 μεσιτεύοντες.
