1846 3262
208 205 273 251 80
630 202 867 247 GEORGII
898 203 1251 247 PACHYMERIS

159 322 190 357 C
211 319 286 374 μὲν
317 316 373 368 ὥς
397 313 576 373 ἀνάγκης
607 315 735 372 οὔσης
762 315 837 373 ἐφ’
871 310 904 360 ὦ
940 318 1081 372 διαζῆν
1109 316 1307 370 ἐκείνους,
1340 316 1388 359 τὸ
1417 317 1462 359 δὲ
1493 313 1677 372 κρύβδην

879 360 892 375 ι

211 387 359 436 νυκτὸς
382 386 651 440 πεμπομένων
663 418 675 438 ,
714 388 779 429 καὶ
801 386 849 429 τὸ
867 388 1002 441 μεῖζον
1030 383 1336 442 ὖπορύττοντος
1355 387 1422 428 καὶ
1443 388 1678 440 ζητοῦντος,

211 455 267 506 ὡς
289 455 402 498 οὔπω
425 453 623 511 αὔταρκες
639 453 685 497 ὂν
704 455 853 513 ἐκείνῳ,
892 457 927 498 εἴ
947 451 1238 508 συμβασιλεύει
1258 459 1316 513 τῷ
1336 459 1510 507 βασιλεῖ.
1545 471 1690 510 πρου-Κ

208 523 384 580 βάλλετο
412 523 490 580 γὰρ
515 521 726 574 κινδύνους
756 525 822 567 καὶ
853 521 1012 580 φόβους
1037 523 1341 580 ἐπηρτημένους
1363 523 1497 581 αὐτῷ,
1533 525 1601 566 καὶ
1627 522 1678 565 τὰ

209 598 293 637 τῶν
321 590 618 645 Μουζαλο’νων
651 595 805 649 εἲσῆγεν
839 591 894 643 ὥς
929 593 1123 636 κάκείνων
1163 591 1296 643 οὕτως
1333 589 1606 636 ἀπολωλότων
1637 593 1712 635 ἐκό

212 660 378 720 φθόνου
388 695 402 715 ,
441 663 508 704 καὶ
539 661 587 705 τὸ
617 666 691 717 τῆς
714 660 900 715 ὖποψίας
920 661 1051 705 δεινὸν
1072 659 1282 704 ὖπεδείκνυ
1302 658 1358 711 ὥς
1378 660 1525 703 αὐτίκα
1542 662 1682 702 κινδυ-

211 730 368 775 νεύσων
389 733 422 773 εἶ
442 732 500 786 μὴ
520 731 726 787 προσέχοι.
798 729 819 774 ὅ
851 731 896 774 δὲ
926 728 1143 787 φυλάττειν
1166 729 1290 773 ἄλλον
1310 730 1565 782 ἕπιτραπείς,
1604 728 1683 772 αὖ-

158 804 192 839 D
216 801 286 851 τὸς
314 800 492 849 πολλοὺς
526 798 855 858 φυλαττόμενος,
894 799 969 843 οὐκ
993 799 1171 854 ἔμμονον
1205 799 1281 849 ἕξει
1307 803 1364 858 τῷ
1385 790 1682 856 φυλαττομένῳ

211 870 286 925 τὴν
309 869 532 924 ἀσχολίαν,
569 871 658 926 περὶ
684 867 817 927 ἑαυτῷ
838 868 1030 919 δεδοικὼς
1051 868 1104 911 τὰ
1132 872 1316 911 πλεῖστα.
1387 869 1509 910 παντὶ
1541 867 1585 910 δ’
1616 867 1682 921 ἐγ-

159 943 193 977 E
217 946 360 996 χωρεῖν
380 941 538 994 μᾶλλον
561 937 586 993 ἢ
611 936 763 996 φύλακι
785 940 949 981 δεῖσθαι
975 936 1170 995 φύλακος.
1241 934 1344 995 (29)
1380 940 1514 979 ταῦτα
1543 936 1611 979 καὶ
1630 935 1681 978 τὰ
1695 948 1741 982 10

211 1012 386 1052 τοιαῦτα
421 1008 642 1063 προτείνων
669 1008 798 1057 πολὺς
817 1003 868 1062 ἦν
890 1008 958 1050 καὶ
979 1007 1025 1050 τὸ
1041 1008 1179 1062 μεῖζον
1200 1009 1510 1063 προσαπαιτῶν.
1581 1003 1684 1059 ἀμέ-

214 1082 273 1121 λει
297 1094 362 1120 τοι
380 1078 446 1118 καὶ
470 1075 580 1127 ὅσοις
598 1074 795 1127 ὑπόπτως
815 1074 890 1131 εἶχε
912 1077 980 1118 καὶ
999 1076 1102 1132 πρὸς
1125 1075 1170 1118 τὸ
1191 1075 1323 1131 παρὸν
1342 1074 1686 1131 δυσχεραίνοντας

215 1148 284 1190 καὶ
303 1145 407 1203 πρὸς
429 1145 476 1188 τὸ
505 1146 653 1200 μέλλον
674 1145 1033 1203 προστησομένους
1045 1176 1059 1197 ,
1095 1143 1212 1199 ἷσχὺν
1234 1145 1424 1187 ἐντεῦθεν
1455 1141 1596 1197 λαβὼν
1618 1142 1688 1185 καὶ

216 1213 369 1271 κράτος
401 1214 503 1269 ἔχων
528 1215 575 1258 τὸ
604 1214 793 1272 μέγιστον
826 1213 1009 1257 ἐκποδὼν
1046 1214 1192 1266 ἐποίει,
1242 1212 1339 1263 τοὺς
1374 1213 1449 1267 μὲν
1477 1210 1688 1261 ἑκουσίους

98 1299 128 1332 Ρ
153 1298 197 1333 48
220 1283 541 1340 ὑποχωροῦντας
572 1286 640 1328 καὶ
664 1283 770 1327 καθ’
801 1281 973 1333 ἑαυτοὺς
1000 1280 1239 1339 διάγοντας,
1276 1281 1373 1331 τοὺς
1407 1282 1452 1324 δὲ
1473 1283 1542 1323 καὶ
1561 1279 1688 1330 αὐτὸς
1699 1290 1743 1326 15

214 1350 482 1409 καθειργνύς,
520 1354 588 1396 καὶ
605 1352 757 1403 ἄλλους
774 1353 849 1407 μὲν
874 1351 1055 1406 ἀλλαχοῦ
1070 1383 1083 1404 ,
1122 1351 1193 1394 τὸν
1218 1352 1263 1394 δὲ
1287 1348 1610 1406 Τζαμᾶντουρον
1632 1351 1691 1400 εἷς,

188 1425 193 1430 “
214 1426 418 1480 Προῦσαν
439 1422 729 1472 ἐξαποστείλας
750 1423 821 1464 καί
841 1421 879 1464 οἳ
898 1420 1085 1478 φυλακὴν
1107 1417 1162 1470 ὥς
1182 1421 1414 1478 κατακρίτῳ
1433 1416 1690 1476 ἐγκαταστή-

217 1508 307 1543 σας.
381 1490 419 1534 οἳ
439 1490 487 1533 δέ
503 1508 546 1548 γε
568 1492 850 1549 προσκείμενοι
869 1487 1004 1550 τούτῳ
1023 1491 1089 1532 καὶ
1109 1491 1201 1532 λίαν
1220 1490 1262 1533 ἐν
1285 1490 1440 1531 ἐλπίσιν
1461 1484 1567 1543 ἦσαν
1583 1504 1691 1545 χρη-

310 1613 344 1648 3.
369 1608 499 1656 οὔπω]
525 1607 645 1652 οὕτως
668 1612 710 1646 Ρ.
811 1614 864 1648 10.
890 1606 915 1658 ἢ
938 1611 1085 1657 φυλακῇ
1109 1609 1148 1645 Ρ.
1269 1611 1324 1645 12.
1348 1608 1459 1650 ὅσους
1471 1604 1691 1649 ὑπόπτους.)

315 1660 370 1695 17.
395 1657 649 1703 &eunomiam
672 1659 723 1702 P,
749 1660 784 1693 et
807 1670 883 1694 mox
907 1656 1184 1704 ἐγκαταστῆσαι.

220 1752 337 1794 multa,
360 1754 433 1786 tum
456 1751 567 1799 palam
588 1754 660 1786 tum
675 1751 819 1786 occulte.
868 1755 945 1785 n'am
965 1754 1205 1797 praeterquam
1229 1760 1318 1795 quae
1341 1747 1415 1782 (lari
1434 1747 1482 1782 eis
1507 1759 1527 1781 e
1552 1745 1691 1792 publico

223 1799 379 1834 solebant
402 1798 536 1843 publice
559 1809 600 1832 ac
625 1798 722 1842 large
745 1798 965 1840 conferebat3
991 1797 1092 1832 etiam
1117 1799 1220 1830 noctu
1243 1796 1286 1829 ad
1314 1795 1450 1829 eosdem
1470 1794 1558 1828 dona
1581 1792 1693 1827 missi-

223 1846 346 1887 tabat,
368 1845 585 1878 insusurrans
606 1844 740 1878 interim
765 1856 806 1878 ac
836 1845 959 1878 blande
990 1844 1163 1878 insinuans
1186 1842 1334 1875 nondum
1368 1841 1453 1874 satis
1478 1844 1613 1874 cautum
1635 1850 1693 1873 se-

226 1890 369 1926 curitati
391 1901 492 1933 suae,
518 1902 630 1935 neque
650 1891 744 1935 prius
767 1890 802 1924 in
826 1895 899 1924 tuto
924 1902 963 1924 se
994 1891 1144 1924 futurum
1169 1899 1270 1933 quam
1305 1887 1438 1932 imperii
1462 1887 1635 1932 particeps
1659 1887 1695 1918 et

226 1937 373 1981 Augusti
404 1937 533 1982 collega
563 1937 757 1971 declaratus
796 1942 898 1971 esset.
946 1937 1010 1970 hoc
1044 1942 1082 1970 ut
1105 1934 1345 1982 persuaderet,
1378 1933 1551 1978 allegabat
1571 1936 1696 1966 metum

226 1983 455 2030 periculorum
486 1983 768 2029 impendentium,
803 1989 839 2016 et
872 1994 986 2017 casum
1017 1982 1231 2016 Muzalonum
1264 1980 1483 2014 memorabat.
1531 1988 1569 2012 se
1590 1988 1696 2024 porro

229 2030 346 2064 aiebat
376 2041 442 2063 non
465 2029 585 2063 minori
609 2041 709 2075 quain
733 2029 788 2063 cui
813 2029 863 2062 illi
885 2029 1144 2064 succubuissent
1165 2026 1316 2062 invidiae
1339 2026 1527 2067 obiectum,
1550 2025 1697 2069 ideoque

233 2075 369 2110 anxium
392 2075 429 2109 in
453 2076 525 2110 acri
548 2075 760 2110 solicitudine
782 2075 920 2118 vivere,
943 2075 1126 2121 perniciem
1149 2075 1184 2108 in
1207 2077 1375 2108 momenta
1399 2072 1554 2116 singula,
1587 2071 1616 2104 si
1639 2070 1698 2104 vel

231 2122 402 2156 minimum
434 2122 477 2156 de
508 2133 637 2157 summa
671 2122 823 2156 custodia
844 2122 1029 2164 remiserit,
1059 2122 1245 2156 timentem.
1289 2130 1400 2164 neque
1426 2129 1526 2163 porro
1550 2120 1604 2152 tot
1627 2117 1697 2151 dis—-

231 2172 364 2202 tentum
396 2168 645 2213 suspicionibus
677 2169 761 2203 satis
784 2180 884 2214 posse
908 2170 1083 2203 commissa
1105 2167 1172 2202 sibi
1194 2177 1275 2200 cura
1298 2164 1514 2200 custodiendi
1531 2163 1697 2210 principis

233 2213 399 2258 defungi,
434 2215 553 2260 utique
582 2227 657 2249 cum
687 2227 843 2259 magnam
873 2215 1073 2249 attentionis
1107 2225 1149 2248 ac
1180 2212 1318 2257 vigiliae
1349 2210 1540 2257 partemin
1566 2209 1618 2244 sni
1637 2221 1700 2245 ne-

232 2261 416 2294 cessariam
445 2262 634 2296 cautionem
664 2261 820 2296 derivare
853 2273 992 2296 necesse
1024 2261 1160 2295 habeat.
1208 2259 1366 2292 miserum
1397 2257 1497 2292 nimis
1530 2267 1607 2291 esse
1639 2267 1700 2290 ae-

233 2310 351 2341 stuare
374 2306 509 2341 assidue
534 2308 622 2341 inter
646 2307 800 2342 diversas
823 2308 929 2342 olficii
953 2307 1076 2352 publici
1092 2312 1128 2340 et
1150 2305 1363 2351 privatorum
1386 2303 1614 2338 discriminum
1637 2314 1699 2336 cu-

232 2363 314 2394 ras;
349 2354 438 2387 unde
466 2353 560 2387 illum
594 2354 652 2399 qui
683 2355 813 2388 electus
842 2354 888 2388 ad
921 2355 984 2387 hoc
1017 2353 1062 2387 sit
1096 2358 1136 2386 ut
1165 2352 1311 2385 salutem
1341 2353 1478 2385 tueatur
1515 2348 1699 2395 principis,

231 2398 376 2433 omnium
400 2400 552 2445 undique
574 2400 653 2434 telis
689 2406 724 2434 et
765 2400 1064 2435 innumerabilibus
1096 2398 1229 2432 insidiis
1266 2397 1455 2442 expositum
1479 2397 1535 2431 vel
1559 2394 1702 2429 maxime

232 2445 343 2494 ipsum
368 2446 538 2490 praesidio
565 2449 600 2479 et
635 2446 788 2481 excubiis
812 2458 927 2491 egere.
974 2457 1081 2491 quare
1116 2444 1356 2491 praestabilius
1381 2443 1491 2477 videri
1511 2442 1621 2476 locum
1644 2452 1704 2475 ce-

235 2493 317 2525 dere
341 2492 480 2525 cuilibet
506 2492 632 2526 volenti
656 2504 757 2538 quam
779 2494 815 2527 in
846 2505 886 2527 eo
919 2504 1047 2537 angore
1077 2503 1118 2526 ac
1149 2497 1318 2525 tormento
1341 2489 1469 2524 vivere.
1516 2488 1595 2532 (29)
1617 2487 1702 2520 baec

233 2542 271 2571 et
292 2538 364 2572 eius
388 2538 522 2582 generis
545 2539 651 2572 multa
682 2540 859 2584 proferens
888 2539 1106 2573 vehementer
1127 2537 1343 2571 incumbebat
1363 2536 1400 2570 in
1422 2534 1621 2581 petitionem
1636 2545 1703 2567 su-

235 2584 346 2630 premi
369 2584 519 2618 honoris.
566 2596 668 2629 porro
692 2586 827 2620 interim
848 2596 933 2630 quos
955 2587 1132 2630 suspectos
1156 2585 1326 2624 habebat,
1357 2582 1550 2627 quibusque
1575 2579 1705 2614 intelli-

236 2631 342 2675 gebat
365 2630 546 2674 displicere
572 2631 785 2676 praesentia,
811 2631 906 2665 cordi
929 2642 1006 2666 esse
1029 2643 1138 2672 nova,
1162 2630 1196 2664 in
1218 2641 1298 2675 spes
1321 2630 1511 2663 futurorum
1533 2625 1707 2672 inquietas-

237 2677 507 2722 imminentibus,
540 2688 599 2711 eos
633 2689 715 2712 sane
745 2689 873 2711 summa
899 2689 998 2723 quam
1032 2677 1210 2712 obtinebat
1241 2680 1414 2720 potestate
1442 2679 1581 2708 strenue
1604 2674 1706 2706 utens

239 2723 370 2757 amovit
397 2734 417 2757 e
439 2723 572 2765 medio,
594 2723 720 2769 partim
741 2723 866 2758 iniecto
888 2729 1023 2758 terrore
1052 2724 1206 2757 efficiens
1229 2726 1268 2756 ut
1292 2726 1413 2767 sponte
1436 2720 1479 2754 ad
1502 2730 1566 2753 sua
1587 2730 1626 2752 se
1647 2728 1706 2751 re—

240 2769 397 2814 ciperent
419 2774 455 2803 et
475 2770 563 2804 domi
586 2782 623 2803 se
644 2774 819 2812 tenerent,
843 2771 967 2815 partim
990 2770 1024 2805 vi
1047 2769 1183 2815 publica
1207 2779 1379 2802 coercens.
1426 2777 1494 2812 quo
1515 2765 1551 2798 in
1579 2774 1708 2809 genere

242 2827 317 2849 cum
341 2816 426 2850 alios
449 2816 514 2851 alio
538 2815 753 2858 amandavit,
792 2821 864 2851 tum
894 2817 1160 2851 Tzamanturum
1192 2816 1378 2859 relegatum
1403 2814 1545 2847 Prusaln
1569 2811 1617 2845 ibi
1643 2820 1708 2843 cu-

242 2862 353 2898 stodia
376 2862 488 2897 teneri
502 2863 599 2898 velut
620 2874 717 2898 teum
738 2862 850 2899 iussit.
893 2863 1030 2899 interim
1052 2863 1183 2898 alacres
1212 2862 1249 2897 in
1271 2861 1399 2908 spebus
1421 2858 1558 2906 optimis
1581 2856 1709 2892 floren-
