1846 3262
450 195 528 239 DE
554 194 836 238 MICHAELE
869 190 1248 237 PALAEOLOGO
1284 192 1330 237 L.
1367 190 1420 237 ΙΙ.
1565 190 1658 236 151

183 310 371 365 ἔκπληξιν
391 306 729 366 ἀπεργάζεσθαι.
799 303 894 351 τότε
922 306 1061 350 τοίνυν
1096 307 1226 363 ἐκείνη
1252 309 1328 361 τῆς
1352 309 1428 349 τοῦ
1455 304 1660 360 βασιλέως

184 380 414 437 ἀσφαλείας
433 378 510 434 οὐχ
531 373 656 434 ἧττον
675 376 699 433 ἢ
719 381 795 421 τοῦ
812 376 866 419 τοὶ
885 373 986 432 ἡδέα
1005 376 1130 432 λέγειν
1148 372 1362 432 προυνόει,
1401 375 1467 418 καὶ
1488 373 1585 417 κατ’
1609 373 1658 418 ὄ-

185 451 297 505 λίγον
323 446 545 505 γρήγορσιν
572 445 843 502 ἀνελάμβανε.
913 449 997 488 τῶν
1013 444 1091 501 γὰρ
1113 448 1187 487 τοῦ
1204 444 1334 494 ποδὸς
1351 441 1564 487 δακτύλων
1585 443 1659 487 τὸν

183 518 372 574 μέγιστον
400 521 669 572 κατασχοῦσα
699 516 876 571 μετρίως
903 512 1026 566 {alege
1055 521 1144 564 τοῖς
1174 511 1393 563 δακτύλοις
1411 511 1468 563 ὥς
1491 510 1658 566 ὁμαλῶς
1679 522 1713 557 Ε

151 594 173 628 5
187 588 473 639 διυπνίσουσα,
508 588 576 629 καὶ
597 582 773 637 διύπνιζε
791 584 1040 640 παραυτίκα.
1111 584 1178 625 καὶ
1198 581 1244 633 ὃς
1264 586 1316 639 τῇ
1333 586 1496 639 μοναχῇ
1517 582 1661 625 ε’νιδών

183 656 403 714 ἶσταμένῃ,
442 654 464 698 ὅ
492 672 531 697 τι
560 658 762 698 παθοῦσα
787 650 957 708 πράττει
989 656 1164 694 τοιαῦτα
1188 648 1498 695 διεπυνθάνετο.
1566 649 1594 707 ἦ
1615 652 1662 694 δὲ

182 725 329 782 γέλωτι
365 726 440 779 μὲν
475 725 544 767 καὶ
571 727 745 782 χαροπῷ
774 727 835 781 τῷ
865 721 963 777 ἤθει
994 720 1182 779 ἐμφανὴς
1210 715 1263 776 ἦν
1288 720 1341 763 τὰ
1366 719 1472 762 καθ’
1505 717 1661 776 ἡδονὴν

183 792 362 846 ε’ροῦσα,
402 793 450 836 οὗ
477 792 561 848 μὴν
590 792 632 835 δ’
664 793 707 835 ἐκ
739 796 813 834 τοῦ
845 789 1162 846 παραυτίκατᾶ
1196 789 1304 832 κατὰ
1334 793 1432 833 νοῦν
1462 786 1658 845 ἓξήγγελε,

183 864 324 919 με’χρις
353 861 403 904 ἂν
431 862 661 917 κατασταίη
694 860 799 903 κατὰ
829 859 876 903 τὸ
905 859 1010 910 εῗκός
1037 859 1086 902 τὸ
1106 863 1301 917 φρονοῦν.
1369 859 1453 901 ἐπεὶ
1471 858 1518 900 δὲ
1534 860 1660 901 καθί-

130 944 173 977 10
186 949 314 975 στατο
336 932 402 973 καὶ
425 926 552 980 αὖθις
569 928 712 986 ἠρώτα
727 934 881 984 μαθεῖν
899 926 1134 984 γλιχόμενος
1162 927 1210 971 τὸ
1237 926 1437 983 ἧδυνοῦν,
1476 925 1531 976 ὥς
1558 925 1658 971 ὕπε-

181 999 287 1053 νόει,
318 998 412 1043 τότε
447 1001 683 1056 προσετίθει
713 999 765 1042 τὰ
803 998 1035 1054 εὐαγγέλια,
1074 996 1131 1048 ὥς
1159 995 1187 1053 ἥ
1212 1014 1257 1040 τε
1285 994 1404 1047 πόλις
1427 994 1542 1054 ἁλῴη
1571 995 1593 1039 ὅ
1614 1014 1657 1040 τε

181 1073 350 1126 Καῖσαρ
377 1068 482 1123 μετὰ
514 1073 589 1111 τοῦ
619 1072 832 1112 Σκυθικοῦ
865 1067 979 1117 ε’ντός
999 1067 1147 1122 ἀνέδην
1168 1064 1328 1122 διάγοι,
1364 1067 1432 1108 καὶ
1455 1063 1511 1115 ὥς
1533 1064 1654 1122 εὖαγ-
1677 1077 1707 1112 Ρ
1732 1079 1776 1113 98

180 1139 293 1195 γε’λια
326 1140 481 1180 ἐκεῖθεν
510 1136 683 1193 ἥκοντος
693 1170 707 1191 ,
741 1138 803 1179 ε’πὶ
824 1134 987 1186 τούτοις
1004 1136 1309 1193 ι’σχυριζομένου
1329 1134 1381 1178 τὰ
1400 1132 1582 1189 μάλιστα
1602 1133 1660 1185 ὥς

181 1210 265 1250 ε’κεῖ
292 1207 584 1263 πραττομένων
614 1204 834 1263 παρόντος.
906 1206 989 1249 ἐπεὶ
1021 1207 1067 1248 δὲ
1097 1207 1165 1248 καὶ
1193 1206 1228 1247 εἴ
1252 1204 1502 1259 ἀποσταλείη
1543 1204 1657 1261 παρὰ

127 1288 169 1322 15
181 1281 256 1319 τοῦ
290 1278 504 1332 Καίσαρος
537 1270 660 1325 οὗτος
691 1271 1021 1326 ἀνεπυνθάνετο,
1058 1272 1084 1330 ἦ
1115 1274 1160 1316 δὲ
1188 1272 1263 1317 οὐκ
1286 1273 1434 1316 εῗδέναι
1450 1274 1527 1326 μὲν
1548 1272 1656 1330 {ipa-

179 1363 297 1399 σκεν,
344 1343 456 1400 ὅμως
495 1344 621 1387 αὐτὸν
663 1342 852 1400 παρόντα
890 1341 1076 1399 αὐτάρκη
1105 1341 1207 1386 εἶναι
1233 1342 1561 1399 ἀποκρινεῖσθαι.
1632 1339 1654 1385 ὅ

178 1415 317 1469 μέντοι
337 1431 379 1470 γε
398 1413 592 1467 βασιλεὺς
612 1415 763 1456 ἐννοῶν
780 1413 855 1467 μὲν
873 1413 939 1454 καὶ
959 1412 1007 1455 τὸ
1024 1416 1099 1454 τοῦ
1117 1409 1360 1468 πράγματος
1379 1410 1492 1461 ξένον
1514 1411 1580 1453 καὶ
1601 1411 1653 1466 δὴ

179 1486 247 1526 καὶ
270 1481 325 1532 ὥς
346 1482 420 1525 οὐκ
449 1482 694 1525 ἄποστέλλοι
716 1480 737 1524 ὃ
759 1484 927 1537 Καῖσαρ
950 1482 1013 1523 ἐπὶ
1037 1478 1222 1532 τούτοις,
1258 1480 1405 1522 ἐννοῶν
1435 1480 1481 1522 δὲ
1496 1481 1575 1522 ’καὶ
1590 1480 1653 1522 ’τὸ

179 1557 262 1596 τῶν
295 1551 559 1609 ’ἐφεπομένων
588 1555 752 1607 πλῆθος
778 1548 835 1601 ὥς
865 1550 1037 1594 ἔλαττον
1058 1548 1105 1594 ὂν
1125 1548 1150 1606 ἢ
1171 1553 1306 1593 ταῦτα
1331 1546 1549 1606 πράττειν,
1581 1550 1648 1592 καὶ
1672 1559 1702 1594 Β

271 1709 306 1744 2.
330 1705 357 1756 ἢ
376 1707 513 1743 deerat.

178 1848 252 1896 pit,
283 1858 428 1894 corpore
448 1845 620 1881 interdum
641 1845 676 1880 in
699 1845 883 1891 deliquium
906 1848 943 1880 et
964 1848 1155 1891 symptema
1175 1844 1341 1880 sonticum
1362 1844 1516 1880 redacto.
1561 1845 1655 1880 haee

177 1895 355 1940 sapienter
385 1897 467 1928 tunc
496 1898 664 1939 reputans
696 1892 844 1937 Eulogia
875 1892 1045 1927 instiilare
1077 1892 1237 1937 gaudium
1268 1903 1370 1937 quam
1398 1892 1647 1938 superfundere

177 1941 280 1976 fratri
312 1940 452 1983 maluit;
484 1951 547 1974 nec
570 1940 722 1974 nuntium
746 1939 977 1974 felicissimum
999 1939 1064 1973 nisi
1084 1939 1302 1984 praeparatis
1332 1938 1478 1974 idoneae
1504 1949 1645 1984 suspen-

177 1988 282 2022 sionis
304 1998 397 2021 mora
419 1986 688 2031 expergiscentis
712 1985 851 2019 auribus
873 1985 1050 2020 commisit.
1094 1985 1238 2030 primum
1260 1984 1418 2020 vellicato
1439 1984 1539 2031 pedis
1561 1984 1649 2019 arti-

177 2034 253 2068 culo
276 2033 397 2067 maiori
419 2032 524 2078 sopiti
547 2032 665 2074 fratris
688 2043 838 2066 somnum
860 2031 1024 2066 excussit.
1072 2043 1216 2076 cumque
1246 2031 1278 2065 is
1310 2032 1416 2066 oculis
1437 2030 1567 2076 apertis
1589 2042 1647 2065 so-

175 2080 243 2114 lam
267 2092 308 2114 eo
331 2079 406 2113 loco
429 2091 471 2113 ac
492 2084 648 2124 tempore
673 2089 823 2112 sororem
846 2078 1011 2122 vidisset,
1041 2078 1216 2122 quaesivit
1238 2077 1427 2120 admirans,
1449 2077 1540 2112 satin
1562 2087 1647 2111 sana

178 2130 215 2161 et
237 2137 396 2172 quorsum
419 2125 468 2159 ibi
495 2131 588 2159 esset
610 2124 735 2170 quidve
757 2129 887 2169 ageret.
932 2124 993 2159 ina
1026 2124 1128 2159 hilari
1153 2124 1307 2158 arridens
1330 2124 1425 2158 vultu
1456 2123 1543 2157 satis
1569 2123 1646 2168 ipsa

177 2172 244 2207 oris
274 2171 465 2205 renidentia
494 2172 708 2205 monstrabat
730 2182 918 2216 prosperae
940 2182 978 2205 se
1000 2171 1052 2205 rei
1077 2171 1198 2205 adesse
1219 2170 1372 2204 indicem.
1419 2170 1566 2203 nondum
1587 2174 1643 2203 ta-

176 2229 252 2252 men
285 2218 366 2262 quid
398 2217 542 2252 afferret
574 2218 748 2263 exposuit,
781 2217 883 2252 otium
913 2218 1081 2262 praebens
1103 2217 1258 2251 semibus
1280 2215 1471 2250 excutiendi
1493 2215 1644 2269 torporis

175 2263 375 2309 vigorisque
408 2263 611 2297 resumendi.
656 2268 728 2297 tum
762 2263 823 2298 ubi
857 2264 944 2298 satis
974 2263 1079 2309 spatii
1100 2263 1217 2297 datum
1243 2267 1388 2296 naturae
1409 2261 1576 2296 iudicant
1599 2260 1643 2296 ad

175 2310 416 2344 restituendam
439 2309 476 2343 in
499 2314 624 2344 statum
649 2314 909 2344 consentaneum
932 2309 1143 2354 intelligendi
1172 2309 1390 2349 facultatem,
1428 2308 1550 2353 cupide
1577 2306 1642 2341 fla-

174 2357 303 2401 gitanti
327 2358 483 2400 Augusto
507 2367 550 2390 ne
572 2356 699 2390 diutius
722 2361 856 2391 taceret
879 2357 970 2402 quod
994 2357 1093 2390 dulce
1116 2355 1235 2390 auditu
1257 2355 1455 2389 nuntiatura
1477 2353 1641 2395 venisset,

173 2403 310 2437 tandem
334 2401 492 2447 exposuit
515 2405 649 2447 captam
672 2403 783 2436 teneri
805 2403 922 2436 urbem
946 2407 983 2438 et
1007 2403 1192 2437 Caesarem
1213 2400 1306 2435 intra
1328 2412 1403 2435 eam
1425 2411 1546 2435 secure
1565 2411 1641 2434 cum

174 2449 346 2493 Scythicis
379 2447 486 2493 copiis
516 2448 654 2493 degere.
700 2449 735 2483 id
769 2453 864 2483 certo
899 2449 979 2483 sciri
1013 2460 1056 2483 ex
1090 2448 1225 2482 oculato
1251 2452 1364 2489 teste,
1398 2446 1532 2481 homine
1562 2446 1642 2480 inde

173 2507 303 2530 summa
334 2494 513 2529 celeritate
543 2496 718 2540 profecto,
748 2495 1088 2540 constantissimeque
1118 2494 1315 2528 affirmante
1344 2505 1421 2528 sese
1445 2492 1642 2526 interfuisse

173 2542 252 2575 dum
275 2552 333 2575 res
356 2544 535 2585 gereretur
558 2547 594 2574 et
615 2546 746 2585 gestam
768 2541 905 2575 vidisse.
936 2541 1171 2585 interrogante
1191 2551 1275 2575 vero
1296 2540 1503 2586 imperatore
1518 2537 1641 2584 ecquid

172 2588 229 2621 ine
251 2587 372 2621 missus
393 2599 415 2622 a
440 2587 592 2621 Caesare
615 2587 789 2628 venisset,
814 2587 872 2621 ina
895 2598 933 2623 se
954 2587 1087 2622 nescire
1110 2586 1212 2620 dixit:
1238 2591 1409 2620 caeterum
1432 2585 1554 2619 adesse
1577 2584 1640 2618 ho-

172 2634 292 2668 minem
316 2637 353 2667 et
373 2633 581 2678 interrogari
602 2644 725 2679 posse,
748 2633 874 2679 quippe
895 2633 1052 2668 idoneum
1073 2632 1270 2667 reddendae
1294 2632 1348 2667 sui
1370 2631 1507 2666 rationi.
1556 2641 1641 2675 pru-

172 2679 256 2714 dens
284 2679 470 2725 imperator
492 2685 656 2726 reputans
678 2687 778 2725 quam
801 2691 887 2714 nova
909 2685 946 2714 et
967 2678 1148 2725 inopinata·
1172 2684 1368 2714 narraretur
1389 2688 1467 2718 res,
1501 2676 1546 2710 de
1570 2686 1639 2721 qua

172 2726 309 2760 nuntius
331 2737 352 2760 a
376 2727 539 2768 Caesare,
562 2726 621 2772 qni
645 2725 794 2771 gessisse
816 2725 1004 2766 dicebatur,
1026 2725 1137 2760 nullas
1160 2727 1363 2772 appareret,
1389 2734 1517 2758 memor
1536 2721 1638 2756 etiam

171 2772 356 2817 paucitatis
386 2772 558 2818 copiarum
594 2784 668 2806 cum
693 2773 844 2806 Caesare
866 2774 1097 2818 profectuum
1120 2772 1199 2807 talis
1220 2777 1260 2806 ut
1280 2776 1411 2805 tantam
1434 2770 1638 2808 urbem,oc‚-

172 2829 316 2863 cupasse
349 2817 451 2852 etiam
485 2820 575 2853 ultro
609 2819 682 2853 sine
714 2819 898 2854 certamine
931 2824 1108 2865 apertam,
1142 2818 1197 2853 vei
1221 2818 1250 2853 si
1276 2816 1460 2852 voluissent
1482 2813 1637 2856 maxime,

171 2864 261 2899 haud
283 2864 438 2911 potuisse
458 2865 676 2910 viderentur,
709 2865 871 2901 sustinuit
899 2877 1075 2902 assensum
1104 2876 1170 2900 nec
1192 2864 1294 2899 fidem
1327 2861 1480 2897 adhibuit
1509 2859 1638 2904 nuntio,
