1884 3262
275 193 374 241 492
616 216 619 219 r
691 193 926 237 GEORGII
958 195 1305 240 PACHYMERIS

222 314 256 348 Ε
279 307 390 363 ἄλλῳ
409 304 573 356 ἐξείποι,
611 305 646 346 εἲ
669 303 728 359 μὴ
760 302 851 349 κάοι
880 307 1124 362 παραυτίκα.
1194 308 1299 364 πρὸς
1322 309 1368 351 δὲ
1383 310 1449 352 καὶ
1470 313 1530 368 τῷ
1547 313 1721 363 βασιλοὸ

271 375 464 430 γραφείου
484 372 783 431 ἐγκαλουμένῳ,
822 372 877 423 ὥς
898 374 979 429 ἐβςοι
994 373 1144 429 μόνον,
1181 373 1208 429 ἦ
1231 375 1372 430 ἀπειλὴ
1400 375 1584 427 θάνατος
1605 377 1720 419 ἅντι-

130 449 158 483 Ρ
181 449 247 484 335
272 458 382 497 κρυς.
454 439 574 498 (25)
610 448 822 496 τεκμηριοῖ
848 442 892 484 δὲ
921 444 987 484 καὶ
1013 443 1060 486 τὸ
1084 444 1174 498 περὶ
1201 443 1273 486 τὸν
1292 446 1521 487 Καλοειδᾶν
1540 442 1716 501 γεγονός,

269 509 403 564 ἄνδρα
430 508 642 560 εὐλαβείας
669 509 743 562 μὲν
777 511 831 559 εἷς
861 508 987 565 ἄκρον
1011 508 1377 565 μεταποιούμενον,
1419 515 1718 571 παρθενίᾳσυ-

268 579 423 629 ζῶντα,
453 578 520 618 καὶ
540 574 811 632 ἐλεημοσύνην
834 580 900 620 καὶ
921 578 995 633 τὴν
1018 579 1120 634 πρὸς
1137 579 1208 622 τὸν
1225 581 1394 634 πλησίον
1412 577 1572 635 ἀγάπην
1589 579 1751 635 ‹lady-5
1786 574 1789 575 ⁷

267 662 404 700 κριτον
416 677 431 697 ,
469 643 833 699 ἐξυπηρετούμενον
856 647 900 688 δὲ
919 651 968 703 τῇ
986 648 1176 704 δεσποίνῃ
1198 652 1281 690 τῶν
1296 649 1500 701 ταμιείων,
1537 646 1597 698 ὅν,
1634 648 1718 690 ἐπεὶ

267 711 395 767 μόνον
416 712 517 766 ἔχων
541 716 727 755 τοιοῦτον
760 711 889 766 ἑάλω,
928 714 1020 757 οὔτε
1044 715 1091 758 τὸ
1119 715 1287 769 εὐλαβὲς
1314 715 1455 767 ἔσωζεν
1474 714 1567 758 οὔτε
1584 714 1666 769 μὴν
1688 713 1715 770 ἦ

266 779 368 836 ὑπὲρ
401 781 551 823 ἐκείνου
580 785 654 834 τῆς
682 783 893 837 δεσποίνης
919 782 1076 837 σπουδὴ
1106 781 1414 839 περιεποιήσατο
1434 815 1450 835 ,
1499 781 1603 825 ἀλλὰ
1633 786 1717 825 τῶν

217 861 247 894 Β
273 846 466 902 ὀμμάτων
489 854 641 903 στερεΐν
657 847 827 892 κελεύων
848 848 966 904 μόλις
982 851 1034 893 τὰ
1052 855 1126 905 τῆς
1145 849 1348 901 κολάσεως
1367 852 1423 901 εἷς
1439 851 1487 893 τὸ
1507 847 1718 893 ἀνεκτότε-

267 934 339 973 ρον
358 917 542 973 περιίστα
566 916 633 958 διὰ
655 917 729 971 τὴν
754 922 826 972 τῆς
844 920 1057 974 δεσποίνης
1081 919 1231 974 συχνὴν
1257 920 1437 962 ἱκετείαν.
1506 915 1716 975 προστάσ-
1728 929 1772 964 10

129 999 158 1033 Ρ
181 999 248 1034 336
272 1001 330 1027 σει
346 983 447 1040 γάρ,
485 986 551 1026 καὶ
573 984 709 1039 ἄγεται
726 984 747 1027 ὅ
777 983 1018 1042 κατάκριτος
1044 987 1156 1042 παρὰ
1185 987 1257 1029 τὸν
1286 991 1359 1030 τοῦ
1385 984 1518 1043 φόρου
1535 988 1651 1029 κίονα
1673 986 1716 1028 ἔν

266 1055 636 1101 Κωνσταντιαναΐς.
702 1055 769 1095 καὶ
788 1060 872 1103 τοῖς
894 1058 1096 1111 κληρικοῖς
1112 1054 1295 1097 ἀπαντᾶν
1310 1055 1527 1097 ἐπιστέλλει
1545 1054 1620 1108 τὴν
1639 1070 1716 1096 τα-

262 1122 408 1175 χίστην
440 1121 567 1175 μηδὲν
593 1117 741 1174 εἷδόσι,
779 1123 846 1163 καὶ
877 1126 934 1180 τῷ
965 1120 1075 1181 τόπῳ
1106 1124 1368 1179 ἐφίστασθαι.
1438 1122 1653 1179 κληρικοῦς
1669 1121 1715 1163 δὲ

267 1186 431 1237 πάντως
449 1186 602 1240 ἐκάλει,
635 1186 828 1238 ὑπόπτως
846 1188 906 1232 ἀεὶ
927 1190 1029 1246 πρὸς
1048 1190 1198 1239 αὐτοὺς
1215 1190 1329 1244 ἔχων,
1359 1188 1413 1239 ὥς
1432 1184 1521 1239 ταῖς
1541 1191 1596 1239 εἷς
1613 1190 1714 1231 ἐκεῖ-

267 1274 339 1299 νον
362 1257 572 1312 τιμωρίαις
592 1254 856 1310 δεδιξόμενος.
907 1256 1018 1307 ὅσοις
1038 1253 1110 1300 οὖν
1129 1258 1201 1300 οὐκ
1220 1259 1262 1300 ἐν
1281 1255 1428 1312 εῗδήσει
1442 1253 1492 1312 ἦν
1511 1257 1564 1299 τὰ
1581 1273 1712 1313 πρατ-
1724 1266 1769 1300 15

266 1321 439 1378 τόμενα,
465 1323 730 1380 ἀφικνοῦντο’
762 1325 800 1367 οἱ
822 1324 864 1367 δ’
887 1324 1034 1375 εἰδότες
1055 1323 1436 1382 ἐπραγματεύσαντο
1458 1324 1531 1380 τὴν
1549 1324 1714 1381 ἀποφυ-

265 1390 362 1448 γήν,
401 1390 456 1441 ὥς
477 1390 575 1445 εἶχεν
600 1392 782 1442 ἕκαστος.
851 1393 993 1436 ἶστῶσι
1020 1394 1156 1436 τοίνυν
1187 1394 1260 1437 τὸν
1282 1393 1436 1451 ἄνδρα,
1471 1394 1538 1435 καὶ
1568 1397 1712 1449 πρῶτα

211 1465 242 1498 Β
264 1461 336 1514 μὲν
356 1459 431 1509 τὰς
452 1460 592 1516 τρίχας
613 1464 686 1515 τῆς
707 1464 886 1517 κεφαλῆς
908 1461 980 1503 οὒκ
998 1463 1040 1504 ἐν
1055 1465 1141 1520 χρῷ
1159 1463 1380 1517 κείραντες,
1416 1459 1470 1510 ὥς
1488 1467 1713 1516 συνεργοῒεν

264 1529 418 1571 καίοντι
437 1532 495 1588 τῷ
519 1529 640 1586 πυρί,
678 1526 927 1584 ἐμβάλλουσι
953 1534 1037 1587 πῦρ
1060 1536 1146 1579 τοῖς
1173 1529 1344 1587 χάρταις
1367 1527 1588 1586 βεβράναις
1618 1523 1710 1571 οὖσι

259 1679 326 1714 que
348 1667 472 1702 iudicia
492 1669 708 1714 frequentata
731 1669 774 1704 de
796 1670 860 1704 hoc
883 1670 1042 1715 crimine,
1076 1670 1166 1716 quod
1188 1669 1471 1715 basilographium
1493 1669 1710 1714 nuncupaba-

258 1718 326 1747 tur.
371 1714 471 1747 huius
491 1718 530 1747 ut
551 1726 630 1749 reus
652 1715 728 1760 quis
750 1721 994 1760 perageretur,
1024 1717 1108 1751 satis
1141 1720 1216 1751 erat
1246 1716 1387 1761 reperiri
1421 1726 1524 1760 penes
1546 1726 1621 1748 eum
1644 1715 1709 1749 ali-

259 1771 358 1804 quem
381 1759 452 1792 eius
475 1760 608 1803 generis
630 1761 787 1795 libellum.
834 1762 987 1796 convicto
1010 1773 1096 1796 mors
1117 1763 1357 1796 intentabatur.
1401 1760 1499 1804 (25)
1522 1771 1622 1805 quam
1645 1771 1708 1794 au-

257 1810 325 1838 tem
348 1816 413 1838 non
437 1816 523 1838 vana
545 1817 711 1851 quamque
733 1807 972 1841 irrevocabilis
995 1819 1035 1841 ea
1057 1807 1208 1852 supplicii
1235 1806 1375 1840 extremi
1399 1805 1607 1840 comminatio
1630 1806 1707 1838 fue-

257 1849 324 1890 rit,
347 1850 480 1884 abunde
504 1851 762 1893 demonstravit,
797 1853 885 1897 quod
911 1853 1073 1887 Calo'idae
1095 1852 1257 1896 contigit,
1279 1852 1350 1886 viro
1374 1851 1513 1884 eximiae
1533 1849 1706 1892 religionis

260 1906 476 1940 summaeque
498 1896 708 1939 sanctitatiS,
737 1897 772 1931 in
795 1898 994 1941 virginitate
1017 1898 1165 1939 viventi,
1198 1897 1434 1941 exercentique
1456 1907 1495 1929 se
1516 1895 1650 1929 assidue
1669 1895 1706 1928 in

260 1940 479 1984 eleemosynis
502 1953 542 1975 ac
564 1943 707 1976 caeteris
736 1943 770 1975 id
793 1954 898 1986 genus
921 1955 1003 1986 erga
1024 1944 1214 1988 proximos,
1244 1943 1316 1977 sine
1339 1940 1531 1975 differentia
1554 1941 1706 1974 delectu-

259 1998 303 2019 ve
328 1997 567 2030 personarum,
589 1987 813 2022 misericordis
844 1988 995 2023 caritatis
1025 1989 1192 2034 operibus,
1238 1991 1313 2022 erat
1342 1991 1451 2021 autem
1474 1986 1562 2020 idem
1585 1987 1628 2019 de
1649 1986 1706 2019 fa-

260 2032 352 2065 milia
372 2031 610 2076 imperatricis,
642 2045 748 2078 penus
779 2034 851 2067 eius
882 2046 995 2068 curam
1028 2045 1160 2078 gerens.
1207 2034 1294 2068 huuc
1323 2033 1551 2067 tantummodo
1578 2031 1707 2065 habere

259 2076 381 2111 librum
403 2078 504 2111 talem
526 2078 768 2123 deprehensum
790 2091 855 2114 non
878 2091 939 2113 sua
959 2080 1070 2125 pietas
1086 2079 1248 2121 servavit,
1271 2090 1335 2113 non
1353 2083 1515 2123 patronae
1530 2078 1706 2121 Augustae

261 2128 422 2167 quantum
444 2129 558 2167 posset
579 2136 641 2168 pro
664 2125 733 2158 fido
757 2129 792 2159 et
815 2137 893 2159 caro
916 2125 1040 2160 cliente
1061 2137 1102 2159 ac
1125 2125 1273 2159 ministro
1296 2123 1482 2167 satagentis
1502 2121 1705 2167 suffragatio

261 2168 502 2203 studiosissima
532 2171 692 2214 protexit.
736 2170 817 2204 illud
848 2171 933 2205 enim
965 2171 1139 2205 dumtaxat
1169 2169 1409 2205 ardentissimis
1432 2172 1468 2202 et
1501 2167 1705 2202 creberrime

259 2213 471 2256 ingeminatis
492 2215 641 2259 coniugis
663 2227 744 2250 suae
767 2227 828 2261 pro
852 2217 992 2250 Calo'l'da
1016 2217 1171 2262 precibus
1201 2216 1258 2250 vix
1290 2215 1423 2249 tandem
1447 2215 1618 2258 Augustus
1645 2224 1704 2247 re-

259 2259 409 2301 laxavit,
438 2263 475 2294 ut
513 2271 622 2304 poena
654 2262 769 2295 mortis
799 2262 833 2296 in
866 2263 1134 2296 excaecationem
1164 2264 1377 2296 mutaretur.'
1405 2260 1499 2294 iussu
1527 2270 1608 2304 ergo
1632 2258 1704 2292 eius

258 2305 435 2338 damnatus
457 2305 501 2339 ad
524 2306 588 2339 fori
613 2309 796 2341 columnam
827 2307 862 2341 in
886 2307 1137 2342 Constantianis
1167 2308 1309 2342 sistitur.
1356 2306 1563 2340 advocantur
1586 2304 1702 2338 eodem

256 2353 294 2384 et
316 2350 450 2391 clerici,
479 2352 653 2396 repentino
685 2364 792 2398 eoque
826 2353 899 2397 acri
932 2365 973 2388 ac
1006 2353 1101 2387 minis
1133 2353 1168 2386 in
1200 2356 1397 2386 cunctantes
1427 2351 1555 2385 sancito
1578 2351 1703 2392 accitu,

254 2395 366 2440 ignari
398 2406 496 2439 quam
532 2398 574 2430 ob
605 2408 749 2432 causam.
797 2399 916 2433 adesse
947 2403 1056 2433 autem
1085 2398 1302 2433 eosidcirco
1333 2397 1490 2443 princeps
1511 2395 1639 2438 voluit,
1661 2398 1701 2429 ut

257 2451 361 2485 genus
383 2440 419 2472 id
452 2441 615 2476 hominum
647 2444 710 2477 sibi
741 2444 862 2478 dudum
886 2443 1115 2479 contumaciae
1144 2450 1334 2489 suspectum
1357 2442 1509 2486 exemplo
1530 2441 1595 2475 diri
1619 2451 1700 2485 sup-

255 2485 348 2532 plicii
370 2488 564 2520 terreretur.
611 2489 811 2534 quicumque
833 2490 934 2534 igitur
956 2502 999 2524 ex
1016 2490 1057 2524 iis
1079 2489 1158 2535 quid
1176 2489 1360 2535 spectaturi
1381 2491 1584 2522 vocarentur
1602 2485 1702 2530 igno·-

256 2535 399 2573 ramnt,
423 2542 489 2576 quo
512 2531 713 2567 iubebantur
734 2541 812 2569 sunt
834 2536 998 2581 profecti3
1022 2535 1078 2581 qui
1102 2547 1170 2569 rem
1193 2537 1469 2580 praesenserant,
1504 2533 1616 2575 fugam
1638 2543 1700 2565 ex-

253 2577 432 2622 pedierunt
454 2588 522 2622 qua
548 2578 688 2623 quisque
711 2581 823 2624 potuit
845 2581 1021 2615 tutissime.
1069 2581 1229 2626 perducto
1263 2581 1305 2615 ad
1328 2580 1434 2613 locum
1458 2577 1618 2611 calcidae
1640 2588 1700 2611 co-

255 2634 311 2656 ma
333 2622 472 2656 detonsa
495 2627 569 2664 est,
593 2635 657 2656 non
680 2626 722 2658 ad
745 2630 873 2668 cutem,
896 2627 956 2661 sed
981 2626 1058 2671 pilis
1081 2638 1101 2660 a
1122 2627 1236 2660 radice
1259 2625 1303 2660 ad
1322 2624 1466 2670 aliquam
1489 2622 1597 2657 adhuc
1619 2621 1700 2656 alti-

256 2667 407 2701 tudinem
427 2667 555 2702 relictis
577 2671 790 2713 extantibus,
813 2675 851 2704 ut
873 2673 1029 2715 pabulum
1051 2672 1123 2716 igni
1146 2675 1257 2706 essent
1278 2682 1341 2717 per
1363 2670 1423 2704 hos
1441 2667 1554 2702 intime
1576 2668 1698 2712 pellem

255 2713 363 2758 ipsam
393 2724 434 2747 ac
457 2713 580 2748 calvam
605 2715 751 2749 ambusti
783 2716 918 2750 verticis
948 2729 1141 2762 pervasuro.
1188 2716 1376 2762 applicatae
1396 2713 1517 2747 dehinc
1538 2717 1700 2759 arcteque

256 2769 441 2803 appressae
464 2759 576 2793 miseri
599 2759 702 2805 capiti
725 2761 864 2795 chartae
885 2764 1098 2797 membranae
1119 2762 1195 2808 pice
1215 2762 1319 2796 illitae
1334 2759 1591 2800 inflammantur,
1613 2759 1698 2793 vim-

257 2815 324 2849 que
348 2805 519 2840 ardentem
540 2804 584 2840 ab
604 2805 742 2852 occipiti
764 2806 807 2841 ad
829 2807 986 2854 synciput
1008 2813 1044 2843 et
1063 2809 1208 2843 frontem
1229 2818 1335 2854 usque
1355 2806 1400 2841 ad
1421 2805 1537 2840 oculos
1559 2816 1601 2841 ea
1621 2813 1698 2840 cot-
