1846 3262
162 141 179 154 s

174 182 269 227 102
591 179 826 223 GEORGII
863 179 1220 223 PACHYMERIS

117 309 147 343 B
172 300 270 354 γοῦν
296 295 502 353 ἐγένοντο,
542 295 608 336 καὶ
636 293 964 351 διεφιλονεῖκουν.
1039 292 1060 337 ὅ
1082 294 1127 337 δὲ
1143 292 1398 352 πατριάρχης
1420 295 1461 338 ἓν
1483 293 1649 351 ἄμηχαέ

171 367 238 426 νιά
260 361 310 420 ἦν
321 397 333 417 ,
370 365 436 406 καὶ
459 362 534 405 οὐκ
553 361 654 418 εἶχεν
678 361 738 414 οἷς
758 364 1019 420 προστεθειή.
1088 361 1321 420 παρήρχετο
1341 362 1365 419 ἦ
1387 362 1543 420 ἡμέρα,
1580 367 1649 408 καὶ

159 439 407 491 συμφωνεῖν
422 437 424 439 ’
439 431 513 474 οὐκ
536 430 653 487 εἶχον.
725 430 846 488 μόλις
867 427 941 475 οὖν
961 433 1026 474 καὶ
1049 431 1153 486 μετὰ
1175 432 1251 487 τὴν
1273 433 1428 488 πολλὴν
1457 435 1649 489 διαφιλο-

172 503 322 546 νεικίαν
343 501 383 544 οἶ
403 499 599 557 ἀρχιερεῖς
619 499 767 551 πάντες
785 501 890 556 πλὴν
909 505 1031 544 τινῶν
1049 499 1348 544 ὖποκλίνουσιν.
1384 497 1491 556 ἦσαν
1512 502 1554 544 δ’
1575 497 1649 544 οὗ-

175 589 238 614 τοι
261 567 519 627 Ἀνδρόνικος
546 569 567 613 ὃ
597 575 680 614 τῶν
711 568 907 627 Σάρδεων
932 571 997 613 καὶ
1022 569 1232 624 Μανουὴλ
1261 568 1281 612 ὃ
1303 571 1607 626 Θεσσαλονίκης
1625 569 1681 614 65

177 639 399 693 τοῦπίκλην
425 642 571 695 Ψαρᾶς
591 641 657 682 καὶ
673 637 928 689 Δισύπατος.
1001 638 1097 680 ἀλλ’
1121 637 1142 681 ὃ
1166 655 1249 681 των
1268 636 1464 694 Σάρδεων
1484 636 1571 692 ἅμα
1591 644 1650 699 τῷ

124 719 153 752 C
178 709 249 752 τὸν
271 706 528 765 πατριάρχην
547 713 767 765 πεισθῆναι
789 710 854 751 καὶ
875 707 1000 758 αὐτὸς
1020 708 1295 760 συνεπείθετο,
1318 707 1371 750 τὰ
1390 707 1523 750 πολλὰ
1542 706 1651 763 συμ-

174 777 408 833 βαλομένου
430 781 482 834 τῇ
502 777 722 821 καταθέσει
743 782 819 821 τοῦ
837 782 912 832 τῆς
935 776 1040 819 κατὰ
1062 776 1137 831 τὴν
1151 774 1396 833 Ὀρεστιάὸα
1411 774 1650 832 Ἀνδριᾶνου

175 845 333 896 πόλεως
363 850 604 903 Γερμανοῢ,
643 846 702 890 ἔτι
727 847 772 890 δὲ
800 847 1028 902 Γρηγορίου
1057 850 1131 888 τοῦ
1148 844 1347 903 Ἀγκύρας
1370 846 1437 888 καὶ
1460 850 1533 888 τοῦ
1554 849 1651 889 Με-

176 917 351 972 λαγγίιον
367 917 699 960 Κωνσταντίνου.
773 913 794 958 ὃ
817 916 865 958 δέ
878 915 921 971 γ’
938 914 1113 971 Ἐφέσου
1134 912 1375 971 Νικηφόρος
1395 913 1575 970 εὐλαβὴς
1594 913 1652 958 ὢν
1665 925 1714 959 10

175 984 280 1042 ἀνὴρ
313 986 380 1027 καὶ
411 986 543 1039 τίμιος
577 984 654 1040 οὐχ
684 982 842 1027 ὖπενόει
872 983 920 1028 τὸ
951 981 1281 1040 ὖπορυττόμενον
1311 981 1362 1033 ὡς
1388 983 1428 1025 ἓν
1452 981 1653 1038 ἁπλότητι

177 1055 280 1106 ζῶν,
312 1055 379 1096 καὶ
409 1054 539 1104 εὐθὺς
566 1051 830 1110 συνυπῆγετο.
903 1052 1024 1095 τοῦτ’
1058 1052 1237 1107 ἔπασχον
1259 1054 1326 1095 καὶ
1354 1051 1469 1094 ἄλλοι
1491 1053 1651 1095 πολλοί.

176 1121 197 1165 ὅ
231 1123 276 1165 δὲ
308 1120 564 1180 πατριάρχης
598 1122 699 1179 ἔγνω
730 1123 805 1177 μὲν
830 1120 1082 1178 ἀπατηθείς,
1112 1121 1186 1164 οὐκ
1206 1120 1282 1176 εἶχε
1302 1121 1347 1163 δὲ
1372 1118 1393 1163 ὅ
1418 1137 1456 1162 τι
1477 1118 1652 1177 πράττοι

123 1193 156 1228 D
183 1195 338 1245 πολλῆς
357 1196 432 1247 τῆς
454 1190 631 1248 ἀνάγκης
648 1189 909 1248 περιστάσης.
980 1192 1046 1233 καὶ
1068 1190 1118 1245 δὴ
1140 1190 1466 1246 καθυπέγραφον
1484 1190 1559 1243 μὲν
1579 1183 1653 1232 οὗ-

176 1278 239 1303 τοι
259 1260 311 1303 τὰ
329 1261 575 1315 ἐγνωσμένα,
600 1265 658 1320 τῷ
679 1260 727 1303 δέ
744 1277 786 1316 γε
810 1260 1113 1314 Θεσσαλονίκης
1133 1258 1227 1301 οὐδ’
1252 1258 1435 1302 ἀκουστὰ
1454 1258 1578 1301 ταῦτ’
1604 1253 1654 1313 ἦ-
1668 1267 1711 1304 15

178 1344 280 1382 σαν,
318 1329 423 1385 μηδ’
459 1328 601 1387 ὂίκροις
635 1328 710 1372 ὠσὶ
747 1329 952 1380 δέξασθαι
987 1327 1324 1387 καταδεχομένῳ·
1371 1326 1444 1369 τὸν
1475 1327 1554 1384 γὰρ
1581 1332 1656 1381 τῆς

176 1399 390 1453 βασιλείας
419 1396 674 1455 κληρονόμον
703 1402 870 1454 πρῶτον·
892 1396 1007 1452 ἠξίου
1036 1397 1078 1439 ἓν
1107 1401 1207 1439 πᾶσι
1236 1399 1461 1453 γίγνεσθαι.
1534 1393 1590 1445 ὥς
1613 1396 1657 1438 δὲ

179 1467 226 1510 τὸ
260 1463 452 1523 Μάρπου
484 1465 837 1523 ὗπεμιμνήσκετο,
877 1467 945 1508 καὶ
976 1465 1144 1519 πέμπων
1167 1463 1188 1508 ὅ
1211 1461 1440 1519 βασιλεύων
1463 1464 1658 1506 κατωνεί-

181 1537 285 1588 ὃιζεν
315 1533 371 1586 ὥς
400 1535 524 1586 αὐτὸς
556 1536 615 1591 εἴη
644 1533 665 1579 ὃ
697 1535 984 1593 προαγγέλλων
1004 1533 1077 1589 τὴν
1095 1535 1308 1588 βασιλείαν
1326 1534 1367 1576 ἓν
1388 1530 1570 1583 ἲδιώταις
1599 1531 1667 1575 ἔτι,

181 1608 365 1648 τελοῦντι
400 1606 550 1657 ζῶντος
581 1609 655 1647 τοῦ
684 1605 910 1660 βασιλέως,
950 1602 1097 1653 ἐκεῖνος
1125 1605 1193 1646 καὶ
1223 1599 1551 1660 προσωμολόγει,
1590 1602 1716 1644 καὶΞΟ

130 1678 162 1713 Ε
187 1673 348 1728 ἕτοιμον
372 1671 519 1717 ἑαυτὸν
549 1680 711 1731 παρεῖχε
728 1673 926 1729 δέχεσθαί
944 1690 987 1716 τε
1010 1673 1075 1715 καὶ
1098 1672 1298 1729 στέργειν,
1337 1671 1446 1728 εἶ’περ
1467 1671 1509 1714 ἓν
1530 1668 1658 1713 ἅπασι

274 1785 309 1819 9.
333 1784 402 1820 τοῦ
425 1786 504 1819 ante
522 1782 611 1828 Ἆγκ.
635 1784 766 1819 deerat.

182 1877 365 1912 immature
387 1876 578 1911 coronandi.
625 1876 811 1911 miscentur
834 1887 1027 1919 sermones,
1052 1875 1203 1910 ardescit
1226 1874 1422 1916 contentio,
1445 1875 1581 1908 aestuat
1596 1884 1661 1918 pa-

183 1924 336 1957 triarcha
368 1924 518 1957 incertus
551 1922 654 1957 animi
685 1934 784 1968 quam
812 1922 847 1957 in
879 1927 1010 1968 partem
1044 1933 1082 1956 se
1114 1921 1291 1965 adiungat.
1339 1920 1551 1967 praeteribat
1573 1919 1660 1962 dies,

185 1981 249 2004 neo
282 1969 362 2004 finis
395 1969 639 2004 dissensionum
674 1974 760 2004 erat.
809 1981 914 2014 aegre
953 1968 1090 2003 tandem
1122 1971 1202 2013 post
1243 1968 1383 2001 multam
1414 1966 1662 2000 contentionem

186 2015 363 2049 antistites
397 2016 442 2050 ad
474 2015 671 2060 Palaeologi
706 2015 910 2050 desiderium
937 2014 1141 2049 inclinantur
1172 2025 1308 2054 omnes,
1344 2013 1460 2058 paucis
1494 2011 1662 2057 exceptis.

187 2065 287 2096 erant
310 2061 344 2095 hi
369 2062 576 2096 Andronicus
601 2062 798 2104 Sardensis‚
831 2061 972 2096 Manuel
995 2059 1314 2095 Thessalonicensis
1336 2061 1554 2104 cognomento
1579 2059 1663 2092 Psa-

184 2119 262 2150 raS,
288 2112 324 2142 et
347 2107 546 2153 Disypatus.
594 2119 710 2142 verum
733 2108 938 2150 Sardensis,
963 2107 1063 2142 simul
1086 2118 1127 2140 ac
1150 2105 1368 2150 patriarchae
1391 2104 1564 2139 sententia
1585 2103 1664 2149 plu-

188 2154 276 2188 rium
299 2165 464 2199 persuasa
488 2159 554 2199 est,
579 2158 616 2189 et
638 2155 714 2199 ipse
738 2154 893 2195 accessit,
917 2153 1058 2187 multum
1081 2152 1124 2186 ad
1148 2152 1246 2186 huius
1265 2163 1439 2185 assensum
1462 2149 1674 2184 eliciendum.

187 2203 384 2234 conferente
418 2202 591 2235 Germano
623 2200 861 2246 Adrianopolis
893 2200 936 2234 ad
969 2199 1183 2233 Orestiadem
1217 2198 1398 2243 episcopo,
1432 2195 1531 2230 simul
1562 2196 1665 2230 etiam

189 2246 360 2290 Gregorio
385 2247 544 2290 Ancyrae
577 2250 612 2281 et
647 2247 874 2281 Constantino
898 2245 1158 2290 Melangiorum.
1207 2249 1245 2278 at
1271 2244 1490 2288 Nicephorus
1519 2241 1666 2287 Ephesi·

188 2303 274 2334 nus,
308 2292 362 2326 vir
393 2292 472 2338 pius
506 2296 542 2327 et
573 2294 781 2335 honoratus,
810 2304 894 2337 prae
924 2292 1040 2326 innata
1071 2290 1291 2336 simplicitate
1314 2301 1381 2323 non
1405 2287 1558 2334 pervidit,
1583 2287 1666 2333 quid

189 2340 277 2372 clam
300 2337 502 2372 molirentur
524 2339 585 2384 qui
609 2340 694 2374 haec
716 2339 915 2382 movebant,
948 2338 1093 2383 ideoque
1124 2336 1228 2371 facile
1249 2339 1380 2370 tractus
1402 2337 1438 2369 in
1461 2339 1578 2380 partes
1600 2337 1666 2375 est,

191 2384 284 2429 quod
309 2383 382 2418 aliis
406 2383 491 2418 item
513 2385 630 2419 multis
653 2384 822 2420 usuvenit.
868 2383 1097 2431 patriarcham
1121 2394 1223 2428 porro
1247 2381 1405 2416 fraudem
1426 2379 1503 2414 fieri
1525 2391 1592 2414 non
1615 2379 1667 2412 la-

191 2431 279 2464 tuit:
313 2430 374 2464 sed
397 2431 513 2465 facere
542 2431 635 2465 aliud
658 2431 830 2477 nequivit,
859 2435 1006 2475 urgente
1029 2429 1177 2474 undique
1209 2426 1430 2474 insuperabili
1452 2426 1667 2460 necessitate.

190 2483 307 2510 tamen
330 2476 365 2510 hi
389 2487 505 2511 omnes
528 2476 807 2523 subscripserunt
830 2477 968 2511 decreto
993 2475 1176 2517 communi,
1212 2475 1283 2509 solo
1306 2471 1601 2509 Thessalonicensi
1624 2482 1668 2504 ne

192 2521 396 2557 mentionem
418 2522 553 2568 quidem
577 2523 650 2564 rei,
674 2535 776 2569 quam
803 2522 1044 2568 iniquissimam
1069 2523 1230 2567 putabat,
1251 2519 1308 2555 vel
1329 2519 1445 2566 primis
1469 2517 1668 2552 admittente

191 2568 345 2604 auribus.
392 2580 469 2603 nam
511 2568 644 2614 imperii
675 2568 794 2603 heredi
834 2568 1112 2614 praerogativam
1151 2566 1363 2612 principatus
1398 2563 1602 2598 servandam
1634 2562 1668 2596 in

193 2614 349 2649 omnibus
379 2614 619 2649 contendebat.
669 2626 710 2649 ac
743 2627 818 2649 cum
842 2619 935 2649 esset
966 2614 998 2648 ei
1020 2619 1218 2648 revocatum
1239 2612 1275 2646 in
1300 2615 1445 2646 mentem
1469 2609 1669 2644 vocabulum

193 2661 363 2707 Marpov‚
399 2661 489 2706 quod
520 2661 596 2707 ipse
627 2661 721 2695 coelo
753 2661 890 2695 missum
924 2660 1099 2702 audierat,
1135 2664 1171 2694 et
1205 2670 1268 2704 per
1298 2658 1420 2693 missos
1442 2654 1669 2698 Palaeologus

168 2706 171 2709 ’
192 2708 436 2753 exprobrasset
457 2708 548 2741 haud
571 2711 818 2752 consequenter
841 2706 953 2752 ipsum
976 2718 1098 2750 agere,
1130 2705 1188 2750 qui
1220 2704 1273 2738 cui
1307 2704 1392 2738 alias
1415 2701 1574 2748 privato,
1612 2711 1670 2753 re-

192 2757 320 2797 gnante
344 2753 455 2787 adhuc
478 2753 577 2787 huius
603 2753 702 2798 pueri.
723 2756 822 2798 patre
837 2778 846 2795 ,
879 2752 1055 2797 imperium
1078 2751 1326 2796 praedixisset,
1356 2759 1444 2783 nunc
1467 2750 1536 2781 tam
1561 2751 1672 2790 perti--

194 2799 325 2833 naciter
349 2799 535 2835 obsisteret
557 2799 786 2834 necessariam
809 2799 958 2833 tuendae
981 2797 1142 2842 dignitati
1166 2808 1238 2831 rem
1260 2794 1408 2842 petenti,
1435 2791 1612 2827 recordari
1633 2802 1672 2844 se

194 2845 252 2879 ille
275 2857 315 2880 ac
338 2847 510 2891 probare,
534 2845 643 2891 dixit,
669 2845 729 2880 sed
753 2844 804 2879 sic
827 2845 958 2880 demum
981 2843 1176 2890 Palaeologi
1199 2841 1319 2877 honori
1341 2839 1523 2881 assentiri,
1547 2837 1575 2872 si
1601 2848 1673 2884 pri-
