1884 3262
593 206 621 245 x
647 200 805 248 11111,
858 178 1246 252 0105511111111.»Υ
1555 206 1664 251 :587

207 309 421 362 sponsioni
431 314 480 349 et
506 313 738 366 impeiatori
766 320 916 354 metum
944 327 1100 354 omnem
1125 315 1363 364 adimerent,
1392 327 1443 354 110
1459 315 1665 367 promissis

205 367 274 405 ille
293 368 547 419 postmodum
569 383 651 408 non
670 376 804 410 staret.
861 371 944 410 sint
959 385 1051 423 ergo
1071 369 1319 438 olxeto'xaqot
1335 367 1552 424 ἅσφᾶλειαι
1568 386 1667 412 cau-

205 424 334 462 tiones
353 431 392 462 et
409 426 637 465 securitates
655 427 767 478 quasi
787 427 879 466 dato
901 428 1065 480 pignore
1089 442 1139 467 ex
1154 430 1331 482 propriis
1357 429 1401 467 in
1421 434 1666 468 antecessum

204 482 505 548 repraesentatis
525 484 759 535 spondentis
777 484 921 523 officiis
946 491 1142 537 acceptae.

248 563 251 566 >
319 532 463 586 ὀξεῖα
492 552 531 590 p.
552 540 634 583 385
655 554 692 579 v.
710 544 751 582 3.
810 540 892 580 duo
923 540 991 579 hic
1019 548 1114 580 sunt
1141 540 1338 580 adiectiva
1364 540 1552 580 feminina
1582 540 1668 580 sine

205 592 287 631 suis
316 593 603 644 substantivis,
632 597 866 649 supplendis
892 596 1080 636 videlicet
1104 612 1126 636 a
1146 598 1323 646 lectore,
1351 603 1397 636 ut
1417 597 1464 636 fit
1482 610 1571 636 cum
1591 598 1668 637 sri-

205 648 297 700 gida
315 650 551 702 simpliciter
567 653 733 704 ponitur
752 667 828 705 pro
851 667 952 705 aqua
969 654 1124 705 frigida.
1179 654 1272 693 voci
1296 649 1569 706 χρυσόπαστος
1595 654 1669 692 vi-

207 705 326 744 detur
347 719 398 744 ex
418 709 591 747 auctoris
611 716 743 748 mente
759 684 1044 760 subiungendai’
1049 707 1179 761 ἐσθής
1201 716 1271 749 aut
1292 711 1425 759 ξυστίς
1443 723 1493 748 ex
1512 710 1667 749 Eubulo

207 762 384 812 comico,
414 764 528 802 cuius
559 766 705 804 Pollux
735 766 851 805 initio
880 767 974 805 libri
1004 767 1109 806 sexti
1134 766 1234 805 haec
1259 768 1382 806 refert
1409 766 1552 806 verba·
1581 770 1670 816 ταῖς

207 819 360 868 ξυστίσι
380 824 467 868 ταῖς
483 821 772 872 χρυσοπάστοις
787 819 1067 877 στρώννυνται.
1123 837 1151 862 v
1154 824 1291 866 erbum
1313 819 1583 876 στρώννυνται
1599 822 1666 864 ἐν·

207 872 308 931 δυ’τῃ
351 878 559 928 convenit,
603 891 703 930 quae
728 880 947 931 snagulum
979 887 1050 919 aut
1076 879 1293 923 instiatum
1322 892 1550 948 supremum
1581 885 1666 918 erat

207 945 298 969 arae
330 932 543 983 maximae,
575 940 622 972 ut
651 949 723 974 suo
754 936 845 974 loco
877 937 1136 975 declar.amus
1192 936 1388 976 vocabulo
1417 931 1528 984 ὀξεῖα
1553 935 1664 987 equi-

206 986 298 1026 dem
315 986 455 1041 βαφήν
473 990 743 1042 adaptaverim
763 1005 814 1030 ex
828 992 1026 1031 Eustathii
1043 993 1133 1032 loco
1150 1006 1246 1031 mox
1263 992 1522 1031 describendo
1538 992 1662 1031 verbo

206 1039 442 1093 ὄξύλευκοςε
483 1059 535 1085 ex
572 1060 650 1099 quo
680 1048 915 1101 intelligitur
948 1046 1078 1099 ὀξεῖαν
1105 1045 1249 1103 βαφήν
1273 1062 1428 1088 roseam
1463 1061 1550 1087 esse
1578 1049 1665 1087 tin-

204 1106 371 1140 ctmam.

320 1173 342 1198 0
333 1153 416 1207 ’gv'
427 1160 541 1199 λευκ
553 1173 579 1199 α
606 1163 750 1212 Ρ.322
782 1175 825 1202 v,
850 1164 888 1204 1.
944 1161 1047 1201 verti
1066 1177 1085 1201 e
1100 1176 1211 1201 roseo
1230 1160 1484 1200 candentia‘
1467 1162 1663 1213 zmignia,

206 1212 350 1252 doctus
371 1213 418 1252 ab
436 1174 647 1255 Eustathipo
663 1218 714 1256 ad
738 1218 814 1257 Od.
829 1234 878 1269 κ,
906 1218 976 1258 ubi
998 1232 1091 1258 cum
1112 1232 1163 1258 ex
1185 1218 1450 1258 Chaeremone
1466 1218 1667 1257 retulisset

207 1285 271 1310 οτι
297 1285 444 1319 κοινως
471 1270 545 1323 μὲν
573 1270 622 1313 τὰ
652 1271 762 1326 ανθη
777 1274 909 1341 εἀρος
933 1274 1051 1316 τέκνα
1069 1272 1274 1326 ἐκάλεσεν,
1303 1275 1418 1323 ἰδίως
1436 1273 1480 1314 δὲ
1497 1271 1546 1314 τὰ
1564 1270 1666 1341 <506oe

205 1321 405 1394 ὀξυφεγγῆ
423 1327 489 1367 καὶ
510 1327 625 1378 ἔαρος
642 1327 915 1398 τιθηνήματα,
944 1331 1003 1369 sic
1026 1332 1216 1371 continuo
1235 1326 1668 1382 011111011οῑ.ἒ’νθαόρα

205 1379 251 1423 τὰ
273 1379 478 1437 ὀξυφεγγῆ
499 1381 694 1454 χρήσιμον
711 1383 756 1427 ὂν
775 1387 832 1436 εἰς
849 1403 892 1428 το
911 1390 1058 1439 νοῆσαι
1081 1385 1259 1440 τοῦνομα
1277 1390 1349 1439 τῆς
1367 1383 1499 1435 ὀξείας
1518 1387 1666 1439 βαφῆς.

202 1438 281 1476 >uhi
317 1439 483 1479 observa
512 1456 646 1480 vocem
674 1438 874 1512 ὀξυφεγγῆ
898 1444 1038 1482 utilem
1060 1443 1119 1482 ad
1139 1442 1445 1495 intelligendum
1465 1455 1668 1494 quaenam

206 1509 294 1535 vere
324 1498 379 1534 sit
410 1499 588 1536 tinctura
624 1513 746 1565 quam
779 1496 910 1548 ὀξεῖαν
943 1502 1169 1540 nominant.
1227 1500 1371 1552 quibus
1405 1499 1538 1538 verbis
1570 1498 1667 1538 satis

209 1551 364 1591 indicat
382 1548 517 1602 ὀξεῖαν
541 1551 682 1607 βαφήν
701 1555 856 1596 trahere
874 1556 1026 1608 aliquid
1049 1571 1070 1597 e
1089 1557 1224 1595 colore
1246 1555 1414 1607 vigentis
1431 1568 1566 1604 rosae,
1595 1561 1667 1594 aut

207 1608 346 1661 potius
364 1610 563 1649 eundem
550 1625 682 1663 ipsum
700 1625 794 1652 esse.
850 1613 984 1665 itaque
1006 1613 1113 1661 iure,
1141 1613 1308 1665 opinor,
1334 1625 1423 1651 meo
1445 1608 1667 1660 ὄξύλευκον

207 1678 298 1702 sum
329 1666 609 1718 interpretatus
645 1683 665 1705 e
695 1683 806 1706 roseo
832 1668 1020 1708 candens.
1075 1683 1203 1720 neque
1238 1669 1318 1707 tale
1349 1668 1469 1707 fuisse
1506 1667 1667 1719 imperii

207 1720 337 1772 gradu
360 1722 539 1761 inferiori
565 1738 588 1761 a
615 1724 780 1777 despota
805 1726 1031 1777 participati
1057 1726 1209 1777 insigne
1229 1738 1376 1764 novum
1401 1730 1482 1772 est,
1512 1737 1604 1762 cum
1629 1730 1669 1763 et

206 1777 356 1817 rubeus
386 1785 426 1817 et
455 1780 672 1830 candidus,
702 1795 752 1820 ex
776 1782 918 1833 quibus
944 1779 1159 1832 ὄξύλευκος
1181 1782 1330 1821 mixtus
1351 1787 1428 1830 est,
1458 1780 1572 1818 ambo
1592 1794 1662 1818 re-

210 1834 295 1884 giae
323 1836 531 1886 potestatis
557 1837 822 1877 characterem
839 1852 917 1878 usu
936 1839 1102 1890 antiquo
1124 1839 1360 1890 praeferant.
1416 1837 1551 1888 utique
1569 1850 1661 1875 011111

207 1903 386 1942 purpura
414 1891 458 1930 in
489 1899 600 1931 veste
629 1894 760 1945 regia,
799 1896 950 1934 candor
978 1896 1022 1934 in
1054 1895 1274 1933 diademate
1303 1894 1661 1934 commendaretur.

207 1947 280 1985 sed
304 1953 343 1985 et
363 1947 552 1988 habemus
581 1950 865 2003 Pachymeris
854 1952 980 2004 ipsius
1005 1951 1278 1990 testimonium
1307 1950 1386 1989 1100
1419 1949 1659 1988 confirmans

207 2002 238 2044 l.
267 2006 294 2045 6
333 2016 367 2044 c
398 2004 475 2055 34,
521 2006 591 2044 ubi
620 2020 711 2045 cum
739 2008 938 2047 retulisset
968 2008 1186 2047 decrevisse
1209 2008 1488 2059 imperatorem
1516 2018 1659 2043 ornale

209 2058 398 2099 Ioannem
429 2062 648 2115 principem
677 2064 894 2114 Lazorum,
923 2070 1131 2116 postquam
1150 2064 1185 2102 ei
1202 2063 1325 2102 filiam
1344 2061 1560 2101 Eudociam
1585 2061 1661 2099 de-

210 2116 456 2166 spondisset,
484 2118 706 2170 insignibus
732 2134 832 2172 quae
851 2120 1120 2160 tribuerentur
1136 2120 1312 2171 despotis
1332 2131 1406 2157 usu
1423 2118 1534 2156 aulae
1553 2118 1661 2156 Con-

211 2171 605 2237 stantinopolitanae,
634 2190 729 2215 mox
756 2177 826 2215 illa
855 2177 942 2230 ipsa
969 2176 1138 2227 insignia
1166 2176 1354 2228 despotae
1381 2180 1499 2213 vocat
1531 2170 1580 2213 τυέ
1614 2173 1661 2214 ἐκ

211 2242 426 2296 πορφυρας
457 2230 847 2285 δίχροα,1)ἰοο]ονὶα
868 2247 914 2272 ex
926 2247 1141 2285 purpura,
1170 2231 1249 2270 1100
1275 2237 1355 2281 est,
1384 2236 1428 2270 ut
1446 2229 1515 2268 1110
1532 2229 1662 2281 loqui-

210 2288 303 2334 tur,
333 2279 551 2352 ὄξύλευκα,
576 2302 621 2326 ex
643 2289 818 2328 candido
839 2297 876 2327 et
894 2303 1004 2328 roseo
1021 2290 1164 2327 mixta.
1583 2317 1585 2319 ·

326 2335 611 2394 ὄπτιμᾶτοι
637 2358 676 2397 p
693 2346 749 2389 24
766 2360 806 2387 v.
825 2348 892 2388 16.
948 2346 1088 2384 docuit
1106 2358 1179 2383 nos
1197 2343 1350 2396 pridem
1367 2341 1660 2382 eruditissimus

211 2395 408 2446 Rigaltius
432 2398 477 2436 in
505 2399 728 2468 Glossario,
753 2402 894 2453 quod‘
881 2415 967 2454 ipse
985 2401 1176 2440 didicerat
1192 2400 1240 2438 ab
1257 2399 1486 2440 auctoribus
1506 2398 1661 2437 idoneis

210 2452 268 2491 ibi
298 2452 490 2505 laudatis,
531 2451 774 2509 σ’πτιμᾶτους
799 2470 939 2497 vocem
967 2471 1049 2497 esse
1072 2464 1330 2507 castrensem,
1358 2462 1510 2495 certum
1535 2468 1661 2506 genus

213 2515 282 2547 aut
303 2510 482 2550 ordinem
498 2507 669 2552 rnilitum
690 2514 918 2565 signantem.
974 2514 1082 2552 unde
1097 2519 1207 2553 tanto
1227 2513 1350 2564 magis
1374 2512 1661 2552 confirmantur

213 2579 318 2616 quae
344 2567 392 2604 de
421 2569 616 2608 vocabulo
637 2571 859 2622 μεσοθυνία
874 2570 1067 2621 legionem
1087 2577 1156 2610 aut
1173 2569 1375 2609 cohortem
1398 2569 1456 2608 sic
1473 2567 1660 2606 nomina-

211 2627 294 2660 tam
311 2622 513 2663 indicante
529 2639 649 2677 supra
671 2640 744 2665 suo
767 2627 858 2666 1000
879 2627 1066 2666 diximus.
1123 2627 1283 2666 omnino
1307 2626 1379 2664 illo
1407 2622 1657 2674 Pachymeris
1681 2627 1710 2662 Ρ
1731 2628 1799 2664 406

213 2677 306 2717 loco
334 2679 536 2720 Michaelis
563 2682 784 2734 Palaeologi
809 2682 989 2722 militaris
1012 2683 1151 2722 Italico
1173 2689 1315 2722 navata
1331 2682 1436 2720 bello
1454 2679 1659 2719 indicatur

214 2747 347 2786 opera.
404 2737 511 2776 unde
539 2738 611 2777 illa
634 2740 757 2779 verba
782 2736 831 2780 τοὶ
848 2736 973 2780 πολλα
989 2736 1080 2780 κατ’
1095 2735 1251 2781 Ἰταλων
1266 2751 1507 2792 πραττοντος
1526 2735 1602 2774 de
1590 2749 1656 2773 ¹¹¹-

214 2790 364 2830 dustria
393 2793 452 2831 sie
484 2796 610 2846 verti,
637 2802 686 2835 ut
711 2795 761 2835 de
786 2795 940 2835 bellicis
965 2796 1049 2836 eius
1080 2810 1179 2850 quo
1189 2797 1240 2835 de
1266 2796 1392 2847 agitur
1412 2791 1656 2832 facinoribus

212 2859 433 2889 sermonem
450 2849 526 2891 hic
557 2865 658 2893 esse-
666 2853 795 2893 lector
823 2852 1032 2905 intelligat.
1084 2866 1276 2907 quaenam
1300 2863 1396 2894 vero
1427 2856 1469 2890 et
1494 2861 1545 2888 ex
1572 2861 1654 2902 quo
