1884 3262
512 194 619 241 LIB.
647 194 722 241 111.
774 195 1265 244 CHRONOLOGICUS.
1525 199 1625 247 729

161 318 283 357 quare
304 310 418 345 vcerto
438 310 496 345 ‘ex
526 305 591 344 his
620 305 717 347 licet
739 305 906 346 definire
935 306 1109 360 spatium
1137 306 1303 351 secundi
1327 306 1623 361 ‘patriarchatus

161 362 344 413 Arsenii‚
372 363 441 414 qui
460 378 482 401 a
498 376 632 402 mense
653 363 872 416 Septembri
903 363 998 402 anni
1026 363 1177 403 Christi
1198 367 1307 409 1261
1330 365 1380 404 ad
1398 365 1518 405 finem
1534 366 1629 405 Maii

162 422 271 463 1266
297 433 372 472 per
404 433 529 458 annos
557 426 726 471 quatuor
753 428 793 460 et
807 434 962 460 menses
980 427 1183 473 praeterea
1204 421 1363 461 circiter
1382 435 1526 462 novem
1546 423 1627 462 du-

158 477 278 516 ravit.
335 481 381 514 ut
408 477 526 515 semel
552 477 802 516 absolvamus
827 477 878 518 de
907 477 1098 528 Arsenio‚
1138 479 1279 518 mortis
1315 478 1400 518 eius
1434 479 1538 518 diem
1556 479 1623 518 hi..
1645 487 1674 523 P
1698 487 1765 523 515

158 532 330 572 storicus
346 539 482 572 noster
501 534 694 586 expressit
710 534 740 573 l.
757 535 784 577 5
813 548 847 574 c.
872 538 928 578 20
954 532 1017 573 his
1033 533 1189 575 verbis:
1218 531 1428 589 ἐπράττετο
1449 534 1522 589 μὲν
1549 531 1627 578 οὖν

158 592 283 629 ταῦτα
304 588 626 643 ἐλαφηβολιῶνος
644 589 735 645 ἕκτῃ
755 588 879 644 μηνὸς
893 593 969 632 τοῦ
987 587 1172 640 ἕπιόντος
1190 591 1317 642 ἔτους,
1345 595 1419 634 τοῦ
1431 589 1624 648 πατριάρ-

158 661 230 699 χου
251 642 462 699 Ἀρσενίου
478 643 670 700 πρότερον
688 645 719 700 ἢ
735 651 862 689 ταῦτα
876 647 1066 702 γενέσθαι
1088 647 1254 702 ἡμερῶν
1271 650 1315 698 ἓξ
1335 646 1436 690 κατὰ
1453 648 1529 703 τήν
1551 653 1625 703 νῆ-

159 715 232 743 σον
257 700 566 755 μεταλλάξαντος
592 700 667 745 εἴτ’
700 699 776 746 οὖν
804 707 1020 761 τριακοστῇ
1052 708 1304 760 γαμηλιῶνος
1328 702 1467 759 μηνός.
1522 707 1624 745 lzaec

152 766 271 811 gesta
297 767 394 798 sunt
414 759 572 814 (nempe
591 760 853 812 ignominiosa
878 761 1078 801 traductio
1099 760 1302 816 Holoboli)
1330 765 1487 802 ineunte
1514 778 1621 802 anno

157 816 226 868 (ob
247 815 409 855 initium
428 817 613 856 videlicet
636 817 867 858 indictionis
885 833 907 857 a
927 818 1166 872 Septembri)
1197 818 1263 858 die
1283 827 1397 858 sexta
1422 820 1622 871 Octobris,

154 874 407 912 Patriarcha
425 874 598 913 Arsenio
616 889 683 916 sex
692 877 819 929 prius·
836 874 979 914 diebus
997 891 1124 930 quam
1144 875 1398 931 haecfierent
1415 878 1459 915 in
1478 878 1622 916 insula

155 936 325 971 mortuo.
381 930 426 968 in
450 930 514 969 his
539 931 675 971 nullus
700 938 864 985 apparet
896 932 1103 972 character
1130 933 1229 972 certi
1259 933 1367 975 anni.
1427 947 1548 986 quare
1567 936 1621 974 ad

154 986 262 1024 illius
292 986 586 1039 indagationem
611 989 687 1027 alia
704 989 963 1041 grassandum
990 995 1050 1028 est
1076 989 1155 1030 via.
1211 997 1445 1030 narraverat
1466 991 1523 1029 ibi
1544 992 1622 1030 Pa-

155 1042 360 1095 chymeres
379 1057 537 1083 causam
557 1045 727 1097 primam
743 1046 825 1085 irae
843 1045 1093 1098 imperatoris
1111 1046 1156 1084 in
1174 1046 1416 1086 Holobolum
1437 1047 1620 1087 extitisse

153 1113 205 1139 ex
220 1099 342 1138 huius
370 1101 581 1153 praecipiti
607 1103 776 1153 quadam
806 1102 1012 1156 eruptione
1034 1102 1320 1154 indignationis
1342 1103 1387 1142 in
1403 1103 1619 1157 imperato-

151 1168 259 1206 rem,
289 1156 355 1195 cui
376 1170 468 1196 cum
489 1157 685 1198 inservire
709 1159 903 1212 coepisset
925 1158 968 1197 in
987 1159 1147 1211 negotio
1175 1159 1469 1200 conciliationis
1490 1161 1620 1200 eccle-

151 1212 321 1264 siarum,
349 1214 604 1265 suggerendis
632 1228 684 1254 ex
711 1215 881 1254 historia
908 1222 974 1254 aut
997 1215 1170 1255 lectione
1196 1222 1357 1270 patrum
1377 1218 1619 1268 argumentis

152 1269 204 1309 ad
223 1282 307 1309 eam
326 1270 568 1310 suadendam
588 1272 714 1324 aptis,
742 1278 908 1325 repente
925 1272 1156 1312 institutum
1176 1280 1215 1312 et
1235 1273 1469 1313 sententiam
1486 1280 1618 1313 muta-

151 1326 278 1377 verit,
304 1326 479 1366 offensus
510 1327 619 1379 quod
646 1327 691 1367 in
713 1329 892 1381 quodam
907 1335 1045 1380 coetu,
1075 1330 1144 1368 ubi
1165 1330 1253 1370 aliis
1272 1330 1456 1370 sessionis
1475 1330 1613 1374 hono-2

150 1396 236 1424 rem
252 1383 471 1435 imperator
485 1384 691 1424 tribuisset
702 1415 713 1435 ‚
743 1386 875 1438 ipsum
896 1387 1028 1424 solum
1044 1387 1270 1439 reliquisset
1284 1393 1467 1427 stantem.
1503 1387 1614 1428 unde

149 1440 220 1479 ille
238 1439 499 1491 interrogatus
515 1441 565 1480 de
581 1454 626 1481 re
647 1455 747 1495 quae
765 1442 1033 1492 tractabatur,
1065 1449 1344 1496 praeterquam
1371 1445 1542 1498 speratis
1569 1451 1610 1485 et

150 1497 263 1548 prius
287 1497 457 1536 ostensis
483 1498 683 1537 contraria
711 1500 844 1538 omnia
858 1500 1086 1553 respondit,
1123 1500 1243 1539 etiam·
1262 1501 1439 1552 Augusto
1460 1515 1613 1555 expro-

149 1552 282 1592 bravit
300 1554 618 1594 excaecationem
646 1556 760 1607 pueri
785 1556 958 1597 Ioannis.
1013 1556 1120 1596 uude
1148 1557 1385 1610 imperatore
1401 1557 1611 1598 vehemen-

146 1609 301 1650 tissime
327 1617 547 1662 commoto,
585 1611 805 1652 Holobolus
837 1613 914 1652 sibi
941 1619 1122 1652 metuens
1155 1613 1200 1652 in
1237 1613 1393 1667 asylum
1422 1615 1611 1655 ecclesiae

150 1665 398 1717 confugerit,
427 1667 498 1706 sed
529 1668 623 1707 inde
654 1669 811 1708 blandis
839 1670 1086 1723 imperatoris
1111 1671 1358 1710 suasionibus
1391 1679 1609 1723 extractus,

146 1723 341 1774 relegatus
359 1724 543 1763 Nicaeam
571 1726 756 1765 fueritin
777 1728 1056 1766 monasterium
1087 1727 1320 1780 Hyacinthi.
1374 1729 1512 1769 scribit
1542 1743 1612 1769 au·

146 1785 229 1818 tem
245 1780 390 1819 ibidem
410 1781 680 1834 Pachymeres,
703 1784 751 1822 ab
767 1784 842 1823 ista
858 1785 1098 1835 relegatione
1113 1785 1290 1824 nondum
1306 1798 1412 1824 anno
1432 1786 1608 1839 expleto,

147 1842 339 1876 vocatum
367 1837 510 1876 Nicaea
533 1840 918 1893 Constantinopolim
944 1841 1185 1880 Holobolum
1210 1841 1259 1880 ab
1288 1841 1530 1895 imperatore
1556 1844 1608 1883 ad

147 1892 280 1932 dirum
303 1894 546 1947 supplicium
573 1896 706 1939 fuisse.
762 1898 886 1949 igitur
913 1897 949 1938 si
971 1897 1220 1951 potuerimus
1249 1898 1414 1938 definire
1443 1906 1604 1952 tempus

145 1949 255 1988 illius
276 1957 516 2002 conventus,
545 1965 624 2004 quo
649 1968 758 1993 suam
781 1967 941 2006 gravem
970 1954 1015 1993 in
1039 1954 1256 2009 perniciem
1282 1956 1364 1996 ruit
1385 1956 1606 1997 Holobolus

143 2005 444 2059 intemperantia
475 2008 558 2047 irae
585 2015 627 2050 et
656 2011 834 2062 linguae,
866 2018 1038 2051 statuere
1067 2011 1204 2051 licebit
1229 2011 1279 2051 de
1308 2025 1402 2051 vero
1423 2019 1606 2066 tempore

146 2076 239 2102 cum
259 2065 448 2116 supplicii
466 2065 516 2104 de
529 2066 729 2107 Holobolo
749 2067 895 2121 sumpti
908 2074 994 2108 tum
1013 2069 1154 2106 mortis
1174 2068 1339 2107 Arsenii.
1377 2068 1490 2120 atqui
1512 2083 1606 2122 spe-

144 2132 279 2160 ramus
310 2120 427 2159 istius
459 2122 619 2173 quidem
647 2124 734 2163 voti
759 2138 833 2163 nos
863 2125 950 2163 fore
977 2130 1192 2176 compotes.
1248 2137 1341 2163 nam
1378 2133 1604 2166 conventus

144 2175 221 2214 iste
247 2174 411 2215 videtur
430 2177 501 2216 ille
525 2178 631 2218 idem
661 2181 780 2220 fuisse
806 2194 923 2233 quem
950 2180 1160 2234 descripsit
1194 2180 1455 2233 Pachymeres
1486 2197 1523 2224 c.
1547 2186 1603 2226 12

143 2231 239 2271 libri
252 2231 428 2272 eiusdem
448 2234 488 2284 5,
516 2234 586 2273 ubi
607 2237 732 2276 tradit
758 2237 958 2276 intentum
988 2237 1267 2289 imperatorem
1291 2238 1532 2279 adducendis
1559 2240 1605 2279 in

144 2301 256 2328 suam
278 2289 328 2327 de
347 2303 445 2342 pace
459 2290 630 2330 ineunda
648 2306 740 2332 cum
758 2294 896 2333 Latina
918 2294 1084 2334 ecclesia
1100 2293 1356 2346 sententiam,
1384 2296 1533 2335 aversis
1552 2297 1602 2335 ab

145 2357 192 2383 eo
217 2346 382 2384 consilio
415 2348 662 2399 praesulibus
691 2350 875 2402 Graecis,
913 2356 1150 2402 congregato
1175 2351 1284 2404 apud
1315 2365 1357 2390 se
1376 2352 1604 2405 patriarcha

147 2415 240 2440 cum
260 2402 461 2456 episcopis
482 2410 522 2443 et
537 2405 760 2458 praecipuis
783 2421 834 2447 ex
854 2407 984 2459 clem,
1011 2407 1203 2447 institisse
1221 2414 1270 2447 ut
1295 2408 1339 2448 in
1359 2422 1443 2449 eam
1463 2410 1603 2449 conci..

143 2457 346 2497 liationem
366 2473 564 2499 assensum
586 2461 746 2511 darent,
775 2464 991 2516 allegandis
1008 2464 1230 2504 rationibus
1254 2479 1351 2518 quas
1379 2466 1414 2506 ei
1444 2481 1602 2519 sugges-

142 2521 277 2554 serant
299 2515 409 2555 docti
424 2515 606 2557 homines
620 2549 632 2569 ,
667 2519 975 2560 archidiaconns
1004 2520 1268 2573 Meliteniota‚
1307 2523 1498 2575 Georgius
1522 2525 1602 2576 Cy-

143 2571 257 2624 prius
275 2574 658 2627 protapostolarius,
685 2582 726 2615 et
741 2576 880 2617 rhetor
900 2577 1087 2617 ecclesiae
1104 2577 1344 2631 Holobolus,
1375 2581 1444 2633 qui
1462 2594 1599 2619 omnes

145 2628 332 2679 aderant,
365 2643 442 2682 pro
467 2644 510 2670 se
534 2632 704 2685 quisque
721 2634 923 2685 negotium
948 2634 1154 2684 iuvantes,
1188 2649 1448 2688 quamquam,
1476 2642 1524 2674 ut
1542 2636 1600 2676 ibi

146 2684 355 2725 submonet
371 2685 597 2740 historicus,
625 2689 845 2730 Holobolus
863 2691 1022 2744 quidem
1038 2705 1122 2731 non
1144 2706 1196 2732 ex
1218 2693 1340 2732 animi
1359 2693 1423 2732 sui
1440 2699 1595 2731 seuten-

144 2740 199 2778 tia
210 2770 223 2791 ,
251 2742 322 2781 sed
342 2744 384 2781 in
401 2744 574 2796 speciem
590 2745 796 2787 dumtaxat
814 2761 890 2788 nec
908 2748 1038 2788 studio
1054 2749 1220 2789 sincero.
1275 2763 1360 2789 esse
1374 2749 1484 2788 hunc
1507 2763 1596 2789 coe-

144 2802 232 2835 tum
250 2800 419 2839 eundem
439 2801 579 2841 suadet
595 2816 852 2856 personarum
874 2805 1060 2846 identitas
1081 2812 1122 2846 et
1139 2806 1199 2846 rei
1214 2812 1406 2846 tractatae
1418 2805 1461 2844 in
1479 2812 1595 2846 utro..

144 2866 244 2906 que:
265 2867 355 2896 uam
364 2856 604 2899 Meliteniota
621 2859 791 2914 Cyprius
806 2867 845 2901 et
858 2861 1080 2903 Holobolus
1093 2863 1304 2916 utrobique
1322 2869 1593 2903 memorantur
