1846 3262
419 199 496 242 DE
531 198 813 242 MICHAELE
846 183 1222 241 PALAEotoGo
1257 196 1304 238 L.
1339 190 1375 238 Ι.
1558 193 1624 239 29

152 315 220 356 καὶ
239 313 291 370 δὴ
312 314 508 371 γνωρίσαι
528 313 710 357 θέλοντα
732 316 866 356 ταῦτα
885 304 919 369 ᾧ
939 328 983 367 γε
1004 313 1071 353 καὶ
1089 309 1115 365 ἦ
1137 314 1210 366 τῆς
1242 309 1454 364 βασιλείας
1472 326 1626 366 κατηγ-

150 387 277 439 γυᾶτο
297 381 502 438 περιωπή,
543 385 610 426 καὶ
635 382 853 439 ἀναφέρειν
873 378 961 424 οἷον
981 381 1131 423 ἐκεῖνον
1152 385 1225 435 τῆς
1256 377 1387 435 λύπης
1398 413 1412 433 ,
1451 380 1535 422 ἐπεὶ
1555 380 1623 421 καὶ

150 454 240 509 περὶ
263 451 369 510 αὐτῇ
390 457 440 509 τῇ
465 455 545 510 ζωῇ
567 454 754 495 ἐδεδοίκει
766 484 778 503 ,
816 450 864 493 τὸ
894 451 968 503 μὲν
997 451 1041 491 ἐκ
1063 445 1227 503 Δβίβλων
1246 449 1391 491 εἰδέναι
1422 449 1546 505 λέγειν
1563 448 1621 504 μὴ

150 520 251 575 ἔχειν
275 523 409 580 ἐκείνῳ
431 520 630 564 πιστεύειν
652 521 767 580 (οὐδὲ
784 520 863 576 γὰρ
881 517 1098 575 ἀραρότως
1127 516 1204 572 εἶχε
1237 525 1324 567 ταῖς
1358 520 1520 571 βίβλοις
1548 517 1619 560 ἐπ’

115 588 317 645 5ἀδήλοις
336 598 427 641 ταῖς
449 589 694 647 ἀποβάσεσι)
708 623 720 642 ,
757 589 804 632 τὸ
836 588 880 631 δ’
912 589 956 631 ἐκ
981 592 1085 631 θεοῦ
1116 591 1304 642 φανερῶς
1325 587 1524 640 ἀκοῦσαι,
1559 587 1620 642 μὴ

148 661 214 701 καὶ
237 658 432 710 πολλάκις
454 661 527 703 τὸν
552 657 673 715 λόγον
704 655 905 701 πιστεύειν
938 659 1140 700 διαπεσεῖν
1172 656 1417 708 δεδοικέναι,
1453 658 1521 698 καὶ
1551 656 1621 699 διὰ

146 732 280 771 ταῦτα
300 733 359 786 τῷ
385 730 627 786 Δυρραχίου
648 730 738 783 περὶ
760 732 843 770 τῶν
863 725 1061 770 τοιούτων
1088 723 1482 780 κοινολογησάμενον
1505 724 1620 784 αὐτῷ

144 797 218 851 μὲν
238 795 478 841 ὖποθεῖσθαι
501 799 626 854 λέγειν
647 802 720 852 τῆς
741 801 881 853 φωνῆς
901 796 1100 847 ἀκοῦσαι,
1139 795 1287 837 ἐκεῖνον
1321 793 1366 836 δ’
1401 792 1614 837 ἀναπτύσ-
1637 800 1671 835 D

145 882 228 908 σειν
250 872 567 923 προσποιεῖσθαι
589 866 692 922 πρὸς
714 866 812 922 ὅπερ
837 868 903 909 καὶ
921 865 1115 918 βούλοιτο
1141 864 1215 919 τὴν
1238 862 1343 918 παρ’
1367 862 1497 906 αὐτοῦ
1517 881 1618 906 συν-

90 946 134 980 10
146 939 336 978 τεθεῖσαν
355 936 474 987 λέξιν.
535 936 562 979 ἃ
582 936 632 990 δὴ
649 940 705 993 τῷ
727 933 1002 993 Παλαιολόγῳ
1026 932 1283 983 πιστεύοντες
1301 934 1366 974 καὶ
1389 931 1616 990 ἀμφότεροι

143 1005 293 1046 ἐκεῖνον
322 1006 397 1058 μὲν
427 1004 495 1047 ἐπ’
532 1005 715 1061 ἀγαθαῖς
744 1007 899 1047 ἐλπίσιν
926 1003 1033 1058 εἶχον
1055 1005 1333 1059 μετεωρίζειν,
1372 1000 1536 1052 ἑαυτοῖς
1555 1003 1613 1055 δέ,

142 1075 178 1116 εἷ
194 1073 252 1128 μὴ
278 1072 409 1124 οὕτως
429 1074 625 1130 ἀποβαίη,
658 1075 904 1130 παραίτησιν
925 1072 1187 1117 ὑπελείποντο
1210 1070 1267 1122 ὥς
1287 1070 1520 1128 ἁμαρτοῦσι
1541 1077 1616 1126 τῆς

141 1140 367 1198 ἐξηγήσεως
378 1176 390 1194 ,
428 1143 528 1186 ἄλλο
552 1162 590 1187 τι
610 1149 685 1199 τῆς
705 1149 845 1199 φωνῆς
864 1142 970 1198 τάχα
990 1142 1196 1198 δηλούσης
1214 1141 1239 1197 ἢ
1264 1139 1318 1191 ὦς
1337 1142 1500 1191 ἐκείνοις
1519 1140 1613 1196 ἐξή-

138 1227 253 1266 γητο.
325 1212 430 1268 πλὴν
458 1213 554 1255 ἀλλ’
589 1215 631 1256 ἐν
662 1211 847 1272 τοσούτῳ
867 1211 1018 1270 φθάνει
1047 1214 1114 1256 καὶ
1142 1210 1264 1255 ὁτῶν
1285 1214 1509 1264 βασιλικῶν
1528 1213 1600 1253 ‘ae'n-
1624 1219 1657 1254 Ε

85 1287 129 1325 15
142 1297 228 1322 πων
264 1276 394 1336 κόμης
430 1280 452 1325 ὅ
487 1284 692 1337 δηλωθεὶς
722 1281 947 1337 Χαδηνός,
996 1283 1289 1335 καὶλὲπιβαίνει
1310 1279 1474 1338 ἀπτέρῳ
1495 1279 1610 1334 τάχει

142 1351 467 1406 Θεσσαλονίκης,
503 1353 569 1394 καὶ
598 1351 747 1395 αὐτίκα
776 1351 823 1395 τὸ
856 1352 1002 1395 πιστὸν
1022 1356 1096 1406 τῆς
1127 1349 1269 1408 φήμης
1289 1348 1409 1400 ἔδειξε
1433 1347 1607 1406 πράξας,

137 1418 210 1460 τὸν
238 1417 529 1476 Παλαιολόγον
568 1421 609 1463 ἓν
646 1421 830 1477 ἀσφαλεῖ
855 1419 1086 1476 κατασχών.
1157 1417 1340 1476 σιδήροις
1365 1418 1504 1472 μέντοι
1534 1419 1609 1462 οὐκ

137 1485 237 1543 ἔγνω
254 1487 460 1543 δεσμεύειν
477 1489 537 1532 τὼ
558 1487 684 1543 πόδε,
721 1488 777 1540 ὥς
798 1487 848 1545 δή
871 1491 909 1534 οἱ
940 1493 1006 1533 καὶ
1036 1488 1388 1545 προστεταγμένον
1419 1483 1492 1543 ἦν,
1531 1487 1607 1531 οὐκ

136 1554 223 1598 οἷδ’
257 1557 299 1600 εἶ’
321 1575 365 1601 τε
396 1558 443 1601 τὸ
477 1563 552 1601 τοῦ
583 1558 732 1614 ἀνδρὸς
761 1557 1003 1615 αι’δούμενος
1033 1558 1186 1615 εὐγενὲς
1217 1558 1295 1602 εἴτε
1318 1574 1356 1600 τι
1377 1558 1445 1599 καὶ
1466 1559 1606 1613 φιλίας

78 1634 127 1670 20
138 1625 240 1682 πρὸς
271 1627 444 1669 ἐκεῖνον’
492 1627 540 1670 τὸ
566 1627 644 1683 γὰρ
673 1626 863 1671 ὑπονοεῖν
894 1647 932 1672 τι
964 1630 1053 1684 περὶ
1080 1628 1229 1671 ἐκείνου
1251 1631 1334 1670 τῶν
1354 1625 1530 1681 ἀγαθῶν
1551 1625 1604 1669 τὰ

134 1698 209 1749 τῆς
232 1694 355 1753 ὀργῆς
386 1695 461 1739 οὐκ
488 1697 662 1740 ἐδίδουν.
733 1697 834 1747 τέως
866 1697 911 1740 δ’
935 1695 1273 1756 ἀφοσιωσάμενος
1304 1696 1439 1755 ἐκείνῳ
1459 1695 1510 1738 τὰ
1529 1699 1605 1750 τῆς

131 1837 253 1873 rimum
277 1839 499 1874 exercitatus.
546 1850 629 1884 ergo
662 1850 736 1874 cum
760 1851 817 1874 res
838 1839 938 1875 istius
972 1841 1110 1887 generis
1133 1840 1363 1876 curiosissime
1386 1837 1600 1883 investigans

131 1885 249 1920 nescio
273 1885 354 1931 quid
379 1886 422 1920 de
446 1886 655 1931 imperaturo
680 1886 888 1932 Palaeologo
915 1888 1122 1933 comperisse
1145 1887 1210 1923 sibi
1244 1893 1337 1923 esset
1361 1884 1476 1926 visus,
1503 1886 1600 1919 aiunt

129 1930 198 1965 ista
230 1943 305 1966 eum
340 1932 463 1967 notitia
497 1939 692 1978 opportune
724 1933 774 1967 uti
806 1933 954 1968 voluisse
987 1935 1030 1969 ad
1064 1935 1316 1969 exhilarandum
1353 1931 1598 1976 Palaeologum

130 1977 284 2012 eumdem
307 1982 403 2013 tanto
435 1983 517 2013 tunc
548 1990 747 2024 oppressum
772 1979 873 2014 animi
896 1992 1070 2024 moerore,
1103 1986 1143 2015 ut
1165 1980 1209 2015 de
1233 1981 1306 2014 vita
1329 1978 1404 2013 eius
1426 1983 1599 2012 metuere-

129 2027 199 2058 tur.
245 2036 314 2059 non
338 2036 497 2070 sperasse
521 2031 630 2060 autem
653 2037 692 2060 se
714 2025 781 2070 ipsi
805 2037 1045 2071 persuasurum
1068 2027 1159 2073 quod
1187 2028 1343 2067 volebat,
1375 2024 1405 2059 si
1429 2036 1473 2058 ex
1496 2025 1596 2059 libris

128 2069 166 2103 id
190 2082 227 2105 se
247 2070 401 2106 hausisse
424 2072 635 2113 affirmaret,
671 2072 827 2116 quoniam
862 2074 906 2107 ob
930 2074 1053 2109 multas
1076 2074 1334 2120 praedictiones
1356 2071 1444 2106 tales
1468 2076 1593 2106 eventu

127 2116 312 2152 frustratas
342 2118 433 2152 haud
468 2124 543 2153 erat
574 2117 757 2153 verisimile
780 2118 862 2153 huic
895 2131 968 2154 eum
993 2120 1177 2166 tranquille
1200 2132 1240 2154 ac
1265 2130 1388 2154 secure
1413 2117 1595 2163 acquietu-

127 2173 213 2197 rum.
246 2168 432 2210 propterea
454 2164 594 2199 finxisse
617 2165 797 2200 manifeste
819 2165 886 2200 sibi
911 2166 1059 2201 auditam
1084 2166 1215 2201 missam
1239 2178 1259 2200 a
1283 2167 1348 2201 deo
1372 2175 1510 2204 vocem3
1535 2163 1593 2197 cui

127 2207 226 2252 signo
250 2206 473 2254 utpotesraro
497 2217 534 2246 et
557 2211 643 2246 miro
665 2211 802 2246 facilius
825 2212 1033 2248 crediturum
1058 2213 1296 2258 Palaeologum
1322 2211 1478 2256 putabat.
1509 2210 1592 2244 inde

127 2267 168 2289 re
192 2267 266 2290 cum
290 2256 500 2301 Dyrrhachii
530 2257 688 2303 praesule
712 2259 977 2301 communicata,
1011 2260 1060 2294 illi
1086 2259 1220 2305 penitus
1239 2259 1388 2293 suasisse
1413 2262 1452 2291 ut
1474 2256 1505 2290 is
1529 2268 1592 2290 vo-

127 2313 200 2336 cem
221 2302 395 2338 inaudisse
416 2304 566 2338 diceret:
589 2316 628 2338 se
652 2309 755 2349 prout
778 2305 902 2340 liberet
924 2306 1074 2341 eamdem
1100 2317 1121 2340 a
1143 2317 1182 2340 se
1212 2306 1391 2340 confictam
1415 2302 1590 2348 explicare

126 2347 375 2383 simulaturum.
422 2350 546 2395 quibus
580 2351 785 2396 Palaeologo
816 2352 923 2386 veluti
953 2353 996 2386 ad
1026 2363 1141 2387 aurem
1176 2352 1219 2386 ab
1257 2351 1411 2396 utrisque
1434 2349 1589 2391 creditis,

124 2393 161 2428 in
185 2406 338 2440 magnam
369 2407 463 2442 spem
500 2396 666 2432 hominem
695 2402 894 2439 erexerunt,
930 2398 1084 2444 sibique,
1110 2399 1139 2433 si
1164 2404 1309 2433 eventus
1332 2398 1374 2431 ad
1399 2399 1589 2431 extremum

123 2440 279 2484 falleret,
303 2442 556 2478 excusationem
581 2443 790 2488 probabilem
814 2444 1041 2490 reliquerunt,
1079 2444 1178 2490 quasi
1203 2456 1291 2491 quos
1315 2444 1511 2478 coniectura
1533 2442 1590 2477 in-

123 2486 278 2522 duxisset
299 2488 334 2522 in
358 2500 518 2531 errorem,
542 2501 608 2524 non
631 2490 717 2524 satis
738 2490 888 2525 feliciter
912 2490 1160 2537 interpretatos
1182 2503 1299 2526 vocem
1324 2490 1416 2525 aliud
1440 2500 1479 2523 re
1502 2500 1588 2524 vera

120 2532 339 2576 indicantem,
361 2540 466 2580 prout
489 2541 613 2570 eventa
634 2542 872 2579 monstrarent,
895 2549 995 2583 quam
1019 2538 1111 2583 quod
1134 2537 1201 2583 ipsi
1223 2536 1387 2583 suspicati
1410 2540 1480 2570 tum
1500 2535 1589 2569 fuis-

122 2583 209 2614 sent.
260 2580 396 2615 interea
426 2581 504 2617 dum
538 2583 624 2617 haec
645 2589 833 2628 geruntur,
866 2583 1078 2628 imperatorii
1103 2584 1278 2629 equit-atus
1301 2583 1413 2618 dictus
1435 2582 1502 2616 iam
1527 2593 1588 2616 co-

120 2637 190 2660 mes
212 2627 414 2672 supervenit
436 2628 619 2663 Chadenus
633 2655 641 2671 ,
664 2629 1016 2675 Thessalonicamque
1037 2630 1232 2676 ingreditur
1249 2629 1490 2676 perceleriter,
1513 2633 1587 2662 sta-

119 2671 248 2726 timque
279 2674 370 2719 quod
402 2675 567 2709 communi
596 2676 687 2710 fama
719 2680 826 2721 atque
848 2676 992 2711 omnium
1026 2677 1238 2712 sermonibus
1259 2677 1432 2721 vulgatum
1455 2675 1583 2716 suerat,

118 2727 160 2752 re
190 2729 268 2763 ipsa
297 2724 434 2756 ostensa
464 2722 690 2758 confirmavit.
737 2733 814 2756 nam
847 2722 1086 2768 Palaeologum
1116 2735 1238 2758 secura
1269 2721 1425 2758 custodia
1457 2720 1581 2762 tenuit,

119 2774 264 2808 parcens
301 2769 414 2801 tamen
446 2779 522 2802 eum
553 2769 669 2803 ferrea
698 2768 871 2814 stringere
904 2770 1084 2815 compede,
1118 2769 1271 2816 quamvis
1303 2770 1339 2804 id
1371 2768 1514 2802 haberet
1544 2767 1582 2802 in

118 2810 297 2845 mandatis.
345 2813 436 2858 quod
465 2814 524 2849 ille
555 2820 666 2849 utrum
701 2819 820 2850 tantae
859 2815 1053 2851 nobilitatis
1083 2816 1291 2850 verecundia
1326 2826 1370 2849 an
1408 2812 1582 2848 amicitiae

117 2856 264 2901 quodam
285 2857 450 2896 instinctu
472 2860 620 2904 fecerit,
643 2861 736 2896 haud
756 2861 1011 2900 affirmaverim.
1059 2874 1183 2898 vereor
1206 2861 1293 2898 enim
1316 2866 1356 2896 ut
1378 2860 1466 2895 satis
1487 2858 1580 2894 veri·
