1846 3262
431 194 507 236 DE
542 194 821 238 MICHAELE
851 197 1228 243 PALAEOLOGO
1263 200 1309 243 L.
1345 199 1379 244 Ι.
1583 201 1647 248 81

175 313 293 357 σταῖς
321 308 391 350 καὶ
421 307 570 364 ἀνέδην
600 307 831 367 συνήργουν
860 310 902 360 ἒς
933 309 995 354 ὅτι
1020 308 1217 366 μάλιστα.
1286 309 1469 370 θάτερον
1494 313 1541 357 δὲ
1565 319 1648 358 τῶν

173 375 365 432 ἀδελφῶν
389 374 583 433 Ἰωάννην
614 383 673 437 τῷ
706 384 782 423 τοῦ
809 377 989 436 μεγάλου
1023 382 1268 434 δομεστίκου
1299 379 1501 437 ἀξιώματι
1509 415 1524 437 ‚
1570 388 1646 427 τοῦ

173 445 377 498 βασιλέως
394 444 580 497 διδόντος
604 449 760 502 δῆθεν,
797 452 1001 506 περιφανῆ
1024 453 1209 510 καθιστᾷ
1236 451 1304 493 καὶ
1323 449 1387 494 ἐπὶ
1419 456 1503 495 τῶν
1534 469 1645 509 πρα-

173 511 342 568 γμάτων
357 515 461 571 μέγα
481 513 719 569 δυνάμενον.
788 515 882 561 τότε
914 519 1051 560 τοίνυν
1077 519 1146 560 καὶ
1164 519 1319 579 μείζοσι
1337 520 1646 576 θερμανθέντες
1668 524 1699 559 Β

141 583 328 636 5ἒλπῖσι,
373 584 487 640 παρὰ
521 585 595 628 τὸν
627 584 888 642 πατριάρχην
917 584 1123 642 γενόμενοι
1150 589 1217 629 καὶ
1251 588 1327 643 τὴν
1367 587 1543 632 σύνοδον
1572 589 1648 634 οὐκ

173 649 337 707 ἀνήσειν
366 651 574 710 ἔφασκον,
611 655 648 697 εἰ
663 652 722 710 μή
750 654 794 712 y'
826 653 847 699 ὅ
882 653 1083 711 δεσπότης
1104 656 1171 698 καὶ
1195 661 1270 699 τοῦ
1303 659 1485 711 μείζονος
1508 656 1648 714 ἐπιλή-

171 731 316 774 ψαιτο.
389 721 515 765 αῧτὸν
536 722 614 779 γὰρ
635 721 735 766 εἶναι
754 725 821 767 καὶ
841 721 971 779 μόνον
991 724 1064 768 τὸν
1082 724 1187 779 μετὰ
1207 725 1279 768 τὸν
1297 725 1340 768 ἐκ
1361 726 1502 782 γένους
1519 732 1647 782 βασι-

172 790 244 832 λέα
270 789 384 841 ἄξιον
403 790 542 847 ἄρχειν
561 792 725 835 καὶσῦν
742 794 878 853 ἐκείνῳ
890 826 904 846 ,
941 795 1009 837 καὶ
1033 795 1117 837 δεῖν
1136 792 1269 844 οὕτως
1288 793 1425 850 ἔχουσι
1442 798 1647 850 βασιλέως

173 860 357 909 ἐντελοῦς
377 860 418 910 ἒς
437 858 459 903 ὅ
481 877 520 903 τι
541 862 608 903 καὶ
629 859 792 919 πράξοι.
843 862 891 906 τὸ
912 863 987 918 μὲν
1007 858 1082 906 οὖν
1107 862 1319 918 ἀναμένειν
1340 863 1416 920 τὴν
1437 869 1512 908 τοῦ
1534 863 1648 923 ἀφή-

119 933 163 966 10
173 931 284 977 λικος
306 926 486 982 ἡλικίαν,
516 929 576 985 μὴ
606 931 674 972 καὶ
707 929 865 989 φθάσει
885 949 946 982 τις
973 933 1215 988 κηδεμονίας
1234 930 1427 988 δεόμενος
1439 934 1639 988 ἐμποδών
1663 940 1694 975 C

171 996 343 1053 γεγονὼς
374 999 470 1055 πρὶν
492 997 518 1054 ἢ
551 996 573 1041 ὅ
605 994 649 1041 εὖ
675 998 844 1057 πράξων
872 1001 1021 1044 ἐκεῖνον
1048 1002 1203 1045 τελείαν
1233 999 1343 1060 λάβῃ
1364 1002 1441 1057 τὴν
1463 1000 1646 1058 ἡλικίαν·

170 1065 219 1108 τό
251 1065 294 1108 δ’
325 1066 389 1108 ἐπὶ
418 1071 501 1110 τῶν
527 1066 781 1124 πραγμάτων
809 1069 911 1114 ὄντα
943 1070 1015 1114 τὸν
1055 1068 1261 1126 κηδεμόνα
1285 1071 1344 1127 μὴ
1385 1069 1442 1122 ὥς
1470 1072 1646 1126 βασιλέα

170 1131 388 1191 πράττειν,
425 1136 484 1191 μὴ
503 1138 571 1180 καὶ
592 1137 788 1192 ἀβέβαιος
804 1137 828 1195 ἢ
845 1136 966 1196 χάρις
985 1141 1052 1182 καὶ
1084 1139 1264 1191 ὕστατος
1279 1135 1319 1198 ᾖ.
1392 1140 1519 1183 ταῦτ’
1559 1140 1646 1184 ἕλε-

169 1220 241 1259 γον
271 1204 311 1247 οἶ
345 1204 388 1246 ἓν
420 1205 550 1259 τέλει,
598 1209 666 1249 καὶ
698 1207 773 1251 τὸν
798 1206 1056 1265 πατριάρχην
1093 1208 1416 1264 μαλακιζόμενον
1454 1209 1642 1253 ἔπειθον·

114 1275 158 1311 15
171 1271 266 1315 οὐδὲ
283 1272 362 1330 γὰρ
383 1273 482 1316 οὐδ’
502 1276 650 1326 ἐκεῖνος
671 1275 808 1331 ἠμέλει
825 1281 909 1321 τῶν
926 1275 1199 1334 καθηκόντων
1221 1281 1290 1322 καὶ
1312 1276 1373 1329 οἷς
1390 1276 1411 1321 ὅ
1434 1278 1541 1335 ἱερὸς
1559 1297 1645 1334 μα-

167 1339 366 1386 λάσσοιτο
395 1341 607 1400 σύλλογος.
678 1344 829 1402 ὥριστο
861 1348 938 1402 μὲν
965 1341 1039 1390 οὖν
1060 1344 1086 1402 ἡ
1108 1345 1241 1403 ἡμέρα
1265 1351 1340 1403 τῆς
1358 1345 1639 1404 ἀναρρήσεως,

168 1409 260 1466 ἦδὲ
290 1407 338 1466 ἦν
365 1410 391 1467 ἦ
417 1417 492 1456 τοῦ
520 1411 879 1470 Ἑκατομβαιῶνος
911 1416 1138 1471 νουμηνία,
1183 1420 1259 1472 τῆς
1291 1413 1384 1460 τότε
1414 1413 1638 1475 τρεχούσης
1661 1428 1694 1463 D

169 1479 362 1534 δευτέρας
381 1479 663 1538 ἕπινεμήσεως.

304 1550 382 1596 30.
447 1550 515 1593 Ἔν
534 1549 721 1612 τοσούτῳ
745 1553 874 1597 δὲκαὶ
899 1551 919 1597 ὅ
943 1553 985 1596 ἔν
1007 1557 1059 1612 τῇ
1081 1549 1193 1596 δύσει
1220 1550 1422 1610 δεσπότης
1443 1551 1633 1610 ΙΙἸιχαήλ,
1661 1566 1692 1600 Ε

166 1692 289 1738 tesque
311 1692 504 1728 volitabant
529 1694 590 1741 qui
614 1689 786 1731 fortunam
809 1696 1042 1742 sequebantur
1064 1695 1279 1742 Palaeologi,
1303 1696 1456 1739 clientes,
1479 1696 1576 1731 amici
1599 1708 1640 1731 ac

165 1750 376 1784 quocumque
399 1741 532 1775 nomine
556 1742 760 1786 necessarii,
790 1743 908 1788 parati
934 1754 1068 1789 semper
1105 1743 1149 1777 ad
1175 1749 1309 1787 nutum,
1341 1743 1555 1790 impigreque
1579 1754 1640 1777 cu-

165 1790 282 1819 rantes
307 1786 470 1832 quidquid
494 1787 536 1822 ad
560 1799 752 1823 communes
774 1789 925 1824 rationes
942 1789 1104 1835 expedire
1124 1789 1311 1824 videretur.
1358 1789 1393 1823 in
1416 1789 1470 1824 his
1493 1790 1638 1824 alterum

164 1831 309 1866 fratrem
333 1832 492 1867 Ioannem
516 1835 628 1879 magni
651 1835 827 1869 domestici
849 1836 1055 1881 amplissima
1078 1835 1247 1881 dignitate
1269 1835 1382 1870 ornari
1404 1847 1466 1881 per
1490 1836 1639 1880 impera-

163 1882 274 1912 torem
298 1878 443 1923 despota
466 1881 618 1924 curavit,
651 1882 700 1915 sic
723 1893 800 1915 eum
824 1886 860 1916 et
891 1882 1017 1916 illustri
1039 1882 1167 1916 honore
1190 1885 1227 1915 et
1249 1881 1392 1916 maxima
1414 1882 1638 1926 gerendarum

163 1935 277 1958 rerum
301 1928 473 1970 potestate
506 1926 688 1961 instruens.
736 1939 803 1974 quo
832 1928 926 1962 facto
959 1928 1026 1962 iam
1050 1927 1234 1963 maioribus
1265 1928 1394 1962 incensi
1415 1929 1541 1974 spebus
1567 1928 1637 1962 Pa-

163 1970 310 2015 laeologi
336 1971 488 2006 fautores
512 1973 741 2018 patriarcham
764 1977 800 2008 et
830 1985 959 2008 sacram
996 1975 1158 2019 synodum
1182 1973 1331 2016 ambire,
1355 1985 1397 2008 ac
1421 1974 1535 2008 dicere
1559 1973 1637 2007 nul-

162 2016 229 2051 lam
253 2017 400 2063 quietem
422 2019 526 2052 rebus
547 2020 623 2054 fore
647 2024 707 2054 aut
729 2020 950 2055 securitatem
973 2021 1131 2067 imperio,
1164 2021 1275 2066 quoad
1310 2021 1454 2066 despota
1477 2021 1511 2054 in
1535 2031 1635 2053 unum

163 2063 274 2097 adhuc
297 2064 439 2108 gradum
471 2066 684 2111 provehatur
717 2066 830 2101 altius.
879 2067 988 2112 ipsum
1021 2067 1127 2101 solum
1150 2078 1228 2101 esse
1261 2066 1407 2101 omnium
1432 2066 1519 2111 qui,
1555 2068 1636 2111 post

162 2109 352 2155 principem
387 2112 630 2156 praerogativa
665 2112 827 2147 nascendi
857 2113 1020 2157 regnandi
1046 2113 1098 2147 ius
1121 2113 1301 2159 adeptum,
1332 2112 1548 2158 dignissimus
1571 2111 1634 2144 im-

161 2155 260 2200 perio
284 2155 349 2198 sit;
372 2155 518 2203 ideoque
541 2159 704 2203 collegam
727 2159 759 2192 ei
782 2159 1041 2204 adiungendum.
1089 2171 1192 2204 egere
1215 2160 1368 2204 profecto
1394 2158 1635 2203 rempublicam

162 2206 296 2235 maturo
319 2201 387 2236 iam
413 2203 568 2249 principe
593 2208 628 2239 et
650 2205 694 2238 ad
717 2216 781 2250 per
803 2217 841 2239 se
861 2206 1026 2251 agendum
1049 2206 1140 2251 quod
1162 2205 1210 2239 sit
1232 2216 1319 2251 opus
1342 2208 1424 2250 apto
1438 2229 1449 2248 ,
1485 2215 1550 2238 nec
1572 2214 1637 2238 ex-

160 2247 296 2292 pectari
321 2259 421 2292 posse
443 2249 522 2284 dum
545 2251 705 2296 puerulus
723 2251 760 2285 in
782 2251 892 2286 virum
919 2251 1115 2295 adoleverit,
1139 2263 1182 2285 ne
1203 2251 1357 2285 Romana
1377 2261 1435 2284 res
1459 2248 1634 2296 praesenti

161 2293 313 2338 vigentis
334 2294 548 2339 imperatoris
571 2308 636 2342 ope
659 2297 817 2344 indigens
839 2298 894 2332 vel
927 2298 1092 2340 maxime,
1127 2302 1181 2332 tot
1211 2296 1322 2331 cincta
1351 2296 1535 2342 periculis,
1569 2306 1632 2341 per

161 2344 291 2374 tantam
315 2351 443 2374 moram
466 2342 561 2386 prius
583 2348 703 2388 pereat
726 2348 931 2390 corruatque
949 2344 1112 2386 funditus,
1138 2354 1239 2389 quam
1261 2343 1320 2389 qui
1343 2354 1417 2376 eam
1441 2342 1631 2377 vindicatu-

159 2397 220 2420 rus
251 2387 294 2420 ab
323 2386 464 2420 interitu
497 2387 562 2429 sit,
596 2389 631 2422 in
661 2388 838 2424 florentem
872 2390 1063 2424 adoleverit
1092 2394 1252 2424 aetatem.
1298 2388 1492 2435 impositum
1516 2394 1630 2423 autem

161 2436 353 2466 curatorem
377 2432 520 2477 negotiis
549 2445 616 2468 non
645 2438 685 2469 ut
706 2435 890 2481 principem
920 2447 1045 2481 agere,
1076 2435 1137 2470 sed
1161 2435 1318 2482 precaria
1339 2435 1485 2480 quadam
1508 2439 1544 2469 et
1567 2445 1630 2469 au-

161 2478 333 2512 ctoritatis
355 2479 554 2525 principalis
575 2492 683 2525 egena
704 2482 900 2524 functione,
925 2488 962 2516 et
982 2482 1150 2516 infirmum
1174 2484 1210 2516 et
1240 2481 1398 2516 instabile
1420 2480 1629 2525 reipublicae

161 2523 320 2558 solatium
353 2536 439 2559 esse.
488 2525 572 2560 talia
603 2538 678 2561 cum
711 2528 891 2573 optimates
928 2528 1101 2572 dicerent,
1134 2531 1380 2574 persuaserunt
1412 2527 1628 2572 patriarchae

159 2581 223 2615 per
245 2581 301 2613 se,
324 2574 364 2605 ut
386 2571 550 2614 diximus,
575 2573 721 2608 emollito
744 2573 779 2607 in
803 2574 1051 2619 palaeologum.
1099 2574 1161 2609 sed
1182 2585 1246 2608 nec
1263 2574 1339 2619 ipse
1362 2573 1441 2608 cuia
1463 2585 1520 2607 res
1544 2584 1627 2618 age-

159 2616 262 2650 batur
285 2618 444 2652 cessabat
466 2618 713 2663 Palaeologus:
748 2620 829 2665 quin
861 2622 1046 2665 satagebat
1075 2620 1112 2654 in
1149 2620 1280 2656 cunctis
1304 2619 1348 2654 ad
1371 2620 1443 2665 spei
1468 2619 1626 2652 effectum

156 2663 381 2705 facientibus,
405 2664 443 2698 in
466 2664 582 2708 primis
601 2666 644 2699 ad
666 2665 734 2699 sibi
757 2666 965 2701 deliniendos
980 2667 1064 2701 cleri
1085 2679 1128 2701 ac
1149 2678 1323 2702 sacrorum
1346 2666 1534 2700 antistitum
1553 2664 1628 2699 ani-

158 2719 242 2743 mos.
290 2709 435 2755 denique
458 2710 511 2744 his
544 2711 678 2745 artibus
706 2712 923 2758 impetratum
954 2716 992 2747 ut
1022 2713 1095 2748 dies
1126 2713 1300 2747 diceretur
1332 2711 1569 2758 proclamando
1592 2710 1627 2745 in

158 2754 322 2799 collegam
345 2755 559 2802 imperatoris
582 2757 798 2804 Palaeologo.
845 2771 887 2794 ea
919 2759 985 2794 suit
1007 2759 1184 2794 neomenia
1205 2758 1534 2800 Hecatombaeonis‚
1566 2768 1628 2791 seu

157 2799 326 2835 kalendae
350 2802 531 2837 Ianuariae
545 2829 557 2846 ,
581 2804 763 2839 indictione
783 2809 866 2840 tunc
889 2812 1048 2841 currente
1069 2808 1227 2842 secunda.

248 2847 304 2882 30.
350 2848 439 2882 Dum
472 2849 558 2883 haec
589 2854 755 2894 geruntur
772 2877 784 2896 ,
821 2852 965 2900 despota
1002 2852 1202 2887 Occidentis
1235 2848 1403 2895 MIchael,
1439 2847 1628 2891 Theodori,

212 2899 385 2946 Georgius
415 2902 641 2947 Pachymeres
664 2904 686 2937 I
685 2929 693 2938 .
1324 2902 1350 2941 6
