1846 3262
719 198 1047 245 PRAEFATIO.
1569 217 1619 244 xr

156 314 263 371 regis
304 309 631 358 christianissimi
669 309 903 364 Parisiensi,
938 309 1049 352 unde
1074 323 1170 352 meo
1196 316 1338 364 rogatu
1362 306 1416 352 R.
1442 307 1489 352 P.
1518 309 1619 352 Phi-

155 387 288 443 lippus
322 384 487 443 Labbe,
527 379 641 438 quod
675 393 777 437 opus
813 385 899 421 erat
931 379 1128 421 ambabus
1154 378 1307 421 lacunis
1335 378 1618 437 coaequandis,

155 454 367 509 diligenter
393 449 598 506 exscripsit
624 453 666 489 et
689 446 813 490 misit.

266 541 340 587 VI.
395 536 734 597 Interpretationis
759 550 845 578 non
872 534 991 578 anxie
1017 532 1226 587 addictae,
1264 534 1339 578 sed
1366 542 1407 578 et
1432 535 1476 578 in
1501 551 1621 594 para-

152 611 332 671 phrasim
360 607 574 666 aliquando
604 603 861 648 redundantis
888 605 991 646 haec
1017 602 1228 662 peculiaris
1256 604 1460 646 excusatio
1489 612 1550 646 est
1575 605 1621 647 in

152 683 235 723 hoc
271 678 476 725 omnium,
529 674 598 732 qui
634 671 789 716 Graece
823 671 1010 714 historias
1051 670 1285 723 ediderunt,
1332 671 1620 714 obscurissimo

151 748 357 805 scriptore.
411 747 608 787 lectorum
634 741 702 783 alii
732 738 884 782 Graece
911 740 1065 793 sciunt,
1093 740 1162 781 alii
1190 738 1323 796 (quae
1350 739 1482 780 maior
1501 741 1621 782 turba

152 817 241 869 est)
268 830 354 857 non
380 812 489 854 item.
542 817 778 852 neutrorum
799 808 1149 850 accommodatam
1175 806 1397 850 rationibus
1424 809 1620 864 putabam

150 883 380 927 versionem
407 880 638 937 scrupulose
662 876 869 930 sedulam,
895 877 1186 919 balbutientem
1215 883 1256 917 et
1282 876 1484 926 illamam,
1513 890 1618 932 quae

147 950 282 992 ieiuna
326 947 553 1005 squallidis,
599 945 779 987 intricata
823 946 1046 1002 perplexis,
1090 943 1282 998 ambigua
1324 943 1618 985 confusion‘bus

146 1023 330 1060 mutaret.
386 1030 484 1057 nam
513 1013 666 1057 Graece
692 1012 857 1070 quidem
886 1012 1019 1065 docti,
1046 1011 1083 1055 si
1109 1012 1223 1069 queis
1252 1011 1400 1069 cupido
1428 1011 1524 1054 insit
1550 1013 1618 1054 in..

147 1085 287 1127 dolem
315 1081 510 1126 noscendi
540 1081 881 1135 Pachymerianae
909 1079 1118 1133 dictionis,
1159 1081 1283 1134 longe
1318 1078 1363 1122 id
1396 1094 1617 1137 assequen-

144 1161 211 1196 tur
235 1152 391 1195 facilius
416 1149 573 1193 Graeco
603 1149 693 1206 ipso
722 1156 909 1191 contextu
934 1149 1116 1206 protinus
1141 1147 1337 1201 visendo,
1365 1163 1489 1206 quam
1506 1151 1617 1191 male

145 1228 253 1262 terso
290 1217 486 1261 intuendo
525 1219 637 1261 velut
671 1217 851 1274 quodam
884 1219 1050 1275 speculo
1088 1217 1431 1274 interpret-amenti
1458 1217 1616 1274 sesqui-

144 1288 329 1338 barbari,
363 1286 599 1328 latinitatem
624 1285 907 1329 invitissimam
933 1299 1007 1342 per
1034 1285 1173 1327 omnia
1200 1284 1411 1339 graecismi
1444 1285 1616 1339 vestigia

144 1357 340 1397 lutulento
375 1355 533 1396 tramite
568 1355 770 1412 raptantis.
826 1362 1076 1397 caeterorum
1104 1353 1174 1410 qui
1200 1367 1281 1394 una
1315 1354 1408 1396 freti
1446 1354 1617 1396 Latinae

143 1422 304 1475 linguae
338 1422 480 1478 peritia
512 1422 724 1465 historiam
751 1423 857 1464 hanc
883 1422 928 1463 in
959 1436 1105 1464 manus
1139 1428 1322 1473 sument,
1353 1422 1618 1464 manifestum

145 1498 207 1532 oet
231 1505 317 1531 non
346 1489 390 1530 id
416 1498 560 1533 votum
582 1499 653 1532 aut
674 1490 917 1532 destinatum
944 1504 1056 1543 esse,
1082 1489 1263 1531 noctium
1293 1496 1335 1530 et
1361 1490 1617 1543 labyrintho-

147 1572 239 1599 rum
274 1558 498 1610 ambagiosi
533 1558 671 1614 scripti
697 1557 1019 1614 experimentum
1053 1572 1244 1614 praesens
1273 1571 1436 1614 capere,
1476 1558 1615 1615 potius

143 1639 266 1680 quam
300 1624 561 1668 absconditae
600 1625 865 1680 defossaeque
891 1624 973 1666 illic
1000 1624 1097 1666 fidei
1123 1631 1325 1678 gestarum
1352 1637 1450 1667 vere
1476 1639 1615 1668 rerum

140 1690 293 1748 liquido
320 1690 535 1749 lucidoque
562 1691 793 1735 testimonio
817 1692 964 1735 doceri.
1019 1691 1155 1735 studui
1183 1707 1302 1746 ergo,
1330 1706 1412 1749 quo
1440 1693 1507 1736 his
1536 1697 1615 1736 ob-

141 1758 428 1810 secundarem,
464 1760 701 1815 indagatum
735 1775 885 1815 magno
922 1762 1159 1819 plerumque
1189 1763 1328 1804 labore
1363 1777 1460 1806 meo
1488 1764 1613 1808 huius

141 1828 344 1885 scriptoris
367 1842 533 1870 sensum
560 1843 683 1885 quam
710 1829 925 1872 clarissime
950 1845 1190 1887 proponere,
1218 1829 1417 1887 adeoque,
1445 1831 1517 1874 ubi
1542 1847 1611 1876 res

140 1904 343 1954 posceret,
376 1895 559 1939 distincta
587 1912 612 1939 e
643 1898 837 1951 confusis,
865 1913 918 1940 ex
944 1898 1117 1943 horridis
1138 1898 1287 1954 nitida,
1314 1901 1435 1954 plana
1461 1916 1487 1943 e
1513 1915 1609 1959 pra-

141 1967 223 2021 vis,
250 1975 387 2024 aperta
413 1981 467 2009 ex
494 1965 765 2019 aenigmaticis
791 1965 976 2011 reddere.

252 2046 353 2089 VII.
405 2046 532 2089 Erunt
563 2054 702 2088 tamen
739 2045 877 2100 (scio)
914 2047 1059 2105 quibus
1098 2061 1174 2089 nec
1209 2048 1363 2089 factum
1399 2061 1477 2090 nec
1507 2047 1605 2091 facti

142 2112 324 2157 defensio
352 2115 598 2172 probabitur.
652 2115 699 2156 hi
734 2129 832 2157 vero
867 2118 937 2159 vel
973 2115 1208 2158 ostracismo
1244 2129 1334 2168 me,
1379 2116 1491 2170 licet,
1526 2132 1603 2160 ex-

140 2183 377 2236 terminent,
414 2182 541 2225 modo
576 2189 702 2225 testae
737 2198 899 2226 causam
934 2183 1184 2227 adscribant:
1216 2184 1530 2242 proscriptum
1557 2193 1604 2230 te

140 2249 360 2303 volumus,
389 2251 507 2309 quod
533 2250 979 2295 tenebricosissimum
1006 2252 1273 2310 scriptorem
1292 2252 1451 2309 primo
1472 2269 1604 2312 aspe-

142 2325 215 2360 ctu
242 2319 570 2378 intelligibilem
585 2320 767 2373 seceris.
821 2320 896 2364 sed
922 2322 1093 2364 meliora
1116 2320 1351 2364 Venusinus
1376 2330 1602 2377 augur-etur,

140 2400 167 2428 e
193 2386 354 2431 diverso
380 2403 619 2446 responsans

356 2456 582 2499 solventur
608 2457 702 2500 risu
729 2455 933 2509 tabulae,
962 2462 1008 2499 tu
1037 2456 1200 2501 missus
1226 2457 1382 2501 abibis.

140 2521 350 2568 enimVero
376 2526 412 2567 si
439 2533 620 2568 mentem
656 2525 790 2582 scripti
819 2540 905 2567 non
931 2527 1172 2583 assequitur,
1208 2527 1245 2569 si
1274 2526 1430 2582 affingit
1456 2527 1601 2583 aliena,

139 2591 177 2632 si
210 2607 294 2634 uon
331 2602 598 2651 repraesentat
633 2593 827 2651 quidquid
860 2596 1021 2646 subest,
1064 2594 1151 2637 iure
1188 2598 1351 2653 vapulet
1386 2596 1602 2654 interpres:

139 2658 270 2702 donec
297 2661 462 2718 quidem
489 2662 650 2705 latentia
675 2662 880 2721 producit,
914 2662 1096 2706 involuta
1131 2665 1276 2715 exerit,
1315 2667 1455 2708 obruta
1486 2666 1600 2719 eruit,

140 2726 240 2770 dum
266 2733 473 2785 nucleum,
511 2747 674 2775 succum
699 2732 907 2784 intimum,
945 2746 1101 2774 meram
1131 2732 1350 2776 medullam
1377 2735 1600 2777 sententiae

139 2797 342 2839 abstrusae
377 2801 502 2842 fracto
543 2809 760 2843 extractam
800 2800 960 2851 cortici,
1004 2803 1116 2844 velut
1143 2802 1222 2844 cibi
1249 2804 1351 2844 cocti
1379 2811 1420 2845 et
1447 2802 1598 2845 conditi

136 2872 319 2917 paratum
358 2867 506 2922 legenti
540 2870 737 2912 ferculum
772 2869 961 2927 apponit,
1000 2869 1133 2912 sinant
1168 2871 1234 2914 isti
1267 2873 1420 2915 morosi
1455 2871 1597 2915 serviri
