1884 3262
475 196 583 243 Lm.
600 196 678 246 111.
733 198 1226 257 CHRONoLoGICUS.
1485 208 1588 260 765

126 300 206 366 {⁴33}
245 301 407 366 ,Ῑξζιᾞξξὲ
430 304 599 369 {mvl-„35¹2
648 310 820 351 vicinam
851 319 1075 367 suspectam
1102 314 1344 358 habentibus
1382 314 1589 374 inopinato
1611 334 1734 382 12542

245 369 338 400 mm
353 366 406 402 lv.
445 373 589 416 Paiaeol.
647 369 805 411 obsessa
836 371 901 410 siti
930 372 982 410 ad
1017 372 1260 416 deditionem
1288 379 1491 431 compulsa
1516 387 1586 423 est.

110 408 220 451 1280
318 411 340 451 1
486 416 538 456 21
645 425 831 479 Pachym.
853 431 879 470 6
908 433 964 473 20
986 435 1026 467 et
1042 433 1110 472 21.
1288 481 1302 489 ,
1520 463 1525 466 -

699 484 919 536 Imperator
946 486 1116 526 Michaffl
1134 489 1305 529 alterum
1329 491 1455 532 filium
1478 495 1588 535 Con-

643 542 861 581 staminum
881 542 1268 596 Porphyrogenitum
1288 562 1378 587 cum
1400 552 1520 603 copiis
1541 553 1585 592 in

642 598 898 641 Occidentem
927 601 1119 653 mittens,
1169 604 1254 655 ipse
1280 618 1371 645 cum
1404 610 1584 649 exercitu

640 656 803 694 Prusam
823 669 864 694 se
885 659 1048 697 confert.
1081 672 1113 697 c.
1134 663 1201 702 22.

694 713 845 752 Audita
864 714 1010 753 Prusae
1031 717 1232 756 creatione
1249 718 1412 759 Martini
1430 721 1485 762 IV
1502 723 1582 762 im—

637 776 798 822 perator
813 771 961 822 legatos
978 772 1030 810 ad
1050 785 1141 812 eum
1161 776 1298 815 mittit.
1330 791 1362 818 e.
1389 781 1459 821 30.

694 827 853 879 Bulgari
882 829 1109 868 concitante
1139 832 1311 882 quodam
1339 835 1500 875 Tei-tere
1531 837 1581 876 ab

640 882 771 922 Asane
786 898 894 924 novo
914 899 1004 937 rege
1032 888 1182 938 aversi,
1213 890 1308 928 dum
1331 891 1378 930 ab
1400 905 1444 931 eo
1466 894 1582 932 defe-

638 941 810 979 ctionem
830 941 1130 992 machinantur,
1159 945 1242 997 ipse
1257 948 1378 995 ,rebus
1403 951 1482 989 suis
1501 952 1582 989 dif-

637 998 763 1036 fidens
782 999 964 1038 Ternobo
984 1001 1147 1052 aufugit,
1170 1002 1418 1057 vituperatus
1439 1020 1484 1046 eo
1502 1022 1582 1047 no—

635 1055 741 1093 mine
776 1055 825 1094 ab
857 1055 1036 1106 Augusto
1066 1071 1218 1098 socero.
1280 1062 1463 1102 Terteres
1502 1079 1581 1105 va-

635 1124 759 1152 cuum
779 1113 888 1163 regni
902 1113 1045 1152 solium
1066 1122 1250 1167 occupat.
1284 1131 1316 1157 c.
1338 1122 1378 1161 9.

690 1179 904 1229 Lachanas,
928 1181 995 1233 qui
1015 1182 1143 1221 Asane
1155 1184 1326 1224 Ternobi
1345 1187 1578 1236 dominante

635 1249 794 1288 magnas
813 1237 992 1288 Bulgaris
1011 1245 1052 1277 et
1070 1240 1260 1279 Romanis
1280 1243 1410 1283 clades
1427 1247 1578 1286 intule-

634 1298 719 1342 rat,
749 1294 976 1333 faventibus
1009 1296 1067 1334 illi
1097 1311 1240 1349 parurn
1259 1299 1458 1341 benevolis
1478 1305 1580 1343 Bul-

634 1364 819 1402 garorum
850 1351 892 1390 in
923 1353 1090 1391 Asanem
1119 1355 1280 1405 studiis,
1319 1359 1387 1397 ubi
1414 1361 1578 1401 Tertere

633 1408 712 1446 iam
730 1415 920 1459 regnante
941 1409 1202 1450 difficiliorem
1232 1416 1438 1466 experitur
1456 1432 1577 1458 recu-

633 1465 877 1516 perationem
902 1467 985 1504 eius
1005 1469 1139 1519 regni,
1171 1470 1223 1508 ad
1242 1471 1389 1523 Nogam
1415 1475 1576 1513 Tocha-

633 1535 771 1560 rorum
786 1523 1004 1576 principem
1024 1526 1192 1577 supplex
1213 1529 1398 1581 confugit,
1429 1534 1576 1572 auxilia

634 1579 849 1630 postulans.
906 1581 1017 1620 venit
1056 1583 1194 1622 eodem
1232 1584 1338 1624 Asan
1373 1588 1487 1627 simili
1523 1590 1574 1629 de

634 1649 762 1685 causa,
781 1635 954 1677 barbaro
973 1645 1188 1691 utrumque
1204 1643 1467 1698 suspendente
1482 1660 1573 1698 spe-

631 1693 705 1731 bus
737 1693 918 1734 incertis:
954 1695 1023 1734 sed
1048 1697 1100 1736 ad
1119 1704 1344 1738 extremum
1369 1702 1572 1743 Lachanas

633 1764 654 1787 a
688 1750 797 1801 Noga
823 1751 927 1790 inter
959 1753 1096 1805 epulas
1125 1756 1350 1796 trucidatus
1383 1765 1452 1799 est.
1482 1774 1516 1800 c.
1543 1765 1570 1805 9

631 1812 670 1845 et
693 1809 758 1849 19.

684 1875 906 1928 Imperator
924 1879 1128 1931 suppliciis
1153 1881 1356 1922 atrocibus
1386 1883 1429 1924 in
1459 1884 1569 1925 schi-

628 1933 814 1972 smaticos
831 1936 970 1977 saevit.
1003 1950 1037 1978 c.
1058 1938 1115 1979 24
1137 1938 1187 1976 ad
1203 1943 1272 1982 27.

688 1999 798 2040 Alios
836 2008 1041 2053 praeterea
1079 2005 1162 2043 sine
1204 2020 1320 2046 causa
1364 2015 1568 2061 suspectos

627 2058 728 2096 male
756 2058 913 2098 multat.
970 2060 1012 2099 in
1049 2059 1111 2099 his
1141 2062 1399 2103 Pachomium
1431 2079 1567 2118 gram-

628 2114 837 2164 maticum,
864 2129 981 2166 quem
1007 2120 1208 2157 excaecari
1231 2120 1340 2160 iubet
1365 2122 1414 2160 ob
1433 2124 1566 2174 quod-

629 2171 721 2210 dam
742 2172 974 2212 vaticinium
995 2174 1045 2213 de
1063 2176 1147 2214 eius
1164 2177 1324 2217 nomine
1346 2179 1563 2232 vulgatum.

629 2241 663 2270 c.
684 2227 755 2271 24.

602 2315 1568 2337 Μ

94 2359 199 2401 1281
300 2361 328 2400 2
472 2364 528 2405 22
685 2362 871 2403 Redeunt
899 2364 953 2404 ad.
989 2365 1268 2419 imperatorem
1302 2372 1408 2411 missi
1437 2373 1486 2413 ab
1514 2387 1562 2415 eo

627 2419 740 2472 prius
761 2421 814 2460 ad
837 2420 1055 2463 Martinam
1083 2426 1310 2477 pontificem
1333 2428 1467 2481 legati,
1494 2445 1563 2470 re-

609 2477 798 2517 >ferentes
835 2491 877 2517 se
907 2480 1071 2531 pessime
1110 2486 1294 2535 exceptos
1326 2499 1348 2523 a
1375 2488 1560 2539 pontifice

628 2533 773 2574 offenso
793 2538 836 2574 in
857 2535 1107 2588 Michaelem,
1137 2541 1245 2591 quod
1266 2545 1464 2594 negotium
1484 2558 1560 2596 pa-

626 2591 681 2630 cis
699 2592 948 2633 ecclesiarum
974 2608 1057 2634 non
1082 2596 1187 2636 bona
1203 2598 1283 2637 fide
1304 2608 1560 2651 promoveret

625 2649 746 2688 verba
763 2649 859 2689 dare
889 2657 1111 2694 contentus.
1167 2655 1246 2694 suit
1273 2662 1312 2694 et
1338 2658 1411 2695 alia
1440 2671 1558 2697 causa

625 2719 706 2744 non
721 2714 940 2747 memorata
958 2709 1208 2761 Pachymeri,
1240 2713 1348 2764 quod
1373 2713 1556 2767 Michael,

623 2763 854 2804 conciliante
882 2765 1027 2806 Ioanne
1058 2768 1260 2821 Procyda,
1300 2770 1440 2809 foedus
1475 2772 1555 2810 ini-

621 2820 743 2860 visset
753 2835 845 2861 cum
862 2836 951 2875 rege
961 2823 1187 2877 Aragonum
1205 2833 1342 2865 contra
1355 2828 1555 2871 Carolum.

622 2890 740 2928 quam
780 2878 832 2919 ob
870 2893 1027 2921 causam
1067 2882 1275 2922 anathema
1307 2885 1489 2936 pontifex
1510 2886 1553 2925 in

1222 2941 1277 2983 50
