1884 3262
568 240 572 244 .
608 203 711 249 un.
730 203 770 251 1.
820 192 1190 251 etossuzum,
1463 242 1466 243 γ
1528 204 1628 251 591

108 330 111 331 ⁷
170 322 282 358 creta
307 321 346 355 et
373 316 462 355 luto
486 329 662 368 corpus,
691 329 775 356 non
803 322 936 355 autem
957 329 1008 355 ex
1031 329 1150 356 carne
1169 321 1396 356 concretum
1416 316 1631 359 habuisset.

169 373 331 413 invenio
351 373 557 412 allusionis
573 387 656 412 non
673 386 957 425 usquequaque
973 373 1163 412 absimilis
1181 374 1407 426 exemplum
1424 375 1532 427 apud
1551 375 1629 414 Eu-

170 429 359 468 stathium
388 427 471 484 (ad
489 430 602 470 Iliad.
627 446 640 471 ι
664 443 708 482 Ρ.
723 433 808 474 772
835 430 895 468 ed.
916 427 1058 482 Rom.)
1095 429 1362 482 explicantem
1388 431 1539 470 dictum
1567 432 1631 470 sa-

169 493 301 525 cetum
331 486 374 524 in
404 500 624 539 cauponem
651 486 720 538 qui
749 486 912 524 vaenale
934 486 1073 525 vinum
1100 485 1262 525 turbare
1283 487 1454 527 faecium
1471 487 1630 527 admix-

166 542 279 581 tione
305 542 448 581 solitus
472 543 628 582 audivit
656 556 679 580 a
708 542 902 594 quodam.
932 539 988 595 μή
1019 542 1126 583 ποίει
1151 540 1217 584 τὸν
1242 542 1365 583 Οἰνέα
1388 544 1550 596 Πηλέα,
1578 560 1629 584 ne

155 600 305 651 sacia-5
336 600 512 639 Oeneum
541 599 717 639 Peleum.
774 599 885 650 quod
909 605 956 637 ut
984 594 1230 652 εὕτραπέλως
1254 600 1363 637 salse
1389 600 1540 639 dictum
1569 601 1628 640 ibi

166 662 306 695 auctor
332 656 492 707 laudat,
523 656 581 694 sic
610 669 816 694 enarrans:
847 652 903 708 μή
923 656 1086 708 τρυγίαν
1111 658 1276 713 κυκῶν,α
1297 655 1442 711 καὶτῷ
1457 661 1625 712 κρητῆρι

165 728 438 780 παραμιγνυς,
467 709 681 779 μετάβαλλε
700 708 768 752 τόν
784 708 898 752 οἶνον
917 710 971 759 ως
989 711 1046 759 εἷς
1058 708 1210 764 πηλόν,
1242 706 1276 752 ai
1302 713 1416 753 δοκεῖ
1434 730 1624 766 παρωνο-

165 766 322 822 μασθαι
341 765 625 824 παιγνημόνως
653 767 678 810 o‘
693 765 867 820 Πηλεύς.
925 783 973 806 ne
978 768 1123 819 faeces
1143 754 1303 807 diluens·
1320 776 1357 806 et
1373 772 1520 807 crateri
1540 770 1623 808 ad-

164 827 333 864 miscens
356 833 474 864 muta
492 828 634 863 vinum
651 825 791 863 velut
775 839 816 862 m
833 824 990 863 lutum.-
1021 824 1184 863 ludicra
1204 827 1308 863 enim
1323 829 1622 877 paronomasia

163 881 325 921 videtur
348 882 465 920 verbo
491 881 632 921 Peleus
656 882 792 919 lutum
816 879 1032 921 indicasse.
1090 881 1190 920 haec
1218 882 1286 934 qui
1318 895 1400 920 non
1428 884 1621 935 probarit,

164 939 378 977 condoleat
405 938 623 978 infeliciter
651 937 905 989 conantibus,
935 944 975 976 et
1000 938 1189 989 meliora,
1217 938 1252 977 si
1268 938 1410 989 habet,
1438 946 1621 991 suggerat

159 1002 271 1046 grate
288 995 523 1048 accepturis.

272 1055 523 1092 πλατεῖαι
550 1046 875 1117 ἐκπωμάτων
902 1065 946 1104 p.
975 1050 1059 1095 453
1089 1053 1228 1093 v.12
1290 1052 1524 1102 quaerebam
1551 1051 1620 1091 hic

160 1107 260 1159 quid
289 1114 420 1146 essent
451 1103 695 1159 ἐκπωματων
720 1110 921 1157 πλατεῖαι,
951 1122 1046 1159 quas
1078 1121 1128 1146 ex
1150 1120 1237 1146 aene
1258 1108 1378 1146 fuisse
1398 1122 1492 1146 mox
1511 1108 1622 1146 indi.

162 1170 227 1202 cat
245 1170 379 1202 noster
394 1164 442 1202 de
457 1164 596 1202 iisdem
616 1165 759 1202 iterum
780 1178 896 1215 agens
912 1164 975 1203 his
995 1163 1147 1202 ve1bis:
1177 1167 1326 1216 χαλκοῖς
1346 1164 1501 1214 ἐκείνας
1518 1168 1622 1205 πλον

158 1221 264 1269 τείας
291 1217 504 1273 υποδοχᾶς.
564 1221 674 1258 solus
704 1220 916 1259 Vaticanus
946 1223 1092 1273 χαλκας
1122 1222 1294 1268 πίνακας
1321 1222 1520 1272 appellat,
1549 1222 1620 1260 sed.

157 1275 254 1315 huic
287 1277 385 1315 fides
410 1277 517 1330 apud
547 1290 610 1315 me
640 1276 800 1328 quidem
837 1277 988 1315 dudum
1015 1283 1144 1315 estex
1166 1291 1246 1328 quo
1276 1277 1453 1315 decoxit.
1512 1285 1620 1317 certe

157 1333 281 1381 πίναξ
310 1333 427 1371 nimis
456 1334 635 1384 generale
666 1333 907 1371 vocabulum
930 1340 1007 1382 est3
1036 1346 1164 1384 neque
1184 1334 1225 1371 in
1251 1333 1396 1371 tabulis
1415 1340 1484 1372 aut
1500 1334 1622 1373 lami-

156 1389 220 1428 nis
253 1389 611 1428 aereis'commode
638 1389 681 1428 id
700 1390 963 1440 frumentum
989 1396 1162 1439 coctum,
1203 1389 1388 1428 siveviam
1421 1391 1620 1441 molitum,

157 1446 264 1485 mola
293 1446 479 1485 videlicet
505 1446 622 1484 farris
647 1446 763 1495 tosti,
792 1452 837 1484 ut
867 1446 1018 1496 antiqui
1053 1445 1338 1497 loquebantur,
1376 1448 1460 1484 sive
1485 1447 1620 1496 granis

155 1502 319 1553 integris
362 1502 534 1541 naturali
573 1503 722 1550 forma,
766 1503 972 1540 commode
1002 1502 1148 1553 gestari
1176 1502 1325 1554 potuit.
1383 1516 1431 1541 ne
1461 1503 1619 1543 multis:

155 1557 256 1597 mihi
277 1565 427 1598 attente
450 1558 718 1597 consideranti
744 1557 853 1597 hunc
875 1560 1008 1597 locum
1034 1558 1218 1597 veniebat
1235 1559 1275 1596 in
1294 1566 1465 1598 mentem
1484 1559 1616 1600 ἔκπω-

154 1613 295 1668 μοῖτων
314 1616 500 1664 πλατείας
520 1621 560 1654 et
582 1615 770 1662 πλατείας
784 1612 991 1667 ὑποδοχάς
1019 1615 1099 1653 dici
1126 1614 1192 1653 hic
1216 1630 1239 1653 a
1258 1614 1496 1667 Pachymere
1519 1629 1614 1654 vasa

152 1672 349 1711 mensaria
376 1686 475 1724 quae
503 1678 728 1723 sottoeoppe
748 1671 857 1709 Italis
876 1671 996 1710 hodie
1014 1671 1225 1721 dicuntur3
1250 1685 1420 1722 quorum
1438 1678 1496 1710 est
1516 1686 1612 1710 usus

152 1727 198 1766 in
224 1728 385 1780 scyphis
408 1728 669 1780 porrigendis.
725 1727 873 1766 habent
895 1742 940 1766 ea
967 1741 1136 1779 superne
1155 1727 1404 1767 latitudinem
1424 1742 1612 1780 capacem

152 1784 397 1837 scyphorum
413 1785 532 1823 simul
549 1785 765 1824 multorum
795 1785 925 1838 (unde
945 1788 1124 1825 πλατεῖαι
1142 1781 1387 1836 ἐκπωμάτων
1407 1791 1517 1824 recte
1535 1799 1610 1824 vo-

152 1843 336 1892 centur),
364 1841 475 1880 labro
502 1855 575 1894 per
604 1841 815 1880 circuitum
841 1842 892 1880 ad
915 1841 1087 1892 aliquam
1106 1841 1356 1880 latitudinem
1377 1842 1608 1894 resupinato

152 1905 404 1947 coronatam,
432 1898 666 1936 innitentem
691 1897 784 1950 pedi
806 1897 1013 1950 supposito
1035 1898 1231 1946 rotundo,
1262 1898 1333 1949 qui
1350 1904 1390 1937 et
1408 1899 1607 1938 manubrii

150 1967 269 1992 usum
289 1961 462 2006 praestat
483 1954 725 1993 ministranti
741 1954 966 2006 pincernae.
1022 1955 1106 1993 eius
1127 1956 1276 1993 formae
1296 1955 1451 2004 lances,
1479 1962 1549 1994 aut
1573 1955 1608 1994 si

151 2010 282 2050 dicere
303 2011 444 2060 liceat,
474 2010 704 2063 capedines,
732 2018 939 2062 argenteae
964 2011 1046 2050 sere
1070 2011 1191 2050 hodie
1207 2011 1395 2050 visuntur
1409 2012 1452 2050 in
1466 2026 1606 2064 proce-
1629 2013 1659 2048 P
1680 2013 1749 2049 409

149 2080 242 2105 rum
270 2067 482 2107 conviviis:
511 2067 711 2106 tenuiores
740 2067 928 2106 fictilibus
959 2074 1141 2106 utuntur.
1198 2074 1324 2105 aetate
1353 2067 1609 2119 Pachymeris

150 2123 327 2161 nondum
360 2124 547 2162 Peruanis
578 2124 702 2162 ditata
721 2124 890 2162 metallis
911 2138 1045 2162 aereae
1064 2122 1363 2162 increbuerant:
1392 2124 1459 2162 sed
1479 2130 1608 2163 mate-

150 2178 234 2217 riae
266 2179 400 2217 vilitas
428 2186 615 2218 encausto
641 2180 818 2231 picturae
839 2182 972 2218 variae
991 2181 1144 2218 fructus
1169 2179 1416 2218 autumnales
1437 2181 1608 2219 assimu-

149 2235 270 2274 lantis
302 2236 526 2285 tegebatur,
562 2242 608 2274 ut
633 2236 749 2274 docet
774 2236 852 2274 hoc
881 2236 972 2275 loco
998 2242 1144 2275 noster.
1200 2236 1335 2285 negari
1360 2250 1443 2274 non
1472 2243 1608 2289 potest

151 2291 249 2341 quin
277 2292 553 2342 percommoda
581 2293 702 2330 fuerit
720 2293 945 2331 istiusmodi
963 2292 1068 2331 vasis
1091 2294 1217 2331 forma
1234 2292 1284 2330 ad
1298 2293 1399 2331 *istas
1423 2294 1606 2345 eulogias

139 2348 348 2399 frumenti
363 2349 463 2385 cocti
481 2353 565 2386 tum
585 2348 727 2387 decore
744 2349 1011 2387 admovendas
1032 2348 1122 2397 aris,
1153 2354 1239 2386 tum
1255 2348 1349 2387 inde
1367 2355 1461 2402 post
1474 2364 1605 2389 sacer-

150 2403 255 2442 dotis
282 2403 596 2442 benedictionem
628 2405 893 2456 deportandas
920 2405 961 2443 in
986 2405 1124 2443 domos
1151 2411 1263 2455 tuto,
1292 2405 1522 2456 latitudine,
1551 2421 1603 2446 ex

150 2472 228 2511 qua
253 2462 433 2500 πλατεῖαι
457 2460 667 2509 dicuntur,
696 2462 899 2513 paulisper
921 2474 1113 2509 concava,
1143 2467 1183 2499 et
1201 2465 1357 2514 capacis
1376 2463 1603 2501 rotundita-

149 2516 221 2563 tis,
252 2515 368 2554 facile
392 2516 623 2555 admittente
649 2517 851 2555 materiam
877 2517 1019 2568 talem,
1046 2523 1085 2555 et
1103 2532 1125 2555 a
1145 2518 1261 2570 lapsu
1279 2518 1514 2571 prohibente
1532 2520 1600 2557 be-

148 2572 290 2611 neficio
314 2572 412 2611 editi
432 2572 583 2610 circum
605 2573 814 2623 marginis,
842 2573 952 2613 illius
983 2587 1124 2626 nempe
1143 2574 1192 2613 de
1209 2588 1285 2626 qua
1305 2575 1412 2625 dixi,
1441 2575 1598 2613 modice

146 2629 336 2668 1eductae
363 2635 422 2667 et
434 2629 510 2667 alte
532 2643 603 2680 per
627 2629 836 2667 circuitum
855 2630 1027 2669 extantia
1041 2630 1241 2673 loriculae.
1298 2645 1415 2670 voces
1436 2645 1596 2683 quoque

146 2690 234 2723 tum
263 2681 505 2744 ἐκπωματων
526 2692 612 2724 tum
638 2682 819 2737 ὐποδοχή
845 2687 1044 2752 aptissime
1072 2686 1112 2726 in
1145 2693 1321 2726 nostiam
1358 2688 1594 2727 sententiam

147 2741 344 2780 accidunt.
401 2741 579 2780 indicant
609 2741 711 2780 enim
747 2755 863 2781 usum
894 2743 1009 2782 istius
1034 2744 1137 2782 vasis
1162 2757 1209 2782 eo
1234 2744 1330 2782 sacti
1358 2750 1404 2782 ut
1434 2745 1592 2796 pocula,

146 2793 378 2849 ε’κττωματα,
407 2798 596 2850 imposita
620 2797 840 2850 exciperet,
866 2799 921 2838 sic
951 2799 1148 2839 offerenda
1177 2800 1357 2839 convivis
1380 2814 1500 2839 manu
1517 2815 1594 2866 po-

146 2853 347 2893 cillatoris.
387 2868 525 2908 porro
551 2857 730 2897 πλατεῖαι
758 2855 947 2896 videntur
972 2855 1218 2899 substantive
1249 2856 1342 2897 dici.
1398 2857 1476 2895 nisi
1502 2858 1592 2910 quis
