1846 3262
468 207 544 251 DE
578 207 857 252 MICHAELE
890 210 1269 256 PALAEOLOGO
1305 212 1353 257 L.
1387 211 1425 259 Ῑ.
1613 213 1679 261 69

200 318 383 364 ἆεννᾶων
397 326 597 375 ποταμῶν
620 320 872 380 πλημμύρας
889 322 937 366 τὸ
960 323 1177 377 βασιλικόν
1196 324 1322 378 ἕλεος,
1359 325 1408 369 τό
1429 325 1571 370 λοιπὸν
1591 332 1675 372 τῶν

194 388 422 445 χρημάτων
449 398 536 442 τοῖς
567 394 764 447 ταμιείοις
792 390 1156 450 ἐντεθησαύριστο.
1228 394 1276 438 τὸ
1315 393 1395 451 γὰρ
1428 396 1491 438 ἐπὶ
1526 394 1672 454 Κύρου

197 460 266 500 καὶ
283 461 466 515 Δαρείου
485 460 532 504 τὸ
554 459 680 504 πάλαι
702 458 918 516 λεγόμενον
945 461 1017 503 ἐπ’
1035 463 1199 512 ἐκείνοις
1222 463 1414 518 ἄντικρυς
1434 459 1507 520 ἦν,
1553 468 1622 509 καὶ
1645 465 1667 510 ὅ
1694 469 1724 504 C

196 528 271 581 μὲν
284 527 476 585 Ἰωάννης
494 531 632 586 πατὴρ
641 531 857 584 Ῥωμαίων
866 563 880 583 ,
916 527 939 573 ὅ
960 532 986 573 δ
992 529 1005 545 ²
1026 526 1080 573 αὖ
1104 530 1321 589 Θεόδωρος
1339 532 1540 590 δεσπότης
1560 536 1669 579 ἐπω-

161 595 435 651 διιομᾶζοντο.
506 601 562 649 εἷς
591 598 715 643 τόσον
741 600 809 642 καὶ
836 598 915 656 γὰρ
948 597 971 642 ὅ
997 600 1072 654 μὲν
1107 595 1298 655 Ἰωάννης
1325 608 1669 658 προμηθευτικῶς

191 674 282 716 τοῖς
302 665 455 710 ἅπασιν
478 666 604 723 εἶχεν,
643 667 747 711 ὥστε
769 669 836 711 καὶ
858 669 968 711 ἰδίαν
990 666 1188 726 πρόνοιαν
1217 674 1292 725 τῆς
1309 674 1526 728 βασιλικῆς
1548 673 1666 723 ἐξου-

189 737 288 786 σίας
320 737 373 779 τὰ
406 734 600 791 λεγόμενα
635 738 895 793 ζευγηλατεΐα
916 735 1140 793 ἡγούμενος
1160 737 1264 795 παρ’
1284 739 1463 794 ιἕκαστον
1485 738 1665 799 κάστρον

191 797 258 847 καὶ
284 803 483 862 φρούριον
501 803 642 861 κώμας
660 807 725 849 ἐπὶ
744 804 908 857 τούτοις
926 808 1135 863 καθίστη,
1167 807 1238 863 ἐφ’
1258 801 1368 866 ᾧπερ
1396 810 1440 851 ἐκ
1469 814 1545 865 τῆς
1564 811 1663 854 ἐκεί-

189 891 272 918 νων
291 875 534 929 ἐπικαρπίας
566 876 634 918 καὶ
663 878 861 933 εἰσφορᾶς
884 883 1119 932 σιταρκοῖτο
1149 876 1226 930 μὲν
1248 878 1316 918 καὶ
1347 876 1395 921 τὸ
1418 881 1665 935 παρακείμε-

135 953 261 987 1ονον
284 941 505 1001 φρούριον,
544 943 628 999 ἔχοι
658 945 706 988 δέ
730 962 774 1001 γε
802 947 870 988 καὶ
888 943 911 989 ὅ
943 950 1108 1002 κρατῶν
1137 945 1329 989 ἐντεῦθεν
1342 948 1563 1003 πολλοῖςῆ
1592 950 1658 991 καὶ
1682 955 1713 992 D

187 1016 312 1055 πᾶσιν
333 1014 535 1063 ἐξαντλεῖν
557 1013 632 1064 τὰς
661 1018 736 1070 τῆς
767 1013 995 1070 εὐεργεσίας
1021 1013 1202 1072 ἀμάρας,
1274 1013 1295 1058 ὂ
1315 1015 1365 1058 δέ
1378 1033 1420 1071 γε
1443 1014 1663 1075 Θεόδωρος

187 1083 223 1124 εἰ
242 1083 309 1123 καὶ
333 1080 660 1140 δραστικώτερον
679 1082 935 1140 ἐχρυσολόγει
958 1084 1002 1127 ἐκ
1026 1088 1171 1128 κοινῶν
1190 1081 1447 1138 συνδόσεων,
1484 1085 1581 1128 ἀλλ’
1606 1089 1663 1136 εἷς

183 1149 234 1193 τὸ
265 1149 576 1194 πολλαπλάσιον
610 1153 790 1203 ἐξεκένου
823 1151 988 1209 γνώμης
1019 1151 1243 1209 ἁπλότητι,
1280 1154 1324 1204 ἐξ
1347 1147 1403 1196 ὧν
1424 1152 1661 1208 ἅμπιότιδὲς

185 1236 292 1270 τινες
320 1221 387 1263 καὶ
415 1218 638 1277 χαρῦβδεις
670 1220 727 1272 ὥς
756 1224 842 1265 ἐκεῖ
852 1227 927 1277 τῆς
942 1220 1163 1278 θαλάσσης
1184 1225 1372 1266 ἐνταῦθα
1393 1227 1478 1266 τῶν
1490 1222 1659 1280 χρημά-

129 1298 172 1335 15
185 1306 269 1332 των
299 1290 552 1332 ἐδείκνυντο·
599 1290 647 1333 τὸ
676 1291 756 1347 γὰρ
785 1289 1090 1349 ἀφαιρούμενον
1119 1293 1345 1349 ἐπληροῦτο
1367 1290 1488 1335 πάλιν
1516 1294 1560 1335 ἐκ
1582 1297 1657 1337 τοῦ

183 1357 363 1417 ῥαδίως,
401 1360 468 1402 καὶ
497 1354 548 1414 ἦν
575 1357 601 1414 ἢ
630 1364 706 1403 τοῦ
735 1359 854 1411 ὄντος
882 1361 1098 1419 ἀφαίρεσις
1125 1365 1202 1404 τοῦ
1229 1361 1548 1417 προσγινομένου
1566 1369 1652 1412 τοῖς
1675 1375 1707 1410 E:

176 1427 446 1484 ἀφαιρεθεῖσι
475 1426 703 1484 πρόσθεσις
730 1431 902 1482 πλείων,
939 1428 1114 1473 ἑκάστου
1142 1436 1257 1485 μεῖον
1282 1431 1358 1483 μὲν
1389 1428 1656 1481 συνδιδόντος

182 1495 250 1538 διὰ
275 1497 350 1551 τὴν
381 1496 519 1552 κοινὴν
549 1497 761 1553 εἴσπραξιν
770 1532 784 1551 ,
806 1498 938 1544 ,πλέον
960 1498 1004 1542 δ’
1041 1498 1205 1553 ἔχοντος
1228 1493 1353 1555 οῦπερ
1379 1496 1589 1557 ἀφῄρηται
1609 1500 1654 1543 ἐκ

180 1569 257 1608 τοῦ
288 1562 449 1615 πάντας
477 1566 520 1609 ἐκ
550 1567 755 1621 βασιλέως
784 1567 908 1623 ἔχειν,
946 1567 1170 1611 κάντεῦθεν
1195 1569 1263 1611 καὶ
1284 1568 1535 1625 ἐπιχορηγεῖν
1551 1567 1650 1612 ὅτου

121 1632 315 1678 Ξοδέοιτό
343 1652 406 1685 τις
434 1636 479 1677 ἐκ
510 1640 588 1678 τοῦ
617 1637 857 1693 προχείρου,
901 1636 979 1680 κᾶν
1003 1641 1065 1696 τῷ
1089 1634 1247 1680 διδόναι
1274 1640 1433 1690 μᾶλλον
1451 1636 1649 1694 χαίρεινῆ

175 1707 236 1763 τῷ
253 1701 491 1759 λαμβάνειν.
561 1706 630 1747 καὶ
657 1708 700 1749 τί
723 1705 801 1763 γὰρ
823 1704 845 1749 ὃ
867 1710 942 1750 τοῦ
960 1710 1152 1764 Χριστοῦ
1183 1703 1310 1761 νόμος
1326 1705 1427 1749 ἄλλο
1452 1704 1649 1760 βούλεται

171 1859 256 1882 vero
290 1846 367 1882 istis
404 1850 586 1893 supererat
623 1847 814 1895 sumptibus
829 1874 842 1892 ,
888 1848 1007 1884 sedulo
1036 1849 1312 1884 conservabatur.
1358 1848 1449 1894 quod
1483 1848 1571 1883 enim
1601 1849 1646 1884 de

174 1894 268 1938 Cyro
299 1893 472 1940 Darioque
501 1894 698 1937 dicebatur,
730 1895 825 1929 hisce
859 1907 995 1942 quoque
1016 1896 1150 1930 omniuo
1173 1896 1396 1930 conveniebat
1420 1894 1645 1941 principibus.

170 1952 213 1975 ac
235 1940 383 1975 Ioannes
412 1941 547 1986 quidem
580 1941 808 1976 Romanorum
839 1945 955 1987 pater,
986 1942 1189 1977 Theodorus
1212 1953 1296 1976 vero
1320 1941 1471 1976 dominus
1492 1942 1643 1976 vocaba-

169 1991 239 2021 tur.
287 1991 358 2020 tam
386 1987 529 2033 provida
555 1999 701 2033 namque
731 1999 815 2022 cura
844 1988 990 2024 Ioannes
1020 1988 1158 2034 quidem
1193 1993 1316 2022 cuncta
1345 1988 1579 2032 gubernabat,
1604 1990 1643 2022 ut

168 2044 234 2067 nec
259 2033 431 2077 indignum
454 2033 549 2078 regio
570 2035 709 2079 fastigio
732 2034 875 2069 duceret
893 2035 938 2070 ad
961 2036 1231 2081 procurationem
1254 2035 1408 2069 humilem
1431 2033 1642 2068 descendere

168 2079 387 2113 instrumenti
409 2079 512 2114 etiam
535 2080 656 2115 rustici
691 2092 733 2115 ac
765 2080 987 2116 iumentorum
1024 2081 1068 2115 ad
1099 2081 1331 2126 agriculturae
1356 2079 1562 2122 ministeria,
1585 2079 1641 2115 vel

164 2130 286 2160 aratra
308 2126 363 2159 vel
384 2137 526 2161 sarraca
548 2126 775 2169 trahentium3
800 2127 893 2162 cuius
916 2127 1052 2173 generis
1077 2127 1270 2174 provisores
1293 2138 1335 2162 ac
1358 2127 1553 2172 praefectos
1576 2137 1640 2171 per

168 2177 283 2206 castra
304 2172 440 2217 singula
463 2173 706 2217 constituerat,
730 2173 906 2208 attributis
930 2174 1053 2220 cuique
1077 2173 1147 2208 arci
1170 2173 1312 2218 eiusque
1334 2171 1506 2219 praesidio
1531 2171 1637 2206 certis

166 2218 286 2264 pagis,
307 2219 398 2252 unde
418 2219 621 2254 sufficientis
643 2231 797 2254 annonae
819 2220 920 2267 copia
941 2232 1008 2255 non
1029 2221 1135 2255 solum
1158 2219 1319 2254 militibus
1338 2222 1551 2263 suppeteret,
1574 2217 1637 2252 sed

166 2275 209 2298 ex
235 2265 422 2298 abundanti
461 2266 563 2300 etiam
592 2266 671 2300 inde
706 2265 867 2313 princeps
897 2267 1041 2301 haberet
1062 2265 1153 2312 quod
1184 2266 1280 2310 larga
1303 2265 1337 2299 in
1360 2265 1482 2298 multos
1504 2263 1635 2298 benefi-

165 2310 277 2344 centia
300 2310 533 2356 profunderet.
578 2312 782 2347 Theodorus
813 2324 917 2359 porro
940 2313 1007 2348 etsi
1040 2311 1213 2347 efficacior
1234 2311 1271 2345 in
1294 2322 1378 2345 auro
1401 2322 1444 2345 ex
1468 2309 1635 2346 communi

165 2357 346 2391 collatione
377 2358 636 2402 congregando,
672 2362 786 2392 tamen
818 2359 908 2394 idem
940 2364 1016 2394 erat
1046 2370 1130 2405 prae
1154 2357 1374 2403 simplicitate
1396 2357 1518 2391 mentis
1543 2355 1633 2390 haud

165 2403 250 2438 satis
273 2406 395 2437 cautae
421 2403 456 2437 in
480 2404 596 2438 eodem
620 2405 763 2451 prodige
785 2405 1012 2450 dispergendo
1036 2404 1225 2450 profusior,
1259 2407 1298 2437 ut
1320 2404 1413 2448 quod
1441 2403 1478 2437 in
1500 2403 1630 2437 mariti-

161 2451 227 2484 mis
249 2450 401 2484 aestibus
424 2450 630 2495 Euriporum
655 2462 695 2485 ac
722 2451 963 2496 Charybdum,
984 2451 1042 2486 hic
1064 2462 1200 2497 quoque
1222 2450 1368 2496 quadam
1385 2449 1520 2483 alterna
1542 2448 1629 2483 reci-

161 2496 362 2542 procatione
385 2495 566 2530 effluentis
582 2496 827 2543 refluentisque
856 2497 1023 2543 pecuniae
1045 2500 1262 2539 cerneretur,
1295 2496 1448 2530 exhausti
1472 2507 1536 2541 per
1557 2495 1629 2529 lar-

160 2543 306 2587 gitiones
319 2542 445 2576 aerarii
461 2543 590 2577 damnis
608 2543 702 2578 facili
720 2555 797 2578 mox
812 2543 1051 2589 corrogatione
1068 2542 1242 2590 repositis,
1264 2543 1364 2576 immo
1387 2542 1476 2588 quod
1499 2553 1627 2586 expen-

159 2600 235 2623 sum
268 2593 346 2624 erat
378 2589 607 2624 abundantius
639 2590 806 2624 redeunte
843 2601 907 2636 per
948 2590 1098 2624 modicas
1137 2588 1220 2623 licet
1251 2588 1411 2633 singulis,
1454 2595 1625 2622 caeterum

159 2638 306 2680 propter
336 2635 585 2669 multitudinem
614 2636 858 2670 conferentium
884 2636 922 2671 in
954 2647 1100 2670 summas
1131 2636 1190 2670 vel
1229 2636 1392 2670 maximas
1422 2633 1626 2669 excedentes

160 2681 429 2716 contributiones
451 2682 685 2725 subditorum3
714 2693 779 2716 nec
807 2682 886 2717 inde
917 2683 1083 2722 exhausta
1106 2682 1241 2728 privata
1262 2691 1548 2727 quorumcumque
1569 2679 1625 2714 fa-

159 2727 307 2770 cultate,
329 2728 451 2773 utique
479 2740 580 2774 quam
609 2729 681 2763 late
713 2729 756 2763 ad
788 2739 903 2764 omnes
927 2734 1165 2774 promanantes
1194 2731 1233 2770 etr
1251 2728 1348 2762 varie
1369 2728 1403 2761 in
1425 2727 1559 2760 domum
1583 2737 1624 2759 ac

157 2774 328 2808 fortunam
359 2785 528 2820 quamque
561 2775 704 2821 perenni
736 2775 880 2821 quodam
903 2786 1006 2810 cursu
1036 2774 1248 2821 profluentes
1272 2773 1469 2819 principalis
1491 2772 1623 2806 benefi-

159 2819 293 2854 centiae
316 2820 448 2855 alerent
471 2821 582 2855 rivuli.
628 2827 787 2867 prompta
809 2821 938 2868 quippe
960 2827 1100 2868 praesto
1123 2821 1245 2855 aderat
1270 2820 1415 2855 omnium
1437 2818 1624 2853 necessita-

156 2865 250 2900 tibus
270 2867 367 2912 larga
390 2866 584 2913 benignitas
605 2867 768 2914 principis
791 2868 953 2904 libentius
976 2868 1156 2917 tribuentis
1178 2878 1279 2914 quam
1308 2865 1507 2912 acciperet:
1542 2863 1624 2911 quid
