1846 3262
392 198 469 241 DE
503 195 782 240 MICHAELE
815 191 1194 239 PALAEOLOGO
1228 192 1277 235 L.
1311 190 1348 235 I.
1540 185 1603 234 41

130 313 256 371 μέγαν
279 313 467 357 κίνδυνον
483 307 753 369 ὕφορῶμενος
762 343 776 364 ,
812 307 915 366 ἴγνω
933 308 1100 359 συνετὸς
1119 306 1176 352 ὢν
1195 307 1318 368 πείρᾳ
1335 305 1385 350 τὸ
1405 300 1608 362 στράτευ-

129 402 191 440 μα
211 379 454 437 δοκιμάσαι,
490 380 578 436 ἅμα
599 381 645 424 δὲ
664 381 732 424 καὶ
752 378 850 429 τούς
868 382 1116 435 μεγιστᾶνας
1132 377 1329 434 γνωρίσαι
1350 374 1463 426 ὅπως
1482 374 1610 430 ἔχοιεν

132 453 270 512 ἐκείνῳ
299 451 547 504 διαθέσεως,
585 449 720 494 πολλὰ
748 445 948 505 πρότερον
974 445 1185 503 ὗποταγῆς
1205 448 1272 489 καὶ
1289 446 1478 495 δουλείας
1495 441 1603 498 σῦμ-
1627 448 1661 483 Ε

131 526 241 577 βολα
259 521 364 576 πρὸς
382 519 455 564 τὸν
477 517 660 578 ἀφήλικα
679 515 880 570 δεσπότην
905 514 1151 568 σπουδάζων
1171 513 1232 566 οἷς
1251 516 1359 571 λε’γοι
1380 515 1448 557 καὶ
1474 510 1612 569 πράτ-

99 601 198 637 5τοι
224 591 520 634 ἐνδείκνυσθαι.
591 586 685 632 τότε
713 587 852 631 τοίνυν
883 582 1237 643 συγκαλεσιὶμενος
1270 583 1370 627 ὅσον
1397 579 1448 638 ἦν
1467 582 1516 626 τὸ
1536 586 1613 638 τῆς

130 660 346 718 γερουσίας
373 661 442 702 καὶ
474 657 573 702 ὅσον
602 661 676 701 τοῦ
704 656 915 712 βασιλείου
938 655 1080 713 γε’νους
1101 652 1200 697 ὅσον
1225 670 1268 696 τε
1291 657 1375 696 τῶν
1398 650 1611 710 ἀρχόντων

132 731 201 773 καὶ
221 728 318 773 ὅσον
334 733 410 785 τῆς
426 730 724 786 στρατιωτικῆς
743 723 919 779 τάξεως,
957 721 1176 781 παρόντων
1202 724 1326 766 ἐκεῖσε
1346 724 1413 765 καὶ
1431 726 1516 765 τῶν
1533 723 1610 764 τοῦ

131 796 386 855 προπάππου
405 801 481 841 τοῦ
499 795 702 851 βασιλέως
719 793 923 851 Λᾶσκαρι
943 793 1230 851 αὐταδίλφων,
1270 791 1315 842 ὃς
1330 791 1383 847 δὴ
1403 793 1469 834 καὶ
1489 784 1611 840 οὗτος
1633 802 1662 837 Ρ
1685 802 1730 837 23

131 868 180 911 τὸ
213 866 342 911 πάλαι
371 867 584 922 βασιλείας
614 865 824 922 διέπρεπεν
856 860 1082 918 διαδήματι
1111 863 1179 905 καὶ
1210 860 1262 904 τὰ
1290 865 1364 916 τῆς
1380 858 1611 915 Ῥωμαί’“δος

78 949 125 984 10
136 935 359 994 πράγματα
375 934 634 992 συγχυθέντα
654 932 711 985 ὥς
730 932 831 990 εἶχεν
853 932 1082 976 ἀνεκαλεῖτο
1096 965 1110 985 ,
1147 931 1244 975 οὐδὲ
1263 933 1432 986 τυφλῶν
1455 931 1610 972 ἐκεῖθεν

134 1003 324 1050 ἀπόντων
361 1003 410 1064 (ὅ
443 1002 815 1062 Στρατηγόπουλος
843 1002 888 1047 δ’
915 997 1030 1047 οὗτοι
1059 997 1167 1058 ἦσαν
1185 998 1295 1043 καὶὸ
1318 1001 1505 1055 Φιλῆς),
1541 999 1611 1041 καὶ

132 1074 290 1126 παντὸς
306 1073 435 1118 ἄλλου
454 1078 699 1131 μεγιστᾶνος
716 1076 1060 1130 συμπληροῦντος
1076 1071 1149 1114 τὸν
1166 1067 1380 1126 σύλλογον,
1404 1068 1473 1126 ἐφ’
1494 1065 1612 1124 ὗψη-

133 1148 210 1188 λοῦ
236 1141 365 1198 στάς,
414 1141 471 1195 ὥς
502 1142 554 1187 ἂν
587 1141 676 1200 ἅμα
704 1143 748 1187 οἵ
773 1159 818 1186 τε
851 1146 1009 1200 πρῶτοι
1038 1137 1225 1184 ἀκούοιεν
1255 1140 1323 1183 καὶ
1352 1139 1391 1183 οἱ
1418 1136 1609 1192 ῦστατοι,

132 1212 240 1271 ἔλεγε
258 1211 369 1259 τάδε.

79 1292 123 1329 15
275 1282 353 1329 16.
426 1285 457 1307 “
469 1281 531 1325 Τὸ
558 1282 634 1337 μὲν
662 1281 716 1326 τὰ
748 1278 926 1339 ἡμέτερα
968 1279 1152 1338 ἀρχῆθεν
1184 1277 1289 1336 πρὸς
1318 1276 1431 1333 ὖμᾶς
1461 1274 1612 1334 ἀρτίως
1633 1286 1665 1322 Β

134 1349 399 1405 συντάττειν,
446 1350 616 1408 εὐγενεῖς
652 1351 800 1407 ἄνδρες
831 1352 899 1394 καὶ
928 1348 1179 1406 σύντροφοι,
1226 1345 1442 1404 περιττόν,
1480 1344 1610 1400 οἶμαι,

136 1423 252 1464 δοκεῖ·
272 1422 341 1464 καὶ
369 1425 444 1464 τοῦ
474 1419 682 1477 παρόντος
711 1419 792 1472 ἔξω
818 1424 964 1476 καιροῦ
981 1433 991 1444 ·
1027 1415 1182 1474 ἀνάγκη
1201 1417 1280 1474 γὰρ
1304 1417 1446 1472 ἐπείγει
1477 1418 1614 1458 ταῦτα

134 1491 342 1547 παρέντας
371 1494 446 1533 τοῦ
472 1490 578 1533 κατὰ
599 1488 732 1539 πόδας
753 1490 950 1540 διεξιέναι.
1022 1488 1124 1537 τέως
1150 1489 1175 1529 δ
1182 1487 1195 1502 ²
1217 1482 1291 1530 οῦν
1308 1483 1437 1541 μόνον
1460 1484 1508 1528 οὐ
1522 1501 1613 1541 γεν-

135 1560 330 1616 νηθέντες
354 1560 398 1603 ἓν
427 1565 515 1610 τοῖς
540 1560 766 1613 βασιλείοις
788 1556 871 1602 ὑπὸ
896 1559 1020 1616 πατρὶ
1039 1555 1310 1616 ὑπηρετοῦντι
1331 1554 1503 1616 κάκείνῳ
1525 1559 1612 1603 τοῖς

225 1715 282 1751 18.
305 1715 378 1750 τοῦ
386 1714 401 1760 ]
423 1711 501 1752 voi?

134 1864 202 1900 que
222 1851 341 1888 tacitis
362 1851 614 1899 suspicionibus
637 1853 815 1888 multorum
838 1851 1016 1899 designari
1038 1863 1079 1888 se
1100 1864 1142 1888 ac
1163 1864 1257 1888 reum
1282 1851 1340 1897 agi
1362 1849 1519 1886 affectati
1543 1861 1608 1897 per

133 1899 248 1935 scelus
269 1899 432 1946 imperii,
462 1899 614 1945 indeque
637 1906 798 1945 qnantum
822 1911 884 1935 suo
915 1900 1022 1945 capiti
1045 1900 1231 1946 periculum
1254 1899 1491 1945 impenderet,
1523 1909 1606 1942 pru-

135 1946 260 1984 denter
282 1946 488 1988 aestimans‚
520 1947 669 1992 sapienti
693 1946 837 1982 consilio
869 1945 1025 1981 decrevit
1046 1946 1313 1993 experimentum
1338 1956 1463 1990 capere
1484 1944 1608 1978 volun-

134 1993 220 2028 tatis
243 1992 416 2038 studiique
438 1992 579 2027 militum
603 2004 688 2038 erga
711 2004 769 2035 se,
791 1992 1042 2039 explorareque
1065 1993 1344 2040 quemadmodum
1367 1991 1402 2025 in
1425 2002 1463 2025 se
1486 1989 1607 2024 affecti

135 2039 320 2085 optimates
342 2043 470 2076 esseut.
515 2039 625 2085 igitur
647 2040 760 2074 multis
784 2039 880 2085 prius
902 2039 1111 2074 documentis
1134 2039 1246 2085 palam
1271 2037 1433 2084 exquisiti
1457 2037 1607 2072 affectus

136 2085 219 2120 fidei
244 2097 286 2120 ac
307 2085 541 2121 venerationis
565 2097 650 2131 erga.
671 2086 881 2131 impuberem
904 2087 1093 2132 Augustum
1117 2086 1221 2120 editis
1242 2085 1335 2119 dicto
1355 2085 1537 2129 factoque,
1561 2094 1607 2117 ex

137 2132 264 2177 quibus
296 2143 412 2166 omnes
445 2132 682 2177 intelligerent
713 2144 751 2166 se
782 2133 827 2167 ab
861 2133 951 2167 omui
973 2132 1186 2177 cogitatione
1207 2131 1392 2166 insidiandi
1415 2130 1522 2176 capiti
1546 2133 1608 2163 aut

136 2178 309 2213 maiestati
340 2178 415 2212 eius
446 2190 523 2213 esse
546 2190 644 2225 quam
668 2178 927 2221 alienissimum,
965 2180 1170 2214 convocavit
1192 2182 1362 2224 quotquot
1383 2177 1528 2212 aderant
1549 2187 1609 2210 se-

136 2229 279 2259 natores
302 2224 547 2270 principesque
568 2226 746 2260 universos
769 2226 859 2271 regii
883 2225 1068 2271 sanguinis,
1092 2232 1323 2271 quantumque
1338 2223 1609 2268 magistratuum,

136 2277 300 2316 quantum
325 2282 368 2304 ex
391 2271 532 2305 militari
554 2272 674 2307 ordine
698 2271 775 2317 cogi
799 2284 843 2306 ex
867 2273 1061 2318 propinquo
1086 2271 1210 2318 potuit.
1257 2275 1490 2305 convenerunt
1521 2280 1609 2312 quo-

137 2329 206 2362 que
233 2316 268 2350 in
300 2328 375 2351 eum
408 2322 543 2352 coetum
572 2319 702 2353 fratres
735 2319 857 2364 proavi
890 2318 1129 2364 imperatoris,
1162 2318 1346 2358 Lascaris,
1381 2316 1508 2361 quiet
1531 2315 1609 2361 ipse

137 2363 216 2398 olim
247 2374 403 2408 magnam
434 2363 500 2397 sibi
530 2364 665 2399 laudem
698 2364 836 2410 peperit
869 2364 1006 2410 imperii
1040 2365 1217 2410 praeclare
1250 2362 1502 2403 administrati,
1535 2373 1608 2396 rem

137 2409 325 2444 Romanam
362 2420 406 2443 ex
441 2410 576 2444 afflicta
599 2415 636 2445 et
658 2418 752 2446 retro
777 2411 875 2456 lapsa
898 2411 932 2445 in
955 2411 1063 2446 multo
1088 2411 1258 2445 meliorem
1280 2419 1447 2444 revocans
1469 2412 1610 2443 statum.

138 2467 183 2490 ne
205 2456 303 2490 caeci
326 2455 463 2501 quidem
495 2457 636 2491 absuere
660 2458 925 2503 Strategopulus
948 2461 984 2492 et
1006 2457 1147 2500 Philes,
1178 2456 1459 2492 concurrentibus
1482 2466 1544 2500 pro
1568 2466 1608 2489 se

137 2513 276 2548 quoque
307 2502 524 2547 magnatibus
555 2502 710 2538 similiter
741 2504 901 2539 caeteris.
947 2504 1069 2549 quibus
1100 2504 1235 2538 cunctis
1267 2513 1428 2538 consessu
1451 2501 1609 2547 specioso

138 2560 180 2583 ac
202 2549 391 2582 venerabili
414 2553 615 2584 conventum
639 2550 838 2585 ornantibus
861 2550 1025 2595 apparuit
1056 2555 1151 2585 stans
1172 2550 1210 2585 in
1231 2550 1307 2584 loco
1329 2547 1502 2595 superiori
1525 2559 1607 2593 pro-

138 2594 386 2638 tovestiarius,
414 2596 512 2636 ⁴unde
543 2596 698 2642 conspici
730 2596 863 2642 pariter
892 2597 936 2632 ab
967 2595 1121 2632 omnibus
1154 2602 1190 2631 et
1213 2608 1235 2631 a
1258 2597 1378 2642 primis
1407 2607 1475 2630 non
1499 2594 1607 2628 minus

139 2652 240 2687 quam
263 2642 307 2675 ab
330 2641 460 2676 ultimis
484 2641 596 2676 audiri
617 2647 758 2688 posset,
779 2643 962 2689 statimque
984 2643 1019 2678 in
1042 2643 1134 2678 hunc
1156 2644 1290 2678 modum
1314 2642 1409 2687 loqui
1432 2640 1558 2686 coepit.

232 2689 288 2723 16.
334 2687 438 2722 “Res
468 2693 606 2722 nostras
629 2701 651 2724 a
674 2688 848 2734 principio¹
865 2690 959 2735 apud
980 2700 1042 2724 vos
1064 2689 1232 2724 hodierna
1254 2689 1410 2724 oratione
1432 2692 1607 2732 repetere,

138 2732 207 2767 viri
230 2733 362 2768 nobiles
385 2734 546 2780 aequales
570 2741 606 2769 et
627 2735 764 2769 sodales
785 2735 862 2778 mei,
883 2736 1094 2782 superfluum
1117 2736 1240 2782 opinor
1261 2735 1440 2770 videretur
1461 2739 1498 2768 et
1521 2732 1608 2766 alie-

139 2790 217 2814 num
246 2780 290 2814 ab
320 2780 384 2814 hoc
410 2786 586 2827 tempore,
620 2793 687 2826 quo
711 2782 802 2816 aliud
828 2783 927 2817 nobis
949 2782 1113 2818 obiicitur
1135 2782 1366 2817 necessarium
1387 2779 1524 2814 dicendi
1547 2789 1609 2812 ar-

139 2830 351 2869 gumentum,
382 2826 442 2861 isti
465 2827 582 2873 utique
606 2829 904 2874 praevertendum.
950 2829 1064 2864 obiter
1085 2829 1191 2863 solum
1217 2829 1352 2863 iunuam
1375 2837 1437 2860 nos
1456 2831 1608 2860 tantum·

139 2882 208 2906 non
238 2872 276 2907 in
307 2872 436 2919 palatio
468 2874 605 2920 genitos
636 2886 658 2909 a
687 2881 809 2922 patre,
840 2875 993 2911 ministro
1016 2880 1054 2911 et
1074 2875 1150 2922 ipso
1172 2876 1434 2921 imperatorum,
1466 2873 1504 2907 iu
1527 2870 1607 2908 aula
