1884 3262
285 174 314 221 4
322 173 383 220 38
702 170 933 215 GEORGII
973 172 1318 217 PACHYMERIS

284 283 382 333 τοὺς
400 280 448 325 δέ
460 298 503 338 γε
522 279 769 331 καλέσαντας
789 279 830 333 ἔξ
848 278 1024 339 ἀνάγκης
1040 281 1320 342 ἀποφέρεσθαι
1339 286 1387 330 τὸ
1407 281 1543 343 ἦττον,
1575 283 1638 330 ὅτι
1657 289 1726 330 καὶ

288 351 493 401 ἀξιοῦντες
523 348 571 391 οὗ
601 349 948 405 προσεδέχθησαν.
1013 349 1156 408 γράφει
1181 356 1278 408 γοῦν
1297 356 1511 398 καὶταῦτα
1535 356 1576 398 ἔν
1596 354 1727 410 ἀπορ-

287 416 423 474 ρήτοις
444 421 502 474 τῷ
528 414 779 474 πατριάρχῃ,
811 422 952 472 πειρᾶν
984 417 1204 475 πρότερον,
1241 418 1327 463 εἶθ’
1353 420 1460 465 οὕτω
1481 424 1547 464 καὶ
1575 423 1726 479 ἐφιέναι

286 486 555 541 ψηφίζεσθαι.
623 482 649 539 ἦ
674 486 717 527 δὲ
736 492 854 541 πεῖρα
871 481 923 540 ἦν
945 486 1012 528 διὰ
1030 491 1102 529 τοῦ
1132 485 1433 544 συγγράφοντας
1453 487 1572 532 τάδε·
1607 484 1728 539 οὗτος

284 553 362 608 γὰρ
392 549 612 606 συνήθειαν
643 552 742 606 ἔχων
772 555 827 603 εἲς
856 554 1002 596 ἐκεῖνον
1027 553 1101 609 τὴν
1132 556 1320 611 μεγίστην
1347 558 1415 598 καὶ
1440 558 1502 598 ἐπὶ
1532 560 1583 613 τῇ
1611 558 1759 616 πείρᾳό

283 618 415 677 ταύτῃ
437 624 519 662 τῶν
538 618 674 662 ἄλλων
693 622 965 678 προυκρίνετο.
1036 620 1127 664 τότε
1155 626 1251 678 γοῦν
1281 623 1385 666 κατὰ
1404 623 1456 666 τὰ
1481 624 1522 666 ἔν
1543 622 1730 680 ἀπορρή-

239 688 270 722 C
293 704 379 738 τοις
405 686 676 740 ἐπεσταλμένα
706 688 780 742 μὲν
806 688 908 743 πρὸς
936 689 1107 742 βασιλέα
1131 694 1189 748 τῷ
1210 688 1440 748 πατριάρχῃ
1459 691 1730 745 ἐπεσταλμένα

286 757 332 798 δὲ
351 755 464 810 παρὰ
485 752 738 810 πατριάρχου
756 760 814 814 τῷ
833 763 1062 812 συγγραφεῖ
1064 789 1078 809 ,
1108 762 1260 814 φοιτῶν
1281 759 1414 818 ἐκείνῳ
1431 756 1645 814 συγχνάκις
1664 759 1732 800 καὶ

286 822 338 866 τὰ
367 825 456 878 περὶ
486 826 559 865 τοῦ
589 825 875 879 πατριαρχείου
904 822 1232 881 προτεινόμενος,
1279 826 1397 877 sida),-
1420 825 1478 880 μὴ
1508 823 1630 868 εἰδότι
1659 825 1731 869 τὸν

287 895 386 933 νοῦν
408 887 630 947 ἐθηρώμην
648 893 714 933 καὶ
732 892 806 947 τὴν
825 889 988 947 γνώμην
999 891 1246 948 ἐνεχύραζον,
1276 895 1347 936 καί
1357 893 1401 950 γ’
1425 891 1731 949 ἐπληροφόρουν
1742 901 1786 937 10

287 955 672 1015 πληροφορούμενος
695 957 750 1008 ὥς
768 961 932 1012 κληθεὶς
951 957 1189 1003 ὑπακούσειε
1208 962 1273 1004 καὶ
1292 962 1365 1016 τὴν
1386 963 1441 1010 εἷς
1462 960 1510 1003 τὸ
1531 977 1733 1016 πατριαρ·

285 1033 394 1081 χεΐον
417 1030 555 1080 κλῆσιν
570 1024 828 1081 προσήσεται.
897 1026 1029 1082 γέγονε
1051 1032 1206 1080 ταῦτα,
1243 1030 1310 1071 καὶ
1341 1027 1396 1079 ὥς
1420 1026 1646 1086 ὖποψηφίῳ
1669 1028 1734 1070 ἒν-

286 1098 433 1136 τεῦθεν
451 1091 780 1150 προσφερόμενος
810 1092 831 1136 ὅ
861 1099 1022 1150 κρατῶν
1052 1095 1104 1137 τοὶ
1133 1093 1271 1151 φιλικά
1297 1113 1340 1139 τε
1369 1095 1573 1139 ἐπέστελλε
1605 1097 1675 1137 καί
1691 1111 1733 1150 γε

238 1166 271 1201 D
293 1165 376 1205 τῶν
403 1160 629 1216 ἀναγκαίων
658 1161 761 1204 κατὰ
785 1161 939 1216 βουλὴν
965 1162 1155 1205 κοινωνὸν
1184 1164 1318 1207 ἐποίει.
1387 1161 1478 1206 τότε
1505 1164 1640 1205 τοίνυν
1660 1163 1735 1212 τὰς

290 1228 428 1272 αὐτῶν
447 1225 661 1282 δεξάμενος
679 1226 928 1282 συμβουλάς,
964 1231 1030 1271 καὶ
1050 1228 1128 1286 πρό
1149 1246 1190 1286 γε
1210 1229 1366 1274 τούτων
1383 1230 1458 1286 τὴν
1477 1234 1551 1283 τῆς
1570 1231 1734 1273 δεσποί-
1746 1236 1789 1272 15

291 1313 387 1352 νης,
422 1295 526 1352 ἔργῳ
548 1295 601 1337 τὰ
621 1301 693 1351 τῆς
711 1300 864 1351 βουλῆς
883 1294 1060 1351 ἐπλήρου
1073 1329 1086 1349 ,
1124 1299 1191 1339 καὶ
1210 1298 1378 1352 πέμψας
1396 1297 1481 1353 ἄγει
1502 1314 1543 1339 τε
1564 1299 1619 1346 εἷς
1637 1295 1735 1340 ἑαυ-

290 1364 363 1407 τὸν
391 1363 463 1406 τὸν
491 1360 682 1419 Ἰωάννην
707 1364 751 1407 ἐκ
779 1368 861 1406 τῶν
886 1364 991 1406 κατὰ
1019 1362 1287 1422 Σκάμανδρον
1318 1369 1512 1422 Τρωΐκῶν
1543 1365 1645 1423 (ἐκεῖ
1657 1364 1734 1421 γὰρ

291 1434 358 1475 καὶ
390 1431 464 1481 τὰς
492 1431 704 1488 διατριβὰς
737 1430 930 1484 ἐποιεῖτο,
972 1430 1186 1488 αὐτάρκως
1218 1437 1300 1476 τῶν
1331 1435 1387 1483 εἷς
1407 1431 1598 1489 πρόνοιαν
1615 1431 1735 1489 ἔχων)

293 1501 359 1542 καὶ
383 1501 742 1555 μετασχηματίσας
777 1499 964 1558 γαμβρὸν
996 1498 1126 1543 ἐκάλει
1171 1503 1238 1544 καὶ
1271 1501 1443 1556 βασιλέα
1474 1498 1733 1557 Βουλγάρων.

292 1640 564 1693 promovissent?
592 1639 646 1675 his
676 1641 718 1676 de
743 1640 853 1676 causis
875 1641 1012 1688 scripsit
1032 1643 1214 1690 imperator
1247 1653 1371 1679 arcano
1394 1642 1607 1688 patriarchae
1628 1640 1737 1676 videri

294 1699 315 1721 e
339 1698 377 1720 re
399 1687 493 1728 fore,
515 1686 545 1721 si
569 1686 762 1733 priusquam
784 1688 970 1724 destinatae
992 1690 1163 1724 electionis
1179 1689 1330 1724 monachi
1347 1688 1512 1733 Principis
1532 1689 1568 1722 in
1591 1687 1738 1733 patriar-

295 1732 391 1766 cham
412 1731 569 1766 indicium
592 1738 782 1775 emanaret,
814 1734 1077 1778 experimentum·
1097 1738 1236 1779 caperet
1262 1734 1334 1771 eius
1365 1733 1487 1778 animi,
1521 1738 1559 1767 et
1588 1734 1638 1767 sic
1659 1738 1738 1766 tan-

295 1779 367 1811 tum
389 1777 534 1822 perferri
563 1778 715 1811 faventia
743 1778 808 1824 ipsi
840 1779 1003 1824 suffragia
1034 1781 1264 1826 permitteret,
1293 1779 1322 1814 si
1354 1779 1467 1824 qualia
1486 1780 1611 1813 vellent
1631 1782 1668 1812 et
1693 1777 1738 1811 ad

296 1822 459 1856 ecclesiae
489 1833 603 1867 pacem
634 1823 834 1867 expediret,
865 1825 1031 1859 facturum
1064 1837 1137 1860 enm
1167 1829 1260 1862 certo
1291 1825 1508 1858 constitisset.
1551 1825 1616 1858 hoc
1637 1832 1738 1867 porro

296 1868 558 1912 experimentum
591 1878 652 1913 per
683 1868 881 1913 scriptorem
912 1869 1010 1904 huius
1041 1870 1200 1905 historiae
1231 1877 1363 1915 captum
1399 1874 1475 1903 est:
1517 1869 1547 1902 is
1577 1868 1665 1902 enim
1694 1877 1739 1901 ex

296 1913 396 1957 longo
426 1911 700 1946 familiarissimus
736 1913 883 1959 Principi
928 1915 970 1949 ad
1000 1916 1067 1949 ista
1099 1915 1326 1960 exploratione
1356 1915 1501 1948 fideliter
1529 1913 1741 1957 feliciterque

297 1958 500 2001 fungendum
521 1958 660 1991 idoneus
681 1968 765 2002 prae
784 1959 914 1993 cunctis
933 1964 986 1994 est
1007 1960 1185 1995 iudicatus.
1231 1959 1310 1994 huic
1329 1971 1410 2004 ergo
1429 1958 1623 2004 patriarcha
1643 1958 1742 1991 iuxta

298 2003 497 2038 sententiam
519 2014 662 2037 arcanae
683 2003 895 2049 imperatoris
916 2005 1077 2049 epistolae
1103 2017 1225 2039 arcana
1248 2005 1376 2050 scripto
1397 2006 1471 2050 ipse
1492 2015 1625 2049 quoque
1647 2014 1742 2037 mau-

299 2049 381 2082 data
402 2058 476 2081 cum
498 2047 662 2091 misisset,
690 2048 746 2082 ille
767 2059 829 2093 pro
853 2050 999 2084 amicitia
1027 2052 1162 2096 saepius
1185 2050 1301 2085 adiens
1323 2050 1512 2095 Principem
1535 2049 1742 2090 monachum,

300 2093 334 2128 ei
357 2094 515 2135 subinde,
538 2093 634 2139 quasi
655 2094 738 2128 ficta
759 2095 918 2129 sermonis
941 2107 1044 2130 causa
1067 2097 1275 2137 conditione,
1305 2096 1503 2130 mentionem
1525 2094 1741 2140 patriarcha-

303 2144 381 2181 tus,
403 2138 522 2184 ignaro
545 2138 624 2184 quid
649 2140 692 2172 de
713 2151 752 2173 se
774 2139 1003 2184 cogitaretur,
1034 2141 1142 2176 sciens
1175 2141 1250 2187 ipse
1271 2141 1319 2176 ita
1348 2141 1480 2182 intulit,
1509 2146 1548 2174 ut
1569 2145 1663 2173 certo
1681 2149 1743 2173 ex-

302 2184 494 2239 piscaretur
525 2184 765 2229 penitissimum
793 2186 865 2220 eius
895 2197 1026 2221 sensum
1056 2187 1179 2228 animi3
1207 2186 1266 2232 qui
1292 2198 1364 2220 cum
1399 2186 1476 2220 talis
1496 2190 1588 2219 esset
1609 2183 1741 2230 qualem

301 2233 486 2274 imperator
520 2234 557 2263 et
587 2229 781 2274 patriarcha
810 2231 1195 2277 Constantinopolitanus
1227 2233 1410 2277 optabant,
1444 2234 1479 2264 ct
1508 2230 1643 2275 utrique
1665 2240 1744 2274 per·

303 2285 426 2310 suasus
448 2274 540 2319 prius
561 2286 623 2318 ego
647 2275 886 2320 persuasiuem
905 2278 1016 2319 illum,
1037 2279 1065 2312 si
1080 2277 1273 2322 patriarcha
1292 2277 1531 2317 declararetur,
1553 2280 1744 2310 secuturum

304 2331 371 2354 non
393 2321 528 2354 invitum
550 2332 615 2365 quo
637 2322 680 2354 ab
703 2322 852 2366 Augusto
875 2327 911 2357 et
932 2322 1024 2357 urbis
1045 2323 1239 2368 patriarcha
1253 2322 1535 2357 consentientibus
1555 2323 1745 2362 vocaretur,

306 2364 391 2399 itum
414 2376 434 2399 a
457 2365 611 2409 patribus
633 2366 721 2405 nullo
742 2366 808 2401 iam
832 2368 988 2402 obstante
1008 2368 1043 2402 in
1065 2369 1229 2412 suffragia
1252 2371 1324 2409 est,
1347 2374 1383 2401 et
1405 2366 1671 2411 conspirantibus
1691 2364 1744 2399 le-

306 2410 422 2454 gitimo
444 2421 579 2444 numero
611 2411 748 2446 calculis
778 2411 846 2447 rite
875 2418 928 2448 est
949 2413 1069 2447 electio
1091 2414 1232 2459 perlata
1279 2413 1331 2448 his
1358 2413 1410 2447 ita
1439 2411 1545 2457 gestis
1564 2412 1744 2456 imperator

306 2455 500 2490 Theodosio
526 2455 577 2489 uti
607 2455 673 2490 iam
703 2457 810 2491 electo
843 2464 878 2492 et
911 2459 1084 2504 designato
1117 2458 1332 2504 patriarchae
1361 2458 1516 2492 honorem
1538 2458 1686 2496 habens,
1707 2460 1744 2489 et

309 2500 417 2535 amice
449 2499 597 2535 scribere
628 2505 663 2536 et
694 2504 935 2539 communicare
965 2505 1236 2539 deliberationem
1258 2504 1301 2538 de
1333 2504 1435 2538 rebus
1457 2502 1567 2546 magui
1588 2500 1632 2536 ad
1654 2511 1744 2534 rem-

306 2545 475 2592 publicam
498 2546 674 2589 momenti,
694 2547 730 2581 in
752 2559 820 2601 qua
841 2551 1060 2592 versabatur,
1083 2550 1220 2595 eiusque
1242 2560 1344 2594 super
1366 2549 1410 2582 iis
1433 2547 1603 2582 consilium
1626 2545 1745 2591 exqui-

309 2602 388 2626 rere
409 2591 529 2625 bonum
551 2591 643 2629 factu
666 2597 808 2628 censult.
853 2595 970 2629 horum
991 2600 1072 2630 tunc
1102 2606 1203 2641 porro
1237 2593 1408 2640 responsis
1437 2603 1499 2639 per
1524 2591 1633 2626 omnia
1664 2602 1745 2625 con-

310 2636 506 2681 gruentibus
529 2636 699 2680 acceptis,
732 2642 767 2671 et
790 2639 895 2683 ipsius
926 2641 960 2675 in
983 2641 1116 2685 primis,
1145 2651 1244 2686 quam
1270 2641 1351 2674 item
1372 2638 1599 2679 consuluerat,
1627 2637 1744 2680 Augu-

311 2686 406 2723 stae,
429 2680 598 2715 consilium
620 2681 655 2715 in
676 2693 745 2715 rem
771 2685 922 2720 contulit.
967 2686 1166 2720 accersitum
1188 2685 1275 2720 enim
1305 2697 1324 2719 e
1345 2683 1550 2718 Scamandro
1584 2686 1620 2717 et
1641 2681 1746 2716 Troi-

312 2727 361 2761 cis
384 2726 575 2770 regionibus
595 2726 776 2769 Ioannem,
807 2729 863 2762 ubi
893 2730 948 2764 ille
979 2732 1071 2776 prius
1098 2732 1307 2772 morabatur,
1337 2728 1527 2764 abundante
1546 2727 1610 2772 ipsi
1634 2739 1654 2762 e
1675 2725 1745 2761 suis

311 2772 361 2807 ibi
393 2771 542 2818 praediis
571 2771 615 2806 ad
643 2771 767 2806 victum
797 2774 987 2821 cultumque
1019 2775 1226 2822 splendidum
1255 2779 1440 2822 proventu,
1470 2776 1597 2809 mutato
1629 2771 1744 2808 habitu
