1884 3262
344 203 440 249 288
763 196 996 242 GEORGII
1028 195 1376 241 PACHYMERIS

341 313 510 368 πάσχοι,
554 313 619 353 καὶ
648 311 705 364 μὴ
733 308 859 365 μόνον
888 307 948 358 οἷς
976 307 1087 352 εἶπον
1106 309 1146 351 οἶ
1169 306 1423 359 κατειπόντες
1440 309 1553 364 ἠξίου
1573 309 1795 365 προσέχειν,

343 383 447 425 ἀλλὰ
475 381 541 422 καὶ
562 377 785 434 ἀντήκουον
806 378 856 420 ἂν
881 378 987 434 παρ’
1013 377 1141 420 αὐτοῦ
1166 378 1274 433 εἴπερ
1297 377 1491 433 ἀνέφερον
1515 377 1618 427 ὅλως
1641 395 1800 433 προση-

346 453 432 501 {lov
453 454 629 498 σκοπεῖν,
667 449 700 489 εἲ
718 447 775 501 μὴ
794 446 997 503 ἐπείχοντο
1018 447 1243 502 ἐμβριθιῦς,
1270 448 1304 488 εἶ
1323 445 1381 500 μὴ
1401 447 1467 487 καὶ
1485 445 1666 501 μεγάλως
1685 446 1800 500 ἠπει-

345 523 489 560 λοῦντο
532 513 778 567 κολάζεσθαι
818 516 922 571 πρὸς
957 518 1059 557 θεοῦ
1075 549 1085 568 ,
1137 515 1426 570 ἐπιχειροῦντες
1456 511 1572 563 ὅλως.
1645 516 1711 556 καὶ
1745 512 1801 563 ὠς

296 594 327 627 D
354 591 382 611 “
393 589 526 634 καλῶς
545 583 631 626 ἃν”
657 584 785 640 ἔλεγεν
817 581 1244 639 ((ἠρχιερατεύσαμεν,
1281 580 1408 639 φόνον
1427 586 1484 638 τῷ
1499 585 1662 635 βασιλεῖ’
1676 588 1833 625 συνυ-5

348 655 584 712 φαίνοντες,
623 653 667 694 οἳ
686 653 736 707 ὁὴ
762 654 827 694 καὶ
850 653 890 694 ἐν
910 653 1077 711 ἐσχατιᾷ
1094 649 1224 708 ταύτῃ
1247 650 1602 706 παραρριφθέντες
1622 649 1721 692 θεὸν
1748 651 1803 700 εἷς

348 722 472 765 καλὸν
492 724 737 777 ἐπειλῆφθαι
755 725 827 775 τῆς
845 721 991 763 ἐκείνου
1009 724 1145 774 ψυχῆς
1163 717 1402 772 ἱκετεύομεν,
1438 716 1513 760 κᾶν
1533 721 1678 767 ἐκεῖνος
1698 721 1803 775 λιμῷ

350 793 416 834 καὶ
447 791 557 843 δίψει
592 790 660 831 ἐπ’
693 791 860 846 ἐρημίας
891 787 946 838 ὥς
983 789 1225 837 καταδίκους
1260 785 1508 829 ἇπόλλυσι.”
1574 790 1706 829 ταῦτα
1736 788 1803 828 καὶ

348 858 520 902 τοιαῦθ’
544 858 659 913 ἕτερα
682 859 721 899 ἐν
745 855 870 914 ὀδύνῃ
890 861 1028 911 ψυχῆς
1045 858 1111 898 καὶ
1132 857 1270 914 πικρίᾳ
1294 852 1526 908 ἐξενεγκών,
1565 854 1617 896 τοὶ
1634 854 1708 908 μὲν
1726 853 1804 896 αὖ-

350 932 407 986 '‘z“
432 921 597 979 ’βασιλεῖ
623 926 675 968 τὰ
707 927 751 968 δὲ
782 927 848 967 καὶ
872 929 929 983 τῷ
950 927 989 975 ἐς
1010 925 1080 967 τὸν
1098 922 1253 980 θρόνον
1280 920 1528 966 καταστάντι
1550 923 1803 979 προσονειδί-
1817 930 1861 965 10

351 1013 451 1048 σας,
488 994 513 1049 ἢ
543 996 609 1036 καὶ
636 992 962 1047 ἐποικτισάμενος
991 997 1173 1047 μᾶλλον,
1212 992 1454 1045 ἀπέπεμπεν.
1525 989 1640 1045 ἦμεῖς
1667 991 1711 1033 δὲ
1738 991 1805 1033 καὶ

301 1076 332 1109 Ε
358 1060 482 1113 αὖθις
511 1067 585 1118 τῆς
611 1060 863 1116 ἐπελθούσης
902 1060 1057 1117 ἡμέρας
1084 1058 1407 1117 προσελθόντες,
1453 1060 1520 1102 καὶ
1553 1057 1649 1101 ὅσον
1675 1054 1726 1113 ἦν
1753 1058 1806 1100 τὰ

351 1133 701 1189 προσανακεᾲιενα
730 1130 1025 1182 ἐκτελέσαντες,
1063 1128 1338 1185 ἀφωρμοῦμεν
1368 1132 1442 1171 τοῦ
1463 1127 1621 1181 λιμένος
1642 1126 1802 1178 αὐτίκα,

353 1204 420 1243 καὶ
451 1204 524 1242 τοῦ
555 1199 704 1255 βορέου
737 1202 928 1254 λαμπροῦ
950 1199 1268 1250 καταβαίνοντος
1290 1196 1358 1238 διὰ
1376 1200 1458 1238 τῶν
1479 1195 1584 1238 κατὰ
1602 1193 1716 1237 δύσιν
1733 1198 1806 1249 τῆς

351 1267 476 1323 νήσου
503 1271 638 1324 μερῶν
668 1264 926 1322 ἀνεκτότερον
951 1263 1163 1320 ἡγούμεθα
1191 1264 1319 1307 πλέειν
1341 1263 1698 1318 ἐπισκεπτομένους
1721 1269 1805 1312 τοῖς
1819 1271 1860 1306 15

352 1337 498 1393 ὄρεσιν.
572 1334 676 1377 ἀλλὰ
695 1339 853 1388 μᾶλλον
874 1332 894 1376 ὁ
915 1333 1074 1376 κλύδων
1092 1333 1278 1388 με’γιστος
1293 1334 1541 1388 ἐπηγείρετο,
1580 1330 1808 1374 καὶῶὃινεν

355 1403 377 1459 ἢ
410 1402 608 1447 θάλασσα
638 1402 781 1454 πλέον,
818 1403 882 1444 καὶ
910 1406 968 1459 τῷ
989 1406 1029 1444 Γ
1027 1401 1282 1457 ιιληνολιμένι
1300 1400 1417 1455 μόλις
1437 1398 1708 1455 προσσχόντες
1733 1399 1808 1453 τὴν

351 1477 479 1525 ναῦν,
516 1471 538 1514 ὃ
571 1471 621 1525 δὴ
650 1472 717 1513 καὶ
744 1471 1030 1526 Γαληλολιμὴν
1051 1472 1264 1518 ἰδιωτικῶς
1286 1469 1323 1512 οἱ
1348 1467 1550 1524 ἐπιχώριοι
1571 1468 1810 1524 παραφθεί-

354 1558 491 1597 ροντες
511 1540 694 1595 λέγουσι,
731 1537 920 1594 μεγάλοις
941 1539 1062 1581 ἐκεῖσε
1088 1543 1281 1595 φοβεροῖς
1310 1535 1570 1591 ἐνετύχομεν,
1606 1535 1701 1578 κατ’
1724 1535 1809 1578 εἴσ-

210 1616 240 1650 ·Ρ
267 1615 329 1651 195
354 1612 498 1665 πραξιν
528 1607 639 1662 οἶμαι
668 1612 741 1650 τοῦ
762 1607 817 1661 μὴ
840 1606 932 1660 μετ’
955 1607 1135 1662 εὐλογίας
1156 1606 1418 1660 ἀπολυθῆναι
1443 1609 1516 1647 τοῦ
1540 1601 1869 1660 πατριάρχου.20

354 1677 374 1720 ὃ
406 1677 456 1731 δὴ
488 1678 555 1718 καὶ
581 1675 704 1731 ἤθελε
732 1677 806 1730 μὲν
839 1676 1007 1725 ἕκαστος
1030 1675 1107 1718 ἀντὶ
1124 1674 1272 1732 μέρος,
1310 1672 1366 1724 ὥς
1385 1672 1554 1729 ὕστερον
1575 1670 1808 1728 ὡμολόγουν

443 1786 477 1819 2.
501 1783 585 1828 καὶ]
610 1783 671 1819 καὶ
696 1768 750 1819 5ὶῖ
773 1794 816 1818 an
839 1782 900 1819 καὶ
924 1783 971 1820 τί.
1112 1785 1166 1818 11.
1195 1781 1509 1828 ἐπευκτησάμενος
1531 1780 1574 1815 Ρ.

354 1888 442 1922 quae
465 1879 653 1921 pateretur.
701 1879 736 1909 et
761 1886 828 1908 non
852 1875 959 1909 solum
982 1874 1025 1908 ad
1047 1885 1088 1908 ea
1107 1885 1195 1919 quae
1211 1874 1276 1919 ipsi
1299 1873 1583 1907 denuntiabantur
1606 1883 1672 1905 non
1695 1874 1809 1905 atten-

355 1924 424 1957 dit:
449 1922 507 1956 sed
527 1933 636 1966 neque
660 1921 719 1966 qui
741 1932 815 1954 eum
838 1921 1094 1966 alloquebantur
1115 1920 1322 1954 audivissent
1344 1919 1474 1952 omnino
1498 1918 1542 1952 ab
1565 1929 1605 1951 eo
1627 1916 1808 1962 quidquam

358 1970 402 2002 de
424 1967 559 2011 negotio
583 1966 777 2011 proposito,
811 1966 900 2011 quod
925 1966 967 1999 ad
990 1965 1154 2010 synodum
1177 1966 1363 2006 referrent,
1397 1964 1462 1998 nisi
1484 1975 1559 1997 eum
1586 1963 1747 2007 expedire
1771 1973 1809 1997 se

359 2015 403 2048 ab
426 2013 511 2058 ipsis
536 2024 745 2056 summopere
768 2018 942 2046 conantem
967 2011 1002 2044 vi
1025 2011 1143 2044 maiori
1166 2011 1283 2056 utique
1305 2014 1470 2049 tenerent,
1494 2014 1530 2043 et
1551 2019 1675 2052 graves
1697 2008 1810 2041 inten-

359 2065 473 2093 tarent
496 2070 517 2092 a
540 2058 603 2092 deo
628 2059 754 2099 minas,
789 2058 819 2091 si
842 2057 1044 2102 persisteret
1065 2057 1100 2090 in
1128 2056 1346 2091 contumacia.
1391 2055 1526 2090 tandem
1549 2054 1685 2089 summis
1707 2065 1810 2087 cona-

359 2107 452 2139 tibus
475 2115 672 2149 responsum
695 2104 883 2148 exprimere
904 2104 1135 2148 qualecunque
1166 2102 1391 2146 satagentium
1421 2101 1518 2134 visus
1549 2101 1671 2134 cedere
1702 2098 1808 2134 “en'?

360 2150 496 2195 inquit,
520 2154 591 2183 “ut
613 2150 699 2183 bene
720 2150 985 2194 patriarchatum
1006 2149 1191 2193 gessimus,
1213 2159 1330 2182 necem
1349 2146 1544 2192 imperatori
1566 2145 1810 2179 machinantes!

363 2197 418 2230 cui
448 2195 605 2229 videlicet
635 2196 734 2229 etiam
768 2194 913 2239 proiecti
943 2207 963 2228 e
994 2195 1096 2228 rebus
1131 2194 1281 2228 humanis
1303 2194 1336 2227 in
1360 2194 1423 2226 hoc
1445 2195 1630 2226 extremum
1653 2192 1810 2225 desertae

361 2241 492 2276 insulae
524 2242 624 2274 deum
656 2240 842 2285 propitiare
862 2252 927 2274 non
950 2251 1144 2281 cessamus,
1177 2241 1396 2274 obsecrantes
1419 2243 1457 2272 ut
1478 2238 1549 2272 eius
1571 2237 1703 2271 animae
1723 2237 1812 2271 bene

361 2287 536 2321 consulens
566 2287 787 2329 misereatur,
819 2290 990 2331 utcunque
1008 2286 1067 2320 ille
1089 2287 1178 2319 fame
1199 2297 1240 2320 ac
1263 2285 1322 2319 siti
1344 2296 1404 2318 nos
1424 2286 1522 2318 velut
1543 2287 1651 2318 morte
1672 2282 1810 2317 damno-

360 2337 414 2366 tos
444 2333 478 2366 in
509 2333 572 2366 hac
605 2332 785 2366 solitudine
815 2331 1039 2366 interficiat.''
1087 2332 1171 2365 haec
1206 2334 1241 2364 et
1271 2329 1437 2364 eiusmodi
1459 2330 1527 2363 alia
1546 2340 1673 2363 summo
1694 2328 1809 2362 dolore

358 2383 462 2423 atque
484 2377 708 2411 amaritudine
729 2378 828 2411 animi
850 2379 1026 2423 profatus,
1051 2377 1156 2411 multa
1179 2377 1276 2410 simul
1296 2375 1514 2420 imperatori,
1537 2375 1633 2409 simul
1655 2374 1692 2407 in
1712 2374 1809 2407 thro-

314 2433 316 2435 ’
358 2435 435 2457 num
457 2423 587 2456 intruso
611 2424 815 2466 exprobrans
841 2428 901 2457 aut
923 2423 1034 2468 potius
1055 2423 1265 2468 imprecanS,
1294 2421 1423 2456 dimisit
1446 2421 1489 2455 ad
1511 2432 1549 2455 se
1572 2419 1703 2454 missos.
1749 2429 1810 2452 nos

331 2496 333 2498 .
357 2473 470 2503 autem
493 2469 549 2502 illo
571 2468 690 2502 iterum
714 2469 878 2511 postridie
901 2471 1077 2510 convento,
1100 2473 1136 2502 et
1158 2469 1248 2502 omni
1271 2479 1311 2502 eo
1333 2467 1423 2513 quod
1446 2465 1575 2512 sperari
1597 2465 1706 2510 potuit
1723 2464 1809 2498 effe-

359 2519 435 2555 cto,
465 2525 485 2547 e
515 2521 616 2558 portu
648 2514 822 2548 confestim
845 2514 1021 2556 solvimus,
1055 2518 1091 2548 et
1111 2514 1224 2549 valido
1242 2514 1418 2558 ingruente
1439 2513 1550 2546 Borea
1569 2511 1604 2545 in
1626 2510 1810 2544 occiduam

357 2560 487 2594 insulae
509 2570 621 2600 oram,
651 2559 758 2592 satius
781 2560 933 2594 duximus
956 2559 1120 2603 navigare
1142 2560 1399 2605 protegentibus
1421 2558 1600 2592 montibus.
1645 2561 1682 2590 at
1703 2555 1809 2589 vehe-

360 2617 451 2639 mens
485 2611 602 2639 coorta
634 2605 782 2650 procella
809 2610 882 2646 est,
915 2606 1139 2651 intumuitque
1162 2610 1360 2640 commotum
1382 2604 1524 2650 amplius
1551 2612 1656 2637 mare.
1701 2612 1809 2646 quare

357 2651 469 2685 navim
491 2661 593 2694 aegre
616 2650 834 2694 applicuimus
857 2650 900 2684 ad
922 2651 1030 2685 locum
1053 2651 1307 2686 Galenolimena
1328 2653 1575 2695 nuncupatum,
1609 2646 1706 2693 quasi
1729 2657 1809 2691 por·

359 2701 429 2729 tum
451 2707 606 2730 serenum
627 2696 769 2731 diceres.
815 2696 950 2730 accolae
979 2697 1093 2740 lingua
1122 2696 1277 2741 vulgari,
1310 2700 1467 2741 corrupto
1490 2698 1608 2728 vetere
1629 2693 1808 2734 vocabulo,

359 2741 571 2776 Galilolimen
599 2741 780 2786 appellant.
826 2742 955 2786 magnis
987 2741 1036 2775 ibi
1065 2742 1222 2786 periculis
1255 2753 1368 2776 sumus
1401 2739 1560 2781 exerciti,
1596 2739 1631 2773 in
1656 2749 1809 2783 poenam,

359 2787 496 2831 opinor,
528 2798 594 2820 non
623 2786 750 2829 petitae
780 2790 817 2821 et
850 2791 1014 2832 acceptae
1045 2798 1067 2821 a
1098 2788 1294 2832 patriarcha
1314 2787 1348 2821 in
1371 2786 1524 2831 digressu
1551 2783 1807 2819 benedictionis.

302 2861 307 2865 .,
358 2833 451 2877 quod
471 2834 586 2867 facere
608 2832 836 2878 unusquisque
858 2832 1053 2878 singillatim
1074 2833 1242 2876 voluerat,
1265 2836 1304 2867 ut
1325 2837 1446 2878 postea
1465 2831 1501 2865 in
1523 2831 1602 2866 mali
1617 2841 1717 2865 sensu
1731 2839 1809 2864 sero
