1884 3262
550 231 654 276 LIB.
678 230 756 275 m.
809 228 1298 277 CHRONOLOGICUS.
1560 225 1661 275 699

190 355 331 412 supra‘.
381 348 538 394 tempus
569 341 678 394 quod
708 342 929 409 assignatur
957 340 1031 380 sub
1061 339 1205 379 horam
1235 334 1395 379 tertiam
1416 337 1494 379 diei
1515 345 1664 391 sextae,

193 396 266 447 ἐφ’
298 395 407 450 ω’ραν
430 401 566 453 τρίτην
593 403 668 452 τῆς
701 399 815 451 ἕκτης
835 394 1009 451 ἡμέρας,
1039 398 1225 436 tenebras
1245 398 1367 448 magis
1392 410 1512 447 quam
1533 396 1663 436 lucem

193 455 381 504 offundit,
412 462 452 494 et
472 456 567 494 dum
586 455 777 494 terminos
798 468 925 506 neque
942 455 1147 493 initiorum
1163 467 1290 506 neque
1306 454 1446 492 finium
1465 454 1663 506 praescri—

191 513 252 551 bit
271 513 448 551 narratio
460 541 471 562 ,
499 519 584 551 tam
604 513 772 551 liberum
788 513 949 552 errandi
971 512 1103 551 locum
1123 512 1220 550 facit
1235 524 1354 563 quam
1370 510 1572 550 docendae
1590 523 1665 551 ve·-

191 569 303 608 rita'ti
323 569 431 608 viam
454 569 642 609 occludit.

307 647 355 690 ΙΙ.
414 649 703 698 Quamobrem,
731 654 780 687 ut
805 648 844 686 in
875 647 938 686 his
966 647 1136 686 tenebris
1155 647 1229 686 lux
1251 645 1382 697 aliqua
1405 645 1606 696 veritatis,
1631 645 1667 684 si

195 717 297 756 quae
327 705 437 755 insit,
467 712 725 757 agnoscatur,
756 711 848 743 ante
876 705 1007 743 omnia
1036 703 1358 743 constituendum
1384 716 1463 754 quo
1490 716 1596 741 anno
1625 709 1667 742 et

197 775 276 812 quo
308 761 401 798 anni
430 768 608 814 tempore
635 762 796 800 vivendi
819 762 939 800 finem
967 762 1103 801 fecerit
1118 762 1332 814 imperator
1355 759 1388 798 is
1411 759 1460 798 de
1487 773 1566 811 quo
1586 760 1667 798 Pa-

197 817 402 869 chymeres
419 818 488 857 hic
506 819 594 870 agit.
629 819 753 857 facem
772 820 945 870 praefert
962 818 1058 857 huic
1073 818 1261 856 historiae
1283 817 1516 855 obscuritati
1536 817 1666 855 Geor-

196 875 283 926 gius
301 875 527 928 Acropolita
546 889 579 914 c.
596 876 670 924 52,
701 882 840 914 auctor
859 882 1068 914 accuratus
1086 882 1126 913 et
1147 875 1315 923 nobilis,
1338 873 1407 925 qui
1429 888 1579 912 summa
1602 873 1668 912 di-

197 931 357 982 ligentia
377 945 440 970 res
464 933 524 970 sui
543 932 733 984 temporis
752 932 869 971 certis
888 933 993 972 notis
1013 933 1125 984 quasi
1144 932 1248 972 veris
1269 930 1465 969 coloribus
1483 931 1569 983 pari
1586 931 1669 969 ele-

198 988 329 1044 gantia
347 1001 394 1026 ac
408 988 488 1027 fide
508 988 701 1041 depinxit.

312 1044 349 1083 Is
369 1057 461 1096 ergo
481 1051 648 1084 mortem
668 1044 840 1083 duorum
860 1044 1145 1097 imperatorum
1158 1043 1317 1082 Ioannis
1329 1043 1459 1082 Ducac
1479 1048 1520 1081 et
1534 1042 1670 1080 Theo-

199 1100 289 1140 dori
305 1101 478 1140 Lascaris
494 1101 565 1140 filii
582 1101 666 1139 eius
681 1101 736 1138 ita
756 1101 952 1150 describit,
972 1108 1021 1140 ut
1039 1114 1188 1139 annum
1207 1107 1247 1138 et
1268 1100 1362 1138 anni
1378 1112 1549 1138 mensem
1567 1099 1672 1137 clare

199 1157 408 1210 exprimat.
439 1158 496 1197 ait
515 1158 621 1196 enim
642 1158 692 1196 dc
710 1158 867 1208 Ioanne,
888 1158 1028 1197 obiisse
1048 1158 1160 1196 illum
1183 1157 1286 1196 diem
1310 1161 1530 1195 extremum
1550 1157 1577 1198 3
1592 1156 1671 1195 kal.

199 1214 387 1253 Octobris
415 1228 541 1254 annos
566 1220 707 1254 natum
732 1214 832 1253 duos
858 1221 899 1253 et
925 1215 1148 1266 sexaginta,
1179 1227 1230 1252 ex
1246 1213 1390 1265 quibus
1410 1213 1568 1264 triginta
1589 1219 1672 1251 tres

199 1267 448 1322 ¹regnaverat.
507 1271 609 1312 ενθα
619 1300 630 1320 ,
659 1270 812 1322 inquit,
841 1269 885 1309 id
901 1277 961 1310 est
979 1271 1031 1309 ad
1049 1244 1323 1323 Nyniphaeum
1340 1270 1410 1308 ubi
1425 1269 1589 1308 Ioannes
1605 1270 1673 1308 vi-

203 1333 285 1367 tam
303 1328 447 1378 finivit,
467 1327 537 1368 καὶ
554 1343 598 1369 το
615 1342 741 1381 χρεων
760 1324 1031 1397 ἐλειτουργησε
1047 1329 1158 1398 τρίτῃ
1178 1328 1406 1367 Καλανδῶν
1425 1326 1674 1392 Νοεμβρίου,

202 1381 400 1436 ἑξήκοντα
421 1383 488 1425 καὶ
512 1380 610 1434 δύο,
642 1383 696 1432 ὥς
716 1384 760 1425 οἵ
775 1382 823 1425 zo}
845 1384 939 1451 περὶ
959 1380 1086 1425 αυτοῦ
1106 1382 1386 1437 ἀκριβέστερον
1406 1379 1553 1431 εἰδότες
1574 1382 1676 1434 ἔφα-

205 1453 327 1491 σκον,
358 1441 424 1494 ἔτη
454 1438 628 1494 βιώσας,
658 1435 751 1490 ἒξ
718 1457 775 1482 ων
794 1437 1008 1494 τριάκοντα
1025 1440 1094 1481 καὶ
1110 1442 1200 1495 τρία
1219 1440 1489 1507 βεβασίλευκε.
1545 1439 1676 1478 idem-

205 1511 281 1549 que
299 1498 433 1567 paulo
440 1503 532 1549 post
553 1498 699 1550 repetit
722 1497 771 1536 de
796 1511 900 1536 anno
919 1498 1030 1550 regni
1045 1499 1122 1547 33,
1153 1511 1243 1535 cum
1261 1497 1317 1535 ait
1337 1492 1544 1549 ἐτεθνήκει
1561 1494 1635 1549 μὲν
1651 1494 1677 1537 ὅ

206 1553 393 1623 βασιλευς
422 1549 613 1623 Ἰωαννης
641 1570 695 1594 τω
722 1555 799 1610 υἱῷ
829 1550 956 1595 αὐτοῦ
977 1550 1172 1622 Θεοδώρῳ
1193 1570 1267 1606 την
1289 1554 1495 1607 βασιλείαν
1513 1555 1678 1594 navate·
1701 1559 1731 1595 P
1752 1559 1822 1595 493

207 1608 359 1660 λοιπως
385 1607 600 1663 τριάκοντα
620 1610 689 1651 καὶ
711 1613 801 1663 τρία
820 1610 886 1663 ετη
908 1608 1129 1653 διανυοντι.
1185 1623 1377 1659 τοσουτος
1396 1608 1472 1666 γὰρ
1494 1608 1517 1652 ὁ
1533 1605 1680 1664 χρόνος

207 1663 318 1723 αὐτῷ
339 1664 490 1716 ὁπόσος
509 1667 576 1708 καὶ
598 1682 793 1722 πατρικης
811 1668 1015 1720 βασιλείας
1032 1663 1233 1721 ἐτύγχανε.

320 1746 385 1785 111.
441 1746 518 1785 Hic
534 1759 658 1798 porro
676 1750 730 1789 33
749 1746 904 1799 imperii
921 1753 962 1786 et
980 1760 1068 1785 mox
1070 1746 1120 1784 tis
1135 1745 1292 1785 Ioannis
1312 1758 1439 1784 annus
1458 1752 1545 1783 erat
1563 1744 1681 1784 clu-i-

209 1802 261 1840 sti
289 1801 416 1852 1255,
447 1810 539 1842 ante
564 1810 764 1856 receptam
792 1818 814 1842 a
844 1804 1004 1842 Graecis
1025 1817 1128 1842 auno
1154 1806 1258 1845 1261
1284 1802 1680 1853 Constantinopolim,

210 1864 368 1908 sextus,
397 1866 489 1898 ante
517 1866 688 1899 mortem
714 1860 914 1899 Theodori
939 1861 1095 1899 Ioannis
1119 1859 1211 1909 filii,
1240 1864 1429 1910 quartus,
1457 1865 1506 1897 ut
1524 1864 1682 1897 constat

211 1928 264 1954 ex
284 1916 393 1954 Duca
413 1915 614 1956 Michaelis
632 1923 776 1970 nepote
799 1917 900 1957 Hist.
918 1931 951 1957 c.
972 1922 1002 1965 2
1020 1922 1061 1957 et
1077 1930 1126 1955 ex
1146 1929 1243 1956 mox
1265 1915 1441 1955 dicendis
1461 1915 1583 1967 magis
1603 1915 1681 1954 ad·-

211 1971 291 2011 huc
306 1974 467 2024 patebit.

324 2030 380 2068 De
400 2030 612 2070 Theodoro
627 2044 725 2071 vero
747 2030 852 2070 idem
868 2029 1097 2082 Acropolita
1111 2029 1210 2068 haec
1223 2029 1345 2068 habet
1357 2028 1414 2069 ib.
1433 2041 1466 2066 c.
1476 2027 1550 2070 74:
1578 2026 1683 2069 ἐκεῖ·

213 2100 287 2132 νος
301 2084 373 2137 μὲν
393 2084 500 2128 οὕτω
517 2085 667 2141 βιώσας
685 2086 752 2129 καὶ
774 2084 895 2140 μήπω
911 2083 1029 2134 ’ὅλους
1046 2086 1235 2154 τέσσαρας
1251 2081 1459 2132 ἐνιαυτους
1480 2098 1680 2136 αυτοκρα-

214 2138 423 2210 τορήσαςζ
438 2142 538 2184 aare}
571 2143 802 2197 Νοὲμβριον
833 2142 909 2197 γὰρ
933 2140 1056 2196 α’ρξας
1080 2141 1122 2183 ἐν
1140 2138 1361 2196 Αὐγούστῳ
1382 2156 1481 2194 μηνι
1504 2156 1548 2181 το
1570 2140 1681 2188 τέλος

216 2197 355 2249 ἔσχηκε
371 2201 444 2250 τῆς
465 2201 579 2250 ζωῆς.
635 2201 702 2238 ubi
722 2200 924 2238 manifeste
944 2206 984 2238 et
1002 2205 1169 2250 quartus
1187 2212 1313 2237 annus
1328 2196 1482 2249 imperii
1499 2196 1680 2236 nondum

214 2253 370 2303 finitus,
399 2261 441 2293 et
456 2255 611 2294 initium
629 2258 742 2308 regni
763 2257 906 2295 mensis
925 2255 1161 2304 Novembri,
1188 2261 1229 2293 et
1248 2255 1335 2293 {inis
1360 2255 1464 2293 vitae
1479 2254 1681 2305 Augustus

216 2311 517 2362 exprimuntur;
546 2324 667 2363 eaque
685 2313 852 2352 totidem
870 2313 1001 2351 verbis
1019 2312 1125 2350 idem
1142 2317 1280 2351 auctor
1295 2311 1337 2350 in
1355 2310 1550 2349 Chronico
1567 2324 1681 2349 com-

216 2367 422 2418 pendiario
442 2369 609 2420 repetit3
636 2370 778 2420 quibus
797 2369 1040 2421 Nicephorus
1061 2370 1252 2420 Gregoras
1268 2369 1293 2407 l.
1313 2372 1340 2410 2
1359 2368 1402 2406 in
1420 2367 1499 2406 fine
1518 2367 1679 2406 omnino

219 2425 415 2463 consentit
427 2425 468 2463 in
483 2425 595 2464 annis
614 2426 776 2477 triginta
792 2427 920 2465 tribus
938 2432 1026 2465 tum
1043 2426 1195 2477 imperii
1207 2425 1350 2477 patris,
1378 2430 1464 2462 tum
1484 2425 1590 2463 vitae
1610 2423 1682 2461 filii

220 2492 311 2518 cum
330 2481 539 2532 imperium
562 2495 585 2519 a
612 2488 724 2534 patre
744 2483 935 2535 suscepit,
966 2488 1052 2521 tum
1080 2482 1197 2520 etiam
1217 2482 1260 2520 in
1282 2489 1454 2532 quatuor
1474 2481 1585 2519 annis
1603 2479 1683 2518 im-

219 2536 320 2589 perii
348 2537 551 2577 Theodori
575 2552 658 2577 non
686 2539 872 2590 integris,
900 2552 990 2577 cum
1015 2537 1154 2577 asserit
1181 2551 1270 2577 eum
1293 2538 1320 2577 l.
1338 2541 1387 2588 3,
1415 2551 1506 2576 cum
1527 2535 1683 2588 trigesi-

220 2606 331 2631 mum
356 2600 514 2633 sextum
540 2595 648 2635 vitae
671 2608 818 2634 annum
846 2603 998 2647 ageret,
1029 2595 1276 2634 defunctum:
1305 2594 1417 2637 ἕκτον
1435 2594 1504 2634 καὶ
1524 2607 1685 2645 τριακο-

223 2647 319 2690 στόν
348 2646 427 2692 aad
453 2650 643 2704 γενέσεως
669 2648 814 2720 χρόνον
840 2648 1047 2718 ἀμείβοντι
1071 2649 1193 2700 νόσος
1215 2648 1423 2703 ἐνσκήπτει
1447 2652 1501 2706 τῷ
1530 2650 1688 2702 βασιλεῖ

222 2704 372 2758 χαλεπὴ
395 2707 465 2748 καὶ
482 2709 626 2761 βαρεῖα
644 2723 712 2749 και
727 2705 829 2750 όπλα
846 2705 976 2760 φάναι
993 2705 1177 2750 θανάτου
1197 2711 1392 2762 φοροῦσα.

336 2774 403 2814 [V.
459 2775 531 2814 Est
558 2787 649 2827 ergo
669 2782 853 2815 mortuus
872 2775 1034 2814 loannes
1052 2776 1180 2815 Ducas
1199 2789 1303 2814 anno
1320 2773 1463 2813 Christi
1485 2770 1614 2821 1255,
1641 2771 1685 2809 in

225 2829 304 2866 fine
325 2831 520 2881 Octobris,
548 2837 588 2871 et
605 2831 839 2881 Theodorus
854 2833 1028 2872 Lascaris
1044 2832 1127 2871 eius
1144 2832 1249 2871 filius
1266 2844 1371 2870 anno
1393 2828 1502 2872 1259
1513 2856 1525 2877 ,
1553 2840 1687 2866 mense

226 2885 415 2938 Augusto.
472 2901 572 2941 quae
590 2896 686 2930 nota
700 2889 890 2942 temporis
910 2895 1019 2930 recte
1036 2889 1223 2931 convenit
1241 2901 1331 2928 cum
1348 2900 1394 2926 ea
1411 2898 1530 2938 quam
1549 2883 1686 2938 expri-
