1884 3262
489 208 594 254 ΠΒ.
612 207 695 254 111.-
741 206 1231 255 CHRONOLOGICUS.
1484 210 1593 258 -747

138 321 286 372 ριῶνος
303 321 385 360 ’τοῦ
402 316 696 376 ἰςψγαῗέτουᾳ
739 315 859 372 serii:
884 314 973 358 erat
996 325 1110 358 sexta
1121 315 1346 358 'undecima
1362 319 1597 359 Decembris·

139 377 240 414 anni
254 378 377 419 6791,
432 390 480 414 ac
497 377 540 415 in
561 389 666 414 anno
684 376 843 427 quidem
857 389 998 427 magno
1017 388 1210 415 consensu
1226 376 1439 428 Gregoras,
1466 382 1515 416 ut
1530 377 1596 416 vi-

138 432 282 479 dimus,
300 438 578 484 praetereaque
588 432 802 472 Phrantzes
818 445 908 471 cum
917 431 1158 485 Pachymere
1173 433 1427 482 conveniunt,
1447 439 1496 471 ut
1515 433 1596 472 du·-

138 488 259 528 bitari
289 488 338 526 de
358 488 436 527 hoc
455 503 536 528 non
555 489 717 539 debeat,
747 503 838 528 cum
866 489 917 527 sit
941 495 1076 528 tamen
1098 488 1309 528 vehemens
1333 499 1448 528 causa
1477 489 1598 528 dubi-

138 545 253 583 tandi
273 557 323 582 ex
340 545 636 584 circumstantia
660 546 738 584 diei
759 557 989 598 parasceues
1009 545 1092 585 sive
1110 546 1230 584 feriae
1251 552 1386 584 sextae
1401 546 1469 584 illo
1492 560 1596 584 anno

138 602 376 639 incurrentis
389 602 431 640 in
451 602 697 641 undecimam
717 602 937 640 Decembris
952 601 1069 642 diem.
1106 608 1166 641 est
1182 616 1309 641 annus
1326 615 1437 641 aerae
1457 603 1598 641 mundi

140 658 381 696 Graecorum
414 661 521 700 6791
552 658 695 697 Christi
725 661 853 708 1288,
881 657 960 697 1100
983 663 1042 696 est
1064 671 1148 710 per.
1166 658 1238 697 Iul.
1262 660 1391 708 5996,
1420 672 1498 710 quo
1521 659 1599 698 suit

140 714 275 766 cyclus
302 715 393 752 solis
420 714 469 765 4,
498 727 688 755 numerus
714 728 856 754 aureus
883 719 959 764 11,
986 714 1152 754 indictio
1170 715 1320 768 pariter
1341 719 1406 757 11-.
1464 715 1598 767 cyclus

138 784 260 824 porro
290 771 382 809 solis
408 769 435 812 4
467 771 621 810 literam
649 771 800 811 indicat
829 770 1065 810 dominicam
1095 773 1148 822 G,
1179 784 1279 823 quae
1302 785 1392 810 cum
1414 771 1598 823 insigniat

141 828 244 866 diem
263 827 541 867 duodecimum
559 828 804 878 Decembris,
824 827 1063 867 vundecimus
1082 828 1298 867 necessario
1317 828 1438 867 fuerit
1455 828 1599 867 sabba-

134 890 247 933 tum,
276 898 356 923 non
382 890 514 922 autem
540 897 754 936 parasceue
781 885 864 923 sive
887 891 999 922 sexta
1018 885 1141 935 feria,
1168 885 1329 936 qualem.
1347 898 1437 922 cum
1464 891 1598 924 tamen
1618 890 1647 926 P
1670 889 1737 925 529

138 940 208 978 illo
232 953 336 979 anno
354 941 472 979 fuisse
490 941 614 979 tradit
629 955 703 993 pro
726 941 940 980 certissimo
958 947 998 980 et
1017 941 1134 992 vulgo
1153 941 1359 980 notissimo
1377 940 1598 993 Pachyme-

139 1009 215 1036 res.
255 997 376 1049 igitur
399 1010 504 1036 anno
526 997 671 1036 Christi
692 1000 801 1040 1282
818 998 920 1035 mori
936 996 1165 1036 michaelem
1181 998 1452 1048 Palaeologum
1474 1011 1598 1048 opor-

139 1053 241 1102 tuit,
269 1066 349 1104 quo
374 1053 507 1106 cyclus
532 1053 624 1093 solis
640 1056 667 1096 3
692 1054 847 1092 literam
868 1053 1086 1092 dominicae
1105 1054 1276 1092 indicem
1293 1054 1403 1091 dedit
1417 1054 1472 1091 D:
1499 1053 1598 1092 haec

140 1109 244 1148 enim
272 1110 388 1148 litera
419 1110 524 1148 diem
549 1110 772 1148 Decembris
794 1109 958 1148 tertium
985 1110 1179 1149 decimum
1203 1110 1397 1159 afficiens,
1435 1112 1597 1149 tertium

139 1171 249 1205 retro
271 1165 525 1205 undecimum
546 1166 673 1204 fuisse
700 1171 850 1204 sextam
880 1166 1018 1204 feriam
1045 1165 1301 1204 demonstrat.
1357 1166 1454 1215 quid
1478 1167 1597 1217 ergo?

140 1222 314 1261 dicemus
344 1235 493 1261 errasse
524 1223 695 1260 Graecos
721 1221 928 1259 historicos
952 1221 995 1259 in
1021 1235 1127 1260 anno
1145 1222 1284 1260 mortis
1309 1220 1525 1271 Michaelis,
1555 1228 1597 1261 et

142 1291 217 1331 pro
244 1281 354 1321 6790
381 1284 608 1329 sequentem
637 1280 746 1320 6791
772 1277 994 1316 indicasse?
1048 1290 1098 1316 ne
1127 1291 1312 1329 cogamur
1342 1277 1420 1316 hoc
1452 1278 1595 1328 dicere,

144 1333 294 1385 duplex
313 1334 432 1373 huius
457 1334 711 1386 explicandae
736 1334 1005 1385 perplexitatis
1031 1335 1207 1386 suppetit
1233 1334 1349 1372 ratio.
1407 1341 1476 1373 ant
1490 1334 1595 1374 enim

142 1390 308 1430 labentis
325 1391 405 1429 iam
420 1391 512 1430 anni
530 1393 639 1433 6790
658 1396 698 1428 et
713 1403 859 1441 paucos
876 1390 1074 1429 duntaxat
1093 1391 1258 1429 extremi
1274 1391 1496 1430 Decembris
1514 1391 1596 1430 dies

144 1448 316 1498 reliquos
347 1447 540 1486 trahentis
570 1447 764 1485 rationem
793 1460 874 1485 non
911 1445 1131 1486 habendam
1159 1447 1330 1500 populus
1358 1454 1400 1486 et
1419 1447 1597 1487 historici

146 1510 363 1552 censentem,
393 1505 543 1542 obitum
572 1503 654 1542 eius
680 1516 731 1542 ex
756 1516 860 1541 anno
880 1516 976 1542 mox
993 1505 1188 1554 sequenti,
1221 1506 1326 1547 6791
1343 1533 1354 1554 ‚
1384 1518 1462 1555 quo
1480 1504 1513 1542 is
1532 1505 1599 1543 vi-

146 1559 287 1598 delicet
323 1560 523 1610 innotuit,
561 1559 847 1611 insigniendum
875 1566 1140 1611 putaverunt,
1173 1560 1348 1612 neglecto
1375 1561 1598 1599 discrimine

145 1617 290 1656 nullius
320 1617 509 1655 momenti
541 1615 593 1655 ad
623 1617 774 1655 civilem
802 1617 1134 1667 aestimationem,
1176 1629 1276 1668 quae
1302 1617 1384 1655 fere
1406 1618 1600 1656 minutam

139 1669 353 1726 ’ἅκρίβειαν
372 1673 536 1725 respuit.
593 1679 686 1723 aut,
714 1672 822 1724 quod
841 1673 1089 1711 verisimilius
1107 1686 1222 1723 reor,
1251 1685 1446 1712 annorum
1460 1673 1602 1712 mundi

146 1736 188 1767 et
208 1742 320 1767 aerae
338 1743 430 1768 suae
447 1729 684 1781 principium
697 1758 708 1778 ,
735 1730 829 1767 item
845 1735 894 1767 ut
912 1730 1156 1779 indictionis,
1186 1744 1208 1767 a
1225 1730 1443 1782 Septembri
1463 1730 1602 1768 Graeci

146 1786 386 1837 repetebant.
441 1786 548 1825 unde
566 1786 645 1824 iam
662 1792 748 1824 tum
770 1799 897 1824 annus
914 1786 1055 1825 mundi
1073 1788 1186 1824 iuxta
1207 1786 1311 1838 ipsos
1332 1789 1438 1829 6791
1459 1799 1601 1838 coepe·-

146 1847 214 1882 rat
242 1855 264 1879 a
290 1855 421 1880 mense
447 1843 526 1880 sere
555 1842 695 1891 tertio,
725 1855 814 1880 cum
842 1842 934 1880 anni
964 1842 1108 1881 Christi
1136 1844 1243 1884 1282
1269 1842 1411 1881 mensis
1438 1842 1602 1880 ultimus

148 1899 359 1937 December
385 1899 632 1938 volvebatur.
689 1904 734 1936 ut
761 1911 853 1938 vere
883 1898 1056 1937 dixerint
1072 1897 1329 1949 Pachymeres
1351 1899 1543 1950 Gregoras
1560 1903 1600 1936 et

148 1954 361 1994 l‘hrantzes
389 1955 525 1993 obiisse
547 1954 773 1993 Michaelem
792 1968 896 1993 anno
915 1958 1019 1998 6791
1035 1985 1048 2006 ,
1076 1968 1150 1994 nec
1164 1968 1257 1994 vere
1277 1961 1409 1993 tamen
1430 1955 1600 2006 scripse-

148 2011 232 2051 rint
257 2011 490 2065 Spondanus
517 2017 558 2049 et
572 2011 785 2049 Rainaldus
802 2011 970 2049 eundem
991 2025 1094 2049 anno
1114 2010 1258 2049 Christi
1278 2014 1385 2054 1283
1403 2011 1484 2048 fato
1502 2012 1600 2049 fun·-

151 2073 281 2116 ctum,
312 2081 402 2106 cum
426 2068 495 2106 illo
524 2081 627 2106 anno
648 2067 729 2105 dies
747 2067 968 2105 Decembris
994 2067 1219 2118 undecima,
1246 2079 1325 2118 qua
1344 2067 1495 2107 efflavit
1510 2066 1599 2106 ani-

151 2136 275 2173 mam,
302 2124 504 2163 sabbatum
514 2153 526 2175 ‚
555 2137 636 2163 non
652 2129 764 2163 sexta
778 2122 875 2163 seria
891 2122 1022 2167 fuerit,

262 2234 328 2275 111.
384 2236 471 2274 Hoc
485 2236 606 2287 igitur
624 2236 886 2275 existimamus
902 2248 975 2289 pro
992 2235 1215 2275 indubitato
1229 2234 1464 2283 tenendum,
1492 2247 1596 2273 anno

153 2291 299 2330 Christi
327 2295 453 2342 1282,
488 2293 550 2330 die
581 2295 629 2335 11
661 2293 883 2331 Decembris
909 2291 1138 2331 Michaelem
1159 2292 1425 2343 Palaeologum
1438 2290 1599 2330 vivendi

155 2353 195 2385 et
223 2348 446 2400 imperandi
471 2349 589 2386 finem
622 2349 765 2388 fecisse.
821 2349 1009 2399 quamdiu
1030 2348 1283 2400 imperaverit
1302 2347 1599 2398 disquirendum

155 2410 291 2443 restat.
349 2405 491 2443 diserte
514 2404 768 2455 Pachymeres
793 2404 898 2448 Hist.
923 2419 956 2444 c.
986 2405 1123 2444 ultimo
1146 2405 1355 2457 imperasse
1372 2403 1601 2442 Michaelem

156 2461 292 2498 asserit
312 2461 421 2499 annis
436 2461 572 2516 viginti
592 2467 782 2512 quatuor3
810 2461 929 2512 idque
949 2461 1090 2513 ipsum,
1109 2467 1158 2501 ut
1174 2462 1303 2514 palam
1317 2466 1466 2510 notum,
1487 2466 1602 2498 antea

156 2522 342 2568 posuerat
369 2531 400 2558 c.
417 2519 469 2559 21
498 2517 523 2556 l.
540 2516 578 2558 4.
635 2518 746 2568 atqui
769 2517 847 2556 1100
873 2517 1032 2568 quidem
1058 2530 1171 2569 aegre
1197 2517 1428 2556 conciliatur
1448 2529 1536 2554 curn
1554 2515 1602 2552 iis

158 2585 258 2623 quae
284 2572 361 2611 iam
390 2573 495 2611 omni
517 2573 700 2613 firmitate
731 2573 1022 2623 constituimus,
1049 2573 1235 2613 nimirum
1263 2579 1495 2612 coronatum
1513 2583 1604 2609 eum

157 2629 240 2668 ritu
257 2630 417 2667 solemni
432 2630 651 2680 Augustum
670 2630 841 2681 primum
859 2630 976 2669 fuisse
988 2628 1166 2668 kalendis
1182 2630 1351 2669 Ianuarii
1373 2629 1466 2666 anni
1486 2627 1605 2665 Chri-

160 2685 212 2722 sti
238 2689 364 2731 1260,
393 2685 530 2724 vivere
558 2692 689 2724 autem
717 2686 872 2724 desiisse
894 2690 944 2729 11
961 2687 1181 2725 Decembris
1197 2687 1290 2725 anni
1310 2684 1455 2723 Christi
1482 2685 1604 2725 1282.

160 2754 250 2778 nam
271 2753 320 2778 ex
338 2740 399 2779 his
419 2748 579 2793 apparet
593 2742 838 2781 manifestum
858 2743 1063 2795 imperasse
1078 2744 1190 2781 illum
1210 2757 1232 2780 a
1253 2743 1316 2780 die
1336 2738 1605 2791 inauguratio-

161 2798 221 2833 nis
238 2810 329 2834 suae
347 2811 468 2836 annos
488 2799 646 2838 omnino
665 2799 802 2850 viginti
818 2806 917 2848 tres,
942 2800 1072 2838 minus
1087 2799 1227 2851 viginti
1245 2798 1392 2836 diebus.
1449 2795 1524 2833 dici
1539 2799 1603 2832 ta-

161 2865 250 2891 men
271 2859 400 2905 potest
413 2868 494 2894 non
510 2867 784 2907 usquequaque
803 2856 999 2896 aberrasse
1014 2869 1040 2905 a
1060 2869 1156 2895 vero
1172 2854 1460 2906 Pachynum,
1489 2863 1604 2902 quem
