1846 3262
214 221 281 271 48
641 222 878 268 GEORGII
909 220 1266 272 PACHYMERIS

215 338 354 381 τοίνυν
371 336 500 393 μηδὲν
518 335 905 395 ὖποκρυπτομένους
925 341 992 384 καὶ
1010 338 1122 395 ὗμᾶς
1141 339 1324 398 τάληθὲς
1345 341 1463 400 ἐρεῖν.
1531 341 1594 394 τίς
1610 342 1688 402 γὰρ

214 405 240 462 ἦ
263 411 337 462 τῆς
359 407 509 456 δειλίας
531 404 686 464 ἀνάγκη
710 412 785 451 τοῦ
806 409 864 464 μὴ
896 408 1199 468 παριστάμενον
1227 410 1378 468 λέγεινς
1414 409 1436 455 ὅ
1463 410 1542 469 γὰρ
1573 412 1689 456 ἀντι-

162 483 196 518 Ε
219 475 343 526 λέξων
364 474 437 518 οὐκ
457 475 565 530 ἔστι,
602 478 669 519 καὶ
687 474 822 535 φόβος
841 478 974 530 οὐδείς
982 513 996 533 ,
1033 479 1085 535 ἤν
1102 496 1164 530 τις
1181 479 1230 523 τὸ
1249 482 1397 524 δοκοῦν
1414 480 1541 538 λε’γειν
1559 482 1689 539 αἱρεῖ-

214 562 296 589 ται.
368 542 549 588 mirdane
578 551 796 604 τοιγαροῦν
825 549 893 591 καὶ
921 548 1154 603 βουλευέτω
1188 565 1250 599 τις
1276 551 1344 593 καὶ
1371 550 1586 605 πραττέτω
1610 550 1687 594 σῦν

214 612 354 663 ἄλλοις
390 612 437 657 τὸ
468 611 673 671 χρήσιμον
682 648 696 669 ,
738 618 805 660 καὶ
834 616 882 660 τὸ
914 620 992 660 τινὶ
1023 618 1243 675 παραστάν
1276 620 1333 668 εἲς
1367 615 1533 675 γνώμην
1564 621 1720 663 εἶπεῒνὸ

214 681 422 740 ἀσφαλές,
460 681 516 733 ὥς
547 683 724 739 εὐμενῶς
755 685 1042 741 ἀκουσομένων
1073 686 1150 730 κᾶν
1180 685 1202 731 ὅ
1233 704 1273 730 τι
1302 687 1438 739 afgaf.
1507 685 1688 747 δεσπότῃ

213 751 293 808 γὰρ
322 750 591 810 προσκρούειν
617 754 718 805 ἴσως
750 754 825 798 οὐκ
852 755 1058 813 ἀσφαλές,
1095 757 1138 808 ἐξ
1165 755 1258 799 ἴσου
1286 757 1332 800 δὲ
1364 757 1687 817 προσφερομὲνῳ

215 825 275 880 τῷ
306 821 460 878 λε’γοντι
488 821 540 866 τὰ
577 827 652 878 τῆς
679 825 914 881 παρρησίας
945 825 1028 881 ἔχοι
1061 822 1229 882 καιρόν,
1285 823 1341 876 ὥς
1372 827 1556 880 μείζονος
1582 825 1629 870 ὃν
1658 825 1686 882 ἢ

214 889 312 933 κατ’
342 891 518 942 ἐκείνους
545 891 593 934 τὸ
621 894 781 948 κρίνειν.
850 893 958 936 ἀλλὰ
975 895 1041 937 καὶ
1061 892 1212 938 τούτου
1229 898 1303 938 νῦν
1323 893 1398 950 οὗχ
1424 892 1626 948 ὑπόντος,
1664 893 1686 939 ὃ

214 959 340 1010 λέξων
373 958 397 1004 ὅ
430 977 470 1004 τι
502 963 569 1004 καὶ
597 959 792 1016 βούλεται
820 960 1075 1022 ἑκατέρωθεν
1100 963 1179 1020 ἔχει
1206 963 1254 1008 τὸ
1284 965 1341 1015 εἷς
1371 962 1499 1008 αὐτὸν
1519 963 1687 1008 ἀκίνδυ-
1699 973 1744 1008 10

212 1029 337 1073 νον.”

92 1103 121 1138 P
148 1105 192 1141 2⁴7
355 1097 494 1142 Ταῦτ’
529 1096 713 1151 εἲπόντος
741 1104 817 1144 τοῦ
838 1100 1212 1158 πρωτοβεστιαρίου
1234 1099 1399 1158 ἅθρουν
1415 1101 1490 1156 μὲν
1509 1101 1557 1145 τὸ
1579 1105 1688 1157 πλῆ-

215 1171 297 1218 θος
318 1169 496 1225 ξυμμιγῆ
519 1168 594 1223 τὴν
618 1169 758 1227 φωνὴν
780 1169 944 1227 ἀφῆκαν
956 1202 970 1223 ,
1012 1171 1079 1213 καὶ
1110 1168 1531 1226 ὖπεραποδεχομὲνοις
1564 1167 1687 1229 ἐῴκε-

218 1252 298 1280 σαν
320 1241 379 1297 τῷ
400 1235 475 1279 ὕπ’
501 1238 635 1298 ἐκείνῳ
653 1239 757 1294 μετὰ
771 1238 844 1282 τὸν
863 1238 1037 1293 βασιλέα
1054 1237 1270 1294 τετάχθαι,
1303 1241 1496 1297 ἐμφανεῖς
1515 1256 1558 1283 τε
1578 1235 1686 1295 ἦσαν

217 1307 543 1361 ἐνασμενίζοντες
560 1308 635 1361 μὲν
653 1312 713 1367 τῷ
731 1313 970 1365 κρατοῦντι,
1002 1310 1306 1366 παρενείροντες
1325 1309 1370 1352 δὲ
1386 1307 1554 1368 κάκείνῳ
1573 1308 1686 1352 nmi-
1699 1316 1743 1354 15

218 1391 345 1426 στους
364 1377 432 1418 καὶ
454 1376 568 1433 παρὰ
588 1376 635 1420 τὸ
654 1376 760 1427 εῗκός
781 1378 970 1428 ἐπαίνους
986 1375 1042 1428 ὥς
1059 1377 1159 1438 ἀξίῳ
1177 1377 1268 1432 μετ’
1290 1379 1439 1421 ἐκεῖνον
1469 1381 1588 1435 σφῶν
1610 1376 1689 1435 ἰίρ-

214 1461 298 1499 χειν
319 1441 572 1502 ἐθεράπευον
593 1444 666 1489 τὸν
687 1445 829 1503 καιρὸν
853 1446 929 1503 οὐχ
952 1441 1077 1504 ἧττον
1087 1479 1102 1500 ,
1138 1446 1215 1501 τὴν
1234 1443 1598 1503 παρακινδύνευσιν
1620 1448 1690 1490 δε-

215 1510 371 1568 διότες,
408 1512 433 1570 ἢ
466 1513 520 1557 τὰ
546 1514 653 1558 κατὰ
681 1519 780 1560 νοῦν
809 1515 957 1574 ἔλεγον.
1025 1519 1110 1560 τῶν
1138 1515 1187 1560 δέ
1207 1532 1251 1573 γε
1275 1512 1530 1574 μεγιστάνων
1563 1515 1689 1568 ἄλλος

306 1636 343 1672 2.
365 1634 458 1681 τοῦ]
483 1634 525 1672 τό
539 1635 559 1670 ?

213 1738 295 1775 inde
327 1739 534 1784 gravissima
558 1739 801 1775 redundarent.
849 1752 911 1775 oro
944 1740 1052 1786 igitur
1075 1741 1288 1786 obsecroque
1315 1751 1377 1775 vos
1400 1743 1439 1775 ut
1465 1742 1501 1774 et
1522 1738 1588 1786 ipsi
1611 1738 1687 1775 sine

213 1786 284 1822 ullo
317 1786 397 1821 fuco
430 1786 524 1831 quod
554 1798 637 1822 vere
669 1787 806 1822 sentitis
839 1787 1006 1823 efferatis.
1053 1799 1142 1832 quae
1174 1787 1262 1822 enim
1296 1791 1349 1822 est
1381 1786 1524 1821 timendi
1555 1787 1688 1825 causa?

215 1837 278 1868 aut
309 1844 400 1878 quae
429 1832 571 1868 obtendi
602 1838 720 1879 posset
751 1834 927 1868 excusatio
958 1833 1083 1868 idonea
1105 1833 1252 1879 ignavae
1276 1832 1556 1868 dissimulationis
1575 1833 1619 1867 ab
1644 1844 1687 1868 eo

216 1879 279 1925 qui
310 1879 514 1914 sententiam
544 1879 588 1914 de
620 1880 800 1925 republica
832 1885 976 1924 rogetur
1015 1879 1051 1914 in
1084 1880 1149 1915 boc
1183 1879 1388 1926 amplissimo
1421 1884 1457 1914 et
1479 1878 1686 1924 gravissimo

217 1925 389 1960 concilio‘?
436 1930 614 1972 promatur
636 1926 748 1961 libere
770 1924 938 1972 quidquid
958 1926 995 1960 in
1019 1925 1129 1961 animo
1149 1930 1213 1961 est.
1260 1926 1455 1972 excipietur
1479 1925 1602 1970 aequis
1622 1936 1688 1960 au-

216 1971 339 2014 ribus,
374 1982 438 2005 nec
471 1972 539 2007 erit
570 1972 629 2017 qui
654 1984 748 2007 mera
771 1972 1030 2007 contradicendi
1052 1971 1194 2007 libidine
1217 1977 1407 2019 oppugnet.
1454 1971 1566 2006 nullus
1588 1970 1689 2006 deni·-

218 2030 287 2064 que
316 2021 427 2052 metus
457 2018 655 2064 impendet,
687 2031 755 2065 quo
789 2018 944 2053 revocari
976 2022 1037 2053 aut
1070 2018 1244 2054 retardari
1275 2018 1388 2065 quivis
1419 2017 1531 2064 possit
1563 2019 1608 2052 ab
1643 2029 1685 2053 eo

219 2063 459 2110 qualicumque
481 2063 709 2110 proferendo,
747 2065 839 2111 quod
862 2069 923 2100 aut
944 2064 1067 2100 mentis
1089 2064 1216 2100 iudicio
1239 2065 1387 2100 senserit
1409 2068 1471 2099 aut
1496 2063 1688 2099 voluntatis

219 2110 367 2145 arbitrio
389 2111 548 2156 elegerit.
595 2111 760 2156 agedum,
791 2111 908 2146 statim
932 2123 977 2146 ex
1000 2122 1090 2146 nunc
1113 2115 1213 2146 eatur
1235 2111 1271 2146 in
1294 2110 1504 2153 sententias,
1528 2110 1687 2145 consulat

220 2157 368 2202 quisque
397 2156 433 2192 in
465 2157 631 2200 medium,
667 2163 816 2203 agatque
839 2157 929 2203 quod
951 2157 1046 2200 vult,
1079 2157 1173 2203 quod
1195 2162 1298 2204 putat
1321 2157 1419 2192 utile.
1465 2167 1620 2191 securum
1650 2159 1688 2192 et

219 2208 333 2238 tutum
366 2208 421 2238 est
452 2215 606 2249 promere
629 2203 795 2250 quidquid
816 2203 949 2239 demum
970 2203 1007 2239 in
1029 2209 1173 2238 mentem
1203 2204 1350 2239 venerit.
1395 2206 1566 2246 attentos,
1598 2201 1688 2238 faci-

221 2249 296 2292 les,
333 2248 378 2284 ad
410 2249 547 2295 quidvis
578 2250 783 2285 audiendum
815 2255 957 2295 paratos
981 2262 1023 2284 en
1046 2261 1109 2284 nos
1132 2261 1258 2285 omnes.
1306 2250 1366 2285 ubi
1389 2250 1549 2296 princeps
1570 2248 1608 2284 in
1630 2260 1688 2284 se-

222 2300 305 2330 natu
329 2300 401 2338 est,
425 2307 529 2331 causa
552 2307 629 2331 esse
651 2301 768 2342 potest
792 2296 1086 2342 circumspiciendi
1110 2296 1193 2342 quid
1216 2297 1292 2342 quis
1314 2295 1430 2331 dicat:
1465 2306 1575 2342 prona
1598 2294 1687 2331 enim

220 2347 286 2388 est
300 2341 429 2377 dicenti
453 2343 548 2388 apud
572 2343 740 2378 dominum
763 2343 921 2386 offensio,
943 2354 1007 2378 nec
1031 2355 1074 2378 ea
1097 2343 1127 2377 si
1150 2354 1239 2389 quae
1261 2342 1450 2388 contigerit
1470 2352 1601 2378 vacans
1622 2353 1688 2388 pe-

220 2387 343 2422 riculo.
391 2389 484 2434 quali
515 2400 582 2424 non
613 2394 667 2424 est
698 2389 874 2436 expositus
906 2389 965 2435 qui
999 2388 1150 2435 loquitur
1173 2389 1218 2424 ad
1240 2390 1308 2424 sibi
1331 2401 1446 2435 pares.
1493 2388 1604 2423 nullus
1629 2387 1688 2423 hic

220 2434 406 2480 principali
437 2434 587 2470 eminens
619 2435 761 2481 fastigio
793 2435 909 2471 adstat
940 2435 1160 2470 dicendorum
1191 2436 1346 2471 arbiter=
1381 2434 1500 2470 similis
1532 2433 1686 2469 conditio

220 2486 276 2515 est
308 2481 475 2523 omnium,
511 2486 547 2517 et
578 2493 753 2517 commune
783 2481 958 2517 iudicium.
1006 2493 1116 2528 quare
1138 2481 1195 2516 hic
1217 2482 1350 2517 liberae
1371 2479 1519 2516 orationi
1541 2485 1577 2515 et
1599 2479 1688 2515 nihil

220 2530 314 2562 metu
345 2526 525 2570 reticenti,
557 2539 804 2573 quamcumque
826 2529 863 2564 in
883 2532 1017 2575 partem
1049 2528 1245 2564 incubuerit
1265 2527 1457 2570 sententia,
1489 2525 1546 2562 hic
1567 2526 1688 2573 profe·

220 2576 298 2616 cto,
324 2574 356 2608 si
377 2585 537 2620 usquam,
558 2573 652 2608 locus
674 2579 739 2610 est.
748 2574 770 2591 ’²

311 2620 410 2655 Haec
439 2620 704 2666 protovestiario
737 2621 854 2656 locuto
883 2621 1041 2656 conferta
1079 2620 1215 2668 quidem
1246 2619 1426 2657 multitudo
1455 2617 1571 2654 nescio
1603 2615 1687 2664 quid

220 2665 363 2701 mixtum
385 2666 536 2701 confusis
559 2667 761 2702 acclamavit
782 2667 944 2709 vocibus,
976 2679 1066 2713 quae
1099 2667 1276 2703 declarare
1305 2667 1506 2703 viderentur
1539 2664 1687 2699 libenter

219 2722 259 2747 se
289 2712 341 2747 illi
366 2717 447 2759 post
478 2712 718 2759 imperatorem
749 2713 892 2756 subiici,
932 2714 1125 2759 apparebat
1156 2725 1199 2748 ea
1228 2713 1300 2750 dici
1337 2711 1451 2748 studio
1488 2709 1687 2746 assentandi

218 2758 381 2804 principi.
429 2760 660 2805 congerebant
683 2763 719 2794 et
740 2759 778 2794 in
805 2760 1108 2806 protovestiarium
1129 2759 1319 2795 liberaliter
1341 2758 1483 2800 laudes,
1504 2756 1608 2792 etiam
1631 2756 1687 2791 in-

220 2803 397 2848 vidiosas,
430 2805 571 2850 dignum
594 2805 758 2841 videlicet
791 2816 866 2840 eum
895 2806 953 2852 qui
978 2806 1066 2853 ipsis
1087 2807 1274 2852 imperaret
1296 2804 1549 2852 praedicantes.
1595 2813 1688 2848 quae

218 2851 328 2895 magis
359 2851 583 2887 servientium
612 2852 758 2899 tempori
781 2856 818 2887 et
839 2851 970 2887 liberae
1000 2852 1168 2888 orationis
1191 2852 1343 2900 pericula
1365 2849 1560 2887 caventium
1582 2859 1688 2885 voces

218 2901 338 2941 erant,
371 2909 472 2945 quam
495 2910 585 2946 quae
606 2909 708 2936 veros
737 2898 922 2937 animorum
943 2909 1064 2936 sensus
1086 2899 1328 2947 exprimerent.
1371 2897 1572 2946 optimatum
1602 2905 1688 2932 vero
