1884 3262
275 195 374 245 742
625 194 646 232 s
675 191 988 239 OBSERVAT.
1021 187 1357 240 meumst

386 304 501 344 Ann'o
521 302 668 342 Christi
692 304 801 346 1267
821 301 954 355 cyclus
970 300 1088 341 lunae
1109 312 1178 340 seu
1194 313 1335 340 aureus
1352 299 1539 342 numerus
1555 304 1637 343 fuit
1657 303 1724 355 14,

275 368 411 415 epacta
443 365 490 411 3,
528 358 777 399 novilunium
813 358 924 397 civile
951 357 1057 397 inter
1083 358 1137 400 25
1165 364 1206 396 et
1227 360 1282 399 26
1308 357 1429 399 Maii.
1466 361 1599 412 cyclus
1635 361 1727 399 solis

276 420 356 459 fuit
390 419 463 465 16,
508 416 626 455 litera
655 413 895 454 dominicalis
921 415 955 453 B
981 420 1020 453 et
1051 413 1133 453 dies
1157 414 1212 456 25
1236 413 1330 454 Maii
1357 415 1537 455 incidit
1525 430 1567 456 m
1589 418 1727 457 seriam

305 479 472 513 uartam.

276 488 303 526 q
390 530 506 567 Anno
536 527 673 566 eodem
705 529 837 576 1267,
866 525 930 565 die
958 526 1014 570 25
1041 525 1150 576 Maii,
1179 526 1428 566 novilunium
1454 540 1595 567 verum
1622 530 1729 569 Con—

279 584 536 636 stantinopoli
564 584 640 623 fuit
670 582 896 634 sesquihora
923 589 1015 621 ante
1046 583 1270 624 meridiem:
1317 583 1386 622 sed
1420 583 1471 622 ob
1499 585 1731 636 parallaxim

278 641 535 693 longitudinis
563 640 639 679 suit
664 638 765 678 hora
794 642 841 689 3,
870 639 1031 679 minutis
1056 641 1104 690 5,
1133 646 1224 678 ante
1248 640 1450 678 meridiem
1477 641 1557 679 sole
1578 648 1617 680 et
1638 642 1732 680 luna

279 698 529 738 versantibus
554 696 598 734 in
623 694 748 747 gradu
778 700 832 738 12
848 695 1123 737 Geminorum.
1179 696 1349 735 latitudo
1366 697 1483 734 lunae
1505 697 1676 736 Borealis
1693 703 1734 737 et

279 767 377 794 'vera
408 754 486 792 fuit
513 753 756 791 minutorum
780 754 847 792 19.
866 755 905 794 8.
962 752 1031 790 sed
1056 765 1247 804 apparens
1273 753 1324 791 ob
1344 753 1576 804 parallaxim
1596 755 1735 793 latitu-

279 811 386 849 dinis
409 810 486 848 fuit
515 808 707 847 Australis
733 813 773 846 et
795 808 1100 851 minutorum-3.
1127 811 1168 851 8.
1225 815 1375 848 summa
1397 815 1527 848 autem
1549 811 1736 849 semidia-

279 874 502 907 metrorum
518 866 608 904 solis
625 870 666 902 et
683 864 800 903 lunae
817 865 893 902 suit
911 865 1157 904 minutorum
1178 868 1245 908 30.
1267 866 1336 908 40.
1393 871 1434 904 et
1463 866 1554 905 solis
1587 867 1738 907 diame-

283 930 349 962 ter
376 924 528 974 integra
559 921 805 960 minutorum
833 924 900 963 31.
928 924 994 963 38.
1050 921 1217 972 ideoque
1245 921 1359 973 digiti
1384 922 1549 973 ecliptici
1578 926 1643 966 11.
1668 922 1736 966 25.

282 980 355 1018 sed
379 993 423 1017 eo
447 977 554 1030 quod
572 977 675 1016 radii
692 977 782 1016 solis
800 977 954 1027 oblique
970 977 1013 1016 in
1026 983 1174 1016 terram
1192 978 1405 1016 incidentes
1428 979 1614 1018 aliorsum
1635 993 1738 1032 pro-

286 1037 352 1075 cul
372 1050 393 1073 a
417 1035 565 1074 vertice
590 1033 947 1086 Constantinopolis
967 1035 1290 1084 reflecterentur,
1317 1047 1390 1073 nec
1416 1035 1586 1074 multum
1610 1039 1740 1075 acrem

284 1106 405 1144 supra
422 1091 591 1143 positum
607 1090 866 1137 illustrarent,
889 1090 972 1128 visa
991 1096 1050 1128 est
1067 1091 1216 1142 eclipsis
1235 1103 1358 1142 paene
1378 1091 1524 1142 totalis,
1547 1098 1588 1130 et
1607 1092 1740 1131 stellae

285 1148 484 1187 horizonti
506 1145 707 1197 propiores
724 1146 895 1195 aliaeque
916 1146 1086 1197 conspici
1107 1152 1336 1197 potuerunt.
1618 1165 1622 1170 ·

401 1205 461 1241 Ex
478 1215 564 1240 mea
582 1201 826 1252 Geographia
844 1201 1055 1239 reformata
1071 1215 1251 1254 suppono
1269 1202 1517 1242 altitudinem
1536 1204 1616 1255 poli
1633 1203 1740 1242 Con-

286 1258 562 1310 stantinopolis
587 1269 667 1295 esse
693 1257 802 1309 grad
823 1255 897 1298 42.
917 1256 992 1307 56,
1021 1262 1060 1295 et
1085 1257 1371 1310 longitudinem
1400 1272 1443 1296 a
1452 1260 1585 1298 Palma
1612 1259 1741 1299 insula

288 1317 599 1355 'fortunatarum
621 1326 679 1364 gr.
700 1314 764 1355 54
784 1315 853 1355 36-

403 1371 511 1420 Quid
536 1370 607 1408 sibi
631 1369 729 1408 velit
747 1370 960 1420 Gregoras‚
991 1375 1061 1408 aut
1078 1370 1220 1421 quibus
1237 1383 1288 1410 ex
1306 1332 1618 1423 ephemeridibus
1637 1371 1742 1411 hau-

290 1429 386 1467 serit
404 1428 525 1466 solem
542 1428 660 1466 fuisse
675 1432 773 1464 tunc
790 1426 832 1463 in
850 1431 992 1476 quarto
1007 1427 1134 1478 gradu
1151 1441 1218 1466 seu
1234 1434 1347 1480 parte
1365 1429 1618 1467 Geminorum
1630 1457 1642 1478 ,
1671 1440 1744 1480 pe-

288 1486 400 1524 nitus
426 1484 575 1535 ignoro.
631 1482 723 1520 licet
745 1482 848 1520 enim
873 1482 1338 1522 tabulaevastronomicae
1358 1485 1567 1536 insignium
1588 1484 1745 1523 mathe-

292 1541 526 1580 maticorum
550 1539 683 1591 paucis
702 1538 852 1588 aliquot
870 1538 1034 1578 minutis
1054 1539 1240 1579 dissidere
1255 1541 1406 1592 possint
1431 1555 1453 1579 a
1471 1542 1584 1591 meis,
1611 1541 1746 1580 multis

292 1605 428 1636 tamen
458 1597 641 1647 gradibus
672 1595 809 1634 nullae.
866 1601 972 1633 certe
1001 1596 1104 1634 enim
1126 1610 1229 1635 anno
1248 1597 1315 1635 illo
1341 1600 1448 1641 1267
1468 1598 1528 1636 sol
1549 1598 1747 1649 ingredie-

294 1655 414 1693 batur
433 1653 475 1690 in
494 1655 599 1704 signa
622 1651 787 1689 Zodiaei-
800 1651 935 1690 diebus
953 1654 978 1693 9
999 1659 1070 1691 aut
1093 1656 1144 1696 10
1162 1654 1274 1691 citius
1289 1667 1404 1704 quam
1424 1667 1532 1692 nunc
1547 1660 1636 1706 post
1655 1667 1748 1693 cor-

293 1711 509 1750 rectionem
526 1707 805 1758 Gregorianam
820 1708 1051 1747 kalendarii.
1107 1723 1214 1748 nunc
1235 1716 1366 1748 autem
1379 1711 1598 1762 ingreditur
1613 1711 1749 1749 Gemi-

297 1781 372 1806 nos
391 1766 453 1804 die
471 1768 523 1806 22
545 1769 614 1802 aut
635 1767 688 1806 23
708 1764 813 1804 Maii.
871 1777 961 1815 ergo
981 1771 1076 1804 tunc
1097 1766 1159 1804 die
1180 1769 1231 1808 18
1251 1773 1319 1804 aut
1337 1766 1387 1807 14
1409 1767 1574 1806 circiter.
1631 1770 1750 1819 atque

299 1823 398 1861 adeo
420 1822 481 1859 die
501 1823 553 1864 25
570 1819 660 1858 Maii
680 1826 762 1858 erat
777 1821 855 1858 iam
875 1821 918 1858 in
943 1823 991 1863 11
1014 1821 1078 1861 vel
1101 1826 1154 1865 12
1172 1822 1298 1873 gradu
1316 1823 1583 1867 Geminorum,

413 1878 520 1915 Haec
537 1877 614 1914 ille.
653 1876 792 1924 habes,
820 1877 964 1924 lector,
993 1877 1345 1916 eruditissimorum
1363 1879 1568 1919 hominum
1583 1886 1622 1919 et
1634 1892 1752 1932 prae-

303 1934 493 1972 stantium
518 1937 834 1970 astronomorum
861 1933 962 1970 circa
987 1933 1157 1983 eclipsim
1186 1947 1208 1969 a
1232 1934 1450 2000 Nicephoro
1471 1938 1640 1988 Gregora
1667 1949 1751 1976 me-

303 2004 393 2029 :mox
396 1996 500 2027 atam
521 1987 664 2026 iudicia
685 1994 724 2026 et
743 1988 971 2038 ratiocinia,
1002 2002 1101 2039 quae
1127 1995 1279 2028 tantam
1305 1993 1386 2029 eius
1405 1993 1586 2030 notitiam
1605 2005 1752 2044 suppe-

306 2047 439 2084 ditant
464 2051 611 2095 quanta
640 2044 767 2096 optari
795 2046 875 2082 fere
900 2050 1051 2095 potest,
1081 2051 1186 2083 certe
1205 2059 1303 2096 quae
1325 2047 1480 2086 abunde
1501 2049 1671 2087 sufficiat
1701 2048 1754 2088 ad

301 2115 423 2140 -usum
448 2107 629 2139 nostrum
655 2100 886 2151 insigniendi
906 2101 995 2138 anni
1018 2114 1095 2151 quo
1122 2103 1316 2141 Germano
1342 2104 1547 2143 abdicante
1567 2104 1754 2157 Iosephus

309 2157 536 2210 patriarcha
556 2162 614 2194 est
635 2164 807 2206 creatus,
837 2163 918 2194 tam
934 2157 1140 2196 v'luculento
1162 2158 1407 2211 charactere,
1435 2166 1481 2198 ut
1499 2161 1539 2199 in
1559 2174 1605 2199 eo
1623 2169 1651 2199 a'
1664 2173 1755 2199 cae·

310 2214 405 2252 teris
424 2212 678 2252 discernendo
694 2213 774 2252 labi
795 2213 974 2266 deinceps
992 2220 1062 2252 aut
1080 2214 1143 2254 vel
1159 2215 1332 2255 titubare
1353 2217 1558 2269 quisquam
1575 2222 1754 2270 nequeat.

755 2359 794 2408 c
828 2360 945 2408 A.P
980 2342 1104 2411 ΠΤ
1174 2361 1335 2411 v111.

374 2447 616 2501 Andronici,
647 2452 719 2502 qui
734 2450 927 2488 Michazli
943 2450 1134 2503 Augusto
1144 2454 1452 2505 primogenitu-9,
1477 2455 1522 2492 in
1538 2455 1703 2505 imperio
1741 2450 1746 2465 ⁵

323 2505 476 2556 collega
507 2513 542 2542 et
564 2514 660 2556 post
693 2508 779 2545 eius·
799 2507 963 2545 -obitum
988 2522 1190 2547 successor
1202 2510 1318 2561 suit,
1347 2511 1691 2563 aetas-,coniugii
1723 2515 1759 2548 et

459 2564 667 2599 evectionis
692 2565 735 2602 in
763 2565 973 2614 imperium
999 2571 1173 2616 tempus,
1195 2573 1522 2618 ‘caeterorumque
1538 2567 1623 2604 eius

805 2626 987 2658 actorum
1006 2620 1279 2674 chronologia.

436 2716 467 2755 I.
522 2717 698 2755 Michaeli
722 2718 947 2772 Palaeologo
966 2721 1033 2772 qui
1054 2722 1234 2761 successit
1255 2723 1296 2761 in
1318 2723 1481 2774 imperio
1503 2720 1761 2768 Andronicus,

328 2771 456 2813 senior
487 2773 534 2810 ab
565 2774 758 2812 historicis
789 2778 1068 2826 posterioribus
1102 2778 1230 2816 dictus
1264 2792 1314 2816 ex
1355 2777 1642 2830 comparatione
1673 2789 1764 2815 cum

326 2827 445 2878 ipsius
470 2836 620 2881 nepote.
637 2830 873 2870 Andronico
885 2833 1081 2884 iuniore,
1093 2835 1170 2874 avi
1179 2835 1220 2873 in
1236 2835 1400 2887 imperio
1420 2834 1579 2884 collega,
1607 2833 1765 2884 quicum
