1884 3262
442 218 518 261 DE
551 216 828 260 MICHAELE
860 216 1238 261 PALAEOLOGO
1275 218 1321 260 L.
1350 217 1426 261 IV.
1562 217 1658 262 273

191 331 233 375 δ’
272 330 512 377 ἇνακοπέντι
540 336 790 387 καθυφεῖναι
822 334 899 386 τῆς
929 331 1071 385 πείρας
1089 332 1157 372 καὶ
1177 328 1452 385 ἀπραγμόνως
1470 332 1659 373 ἐντεῦθεν

189 397 351 455 διάγειν.
425 399 530 442 ἀλλὰ
557 404 692 442 ταῦτα
712 401 788 454 μὲν
809 398 1030 453 πρότερον·
1072 389 1164 441 τότε
1183 400 1228 441 δὲ
1249 400 1392 442 πολλοὶ
1413 395 1495 442 τῶν
1511 415 1555 442 τε
1573 417 1652 454 μο·
1675 406 1706 440 D

188 473 326 523 ναχῶν
343 470 411 511 καὶ
431 473 504 524 τῆς
525 468 712 518 λαώδους
730 469 880 522 μοίρας
898 466 1218 522 ἀποσχισθέντες
1235 467 1341 510 καθ’
1369 465 1523 518 αὖτοὺς
1541 485 1659 511 συνε-

188 537 379 594 λέγοντο,
424 536 523 593 ((μὴ
558 536 650 595 ἅψῃ
675 537 781 593 μηδὲ
809 537 909 593 θίγῃ
942 535 988 578 τὸ
1022 533 1262 591 παράπαν”
1283 536 1465 591 λέγοντες
1497 535 1585 586 ’(ὃς
1608 535 1660 578 ἂν

156 607 400 660 5συναινοίη
429 611 480 663 τῇ
513 605 752 659 καθαιρέσει
780 609 856 647 τοῦ
889 601 1143 660 πατριάρχου
1173 602 1199 657 ἢ
1226 603 1310 658 μὴν
1336 606 1548 659 κοινωνοίη
1571 611 1657 655 τοῖς

175 675 501 718 .συναινοῧσιν.”
570 673 666 717 ἀλλ’
705 672 727 717 ὃ
763 671 980 726 βασιλεύς,
1030 673 1114 715 ἐπεὶ
1147 671 1222 714 οὐκ
1251 667 1302 726 ἦν
1337 673 1414 728 τὴν
1443 674 1659 727 ἐκκλησίαν

189 742 444 797 ἀποίμαντον
480 745 702 796 διαμένειν,
740 749 828 789 τοῖς
862 742 937 794 μὲν
971 740 1222 796 ἀρχιερεῦσιν
1250 741 1373 797 ἐφῆκε
1400 742 1659 797 ψηφίζεσθαι

187 812 260 854 τὸν
281 814 420 868 σφίσιν
437 814 663 863 δοκοῦντα,
702 811 827 860 αὐτὸς
847 811 891 852 δὲ
910 808 1029 864 βαθύ
1057 827 1095 852 τι
1119 814 1328 864 συνορῶν,
1364 812 1431 852 καὶ
1458 810 1658 863 ἀναστέλ-

188 884 270 922 λειν
296 881 433 924 θέλων
461 880 514 923 τὰ
544 881 775 934 σχίσματα,
821 877 988 930 σύναξίν
1018 896 1060 921 τε
1092 878 1229 933 κοινὴν
1262 878 1548 934 παραγγέλλει,
1586 881 1652 921 καὶ
1679 882 1708 916 E

135 961 178 993 10
189 946 352 992 πάντων
376 950 418 991 ἓν
437 949 576 1007 ταύτῷ
598 949 870 1002 συλλεγέντων
891 948 935 990 ἐκ
957 951 1031 990 τοῦ
1053 944 1306 1001 παραθύρου
1325 952 1400 1002 τῆς
1418 946 1548 990 αὐτοῦ
1568 947 1660 990 κε’λ-

188 1021 285 1072 λης,
324 1017 346 1060 ὃ
378 1017 429 1072 δὴ
461 1019 527 1059 καὶ
558 1019 742 1072 σιδηροῖς
766 1020 890 1058 τοῦτο
918 1017 993 1069 μὲν
1021 1015 1182 1069 ὀρθίοις
1208 1019 1333 1058 τοῦτο
1366 1015 1411 1058 δ’
1433 1016 1660 1072 ἐγκαρσίαις

187 1087 586 1143 περιεὸρυφακτοῦτο
625 1093 713 1135 τοῖς
753 1083 903 1139 κάμαξι
924 1117 938 1136 ,
990 1082 1120 1140 λόγων
1165 1083 1315 1138 ἥπτετο
1359 1084 1464 1141 πρὸς
1507 1083 1660 1134 αὐτοῦς

186 1156 367 1198 τοιῶνδε.

330 1223 406 1268 11.
479 1221 616 1279 “'Eyu'a
634 1223 805 1276 νομίζω,
845 1217 877 1266 ὦ
897 1226 971 1277 τῆς
992 1221 1090 1276 ε’μῆς
1106 1221 1319 1274 βασιλείας
1338 1218 1538 1275 ὑπήκοοι,
1572 1239 1655 1278 μη-
1682 1234 1709 1268 Ρ
1737 1235 1800 1270 135

134 1301 175 1335 15
189 1291 285 1334 ὃὲνα
308 1297 391 1334 τῶν
411 1289 606 1334 ἁπάντων
630 1289 747 1346 ὑμῶν
768 1293 830 1333 ἐπὶ
852 1295 1052 1334 τοσοῦτον
1072 1288 1182 1345 ἥκειν
1210 1291 1534 1346 φρενοβλαβείας
1554 1290 1658 1333 ὥστε

186 1361 245 1416 μὴ
267 1359 402 1419 ἑαυτῷ
421 1358 631 1403 δύνασθαι
644 1364 832 1416 χρῆσθαι
859 1356 1084 1416 συμβούλῳ
1109 1358 1214 1400 ἀλλὰ
1235 1362 1293 1416 τῷ
1311 1358 1449 1408 πέλας.
1522 1360 1558 1401 εἰ
1580 1358 1658 1415 γὰρ

188 1431 255 1472 καὶ
287 1427 313 1483 ἢ
339 1429 453 1484 παρὰ
483 1433 566 1471 τῶν
599 1428 736 1472 ἄλλων
760 1428 891 1484 βουλὴ
911 1424 1213 1481 συλλαμβάνειν
1238 1427 1291 1469 τοὶ
1312 1430 1482 1469 πλεῖστα
1505 1427 1658 1484 πέφυκε

187 1505 276 1547 τοῖς
307 1498 620 1551 βουλευομένοις
657 1494 814 1555 (ταύτῃ
845 1496 924 1553 γὰρ
954 1497 1021 1538 καὶ
1047 1494 1261 1550 συμβουλὴ
1284 1495 1440 1550 λέγεται
1469 1496 1525 1545 εἷς
1553 1495 1657 1538 ταῦ-

187 1566 236 1609 τό
266 1566 552 1622 συναγομένων
584 1566 741 1621 ἀμφοῖν
773 1570 856 1608 τῶν
884 1563 1100 1621 βουλῶν),
1148 1562 1246 1605 ἀλλ’
1282 1562 1504 1619 ἀναγκαῖον
1530 1568 1653 1607 τοῦτο

132 1634 259 1691 flogcp’
283 1633 395 1684 ὅσοις
417 1634 484 1677 ἐπ’
505 1632 725 1693 ἀμφιβόλῳ
749 1640 875 1677 κεῖται
899 1633 947 1676 τὸ
968 1629 1268 1687 βουλευόμενον
1277 1665 1290 1684 ,
1326 1630 1382 1682 ὥς
1410 1631 1656 1689 ἀμφοτέρω-

189 1708 265 1746 θεν
295 1702 512 1759 λογισμούς
541 1701 787 1760 ι’σορρόπους
822 1706 1046 1754 κινεῖσθαι,
1097 1699 1172 1743 κᾶν
1202 1698 1346 1750 ὅποιάς
1379 1717 1441 1750 τις
1478 1698 1652 1756 ἅψηται.
1678 1710 1707 1743 Β

187 1908 403 1946 tentaverat,
435 1904 648 1940 constantius
680 1903 839 1948 deinceps
873 1902 1139 1948 amplectendam
1168 1901 1326 1936 domitum
1350 1902 1488 1947 repulsa
1510 1914 1655 1937 conver-

187 1958 262 1986 tere
291 1952 447 1986 animum.
493 1952 555 1985 sed
586 1951 671 1985 haec
702 1950 796 1996 prius
826 1953 1030 1983 evenerant:
1065 1954 1146 1982 tunc
1171 1954 1285 1983 autem
1312 1948 1408 1982 inulti
1441 1949 1596 1983 monachi
1620 1955 1655 1983 et

186 1997 264 2032 laici
292 2009 312 2030 e
342 1997 461 2042 plebe,
495 1997 736 2032 abscindentes
766 2007 842 2030 sese
873 2008 894 2031 a
924 1995 1151 2030 communione
1181 2005 1295 2028 eorum
1320 1994 1378 2039 qui
1410 1994 1654 2030 damnaverant

187 2042 386 2084 Arsenium,
428 2043 569 2078 seorsim
601 2047 854 2082 convenerunt,
890 2046 926 2075 et
956 2041 1098 2086 vulgare
1126 2051 1262 2075 carmen
1293 2039 1523 2074 aversantium
1555 2052 1654 2075 usum

186 2089 488 2135 commerciumque
521 2090 736 2135 profanorum
771 2087 995 2124 adhibendum
1030 2087 1095 2122 sibi
1125 2098 1215 2121 nunc
1238 2086 1281 2120 ad
1316 2086 1545 2120 excludendos
1568 2098 1590 2120 a
1612 2098 1651 2120 se

186 2135 335 2181 reliquos
369 2140 574 2177 sanxerunt,
609 2139 686 2169 “ne
707 2140 838 2169 tractes
850 2137 870 2150 '’
902 2133 1076 2175 dicentes,
1110 2136 1187 2167 “ne
1209 2138 1350 2176 tangas,
1384 2143 1427 2164 ne
1449 2131 1582 2165 omnino
1607 2133 1651 2166 ad

188 2181 289 2214 ullam
312 2182 563 2216 consuetudinis
584 2186 719 2226 partem
741 2180 901 2215 admittas
923 2179 1025 2214 ullum
1049 2190 1163 2214 eorum
1189 2179 1247 2224 qui
1271 2178 1326 2211 vel
1350 2177 1567 2222 patriarchae
1590 2189 1653 2211 ex-

188 2226 456 2261 auctorationem
488 2228 710 2271 probaverint
740 2227 792 2261 vel
824 2226 1050 2271 probantibus
1071 2222 1398 2259 communicaverint.
1412 2226 1433 2239 ''
1480 2226 1651 2259 caeterum

188 2273 375 2317 imperator
407 2273 601 2317 intelligens
624 2285 691 2308 non
714 2284 816 2318 posse
837 2271 984 2317 relinqui
1019 2271 1194 2305 ecclesiam
1218 2270 1293 2303 sine
1313 2273 1474 2312 pastore,
1511 2269 1651 2304 electio-

189 2329 265 2352 nem
283 2317 500 2362 patriarchae
524 2318 640 2353 liberis
660 2319 848 2353 antistitum
871 2317 1045 2362 suffragiis
1067 2315 1229 2362 permisit.
1263 2314 1342 2359 ipse
1364 2314 1464 2348 altius
1485 2319 1650 2360 reputans

188 2363 372 2410 perniciem
405 2364 621 2398 schismatum
635 2390 645 2408 ,
679 2365 708 2398 si
730 2375 831 2399 ruere
853 2363 912 2409 qui
934 2374 1052 2397 errare
1074 2361 1250 2407 coeperint
1281 2360 1454 2402 sinantur,
1489 2361 1650 2396 concione

188 2409 295 2444 omnis
318 2411 454 2454 generis
475 2410 644 2445 hominum
664 2414 804 2452 vocata,
830 2421 851 2443 e
871 2410 1023 2444 fenestra
1046 2407 1192 2442 cubiculi
1212 2407 1380 2441 clathrata
1398 2407 1509 2448 ferro,
1532 2412 1649 2442 rectas

186 2456 393 2490 transversis
424 2456 628 2490 decussatim
666 2456 880 2490 nectentibus
915 2455 1024 2499 virgis
1052 2453 1267 2499 invicemque
1298 2451 1334 2487 in
1367 2451 1472 2487 cratis
1505 2453 1648 2488 sormam

186 2502 362 2549 implexis,
386 2502 477 2536 hunc
501 2503 608 2536 ferme
630 2501 667 2536 in
688 2502 820 2536 modum
843 2501 1012 2535 disserere
1033 2510 1132 2534 orsus
1155 2503 1219 2534 est.

282 2550 336 2582 11.
383 2547 589 2594 “Equidem
609 2547 786 2589 existimo,
820 2558 841 2581 o
863 2558 937 2580 meo
958 2545 1100 2591 imperio
1123 2544 1282 2588 subiecti,
1315 2543 1480 2578 neminem
1503 2542 1648 2578 omnium

187 2597 337 2628 vestrum
369 2605 410 2628 eo
442 2594 608 2628 stultitiae
640 2593 864 2639 processisse,
898 2597 939 2626 ut
970 2603 1036 2626 uon
1067 2602 1130 2626 suo
1159 2591 1266 2636 ipsius
1288 2590 1349 2624 sed
1372 2589 1515 2624 alterius
1541 2590 1647 2624 solum

188 2640 239 2674 uti
269 2639 394 2685 possit·
412 2640 562 2675 consilio.
608 2639 674 2674 etsi
703 2639 791 2673 enim
821 2638 962 2672 aliorum
984 2637 1188 2672 senteutiam
1222 2635 1401 2682 exquirere
1424 2646 1466 2670 ac
1488 2646 1564 2669 cum
1587 2646 1650 2669 sua

189 2687 344 2720 conferre
376 2685 607 2721 deliberantes
635 2685 766 2727 solent,
797 2683 887 2718 unde
920 2685 1094 2718 Graecum
1125 2683 1266 2718 consilio
1297 2692 1417 2716 nomen
1447 2685 1558 2715 ortum
1581 2684 1646 2723 est,

188 2737 228 2766 ut
249 2730 438 2777 συμβουλή
461 2727 634 2767 diceretur
656 2730 754 2776 quasi
774 2729 1018 2764 sententiarum
1039 2729 1074 2764 in
1096 2741 1200 2764 unum
1223 2727 1358 2763 collatio
1389 2727 1530 2760 duarum
1543 2751 1555 2768 ‚
1593 2728 1648 2759 ta-

188 2789 264 2811 men
285 2777 323 2812 id
345 2782 477 2813 tantum
497 2779 608 2813 locum
630 2778 737 2812 habet
756 2776 793 2811 in
816 2776 919 2810 rebus
937 2786 1078 2822 quarum
1100 2775 1137 2810 iu
1159 2774 1317 2818 ambiguo
1333 2773 1460 2820 pendet
1472 2769 1647 2814 iudicium,

187 2823 324 2866 paribus
353 2824 525 2870 utrimque
558 2822 766 2868 argumentis
795 2822 910 2857 aiendi
937 2821 1151 2867 negandique
1180 2822 1348 2855 incertum
1374 2817 1524 2862 eligendi
1554 2817 1647 2851 arbi-

186 2868 289 2903 trium
321 2869 536 2905 librantibus.
579 2869 642 2904 ubi
675 2873 787 2904 autem
818 2867 908 2903 haud
939 2867 1052 2903 dubiis
1085 2868 1125 2902 in‘
1152 2867 1282 2902 lancem
1304 2865 1447 2900 alteram
1470 2862 1647 2914 momentis

241 2921 412 2967 Georgius
441 2922 665 2966 Pachymeres
698 2922 727 2956 Ι.
1316 2914 1369 2955 18
