1884 3262
700 197 804 242 ΠΒ.
829 197 884 243 Π.
941 197 1141 242 NOTAE
1554 200 1620 246 67
1622 196 1663 246 9³

191 307 253 346 rio
261 305 482 359 succendis.
538 306 600 345 his
620 306 800 345 omnibus
817 306 922 345 addo
940 308 1203 345 Cataneorum
1217 305 1528 358 imperitantium
1544 307 1654 347 Pho-

190 377 304 402 caeae
323 366 561 402 mentionem
582 364 698 402 etiam
715 369 849 402 extare
867 364 974 415 apud
991 364 1307 401 Cantacuzenum
1324 362 1387 405 l.2
1405 378 1437 403 c.
1447 367 1502 406 29
1519 369 1650 417 p.290

190 420 251 458 ed.
271 421 364 472 Reg.
383 421 454 469 ubi
472 420 656 469 eandem,
685 420 734 458 ut
753 427 938 471 apparet,
967 433 1050 458 rem
1068 433 1233 458 narrans
1253 433 1372 470 quam
1391 421 1570 471 superius
1582 435 1652 460 re-

187 477 350 515 tulimus
380 490 400 513 e
429 478 625 528 Gregora,
659 476 863 528 Mitylenes
890 476 1074 515 videlicet
1103 476 1399 527 occupationem
1430 490 1502 528 per
1527 479 1648 516 Cata-

185 546 279 571 neos
300 533 496 572 Phocaeae
513 533 668 583 regulos
685 534 847 581 saetam,
876 533 917 570 in
939 546 985 571 eo
1003 533 1164 571 videtur
1181 546 1200 569 a
1220 533 1393 583 Gregora
1412 533 1647 586 discrepare,

184 591 293 640 quod
312 591 460 629 factum
480 590 523 628 id
547 590 749 627 Dominico
769 589 952 627 Cataniae
971 588 1152 627 Andreae
1171 589 1254 627 filio
1274 589 1438 637 tribuit,
1468 604 1547 628 non
1569 605 1646 630 au-

183 652 263 684 tem
294 647 368 715 ipsi
397 646 576 685 Andreae
609 652 647 683 et
675 646 816 684 Iacobo
837 646 918 684 eius
938 646 1064 684 fratri.
1122 645 1244 684 verba
1264 646 1527 684 Cantacuzeni
1547 647 1646 686 haec

184 709 296 741 sunt:
324 699 546 773 ἠγγέλλετο
558 719 612 750 ως
636 702 860 754 Δομένικος
887 718 908 743 o
938 698 1133 755 Ἀνδρέου
1161 704 1236 742 τοῦ
1262 703 1469 751 Κατανία,
1504 700 1547 750 ὃς
1572 706 1646 754 τῆς

182 759 277 808 νέας
304 760 490 807 Φωκαίας
500 753 612 826 ἦρχε
633 759 826 811 βασιλέως
843 756 1093 827 παραδόντος
1107 756 1207 798 nato?
1222 756 1358 824 χάριν,
1394 761 1469 799 τοῦ
1494 775 1645 812 πατρος

181 813 294 874 αὐτῷ
322 811 604 864 ἀποθανόντος
624 813 867 868 κληρονόμος
884 819 956 864 τῆς
973 811 1112 863 ου’σίοις,ι
1132 811 1350 863 καταστάς,
1380 811 1571 863 πλούσιος
1598 815 1643 856 δὲ

180 867 256 924 ἦν,
285 877 369 921 τοῖς
400 868 573 926 χρήμασι
602 871 803 924 φυσηθεὶς
821 873 981 924 Λέσβον
1009 873 1248 924 διανοηθείη
1270 871 1466 923 Ῥωμαίων
1487 868 1642 923 ἀφελό-

182 944 301 981 μενος
322 930 468 970 ἰδίαν”
449 931 576 984 εαυτῷ
592 925 934 992 περι-ποιησασθαι
950 927 1169 981 ἡγεμονίαν
1188 934 1261 966 etc.
1319 941 1419 978 quae
1436 928 1490 965 ibi
1510 929 1640 979 pergit

180 999 363 1035 narrare,
393 986 536 1036 quibus
562 986 709 1036 egregie
733 984 1020 1026 confirmantur
1050 997 1148 1034 quae
1179 984 1228 1022 de
1247 984 1445 1022 Phocaeae
1473 985 1642 1024 dominis

178 1042 367 1080 beneficio
396 1043 681 1093 imperatorum
708 1041 1027 1092 Palaeologoium
1044 1041 1222 1079 Cataneis
1241 1040 1435 1088 diximus,
1461 1054 1642 1079 necessa-

176 1098 237 1136 rio
259 1098 310 1135 ad
327 1098 586 1150 supplendam
603 1099 644 1135 in
665 1097 742 1135 hoc
761 1098 848 1135 loco
868 1103 1025 1137 nostrae
1044 1096 1235 1135 historiae
1264 1093 1546 1150 ἀποσιώπησιν
1563 1099 1640 1136 Pa-

177 1154 392 1206 chymeris,
420 1155 588 1193 familiae
614 1168 757 1192 nomen
784 1154 998 1192 emittentis
1017 1155 1059 1191 in
1081 1153 1337 1192 memorando
1356 1153 1538 1192 Manuele
1560 1155 1639 1192 Za-

176 1210 334 1249 chariae
355 1211 458 1260 filio,
485 1212 614 1262 primo
637 1211 836 1249 Phocaeae
861 1222 1080 1262 possessore
1103 1222 1153 1248 ex
1173 1209 1420 1249 concessione
1437 1210 1638 1250 Michaelis

170 1268 493 1319 l‘alacologorum
515 1268 631 1319 primi
652 1267 832 1318 Augusti.

286 1366 325 1403 P.
343 1352 422 1394 421
447 1365 486 1390 v.
508 1350 571 1393 14.
628 1351 771 1389 Vocem
791 1346 1125 1402 ἑνσκευασᾶμενοι
1145 1363 1194 1388 ex
1211 1349 1384 1401 margine
1402 1350 1446 1388 in
1469 1356 1637 1390 contex-

174 1412 262 1446 tum
279 1409 414 1458 intuli,
445 1413 644 1460 expuncto
666 1404 922 1460 νηϊσᾶμενοι,
952 1407 1075 1446 verbo
1098 1406 1223 1446 nihili.

286 1506 325 1544 p.
343 1491 424 1534 429
445 1506 478 1531 c.
495 1495 534 1533 2.
594 1493 706 1540 Quae
733 1491 810 1530 hoc
839 1505 924 1543 cap.
950 1497 1167 1531 narrantur
1187 1490 1236 1529 de
1252 1490 1376 1529 Maria
1392 1491 1523 1542 regina
1542 1492 1642 1531 Bul-

171 1548 300 1600 garine
322 1549 364 1586 in
389 1549 631 1587 avunculum
651 1550 948 1600 imperatorem,
980 1548 1071 1586 odio
1103 1549 1208 1600 pacis
1235 1546 1483 1586 ecclesiarum
1513 1548 1562 1584 ab
1593 1561 1640 1587 eo

169 1611 424 1657 procuratae,
455 1606 653 1644 concitare
676 1606 878 1644 Sultanem
906 1605 1042 1655 Syriae
1067 1611 1255 1653 conante,
1284 1603 1395 1642 facile
1418 1604 1636 1643 ostendunt

169 1675 340 1714 pravum
367 1661 706 1700 schismaticorum
735 1662 929 1708 animum;
956 1661 1016 1699 uti
1044 1667 1084 1699 et
1102 1674 1203 1711 quae
1225 1660 1351 1712 capite
1366 1660 1562 1710 sequenti,
1592 1667 1635 1700 et

171 1718 353 1769 deinceps
378 1724 619 1768 narrantur,
648 1732 767 1769 quam
798 1718 967 1756 crudelis
992 1718 1111 1769 impia
1133 1717 1350 1755 facinorosa
1371 1715 1468 1754 haec
1488 1717 1631 1757 mulier

169 1775 290 1813 suerit
309 1775 600 1824 demonstrant5
629 1788 750 1826 quare
764 1775 832 1813 illa
856 1774 1092 1826 protectrice
1108 1773 1345 1812 schismatici
1361 1772 1523 1812 rebelles
1540 1773 1633 1825 glo--⁴

167 1830 322 1870 rientur
338 1831 452 1881 licet,
482 1831 600 1884 digno
622 1832 766 1884 patella
790 1831 989 1883 operculo.

277 1929 317 1967 p.
342 1913 426 1957 436
456 1930 488 1954 c.
516 1915 555 1958 5.
614 1915 726 1964 Quae
752 1915 819 1953 hic
839 1921 990 1954 ‘narrat
1020 1915 1301 1967 Pachymeres,
1328 1927 1370 1952 se
1398 1913 1625 1954 adhibitum

166 1973 215 2010 ab
242 1971 481 2024 imperatore
510 1972 561 2010 ad
591 1972 691 2010 clam
725 1972 1012 2024 explorandum
1043 1972 1184 2023 ecquid
1215 1970 1457 2009 Theodosius
1484 1984 1628 2009 mona-

166 2028 286 2077 chus,
316 2028 348 2066 si
373 2028 641 2067 Antiochenus
668 2028 893 2080 patriarcha
919 2029 1052 2078 fieret,
1089 2028 1308 2067 obstiturus
1337 2032 1438 2064 esset
1469 2027 1624 2077 negotio

166 2085 449 2123 conciliationis
470 2086 737 2133 ecclesiarum,
766 2098 850 2124 rem
865 2085 972 2123 illam
993 2098 1043 2122 ex
1062 2084 1227 2136 Augusti
1245 2082 1436 2120 sententia
1453 2083 1624 2133 gessisse,

166 2141 382 2179 ostendunt
398 2141 506 2179 hunc
522 2149 700 2180 nostrum
713 2171 724 2191 ,
754 2142 826 2180 etsi
847 2142 967 2180 tacito
987 2141 1137 2179 iudicio
1154 2139 1274 2178 animi
1291 2137 1491 2176 schismati
1509 2140 1624 2177 save-

164 2202 250 2247 ret,
277 2203 326 2235 ut
344 2197 469 2235 multa
489 2197 762 2237 demonstrant
781 2198 899 2236 huius
916 2197 1102 2236 historiae
1120 2197 1223 2245 loca,
1253 2201 1386 2234 tamen
1407 2195 1622 2247 imperato-

112 2284 117 2288 .
164 2254 221 2292 ris
242 2253 411 2292 consiliis
432 2254 513 2292 eius
532 2255 680 2305 generis
698 2254 808 2293 haud
823 2255 951 2306 palam
969 2254 1232 2292 adversatum.
1288 2252 1408 2290 immo
1434 2251 1628 2304 suspicari

164 2310 270 2348 forte
295 2324 377 2350 non
399 2311 595 2348 immerito
625 2324 823 2363 possemus
852 2324 940 2350 eum
971 2311 1130 2349 vivente
1161 2308 1351 2347 Michaele
1376 2321 1471 2346 vere
1500 2314 1540 2346 et
1567 2321 1619 2347 ex

165 2366 285 2405 animi
302 2368 361 2405 sui
379 2366 573 2405 sententia
592 2367 731 2406 favisse
744 2368 843 2419 paci,
859 2368 928 2405 sed
948 2367 1114 2405 eundem
1132 2365 1336 2404 historiam
1357 2364 1496 2402 deinde
1513 2364 1619 2403 hano

164 2423 398 2460 scribentem
427 2423 499 2462 sub
529 2422 780 2474 Andronico,
810 2424 878 2475 qui
900 2437 939 2461 se
958 2424 1102 2462 iterum
1127 2437 1149 2460 a
1170 2423 1347 2461 Romana
1369 2421 1526 2459 ecclesia
1546 2421 1618 2459 ab·

164 2479 281 2517 scidit
299 2480 467 2518 rescissis
485 2480 660 2535 paternis
679 2480 775 2520 actis
785 2510 801 2531 ‚,
826 2480 987 2521 servisse
1008 2480 1176 2533 tempori
1203 2478 1431 2521 revolutum
1444 2478 1487 2516 in
1500 2477 1617 2516 fami-

161 2536 276 2574 liares
295 2548 461 2579 errores,

274 2634 312 2672 p.
343 2619 425 2662 440
453 2633 494 2659 v.
521 2623 586 2663 13.
642 2635 687 2658 ex
715 2620 940 2659 canonibus
971 2619 1178 2673 quondam
1201 2634 1232 2661 α
1255 2621 1408 2659 Sicinio
1425 2619 1613 2670 perlatis.

162 2689 244 2714 non
267 2683 324 2715 est
349 2677 414 2715 hic
440 2677 603 2718 Sisinius
619 2677 685 2715 ille
703 2678 889 2728 antiquus
905 2677 1361 2729 constantinopolitanus
1377 2673 1616 2728 patriarcha,-

163 2732 232 2782 qui
249 2747 351 2772 anno
373 2733 517 2772 Christi
533 2735 616 2776 426
629 2733 760 2772 Attico
779 2735 975 2784 successit,
1004 2741 1052 2774 ut
1070 2740 1208 2773 narrat
1224 2736 1402 2772 Socrates
1419 2732 1445 2773 l.
1457 2735 1484 2773 7
1501 2744 1534 2769 c.
1545 2733 1615 2779 26,

161 2788 231 2826 sed
257 2791 375 2839 alius,
403 2797 451 2829 ut
475 2796 656 2843 apparet,
684 2791 798 2842 longe
820 2791 1032 2844 posterior,
1061 2791 1130 2842 qui
1151 2805 1254 2831 anno
1278 2790 1357 2828 Clu
1359 2787 1422 2826 isti
1441 2786 1521 2830 995
1539 2785 1613 2825 Ni·-

160 2845 271 2884 colao
305 2845 564 2899 Clu-ysobergi
591 2847 777 2887 suffectus
802 2853 873 2891 est.
927 2862 1020 2888 nam
1046 2848 1155 2888 hunc
1178 2848 1341 2887 Ioannes
1359 2842 1615 2896 europalates

1663 1097 1692 1133 P
1716 1095 1784 1134 476
