1846 3262
453 203 530 245 DE
563 199 842 245 MICHAELE
881 201 1259 246 PALAEOLOGO
1288 203 1337 246 L.
1366 201 1418 245 Π.
1564 202 1658 247 125

179 320 220 363 οἱ
242 319 329 374 περὶ
353 317 425 361 τὸν
439 313 732 373 Ἰατρόπουλον
750 313 992 372 Δημήτριον
1016 318 1082 359 καὶ
1103 317 1331 373 λογοθὲτην
1360 313 1453 360 τότε
1479 320 1564 359 τῶν
1597 318 1660 360 σι’-

180 387 368 444 κειακῶν)
392 385 542 440 δρῶσιν
563 386 712 443 αἴφνης
737 385 842 428 κατὰ
859 386 1010 441 γωνίαν
1031 384 1250 440 ἱστάμενον
1274 385 1425 442 ἀνδρὸς
1444 384 1571 428 πάλαι
1590 403 1659 429 τε·

179 462 362 507 θνεῶτος
391 458 586 510 λείψανον
621 454 845 511 ὁλόκληρον
878 455 944 496 καὶ
978 455 1024 497 τὸ
1060 460 1141 497 πᾶν
1173 454 1362 509 ὃλομελὲς
1380 489 1392 507 ,
1431 455 1584 511 γυμνὸν
1615 457 1657 506 ἒς

180 520 313 576 πόδας
340 528 383 569 ἔκ
415 529 609 582 κεφαλῆς.
681 523 762 579 εἶχε
784 524 829 566 δὲ
850 525 916 565 καὶ
946 525 1010 566 ἐπὶ
1037 523 1245 577 στόματος
1265 522 1454 578 καλάμην
1474 542 1657 578 ποιμενι-

145 601 252 652 5κῆς
273 594 475 653 σύριγγος,
514 597 569 639 εἷς
582 591 732 649 χλεύην
753 597 874 635 τινῶν
897 591 1005 636 οὕτω
1026 592 1284 648 ποιησάντων
1303 591 1364 643 οἷς
1385 593 1497 647 ἔμελε
1519 598 1654 650 θρεμ-

175 664 332 719 μάτων.
405 663 460 714 ὦς
487 666 511 706 δ
519 663 531 678 ²
554 662 709 712 ἰδόντες
729 660 967 715 ἐθαύμαζον
994 663 1068 716 μὲν
1089 663 1162 717 τὴν
1182 667 1258 705 τοῦ
1284 661 1482 715 λειψάνου
1503 660 1649 716 ὅλομέ-
1672 662 1703 696 Β

176 738 312 787 λειαν,
351 731 575 790 διηπόρουν
605 732 650 774 δὲ
683 725 732 774 οὗ
753 732 862 781 τινός
896 730 947 774 ἂν
970 733 1037 774 καὶ
1070 732 1130 787 εἴη
1161 730 1183 774 ὅ
1205 731 1395 787 πεπηγώς
1419 733 1567 782 ἐκεῖνος
1585 735 1653 775 καὶ

176 803 233 846 ἔτι
265 806 321 854 εἷς
349 808 470 857 σῶμα
501 798 797 853 συνιστάμενος
817 805 942 856 χοῦς,
981 799 1131 855 δρῶσιν
1161 801 1204 843 ἐκ
1226 803 1368 851 δεξιῶν
1392 801 1440 843 τὸ
1464 800 1650 858 κενῆριον

174 875 240 914 καὶ
263 872 330 915 ἐπ’
350 872 463 929 αὐτῷ
482 871 784 927 γεγραμμένους
801 872 967 925 στίχους
989 873 1218 926 δηλοῦντας
1241 870 1311 913 τὸν
1334 870 1530 924 κείμενον.
1597 866 1648 926 ἦν

122 936 316 994 ῙΟοῧτος,
355 939 410 991 ὥς
433 939 581 995 ἐδήλου
611 939 662 982 τὰ
684 938 934 995 γράμματα,
973 937 994 982 ὅ
1026 937 1390 995 Βουλγαροκτόνος
1416 941 1644 990 Βασίλειος.

171 1008 228 1060 ὥς
247 1013 271 1052 δ
278 1011 290 1026 '
313 1008 650 1065 ὑποστρέψαντες
675 1011 792 1065 σφίσι
811 1008 857 1051 τὸ
878 1009 1038 1051 θεαθὲν
1061 1014 1118 1067 τῷ
1136 1013 1303 1063 βασιλεῖ’
1320 1008 1642 1065 προσανέφερον,

170 1080 382 1132 οῗκτίζεται
414 1079 560 1122 αὐτίκα
592 1076 612 1120 ὃ
644 1076 859 1131 βασιλεύς,
905 1080 972 1120 καὶ
1005 1078 1174 1132 πίμψας
1206 1077 1363 1134 Σηρικᾶ
1392 1076 1640 1133 χρυσόσημα
1666 1085 1695 1120 C

167 1148 300 1191 πέπλα
311 1182 325 1202 ,
365 1148 423 1191 ἔτι
445 1149 490 1191 δὲ
507 1149 797 1198 ἐξαποστείλας
819 1146 915 1197 τοὺς
933 1145 1191 1202 ιεμνοπόλους
1208 1147 1283 1189 σὺν
1305 1146 1379 1190 οὐκ
1399 1147 1547 1203 ὀλίγοις
1567 1147 1643 1204 ἄρ-

161 1208 333 1272 χουσιν,
370 1216 453 1260 ὑπὸ
485 1220 618 1273 πολλῇ
651 1221 747 1273 τιμῇ
779 1219 846 1259 καὶ
883 1218 1142 1276 δορυφορίᾳ,
1178 1221 1364 1271 ψαλμοῖς
1394 1218 1462 1259 καὶ
1482 1216 1641 1272 ὕμνοις,

115 1293 157 1328 15
167 1286 450 1342 ἀνακομίζεται
472 1288 514 1329 ἓν
531 1285 643 1343 θήκῃ
665 1287 778 1345 τιμία
800 1285 902 1341 πρὸς
923 1286 995 1329 τὸν
1014 1289 1211 1329 Γαλατᾶν
1234 1286 1280 1329 τὸ
1303 1287 1524 1339 λείψανον,
1566 1286 1641 1329 κά-

165 1363 231 1398 κεΐ
243 1354 489 1413 προστάττει
516 1360 574 1414 τῷ
607 1355 774 1413 ἀδελφῷ
809 1353 1161 1411 σεβαστοκράτορι
1190 1356 1370 1398 ἐνθεῖναι
1391 1359 1442 1412 τῇ
1463 1355 1642 1415 σφετέρᾳ

163 1430 294 1483 σκηνῇ
321 1425 396 1480 τὴν
427 1422 587 1480 θήκη-ν,
626 1423 792 1473 πέπλοις
823 1441 866 1467 τε
888 1431 1059 1480 χρυσοῖς
1086 1422 1160 1466 ὕπ’
1183 1422 1394 1482 ἀκοιμήτῳ
1418 1426 1524 1480 φωτὶ
1548 1423 1641 1478 ἐχό-

161 1510 265 1548 μενα
285 1498 360 1549 τῆς
378 1495 527 1536 ἐκείνου
562 1497 781 1549 στρωμνῆς
811 1494 943 1536 θέντα
972 1498 1094 1548 τιμᾶν
1112 1500 1199 1542 τοῖς
1223 1491 1526 1549 προσήκουσιν,
1565 1494 1641 1543 ἕως

161 1562 316 1605 ἐκεῖθεν
337 1560 661 1618 ἀναχωρούντων
682 1561 819 1604 αὐτῶν
835 1565 891 1613 εἷς
907 1563 1144 1619 Σηλυβρίαν
1165 1564 1335 1617 ἐντίμως
1352 1564 1419 1605 καὶ
1435 1566 1634 1618 λαμπρῶς
1654 1576 1687 1611 D

107 1633 509 1687 ἓομετακομίσαντες
538 1633 581 1673 ἓν
610 1635 660 1687 τῇ
687 1636 762 1673 τοῦ
792 1636 978 1687 σωτῆρος
1008 1636 1251 1675 καταθεῖναι
1279 1635 1399 1688 μονῇ.
1481 1632 1636 1674 ἐκεῖθεν

159 1703 298 1745 τοίνυν
319 1698 687 1755 ἒπανακάμπτουσι
718 1700 821 1758 πρὸς
841 1700 888 1744 τό
916 1699 1145 1758 Νύμφαιον
1171 1704 1432 1744 καθιστῶντο
1453 1700 1505 1743 τὰ
1527 1700 1633 1744 κατὰ

155 1888 288 1924 ratione
311 1889 456 1935 quadam
481 1888 713 1924 aestimantes.
761 1892 838 1924 erat
867 1889 903 1924 in
934 1890 988 1925 his
1020 1891 1216 1936 Iatropulus
1239 1889 1432 1925 Demetrius
1455 1889 1628 1934 logotheta

155 1940 237 1970 tunc
260 1936 531 1970 domesticorum.
578 1936 628 1970 ita
661 1936 1026 1981 circumspectantibus
1050 1943 1191 1983 apparet
1214 1936 1396 1983 improviso
1419 1936 1454 1969 in
1479 1936 1627 1981 quodam

154 1982 278 2026 angulo
301 1989 396 2017 stans
431 1982 496 2016 viri
527 1982 606 2016 olim
642 1983 766 2017 mortui
788 1983 956 2026 cadaver,
985 1983 1154 2028 integrum
1179 1984 1279 2029 plane
1311 1995 1352 2018 ac
1375 1983 1532 2017 membris
1554 1983 1627 2017 suis

152 2029 304 2062 omnibus
328 2034 408 2075 apte
431 2028 691 2064 cohaerentibus
717 2034 887 2072 constans,
912 2030 1035 2064 nudum
1058 2042 1080 2065 a
1102 2030 1217 2076 capite
1243 2030 1286 2065 ad
1310 2029 1427 2075 pedes.
1476 2029 1624 2063 habebat

151 2079 265 2109 autem
289 2076 341 2110 ori
365 2075 503 2109 affixam
527 2085 667 2109 cannam
690 2075 893 2121 pastoritiae
915 2076 1072 2118 fistulae,
1096 2077 1242 2111 ludibrio
1266 2075 1475 2122 quorundam
1497 2085 1622 2119 greges

150 2120 230 2154 istic
253 2122 428 2155 stabulare
458 2122 577 2155 solitos
609 2123 808 2157 curantium.
858 2122 1070 2158 mirabantur
1093 2123 1152 2169 qui
1182 2124 1268 2157 haec
1291 2122 1451 2156 videbant
1474 2120 1620 2164 integri-

149 2169 256 2200 tatem
280 2167 434 2212 corporis
457 2179 502 2201 ex
525 2168 646 2211 longo,
672 2175 712 2203 ut
734 2170 944 2214 apparebat,
975 2169 1132 2204 exanimi.
1179 2169 1398 2214 ambigebant
1420 2171 1533 2201 autem
1557 2178 1619 2200 cu-

149 2211 202 2245 ius
223 2218 315 2247 esset
337 2213 420 2247 illud
443 2213 495 2247 sic
527 2214 634 2248 solide
668 2221 880 2260 compactum
912 2221 947 2249 et
971 2217 1147 2250 humanam
1171 2216 1281 2250 adhuc
1303 2216 1443 2249 sormam
1467 2213 1618 2247 retinens

149 2259 308 2293 cadaver.
358 2263 501 2294 cernunt
522 2271 544 2294 a
566 2260 694 2295 dextris
719 2262 910 2307 sepulcrum
935 2267 971 2297 et
991 2262 1175 2308 inscriptas
1197 2261 1262 2308 ipsi
1284 2261 1401 2295 literas
1424 2259 1616 2293 indicantes

146 2304 223 2349 quis
246 2305 295 2339 ibi
318 2305 490 2340 iacuisset.
537 2309 616 2340 erat
645 2314 758 2342 autem
797 2308 876 2350 hic,
906 2314 1008 2353 prout
1030 2309 1150 2343 literae
1181 2307 1444 2352 significabant,
1469 2305 1616 2340 Basilius

144 2350 428 2395 Bulgaroctonus.
475 2354 517 2385 ut
547 2364 631 2386 vero
656 2353 811 2396 reversi,
844 2355 925 2399 quid
958 2356 1148 2397 vidissent,
1183 2352 1382 2399 imperatori
1413 2352 1615 2393 retulerunt,

143 2397 359 2432 miseratione
380 2397 500 2432 intima
522 2402 634 2432 tactus
656 2399 732 2443 ille,
760 2402 918 2435 continuo
941 2402 1052 2436 missis
1075 2401 1206 2435 Sericis
1237 2411 1320 2434 auro
1350 2398 1491 2433 intextis
1514 2398 1614 2442 velis,

143 2444 341 2478 cantoribus
363 2454 497 2489 quoque
520 2455 562 2478 ac
586 2444 776 2492 principum
800 2459 865 2481 non
886 2448 1006 2493 paucis
1027 2448 1144 2482 eodem
1166 2458 1204 2481 se
1228 2447 1384 2480 conferre
1402 2444 1515 2488 iussis,
1538 2455 1614 2478 cum

141 2489 247 2523 multo
277 2490 405 2524 honore
438 2501 479 2524 ac
508 2490 695 2536 satellitio,
730 2492 869 2538 psalmis
900 2499 936 2528 et
967 2495 1096 2538 hymnis
1128 2492 1412 2539 personantibus,
1443 2491 1478 2525 in
1511 2491 1615 2525 theca

139 2535 295 2579 pretiosa
315 2537 445 2570 deferri
471 2537 607 2570 curavit
627 2538 664 2571 id
687 2550 811 2584 corpus
833 2539 868 2574 in
893 2545 1008 2574 castra
1030 2541 1074 2574 ad
1098 2540 1279 2581 Galatam;
1302 2543 1339 2573 et
1360 2537 1409 2572 ibi
1431 2537 1533 2571 fratri
1549 2548 1611 2571 suo

139 2581 408 2617 sebastocratori
442 2583 614 2617 mandavit
635 2586 675 2618 ut
697 2585 830 2619 thecam
856 2597 925 2631 qua
956 2589 1031 2620 erat
1054 2586 1223 2620 conditum
1245 2586 1279 2619 in
1306 2583 1526 2619 tabernaculo
1548 2594 1609 2616 suo

138 2633 296 2663 servaret
320 2628 406 2663 velis
429 2629 541 2663 aureis
566 2635 737 2674 opertam,
763 2636 799 2665 et
821 2632 953 2667 facibus
976 2633 1103 2667 circum
1127 2638 1230 2667 noctu
1255 2632 1380 2676 diuque
1407 2629 1609 2670 lucentibus,

137 2683 247 2718 prope
269 2685 365 2709 suum
388 2675 496 2721 ipsius
515 2680 681 2718 stratum,
706 2689 747 2711 eo
770 2689 838 2724 quo
861 2690 926 2724 par
949 2683 1002 2713 est
1024 2679 1171 2722 honore,
1198 2679 1354 2713 haberet.
1397 2676 1518 2721 sicque
1539 2674 1610 2709 illic

137 2718 224 2761 fuit,
257 2721 370 2766 quoad
405 2722 503 2756 motis
534 2722 613 2756 inde
648 2723 772 2757 castris
803 2725 1002 2760 recedentes
1042 2725 1093 2759 illi
1130 2724 1323 2769 Selybriam
1360 2722 1534 2756 honoratis
1566 2731 1608 2755 ac

136 2764 324 2808 splendidis
347 2767 502 2813 exequiis
524 2773 716 2813 portarunt,
740 2769 799 2804 ubi
821 2770 1010 2816 depositum
1034 2776 1090 2806 est
1110 2771 1146 2805 in
1169 2769 1362 2806 Salvatoris
1384 2767 1600 2803 monasterio.

136 2810 406 2866 hinc-flexerunt
427 2825 548 2848 versus
571 2815 808 2861 Nymphaeum
830 2816 910 2860 iter,
934 2818 1008 2852 utili
1032 2817 1171 2852 consilio
1193 2816 1357 2863 pacandis
1380 2819 1511 2849 tractus
1527 2813 1600 2847 Oc-

135 2857 225 2892 cidux
245 2859 464 2895 tumultibus:
498 2872 577 2896 nam
607 2873 792 2907 progressa
825 2873 934 2910 usque
955 2864 1171 2899 Orestiadem
1192 2869 1230 2898 et
1251 2863 1342 2898 ultra.
1362 2859 1542 2907 propinqui
1564 2862 1602 2894 et
