1846 3262
480 190 557 232 DE
583 189 861 232 MlCHAELE
887 187 1262 234 PALAEOLOGO
1291 189 1337 232 L.
1363 189 1436 232 ΠΙ.
1582 189 1677 236 197

208 304 267 362 τῷ
298 301 463 362 πολέμῳ
497 302 832 359 κατηγωνίζοντο.
901 301 1006 360 πρὸς
1030 299 1193 354 τούτοις
1209 320 1252 347 τε
1271 301 1390 348 αὐτοὶ
1407 302 1482 359 μὲν
1499 297 1605 360 ἦσαν
1632 303 1675 347 ἐν

208 371 408 429 ἀσφαλεῖ,
445 369 522 414 κᾶν
553 370 575 415 ὅ
606 389 645 414 τι
670 378 822 415 ποιοῖεν
845 371 885 414 οἱ
902 370 981 422 ἔξω
998 371 1058 426 μὴ
1079 373 1309 427 ἐπαΐοντες,
1346 376 1406 431 τῷ
1427 378 1513 423 τοῖς
1531 369 1675 423 τόποις

208 443 566 497 κατωχυρῶσθαι,
600 439 678 483 κᾶν
705 441 868 490 πλείους
895 438 955 482 ἔτι
982 438 1303 496 προσβάλλοιεν·
1334 440 1454 485 οὐδὲν
1471 440 1551 499 γὰρ
1570 436 1621 498 ἦν
1645 439 1674 497 ἢ

208 509 361 560 αὗτούς
382 509 716 566 προσπίπτοντας
736 506 928 563 ἀλλήλοις
951 512 1003 566 τῇ
1030 506 1142 566 ῥύμῃ
1167 513 1252 552 τῶν
1277 507 1409 560 τόξων
1429 509 1534 566 μηδ’
1557 509 1671 554 ἀντι·
1694 514 1722 550 Ρ
1749 515 1811 551 131

173 585 317 634 5σχεῒν
355 577 524 632 ἔχοντας
551 575 916 635 παραπόλλυσθαι.
986 578 1162 627 ἐκείνους
1191 577 1241 621 δέ
1243 610 1258 631 ,
1307 577 1350 621 εἷ’
1368 575 1450 621 πού
1478 595 1578 623 ποτε
1606 580 1674 622 καὶ

203 651 436 705 μερισθεΐεν
462 646 570 690 κατὰ
593 647 733 704 χρείας
759 643 940 702 ἀνάγκην
948 679 962 698 ,
1008 645 1374 701 ἀπολελειμμένους
1395 646 1554 703 ὀλίγους
1575 645 1673 690 ἕκα-

204 720 361 771 σταχοῦ
387 713 629 759 κινδυνεύειν
653 715 886 769 συνέβαινεν
910 716 953 765 ἐξ
974 715 1109 764 αἰτίας
1133 719 1208 758 τοῦ
1226 714 1325 765 τοὺς
1342 715 1417 770 μὲν
1436 714 1511 771 τὴν
1526 712 1670 772 χώραν

203 785 309 841 πρὸς
340 783 478 833 αὐτῶν
508 783 675 840 ἔχοντας
699 785 767 826 καὶ
785 783 914 839 μηδὲν
932 785 987 834 εἷς
1007 784 1195 827 κίνδυνον
1209 783 1317 827 κατὰ
1335 780 1470 827 νώτου
1488 786 1670 841 προσδο-

202 858 361 904 κῶντας
379 852 526 908 ἔχοιεν,
562 852 866 909 τετραμμένους
882 851 987 908 πρὸς
1005 851 1103 903 τοὺς
1121 849 1331 910 πρόσθεν,
1369 852 1672 909 ἐπηλυγαζομέ-

148 933 193 968 10
204 939 301 972 νους
330 923 398 964 καὶ
427 918 603 971 τούτους
631 922 675 964 ἐκ
706 919 850 978 φόβων
878 921 1088 977 δένδρεσί,
1137 925 1449 978 κατολιγωρεῖν,
1493 920 1592 972 τοὺς
1624 922 1671 964 δὲ

201 992 522 1048 προσδοκῶντας
549 989 620 1047 ἐφ’
651 988 781 1032 ἅπασι
810 990 879 1032 καὶ
911 987 1046 1050 κύκλῳ
1076 989 1150 1033 τὸν
1179 991 1366 1033 κίνδυνον
1384 989 1670 1045 ἐκδεχομένους

200 1064 426 1116 πολυωρεΐν
436 1091 450 1111 ,
487 1060 557 1101 καὶ
587 1056 697 1102 οὕτω
723 1057 1019 1113 συχναῖς-ὅπου
1039 1059 1223 1115 παρείκοι
1237 1058 1476 1115 χρωμένους
1491 1064 1584 1109 ταῖς
1598 1058 1665 1102 ἐκ·
1687 1062 1718 1097 Β

200 1128 376 1185 δρομαΐς
403 1127 671 1170 ἐπεισπίπτειν
700 1129 768 1170 καὶ
797 1124 993 1184 ῥοπάλοις
1028 1127 1106 1186 (οὗ
1127 1127 1206 1184 γὰρ
1227 1125 1333 1182 εἶχον
1353 1125 1534 1177 ἅπαντες
1559 1125 1670 1170 σπά-

199 1195 311 1253 θας)
348 1197 711 1251 καταγωνίζεσθαι.
784 1194 894 1239 οὕτω
924 1200 1024 1253 γοῦν
1050 1197 1115 1239 ἐπὶ
1132 1195 1238 1240 πολὺ
1257 1200 1332 1240 τοῦ
1353 1195 1532 1250 πολέμου
1553 1212 1669 1239 συνι-

146 1277 188 1313 15
200 1264 405 1321 σταμένου
423 1267 493 1307 καὶ
508 1269 591 1308 τῶν
610 1260 862 1323 πραγμάτων
880 1264 1154 1323 τριβομένων,
1183 1265 1267 1308 ἐπεὶ
1287 1263 1362 1309 οὐκ
1380 1260 1430 1320 ἦν
1447 1265 1564 1323 σφίσι
1582 1281 1668 1320 μα·-

290 1398 327 1433 9.
353 1408 398 1432 an
419 1393 541 1442 ἔχεινῖ
561 1396 654 1444 quod
674 1396 877 1442 iungendum
896 1396 946 1432 illi
965 1397 1233 1443 κατολιγωρεῒν.

197 1510 316 1547 inultis
338 1509 559 1553 cadentibus,
580 1509 710 1544 tamdiu
731 1513 936 1556 pugnarent.
969 1511 1061 1545 inter
1081 1512 1169 1546 haec
1188 1515 1421 1546 montanorum
1443 1509 1571 1556 optimo
1591 1510 1668 1544 loco

198 1570 256 1593 res
279 1562 391 1592 erant.
437 1555 473 1590 in
495 1560 570 1590 tuto
592 1555 660 1602 ipsi
681 1557 841 1602 laresque
864 1569 906 1592 ac
928 1557 1072 1603 pignora
1093 1558 1262 1604 ipsorum,
1285 1568 1353 1591 non
1374 1556 1472 1590 modo
1497 1556 1586 1590 citra
1606 1555 1667 1590 teli

197 1604 343 1645 iactum,
380 1602 443 1637 sed
475 1603 599 1644 etiam,
633 1602 798 1648 quidquid
829 1603 920 1637 intus
954 1608 1116 1648 agerent,
1148 1608 1247 1637 extra
1278 1602 1434 1637 notitiam
1464 1605 1500 1636 et
1530 1612 1666 1636 sensum

197 1651 328 1685 frustra
350 1648 475 1683 dudum
506 1647 731 1683 obsidentium
758 1649 917 1691 stabant,
951 1649 1101 1683 naturali
1130 1649 1199 1683 situ
1230 1652 1267 1683 et
1296 1648 1483 1694 asperitate
1516 1647 1667 1682 locorum

197 1695 335 1731 abunde
357 1693 489 1729 muniti.
524 1698 767 1740 contraquam
790 1695 820 1729 si
842 1695 896 1729 vel
918 1694 1069 1729 insanire
1091 1694 1384 1740 oppugnatoribus
1406 1693 1532 1727 liberet
1553 1692 1666 1738 palam

197 1746 319 1776 contra
340 1739 480 1776 nitendo
506 1740 582 1774 acie
603 1741 791 1783 instructa,
825 1740 907 1787 quid
930 1740 1023 1775 aliud
1046 1752 1147 1787 quam
1167 1739 1381 1785 ignominiam
1403 1739 1524 1774 damno
1545 1749 1666 1773 cumu-

196 1788 330 1830 larent,
361 1797 426 1822 sua
456 1786 572 1831 capita
606 1797 670 1832 pro
702 1786 816 1832 scopis
849 1786 1070 1821 ostendentes
1099 1786 1388 1821 exercitatissimis
1421 1783 1589 1831 arquitis,
1620 1795 1664 1818 ex

196 1834 268 1868 alto
301 1836 337 1867 et
370 1835 445 1867 tuto
475 1832 511 1866 in
543 1832 682 1866 densam
713 1833 846 1867 turbam
869 1844 1038 1879 nunquam
1059 1833 1151 1867 iactu
1177 1832 1275 1867 irrito
1298 1831 1482 1866 vibraturis
1503 1829 1665 1876 spicula?

195 1878 318 1926 quodsi
350 1889 418 1913 non
447 1877 619 1913 universis
651 1878 750 1913 simul
779 1877 885 1924 copiis
906 1880 968 1914 sed
991 1890 1054 1925 per
1076 1878 1264 1924 manipulos
1285 1882 1486 1923 segregatos
1508 1881 1545 1910 et
1565 1887 1662 1910 seor-

195 1927 259 1961 sim
279 1924 446 1959 immissos
467 1928 662 1959 tentaretur
684 1924 856 1967 assultus,
887 1925 923 1959 id
954 1937 1090 1971 quoque
1121 1936 1197 1959 cum
1226 1925 1357 1958 frustra
1377 1928 1450 1957 tum
1472 1921 1662 1968 perniciose

195 1973 326 2006 factum
347 1970 391 2004 iri
413 1970 627 2016 experientia
651 1974 872 2005 monstrabat.
918 1982 996 2006 nam
1028 1971 1087 2017 qui
1109 1971 1272 2005 hactenus
1295 1970 1340 2004 ob
1362 1969 1511 2004 locorum
1537 1967 1663 2002 multos

196 2018 293 2054 simul
324 2027 392 2051 non
424 2016 628 2062 capientium
659 2017 836 2061 angustias
857 2017 1050 2052 necessario
1073 2016 1170 2051 divisi
1194 2028 1216 2051 a
1238 2015 1383 2051 caeteris
1405 2013 1547 2059 aggredi
1567 2025 1663 2048 mon-

195 2068 297 2098 tanos
317 2065 518 2105 voluerant,
541 2067 601 2097 aut
622 2062 657 2096 in
680 2067 805 2097 conatu
828 2063 1024 2098 ceciderant
1046 2067 1107 2098 aut
1128 2062 1215 2097 male
1236 2061 1371 2097 multati
1393 2060 1501 2094 coacti
1522 2060 1662 2094 fuerant

196 2109 370 2144 recedere.
416 2108 513 2143 cuius
543 2108 595 2143 rei
625 2119 730 2143 cansa
757 2114 853 2151 erat,
888 2110 980 2155 quod
1010 2109 1118 2144 nostri
1151 2107 1357 2143 conscientia
1378 2110 1567 2140 castrorum
1587 2105 1661 2139 late

196 2159 321 2190 cuncta
343 2165 432 2200 quae
461 2166 483 2189 a
506 2158 606 2199 tergo
629 2159 729 2189 erant
749 2155 974 2190 obsidentium
1004 2154 1242 2190 circumveniri
1264 2165 1330 2188 non
1351 2152 1530 2194 timentes,
1564 2152 1600 2184 et
1621 2150 1660 2185 in

197 2201 290 2236 solos
312 2211 355 2234 ex
377 2200 520 2235 adverso
543 2200 673 2246 positos
694 2201 816 2236 intenti
838 2202 975 2243 hostes,
1000 2213 1141 2247 qnorum
1163 2199 1320 2246 plerique
1342 2209 1408 2233 non
1431 2195 1661 2242 aspectabiles

196 2247 351 2281 latebant
369 2245 460 2280 inter
493 2258 605 2281 ramos
626 2248 786 2281 arborum
808 2251 846 2281 et
867 2247 1019 2282 latebras
1048 2246 1261 2281 familiarium
1284 2245 1466 2285 silvarum,
1491 2242 1580 2277 falsa
1601 2252 1659 2276 se-

196 2292 345 2327 curitate
374 2292 649 2337 provehebantur
669 2293 705 2326 in
726 2293 804 2328 loca
824 2294 914 2328 unde
935 2297 1095 2339 receptus
1117 2304 1184 2327 non
1208 2294 1320 2333 esset,
1350 2293 1534 2335 propterea
1565 2287 1657 2342 quod

195 2340 418 2373 observantes
449 2349 567 2373 eorum
596 2339 768 2374 incautum
798 2351 1016 2386 progressum
1051 2350 1094 2373 ex
1127 2337 1260 2372 occulto
1281 2335 1402 2371 rustici
1422 2333 1657 2380 eruptiombus

194 2384 271 2419 illos
293 2383 495 2429 opportunis
517 2395 539 2419 a
559 2384 668 2419 latere
689 2389 751 2419 aut
771 2396 793 2420 a
815 2390 934 2430 tergo,
957 2385 1047 2420 unde
1068 2383 1205 2418 minime
1225 2383 1427 2424 timebatur,
1451 2379 1559 2415 coorti
1574 2390 1655 2415 cae-

195 2431 334 2466 debant.
379 2440 483 2475 porro
505 2429 563 2464 ille
582 2430 658 2476 ipse
678 2434 788 2465 metus
814 2435 851 2466 et
871 2431 1048 2466 solicitudo
1078 2435 1330 2471 montanorum,
1365 2425 1593 2473 reputantium
1615 2436 1655 2460 se

194 2486 324 2523 paucos
356 2486 378 2509 a
411 2475 584 2520 plurimis,
613 2476 687 2510 loco
709 2487 776 2511 uno
799 2477 935 2512 clausos
957 2478 1000 2511 ab
1022 2475 1212 2511 universam
1232 2475 1303 2510 late
1326 2474 1453 2509 circum
1481 2472 1654 2517 regionem

195 2521 426 2557 obtinentibus
454 2521 594 2567 impeti,
624 2522 771 2557 acuebat
799 2534 916 2558 eorum
947 2522 1098 2568 vigiliam
1126 2522 1163 2556 in
1193 2519 1368 2562 excubiis,
1399 2531 1444 2554 ne
1466 2516 1610 2564 opprimi
1632 2528 1654 2550 a

196 2567 324 2603 nostris
343 2567 413 2602 ulla
434 2567 468 2602 in
490 2571 591 2614 parte
621 2567 804 2613 improviso
832 2573 984 2614 possent.
1029 2579 1072 2603 ac
1105 2579 1306 2613 quamquam
1334 2566 1467 2600 illorum
1498 2563 1654 2609 plerique

195 2618 352 2649 carentes
372 2614 510 2648 ensibus
532 2614 646 2648 clavas
668 2613 774 2648 solum
797 2622 834 2648 et
853 2614 996 2649 ramalia
1014 2613 1143 2648 nodosa
1164 2625 1228 2659 pro
1250 2612 1352 2648 armis
1373 2611 1562 2651 habebant,
1595 2613 1654 2642 ta-

195 2671 272 2695 men
294 2659 476 2695 adiuvante
495 2659 673 2706 iniquitate
693 2660 842 2694 locorum
864 2663 997 2695 nostros
1023 2663 1206 2706 utcumque
1236 2659 1363 2706 optime
1393 2659 1557 2698 armatos,
1588 2665 1654 2734 gaer

196 2709 278 2741 nota
298 2705 381 2751 ipsis
403 2706 608 2741 diverticula
629 2706 878 2751 deprehensos,
906 2706 1008 2742 facile
1030 2706 1265 2752 opprimebant
1286 2704 1543 2745 vincebantque.
1633 2711 1654 2734 c

195 2751 391 2786 conditione
417 2756 489 2787 tam
518 2751 616 2787 nobis
637 2752 799 2787 damnosa
819 2751 901 2787 belli
924 2763 998 2788 cum
1019 2754 1122 2798 longo
1143 2751 1214 2787 iam
1234 2754 1328 2786 esset
1348 2753 1502 2794 tempore
1523 2756 1654 2792 pugna-

198 2799 268 2832 tum
290 2809 354 2832 nec
374 2809 431 2832 res
453 2798 579 2833 exitum
600 2799 767 2841 haberet,
795 2797 888 2833 versi
912 2798 956 2834 ad
979 2803 1074 2833 artes
1096 2797 1223 2840 nostri,
1254 2796 1347 2842 quod
1368 2795 1422 2830 vis
1444 2803 1511 2828 non
1533 2803 1654 2828 succe-

197 2843 314 2890 deret,
347 2845 545 2880 tentandum
570 2844 637 2881 sibi
658 2847 846 2890 putarunt,
865 2843 896 2880 si
917 2855 1046 2891 pancos
1068 2843 1190 2880 saltem
1211 2842 1376 2885 hostium,
1398 2852 1440 2876 ac
1461 2850 1525 2886 per
1546 2837 1659 2874 vicem
