1846 3262
205 180 270 226 72
634 179 870 224 GEORGII
897 181 1251 226 PACHYMERIS

206 295 373 352 λέγοντι.
446 295 552 351 τρισὶ
591 293 670 351 γὰρ
709 292 852 350 μόνοις
892 296 1140 350 νομίσμασιν
1178 295 1284 339 κατὰ
1317 294 1392 346 τὰς
1432 293 1531 338 κατ’
1565 293 1677 339 οἶκον

203 365 344 421 χρείας
377 364 424 407 τὸ
453 363 583 407 ποσὸν
614 363 751 422 αὐτῷ,
796 362 862 407 ὅτε
889 362 1126 417 βασιλεύοι,
1171 362 1227 414 ὥς
1258 363 1387 421 ἔλεγε,
1424 365 1673 419 περιίστατο.

210 435 277 476 καὶ
306 433 377 476 τὸν
401 431 589 489 Ἄγγελον
619 432 799 490 ἀδελφὸν
826 432 926 476 ὄντα
957 438 1032 488 τῆς
1068 433 1197 476 αὐτοῦ
1216 437 1442 490 πενθερᾶς,
1482 432 1529 476 ὃν
1548 433 1677 489 μέγαν

211 499 470 558 πριμικήριον
493 501 618 551 αὐτὸς
636 499 884 555 βασιλεύσας
904 501 1130 555 ἀπέδειξεν,
1169 499 1300 545 ἐκάλει
1319 500 1528 557 παρόντα,
1568 501 1679 552 ὅπως

160 580 189 613 C
214 570 339 620 αὐτὸς
359 567 551 626 λαγχάνοι
568 569 672 628 παρ’
696 569 826 614 αὐτοῦ
846 572 960 621 δίκας
978 569 1081 627 ὑπὲρ
1112 575 1187 626 τῆς
1206 574 1280 626 τῆς
1306 570 1530 627 ἀδελφιδῆς
1557 581 1711 628 προι-5

210 640 280 689 κὸς
307 637 641 696 μαρτυρήσοντα.
712 639 894 690 κάκεῖνος
931 639 1046 696 ε’γγύς
1084 639 1302 697 παραστὰς
1328 636 1566 695 ἐμαρτύρει,
1611 640 1681 681 καὶ

210 706 326 763 ἡμεῖς
344 705 547 763 ἠκούομεν
568 708 754 764 λέγοντος
771 711 837 751 καὶ
856 707 977 765 ὅρκον
1000 709 1298 765 προστιθέντος
1329 715 1415 758 τοῖς
1437 708 1680 764 λεγομένοις.

211 774 303 820 ’τότε
331 781 549 833 τοιγαροῦν
578 778 676 827 τούς
709 775 912 830 πολλούς,
951 779 1019 820 καὶ
1048 782 1207 831 μᾶλλον
1227 775 1289 827 οἷς
1312 776 1464 833 εὐγενὲς
1482 777 1530 819 τὸ
1550 777 1678 833 γένος,

210 843 535 900 ὑποποιούμενος
554 853 740 902 παρεῖχεν
761 847 803 897 ἐξ
827 844 992 902 εὐλόγου
1017 848 1147 902 δῆθεν
1175 843 1421 903 προφάσεως
1447 849 1531 888 τῶν
1557 850 1681 899 βασι-

211 919 335 957 λικῶν
354 912 578 972 χρημάτων
603 913 867 968 ἀπόνασθαι,
904 914 1029 965 αὐτὸς
1052 916 1154 966 τέως
1171 913 1227 965 ὥς
1245 913 1322 970 εἶχε
1349 918 1564 971 συντηρῶν
1581 911 1680 956 ἕαυ-
1693 927 1737 962 10

159 987 191 1022 D
214 982 286 1027 τὸν
307 987 390 1027 τῶν
409 981 635 1039 λημμάτων
655 981 874 1040 ἀνώτερον.

353 1053 433 1098 26.
499 1051 565 1095 Ἐν
593 1049 777 1111 τοσούτῳ
804 1052 849 1094 δὲ
870 1052 936 1094 καὶ
956 1049 976 1094 ὃ
1000 1048 1256 1109 πατριάρχης
1286 1048 1363 1094 σύν
1380 1068 1423 1094 τε
1441 1057 1528 1100 τοῖς
1547 1049 1682 1107 ἐκκρί-

212 1137 300 1171 τοις
317 1125 391 1163 τοῦ
411 1117 561 1177 κλήρου
583 1123 650 1163 καὶ
670 1127 756 1170 τοῖς
774 1120 1001 1177 ἀρχιερεῦσι
1021 1128 1208 1177 παρεῖναι
1225 1118 1394 1174 ἠκούετο
1408 1133 1418 1143 ·
1452 1121 1519 1162 καὶ
1541 1118 1586 1168 ὃς
1605 1118 1684 1161 αὗ·-

164 1196 198 1231 Ε
222 1191 313 1232 τίκα
334 1188 489 1243 μαθών
507 1189 587 1246 πρὸ
608 1193 691 1232 τῶν
711 1189 845 1232 ἄλλων
865 1189 989 1239 αὐτὸς
1015 1187 1179 1249 ὑπαντᾷ
1200 1186 1437 1245 μακρόθεν,
1473 1187 1594 1243 τιμὴν
1609 1187 1684 1242 τὴν

213 1259 406 1314 μεγίστην
436 1256 734 1314 ἀφοσιούμενος
751 1262 809 1317 τῷ
837 1256 1069 1316 πατριάρχῃ
1091 1261 1157 1301 καὶ
1185 1260 1307 1300 παντὶ
1325 1261 1382 1316 τῷ
1397 1257 1497 1315 ’ἱερῷ
1515 1254 1682 1312 πληρώ-
1695 1267 1738 1303 15

214 1344 314 1381 ματι
327 1360 340 1379 ,
373 1327 471 1383 πεζῇ
494 1344 537 1370 τε
567 1329 746 1381 βαδίζων
772 1328 838 1370 καὶ
863 1327 940 1377 τὰς
957 1332 1029 1383 τῆς
1048 1325 1220 1382 ἡμιόνου
1246 1330 1321 1369 τοῦ
1339 1326 1475 1382 ἱερέως
1491 1324 1683 1380 χαλινοὺς

215 1396 418 1451 κατέχων,
456 1395 531 1446 ἕως
560 1398 627 1438 καὶ
667 1395 804 1439 αὐτῶν
840 1396 954 1446 ἐντὸς
991 1400 1075 1438 τῶν
1108 1393 1349 1452 ἀνακτόρων
1380 1392 1686 1451 προηγούμενος

216 1468 414 1524 καθιστᾷ.
483 1465 550 1507 καὶ
570 1465 620 1520 δὴ
642 1464 795 1519 σκηνὴν
812 1465 886 1518 μὲν
905 1464 1123 1519 βασιλικὴν
1146 1465 1296 1507 ἐκείνου
1318 1461 1436 1520 χάριν
1452 1461 1686 1517 ὑποστῆναι

217 1530 365 1575 κελεύει
379 1566 393 1587 ,
419 1531 518 1588 ἅμα
535 1534 610 1588 μὲν
630 1535 698 1576 καὶ
720 1533 826 1576 κατὰ
844 1533 919 1588 τὴν
953 1535 1008 1583 εἷς
1030 1535 1178 1576 ἐκεῖνον
1207 1530 1352 1588 τιμήν,
1390 1530 1625 1588 ὑποτρέχων
1643 1531 1686 1573 ἓν

216 1605 318 1645 πᾶσι
348 1603 415 1644 καὶ
444 1598 688 1659 θεραπεύων
705 1635 720 1656 ,
768 1600 856 1657 ἅμα
888 1603 932 1645 δὲ
947 1587 1027 1645 θ»καὶ
1053 1601 1094 1653 ἔς
1121 1599 1331 1659 πρόφασιν
1360 1600 1585 1657 ἀναγκαίαν
1609 1603 1683 1643 τοῦ
1694 1613 1745 1648 201

218 1668 320 1724 ἔχειν
346 1671 391 1712 ἐκ
421 1674 495 1713 τοῦ
528 1668 683 1730 ῥᾴστου
715 1668 947 1726 πλησιάζειν
976 1675 1035 1728 τῷ
1061 1675 1226 1724 βασιλεῖ
1239 1675 1314 1713 τοῦ
1335 1674 1480 1726 καιροῦ
1499 1667 1686 1718 διδόντος

100 1749 129 1783 Ρ
152 1749 198 1784 43
222 1738 349 1782 αὐτὸν
384 1739 533 1782 ἐκεῖνον
556 1739 628 1783 τὸν
657 1737 913 1797 πατριάρχην
948 1741 1152 1796 μηδεμιᾶς
1184 1737 1296 1797 ὥρας
1333 1743 1408 1782 τοῦ
1435 1741 1687 1796 κρατοῦντος

310 1848 344 1882 8.
368 1846 447 1893 οἷς]
472 1845 530 1888 οἷς
550 1845 595 1884 τὸ
620 1848 662 1884 Ρ.

219 1950 390 1995 imperans
412 1949 588 1986 domestici
611 1950 675 1986 sibi
697 1954 780 1998 quot
798 1951 918 1986 diebus
935 1962 1016 1987 usus
1037 1961 1152 1986 omnes
1166 1961 1333 1997 expensas
1356 1951 1464 1985 tribus
1486 1949 1569 1985 solis
1591 1962 1689 1985 num-

222 1996 286 2030 mis
313 2001 481 2032 constare.
529 2001 564 2031 et
587 1998 651 2032 hoc
672 1997 888 2033 iureiurando
912 1998 1132 2040 confirmavit,
1159 2009 1234 2032 cum
1259 1998 1294 2031 in
1321 1998 1466 2043 quadam
1484 1997 1547 2031 lite
1568 1997 1690 2031 fratris

221 2054 306 2077 suae
328 2053 445 2077 socrus
468 2044 606 2088 Angeli,
630 2056 729 2090 quem
750 2044 826 2090 ipse
846 2044 1018 2091 imperans
1040 2055 1196 2089 magnum
1220 2043 1446 2089 primicerium
1469 2042 1620 2085 creavit,
1645 2043 1690 2078 de

220 2088 301 2123 dote
323 2099 407 2122 suae
429 2089 542 2135 neptis
574 2089 697 2124 iudicio
721 2090 908 2133 certantis,
938 2096 1079 2136 rogatus
1101 2091 1138 2124 in
1161 2090 1387 2124 testimonium
1418 2089 1540 2123 adesse
1563 2100 1689 2134 grava-

221 2139 278 2168 tus
300 2145 367 2169 non
393 2135 535 2179 fuisset,
565 2140 601 2171 et
623 2148 666 2170 ea.
689 2147 778 2182 quae
799 2137 944 2171 diximus
968 2138 1120 2181 proferre
1142 2136 1207 2170 deo
1231 2137 1264 2170 in
1286 2139 1407 2170 testem
1429 2139 1565 2169 vocato.
1606 2141 1690 2169 tunc

221 2180 332 2225 igitur
354 2181 497 2224 multos,
519 2181 722 2228 praesertim
745 2194 871 2227 genere
893 2182 1036 2224 nobiles,
1058 2182 1162 2217 variis
1185 2181 1229 2215 ad
1252 2181 1285 2215 id
1309 2181 1476 2227 quaesitis
1498 2182 1691 2226 praetexti-

222 2227 308 2268 bus,
333 2230 369 2261 et
391 2227 587 2272 plausibiles
617 2228 834 2283 inspeciem
863 2229 1089 2275 praetendens
1122 2227 1240 2262 causas
1269 2227 1459 2270 donativis,
1493 2240 1513 2262 e
1550 2227 1688 2273 publico

223 2273 356 2306 curavit
379 2273 556 2318 honorari,
591 2273 667 2320 ipse
701 2275 838 2309 interim
867 2276 903 2309 iu
927 2280 1082 2320 egestate
1105 2274 1261 2308 familiari
1285 2284 1508 2319 permanens,
1531 2274 1690 2320 superior

224 2318 414 2364 cupiditate
437 2331 609 2366 purasque
632 2320 722 2354 omni
741 2332 844 2356 avaro
868 2327 1026 2356 contactu
1049 2331 1166 2355 manus
1191 2331 1343 2354 servans.

314 2365 370 2399 26.
416 2365 555 2400 Interim
577 2366 773 2412 patriarcha
793 2378 867 2401 cum
891 2367 1011 2402 electis
1034 2379 1076 2401 ex
1098 2366 1190 2400 clero
1214 2370 1251 2400 et
1273 2365 1537 2412 archiepiscopis
1561 2364 1690 2400 adven-

224 2413 302 2444 tare
326 2410 549 2454 audiebatur3
583 2412 674 2458 quod
697 2413 795 2447 simul
816 2413 1036 2458 Palaeologus
1060 2412 1244 2456 cognovit,
1276 2418 1355 2446 ante
1377 2423 1493 2446 omues
1512 2412 1592 2457 ipse
1614 2411 1691 2446 lou-

225 2455 364 2501 gissime
393 2457 563 2503 processit
591 2458 748 2502 obviam,
779 2459 865 2493 nihil
899 2459 943 2493 ad
977 2471 1137 2493 summam
1168 2463 1240 2492 tum
1262 2470 1346 2503 erga
1366 2457 1595 2503 patriarcham
1618 2462 1691 2492 tum

226 2513 311 2546 erga
333 2513 466 2537 sacrum
491 2504 666 2549 collegium
700 2505 950 2539 venerationem
982 2505 1046 2540 sibi
1081 2504 1202 2550 reliqui
1225 2505 1374 2547 faciens,
1399 2504 1525 2550 quippe
1547 2503 1606 2550 qui
1627 2515 1691 2549 pe·-

180 2570 191 2575 κ
226 2547 325 2583 dibus
357 2549 536 2592 incedens,
568 2550 738 2596 correptis
761 2562 862 2585 manu
893 2550 974 2585 muli
1008 2563 1074 2597 quo
1108 2550 1304 2598 patriarcha.
1327 2551 1514 2585 vehebatur
1537 2549 1692 2592 habenis,

228 2604 302 2628 eum
340 2606 446 2641 usque
481 2595 572 2630 intro
601 2596 765 2642 palatium
801 2597 928 2642 regium
958 2598 1115 2642 praeiens
1145 2597 1303 2639 duxerit,
1326 2600 1398 2630 tum
1420 2596 1469 2631 ibi
1492 2595 1691 2642 Augustalis

226 2640 400 2687 fastigium
431 2641 468 2675 in
498 2640 572 2676 eius
605 2641 750 2687 gratiam
780 2642 914 2678 demitti
942 2643 1103 2686 iusserit,
1144 2643 1242 2678 simul
1269 2643 1426 2677 discursu
1457 2653 1520 2688 per
1553 2654 1632 2678 sese
1651 2642 1691 2676 in

228 2698 355 2720 omnem
385 2691 515 2733 partem
549 2687 680 2723 solicito
712 2692 870 2734 satagens
900 2688 935 2724 in
967 2689 1122 2724 omnibus
1153 2700 1242 2735 quae
1265 2689 1308 2723 ad
1331 2689 1492 2723 honorem
1513 2688 1691 2723 faciebant

229 2732 390 2768 antistitis
414 2733 625 2779 praesentis,
646 2734 745 2768 simul
767 2735 869 2769 etiam
893 2735 1087 2769 necessario
1110 2736 1255 2780 fungens
1277 2735 1439 2781 obsequio
1462 2735 1587 2770 turbae
1609 2735 1690 2769 sub-

228 2779 431 2822 movendae,
453 2791 497 2814 ne
519 2780 602 2826 quid
624 2780 780 2815 obstaret
808 2781 984 2826 quominus
1007 2781 1106 2816 facile
1138 2783 1182 2816 ad
1213 2784 1401 2826 Augustum
1424 2781 1606 2815 accederet
1627 2792 1692 2826 pa-

227 2824 381 2860 triarcha
410 2825 444 2860 in
472 2826 548 2872 ipso
578 2830 747 2862 momento
780 2826 1013 2870 admissionis,
1044 2839 1086 2863 ao
1118 2828 1210 2863 nullo
1240 2827 1363 2863 deinde
1394 2831 1550 2875 tempore
1583 2827 1690 2862 abeo
