<?xml version="1.0" encoding="UTF-8"?>
<!DOCTYPE html PUBLIC "-//W3C//DTD XHTML 1.0 Transitional//EN"
    "http://www.w3.org/TR/xhtml1/DTD/xhtml1-transitional.dtd">
<html xmlns="http://www.w3.org/1999/xhtml" xml:lang="en" lang="en">
 <head>
  <title>
</title>
<meta http-equiv="Content-Type" content="text/html;charset=utf-8" />
  <meta name='ocr-system' content='tesseract 3.04.00' />
  <meta name='ocr-capabilities' content='ocr_page ocr_carea ocr_par ocr_line ocrx_word'/>
</head>
<body>
  <div class='ocr_page' id='page_1' title='image "./corpusscriptorum17niebuoft_0572.png"; bbox 0 0 1884 3262; ppageno 0'>
   <div class='ocr_carea' id='block_1_1' title="bbox 264 206 1325 255">
    <p class='ocr_par' dir='ltr' id='par_1_1' title="bbox 264 206 1325 255">
     <span class='ocr_line' id='line_1_1' title="bbox 264 206 1325 255; baseline -0.001 -1"><span class='ocrx_word' id='word_1_1' title='bbox 264 207 365 255; x_wconf 79' lang='lat'>554</span> <span class='ocrx_word' id='word_1_2' title='bbox 670 207 981 253; x_wconf 84' lang='lat' dir='ltr'><strong>OBSERVAT.</strong></span> <span class='ocrx_word' id='word_1_3' title='bbox 1014 206 1325 254; x_wconf 85' lang='lat' dir='ltr'><strong>PACHYMER.</strong></span> 
     </span>
    </p>
   </div>
   <div class='ocr_carea' id='block_1_2' title="bbox 119 315 1721 2906">
    <p class='ocr_par' dir='ltr' id='par_1_2' title="bbox 119 315 1721 2906">
     <span class='ocr_line' id='line_1_2' title="bbox 261 315 1718 370; baseline 0 -14"><span class='ocrx_word' id='word_1_4' title='bbox 261 318 372 357; x_wconf 85' lang='lat' dir='ltr'>hunc</span> <span class='ocrx_word' id='word_1_5' title='bbox 391 317 523 355; x_wconf 88' lang='lat' dir='ltr'>locum</span> <span class='ocrx_word' id='word_1_6' title='bbox 542 329 684 367; x_wconf 87' lang='lat' dir='ltr'>parum</span> <span class='ocrx_word' id='word_1_7' title='bbox 708 315 908 355; x_wconf 79' lang='lat' dir='ltr'>efficacem</span> <span class='ocrx_word' id='word_1_8' title='bbox 927 316 1057 355; x_wconf 83' lang='lat' dir='ltr'>visum</span> <span class='ocrx_word' id='word_1_9' title='bbox 1075 316 1125 355; x_wconf 85' lang='lat' dir='ltr'>iri</span> <span class='ocrx_word' id='word_1_10' title='bbox 1144 316 1195 355; x_wconf 84' lang='lat' dir='ltr'>ad</span> <span class='ocrx_word' id='word_1_11' title='bbox 1216 317 1531 357; x_wconf 84' lang='lat' dir='ltr'>confirmandum</span> <span class='ocrx_word' id='word_1_12' title='bbox 1549 318 1590 356; x_wconf 86' lang='lat' dir='ltr'>id</span> <span class='ocrx_word' id='word_1_13' title='bbox 1610 317 1718 370; x_wconf 86' lang='lat' dir='ltr'>quod</span> 
     </span>
     <span class='ocr_line' id='line_1_3' title="bbox 263 370 1716 426; baseline 0 -14"><span class='ocrx_word' id='word_1_14' title='bbox 263 374 373 423; x_wconf 83' lang='lat' dir='ltr'>dixi,</span> <span class='ocrx_word' id='word_1_15' title='bbox 406 373 455 411; x_wconf 87' lang='lat' dir='ltr'>de</span> <span class='ocrx_word' id='word_1_16' title='bbox 485 373 708 410; x_wconf 86' lang='lat' dir='ltr'>iuramento</span> <span class='ocrx_word' id='word_1_17' title='bbox 735 372 942 411; x_wconf 84' lang='lat' dir='ltr'>firmandis</span> <span class='ocrx_word' id='word_1_18' title='bbox 964 373 1091 425; x_wconf 85' lang='lat' dir='ltr'>pactis</span> <span class='ocrx_word' id='word_1_19' title='bbox 1109 387 1183 425; x_wconf 87' lang='lat' dir='ltr'>per</span> <span class='ocrx_word' id='word_1_20' title='bbox 1200 370 1387 426; x_wconf 76' lang='grc' dir='ltr'><strong><em>ἐγκόλπια</em></strong></span> <span class='ocrx_word' id='word_1_21' title='bbox 1404 375 1490 413; x_wconf 87' lang='lat' dir='ltr'>dari</span> <span class='ocrx_word' id='word_1_22' title='bbox 1511 376 1652 424; x_wconf 81' lang='lat' dir='ltr'>solito,</span> <span class='ocrx_word' id='word_1_23' title='bbox 1682 375 1716 412; x_wconf 89' lang='lat' dir='ltr'>si</span> 
     </span>
     <span class='ocr_line' id='line_1_4' title="bbox 260 428 1718 470; baseline 0 -2"><span class='ocrx_word' id='word_1_24' title='bbox 260 431 390 468; x_wconf 84' lang='lat' dir='ltr'>lector</span> <span class='ocrx_word' id='word_1_25' title='bbox 421 429 470 467; x_wconf 86' lang='lat' dir='ltr'>de</span> <span class='ocrx_word' id='word_1_26' title='bbox 500 428 577 466; x_wconf 84' lang='lat' dir='ltr'>isto</span> <span class='ocrx_word' id='word_1_27' title='bbox 607 430 871 467; x_wconf 85' lang='lat' dir='ltr'>Cantacuzeni</span> <span class='ocrx_word' id='word_1_28' title='bbox 896 430 1124 468; x_wconf 84' lang='lat' dir='ltr'>testimonio</span> <span class='ocrx_word' id='word_1_29' title='bbox 1147 429 1299 468; x_wconf 87' lang='lat' dir='ltr'>iudicet</span> <span class='ocrx_word' id='word_1_30' title='bbox 1318 443 1369 468; x_wconf 86' lang='lat' dir='ltr'>ex</span> <span class='ocrx_word' id='word_1_31' title='bbox 1385 431 1564 470; x_wconf 77' lang='lat' dir='ltr'><strong>versione</strong></span> <span class='ocrx_word' id='word_1_32' title='bbox 1582 431 1718 470; x_wconf 85' lang='lat' dir='ltr'>erudi-</span> 
     </span>
     <span class='ocr_line' id='line_1_5' title="bbox 258 485 1716 537; baseline 0.001 -13"><span class='ocrx_word' id='word_1_33' title='bbox 258 485 399 524; x_wconf 85' lang='lat' dir='ltr'>tissimi</span> <span class='ocrx_word' id='word_1_34' title='bbox 427 485 559 523; x_wconf 85' lang='lat' dir='ltr'>Iacobi</span> <span class='ocrx_word' id='word_1_35' title='bbox 588 486 755 524; x_wconf 76' lang='lat' dir='ltr'>Pontani</span> <span class='ocrx_word' id='word_1_36' title='bbox 779 486 918 524; x_wconf 76' lang='lat' dir='ltr'>nostri.</span> <span class='ocrx_word' id='word_1_37' title='bbox 973 487 1007 524; x_wconf 91' lang='lat' dir='ltr'>is</span> <span class='ocrx_word' id='word_1_38' title='bbox 1029 486 1132 524; x_wconf 81' lang='lat' dir='ltr'>enim</span> <span class='ocrx_word' id='word_1_39' title='bbox 1154 485 1255 524; x_wconf 85' lang='lat' dir='ltr'>nihil</span> <span class='ocrx_word' id='word_1_40' title='bbox 1277 485 1332 524; x_wconf 88' lang='lat' dir='ltr'>ibi</span> <span class='ocrx_word' id='word_1_41' title='bbox 1350 487 1527 537; x_wconf 83' lang='lat' dir='ltr'>agnoscit</span> <span class='ocrx_word' id='word_1_42' title='bbox 1547 500 1716 536; x_wconf 85' lang='lat' dir='ltr'>sacrum,</span> 
     </span>
     <span class='ocr_line' id='line_1_6' title="bbox 262 541 1716 595; baseline 0 -15"><span class='ocrx_word' id='word_1_43' title='bbox 262 542 313 580; x_wconf 85' lang='lat' dir='ltr'>ad</span> <span class='ocrx_word' id='word_1_44' title='bbox 337 541 497 580; x_wconf 84' lang='lat' dir='ltr'>civilem</span> <span class='ocrx_word' id='word_1_45' title='bbox 517 554 703 594; x_wconf 86' lang='lat' dir='ltr'>mereque</span> <span class='ocrx_word' id='word_1_46' title='bbox 726 541 938 581; x_wconf 82' lang='lat' dir='ltr'>humanam</span> <span class='ocrx_word' id='word_1_47' title='bbox 960 542 1273 581; x_wconf 86' lang='lat' dir='ltr'>observationem</span> <span class='ocrx_word' id='word_1_48' title='bbox 1297 549 1438 581; x_wconf 86' lang='lat' dir='ltr'>cuncta</span> <span class='ocrx_word' id='word_1_49' title='bbox 1463 542 1716 595; x_wconf 77' lang='lat' dir='ltr'>detorquens,</span> 
     </span>
     <span class='ocr_line' id='line_1_7' title="bbox 263 597 1715 652; baseline 0 -15"><span class='ocrx_word' id='word_1_50' title='bbox 263 599 359 637; x_wconf 89' lang='lat' dir='ltr'>dum</span> <span class='ocrx_word' id='word_1_51' title='bbox 379 597 436 636; x_wconf 89' lang='lat' dir='ltr'>sic</span> <span class='ocrx_word' id='word_1_52' title='bbox 453 599 574 637; x_wconf 83' lang='lat' dir='ltr'>verba</span> <span class='ocrx_word' id='word_1_53' title='bbox 588 599 706 637; x_wconf 87' lang='lat' dir='ltr'>modo</span> <span class='ocrx_word' id='word_1_54' title='bbox 721 598 918 650; x_wconf 79' lang='lat' dir='ltr'>descripta</span> <span class='ocrx_word' id='word_1_55' title='bbox 937 599 1074 637; x_wconf 82' lang='lat' dir='ltr'>Latine</span> <span class='ocrx_word' id='word_1_56' title='bbox 1093 599 1250 639; x_wconf 82' lang='lat' dir='ltr'>reddit:</span> <span class='ocrx_word' id='word_1_57' title='bbox 1273 601 1520 650; x_wconf 72' lang='lat' dir='ltr'>paciscentes</span> <span class='ocrx_word' id='word_1_58' title='bbox 1536 602 1715 652; x_wconf 72' lang='lat' dir='ltr'>nuptias,</span> 
     </span>
     <span class='ocr_line' id='line_1_8' title="bbox 264 654 1719 708; baseline 0.001 -17"><span class='ocrx_word' id='word_1_59' title='bbox 264 662 300 692; x_wconf 74' lang='lat' dir='ltr'>et</span> <span class='ocrx_word' id='word_1_60' title='bbox 337 669 444 693; x_wconf 84' lang='lat' dir='ltr'>more</span> <span class='ocrx_word' id='word_1_61' title='bbox 469 656 656 693; x_wconf 79' lang='lat' dir='ltr'>Romano</span> <span class='ocrx_word' id='word_1_62' title='bbox 680 669 735 706; x_wconf 87' lang='lat' dir='ltr'>pr</span> <span class='ocrx_word' id='word_1_63' title='bbox 737 655 881 693; x_wconf 70' lang='lat' dir='ltr'>anubis</span> <span class='ocrx_word' id='word_1_64' title='bbox 910 655 1130 693; x_wconf 67' lang='lat' dir='ltr'>monilibus</span> <span class='ocrx_word' id='word_1_65' title='bbox 1165 655 1214 693; x_wconf 83' lang='lat' dir='ltr'>de</span> <span class='ocrx_word' id='word_1_66' title='bbox 1244 656 1346 693; x_wconf 90' lang='lat' dir='ltr'>collo</span> <span class='ocrx_word' id='word_1_67' title='bbox 1374 654 1586 708; x_wconf 74' lang='lat' dir='ltr'>gestandis</span> <span class='ocrx_word' id='word_1_68' title='bbox 1621 664 1719 694; x_wconf 80' lang='lat' dir='ltr'>acta</span> 
     </span>
     <span class='ocr_line' id='line_1_9' title="bbox 265 711 1718 764; baseline 0.001 -15"><span class='ocrx_word' id='word_1_69' title='bbox 265 713 557 763; x_wconf 81' lang='lat' dir='ltr'>confirmantes.</span> <span class='ocrx_word' id='word_1_70' title='bbox 613 725 704 750; x_wconf 87' lang='lat' dir='ltr'>cum</span> <span class='ocrx_word' id='word_1_71' title='bbox 723 712 771 750; x_wconf 81' lang='lat' dir='ltr'>ab</span> <span class='ocrx_word' id='word_1_72' title='bbox 788 712 895 750; x_wconf 91' lang='lat' dir='ltr'>omni</span> <span class='ocrx_word' id='word_1_73' title='bbox 912 711 1228 763; x_wconf 87' lang='lat' dir='ltr'>reprehendendi</span> <span class='ocrx_word' id='word_1_74' title='bbox 1247 725 1482 764; x_wconf 85' lang='lat' dir='ltr'><strong>quemquam</strong></span> <span class='ocrx_word' id='word_1_75' title='bbox 1500 712 1718 764; x_wconf 77' lang='lat' dir='ltr'>supercilio</span> 
     </span>
     <span class='ocr_line' id='line_1_10' title="bbox 263 767 1719 820; baseline 0.001 -15"><span class='ocrx_word' id='word_1_76' title='bbox 263 767 456 806; x_wconf 81' lang='lat' dir='ltr'>abhorreo</span> <span class='ocrx_word' id='word_1_77' title='bbox 478 774 645 819; x_wconf 82' lang='lat' dir='ltr'>natura,</span> <span class='ocrx_word' id='word_1_78' title='bbox 673 775 761 806; x_wconf 87' lang='lat' dir='ltr'>tum</span> <span class='ocrx_word' id='word_1_79' title='bbox 781 768 899 806; x_wconf 87' lang='lat' dir='ltr'>huius</span> <span class='ocrx_word' id='word_1_80' title='bbox 920 768 996 806; x_wconf 85' lang='lat' dir='ltr'>viri</span> <span class='ocrx_word' id='word_1_81' title='bbox 1014 769 1225 820; x_wconf 85' lang='lat' dir='ltr'>praecipua</span> <span class='ocrx_word' id='word_1_82' title='bbox 1251 781 1314 806; x_wconf 89' lang='lat' dir='ltr'>me</span> <span class='ocrx_word' id='word_1_83' title='bbox 1339 768 1490 807; x_wconf 86' lang='lat' dir='ltr'>dudum</span> <span class='ocrx_word' id='word_1_84' title='bbox 1518 769 1719 807; x_wconf 82' lang='lat' dir='ltr'>veneratio</span> 
     </span>
     <span class='ocr_line' id='line_1_11' title="bbox 261 824 1719 876; baseline -0.001 -13"><span class='ocrx_word' id='word_1_85' title='bbox 261 824 379 864; x_wconf 84' lang='lat' dir='ltr'>valde</span> <span class='ocrx_word' id='word_1_86' title='bbox 404 825 576 863; x_wconf 86' lang='lat' dir='ltr'>alienum</span> <span class='ocrx_word' id='word_1_87' title='bbox 605 825 703 863; x_wconf 78' lang='lat' dir='ltr'>facit</span> <span class='ocrx_word' id='word_1_88' title='bbox 736 825 784 863; x_wconf 88' lang='lat' dir='ltr'>ab</span> <span class='ocrx_word' id='word_1_89' title='bbox 814 824 894 863; x_wconf 88' lang='lat' dir='ltr'>eius</span> <span class='ocrx_word' id='word_1_90' title='bbox 922 825 1158 876; x_wconf 79' lang='lat' dir='ltr'>cogitatione</span> <span class='ocrx_word' id='word_1_91' title='bbox 1182 824 1409 875; x_wconf 84' lang='lat' dir='ltr'>sugillandi.</span> <span class='ocrx_word' id='word_1_92' title='bbox 1465 830 1597 863; x_wconf 84' lang='lat' dir='ltr'>tamen</span> <span class='ocrx_word' id='word_1_93' title='bbox 1623 826 1719 876; x_wconf 81' lang='lat' dir='ltr'>quia.</span> 
     </span>
     <span class='ocr_line' id='line_1_12' title="bbox 263 880 1719 933; baseline -0.001 -14"><span class='ocrx_word' id='word_1_94' title='bbox 263 881 411 920; x_wconf 82' lang='lat' dir='ltr'>veritas</span> <span class='ocrx_word' id='word_1_95' title='bbox 428 881 584 919; x_wconf 89' lang='lat' dir='ltr'>cunctis</span> <span class='ocrx_word' id='word_1_96' title='bbox 601 881 807 919; x_wconf 76' lang='lat' dir='ltr'>affectibus</span> <span class='ocrx_word' id='word_1_97' title='bbox 823 881 1007 931; x_wconf 78' lang='lat' dir='ltr'>antistat,</span> <span class='ocrx_word' id='word_1_98' title='bbox 1037 895 1119 920; x_wconf 89' lang='lat' dir='ltr'>non</span> <span class='ocrx_word' id='word_1_99' title='bbox 1140 895 1299 933; x_wconf 87' lang='lat' dir='ltr'>possum</span> <span class='ocrx_word' id='word_1_100' title='bbox 1319 880 1515 919; x_wconf 84' lang='lat' dir='ltr'>abstinere</span> <span class='ocrx_word' id='word_1_101' title='bbox 1531 880 1630 932; x_wconf 87' lang='lat' dir='ltr'>quin</span> <span class='ocrx_word' id='word_1_102' title='bbox 1650 880 1719 919; x_wconf 82' lang='lat' dir='ltr'>hio</span> 
     </span>
     <span class='ocr_line' id='line_1_13' title="bbox 263 937 1719 990; baseline 0.001 -15"><span class='ocrx_word' id='word_1_103' title='bbox 263 951 397 976; x_wconf 88' lang='lat' dir='ltr'>meum</span> <span class='ocrx_word' id='word_1_104' title='bbox 426 938 473 975; x_wconf 88' lang='lat' dir='ltr'>ab</span> <span class='ocrx_word' id='word_1_105' title='bbox 506 937 588 975; x_wconf 86' lang='lat' dir='ltr'>eius</span> <span class='ocrx_word' id='word_1_106' title='bbox 616 939 810 977; x_wconf 75' lang='lat' dir='ltr'>sententia</span> <span class='ocrx_word' id='word_1_107' title='bbox 832 938 1034 976; x_wconf 87' lang='lat' dir='ltr'>diversum</span> <span class='ocrx_word' id='word_1_108' title='bbox 1055 938 1246 976; x_wconf 87' lang='lat' dir='ltr'>iudicium</span> <span class='ocrx_word' id='word_1_109' title='bbox 1265 951 1507 990; x_wconf 87' lang='lat' dir='ltr'>proponam,</span> <span class='ocrx_word' id='word_1_110' title='bbox 1538 950 1719 989; x_wconf 85' lang='lat' dir='ltr'>praeser-</span> 
     </span>
     <span class='ocr_line' id='line_1_14' title="bbox 262 993 1717 1047; baseline -0.001 -15"><span class='ocrx_word' id='word_1_111' title='bbox 262 994 336 1033; x_wconf 82' lang='lat' dir='ltr'>tim</span> <span class='ocrx_word' id='word_1_112' title='bbox 368 1008 459 1032; x_wconf 89' lang='lat' dir='ltr'>cum</span> <span class='ocrx_word' id='word_1_113' title='bbox 489 994 601 1032; x_wconf 87' lang='lat' dir='ltr'>illum</span> <span class='ocrx_word' id='word_1_114' title='bbox 630 994 787 1032; x_wconf 83' lang='lat' dir='ltr'>videam</span> <span class='ocrx_word' id='word_1_115' title='bbox 813 1007 912 1046; x_wconf 85' lang='lat' dir='ltr'>quae</span> <span class='ocrx_word' id='word_1_116' title='bbox 932 995 974 1032; x_wconf 92' lang='lat' dir='ltr'>in</span> <span class='ocrx_word' id='word_1_117' title='bbox 995 993 1322 1047; x_wconf 83' lang='lat' dir='ltr'>interpretatione</span> <span class='ocrx_word' id='word_1_118' title='bbox 1342 993 1498 1046; x_wconf 86' lang='lat' dir='ltr'>posuit,</span> <span class='ocrx_word' id='word_1_119' title='bbox 1528 994 1647 1032; x_wconf 87' lang='lat' dir='ltr'>etiam</span> <span class='ocrx_word' id='word_1_120' title='bbox 1673 993 1717 1032; x_wconf 84' lang='lat' dir='ltr'>in</span> 
     </span>
     <span class='ocr_line' id='line_1_15' title="bbox 262 1050 1719 1102; baseline 0.001 -13"><span class='ocrx_word' id='word_1_121' title='bbox 262 1050 377 1089; x_wconf 85' lang='lat' dir='ltr'>Notis</span> <span class='ocrx_word' id='word_1_122' title='bbox 404 1050 601 1089; x_wconf 84' lang='lat' dir='ltr'>affirmare</span> <span class='ocrx_word' id='word_1_123' title='bbox 623 1050 906 1102; x_wconf 82' lang='lat' dir='ltr'>adstruereque</span> <span class='ocrx_word' id='word_1_124' title='bbox 921 1051 1167 1102; x_wconf 81' lang='lat' dir='ltr'>diligentius3</span> <span class='ocrx_word' id='word_1_125' title='bbox 1203 1064 1246 1088; x_wconf 89' lang='lat' dir='ltr'>ea</span> <span class='ocrx_word' id='word_1_126' title='bbox 1272 1065 1392 1102; x_wconf 88' lang='lat' dir='ltr'>porro</span> <span class='ocrx_word' id='word_1_127' title='bbox 1419 1050 1501 1088; x_wconf 81' lang='lat' dir='ltr'>sint</span> <span class='ocrx_word' id='word_1_128' title='bbox 1523 1050 1719 1090; x_wconf 75' lang='lat' dir='ltr'>eiusmodi</span> 
     </span>
     <span class='ocr_line' id='line_1_16' title="bbox 263 1106 1720 1158; baseline 0 -13"><span class='ocrx_word' id='word_1_129' title='bbox 263 1113 311 1145; x_wconf 85' lang='lat' dir='ltr'>ut</span> <span class='ocrx_word' id='word_1_130' title='bbox 341 1106 419 1145; x_wconf 89' lang='lat' dir='ltr'>nisi</span> <span class='ocrx_word' id='word_1_131' title='bbox 452 1113 739 1158; x_wconf 84' lang='lat' dir='ltr'>coarguantur,</span> <span class='ocrx_word' id='word_1_132' title='bbox 783 1107 916 1145; x_wconf 91' lang='lat' dir='ltr'>locum</span> <span class='ocrx_word' id='word_1_133' title='bbox 947 1114 1084 1146; x_wconf 89' lang='lat' dir='ltr'>tenere</span> <span class='ocrx_word' id='word_1_134' title='bbox 1118 1120 1234 1147; x_wconf 87' lang='lat' dir='ltr'>suum</span> <span class='ocrx_word' id='word_1_135' title='bbox 1258 1121 1305 1145; x_wconf 89' lang='lat' dir='ltr'>ac</span> <span class='ocrx_word' id='word_1_136' title='bbox 1332 1107 1492 1158; x_wconf 87' lang='lat' dir='ltr'>probari</span> <span class='ocrx_word' id='word_1_137' title='bbox 1519 1111 1720 1158; x_wconf 81' lang='lat' dir='ltr'>nequeant</span> 
     </span>
     <span class='ocr_line' id='line_1_17' title="bbox 264 1162 1718 1216; baseline -0.001 -14"><span class='ocrx_word' id='word_1_138' title='bbox 264 1176 366 1215; x_wconf 89' lang='lat' dir='ltr'>quae</span> <span class='ocrx_word' id='word_1_139' title='bbox 385 1170 522 1202; x_wconf 87' lang='lat' dir='ltr'>noster</span> <span class='ocrx_word' id='word_1_140' title='bbox 541 1163 802 1216; x_wconf 85' lang='lat' dir='ltr'>Pachymeres</span> <span class='ocrx_word' id='word_1_141' title='bbox 821 1163 889 1201; x_wconf 88' lang='lat' dir='ltr'>hic</span> <span class='ocrx_word' id='word_1_142' title='bbox 905 1163 1090 1203; x_wconf 85' lang='lat' dir='ltr'>affirmat.</span> <span class='ocrx_word' id='word_1_143' title='bbox 1132 1169 1312 1202; x_wconf 85' lang='lat' dir='ltr'>accenset</span> <span class='ocrx_word' id='word_1_144' title='bbox 1327 1163 1384 1202; x_wconf 90' lang='lat' dir='ltr'>ibi</span> <span class='ocrx_word' id='word_1_145' title='bbox 1405 1162 1593 1202; x_wconf 85' lang='lat' dir='ltr'>nimirum</span> <span class='ocrx_word' id='word_1_146' title='bbox 1610 1163 1718 1201; x_wconf 85' lang='lat' dir='ltr'>Pon·-</span> 
     </span>
     <span class='ocr_line' id='line_1_18' title="bbox 259 1217 1718 1274; baseline 0.001 -17"><span class='ocrx_word' id='word_1_147' title='bbox 259 1226 378 1258; x_wconf 81' lang='lat' dir='ltr'>tanus</span> <span class='ocrx_word' id='word_1_148' title='bbox 411 1217 601 1274; x_wconf 77' lang='grc' dir='ltr'><strong><em>ἔγκόλπια</em></strong></span> <span class='ocrx_word' id='word_1_149' title='bbox 641 1219 817 1273; x_wconf 80' lang='lat' dir='ltr'>nuptiali</span> <span class='ocrx_word' id='word_1_150' title='bbox 854 1220 1139 1272; x_wconf 65' lang='lat' dir='ltr'>supellectili,</span> <span class='ocrx_word' id='word_1_151' title='bbox 1163 1219 1313 1259; x_wconf 87' lang='lat' dir='ltr'>arrhas·</span> <span class='ocrx_word' id='word_1_152' title='bbox 1336 1225 1376 1258; x_wconf 89' lang='lat' dir='ltr'>et</span> <span class='ocrx_word' id='word_1_153' title='bbox 1411 1219 1594 1271; x_wconf 84' lang='lat' dir='ltr'>pronuba</span> <span class='ocrx_word' id='word_1_154' title='bbox 1623 1232 1718 1258; x_wconf 88' lang='lat' dir='ltr'>mu-</span> 
     </span>
     <span class='ocr_line' id='line_1_19' title="bbox 259 1275 1719 1329; baseline -0.001 -14"><span class='ocrx_word' id='word_1_155' title='bbox 259 1277 450 1326; x_wconf 87' lang='lat' dir='ltr'>nuscula,</span> <span class='ocrx_word' id='word_1_156' title='bbox 481 1290 525 1315; x_wconf 83' lang='lat' dir='ltr'>ea</span> <span class='ocrx_word' id='word_1_157' title='bbox 547 1277 828 1329; x_wconf 83' lang='lat' dir='ltr'>interpretans,</span> <span class='ocrx_word' id='word_1_158' title='bbox 851 1276 1031 1328; x_wconf 85' lang='lat' dir='ltr'>qualibus</span> <span class='ocrx_word' id='word_1_159' title='bbox 1047 1278 1124 1325; x_wconf 70' lang='lat' dir='ltr'>vir,</span> <span class='ocrx_word' id='word_1_160' title='bbox 1151 1275 1295 1328; x_wconf 88' lang='lat' dir='ltr'>inquit,</span> <span class='ocrx_word' id='word_1_161' title='bbox 1323 1289 1514 1326; x_wconf 79' lang='lat' dir='ltr'>sponsam</span> <span class='ocrx_word' id='word_1_162' title='bbox 1528 1289 1599 1313; x_wconf 81' lang='lat' dir='ltr'>seu</span> <span class='ocrx_word' id='word_1_163' title='bbox 1617 1289 1719 1313; x_wconf 81' lang='lat' dir='ltr'>uxo-</span> 
     </span>
     <span class='ocr_line' id='line_1_20' title="bbox 260 1332 1720 1386; baseline -0.001 -15"><span class='ocrx_word' id='word_1_164' title='bbox 260 1347 343 1371; x_wconf 85' lang='lat' dir='ltr'>rem</span> <span class='ocrx_word' id='word_1_165' title='bbox 370 1333 452 1370; x_wconf 76' lang='lat' dir='ltr'>sibi</span> <span class='ocrx_word' id='word_1_166' title='bbox 465 1334 668 1383; x_wconf 79' lang='lat' dir='ltr'>futuram</span> <span class='ocrx_word' id='word_1_167' title='bbox 694 1335 956 1386; x_wconf 79' lang='lat' dir='ltr'>oppignerare</span> <span class='ocrx_word' id='word_1_168' title='bbox 979 1332 1274 1386; x_wconf 79' lang='lat' dir='ltr'>quodammodo</span> <span class='ocrx_word' id='word_1_169' title='bbox 1305 1333 1521 1370; x_wconf 68' lang='lat' dir='ltr'>consuevit.</span> <span class='ocrx_word' id='word_1_170' title='bbox 1577 1336 1619 1371; x_wconf 87' lang='lat' dir='ltr'>et</span> <span class='ocrx_word' id='word_1_171' title='bbox 1642 1332 1720 1370; x_wconf 83' lang='lat' dir='ltr'>mi-</span> 
     </span>
     <span class='ocr_line' id='line_1_21' title="bbox 119 1388 1719 1437; baseline 0 -11"><span class='ocrx_word' id='word_1_172' title='bbox 119 1392 149 1426; x_wconf 81' lang='lat' dir='ltr'>P</span> <span class='ocrx_word' id='word_1_173' title='bbox 171 1393 237 1429; x_wconf 86' lang='lat'>379</span> <span class='ocrx_word' id='word_1_174' title='bbox 260 1403 352 1429; x_wconf 88' lang='lat' dir='ltr'>rum</span> <span class='ocrx_word' id='word_1_175' title='bbox 375 1389 511 1428; x_wconf 79' lang='lat' dir='ltr'>statim</span> <span class='ocrx_word' id='word_1_176' title='bbox 533 1390 576 1428; x_wconf 90' lang='lat' dir='ltr'>in</span> <span class='ocrx_word' id='word_1_177' title='bbox 602 1391 742 1429; x_wconf 86' lang='lat' dir='ltr'>talium</span> <span class='ocrx_word' id='word_1_178' title='bbox 771 1403 905 1429; x_wconf 86' lang='lat' dir='ltr'>rerum</span> <span class='ocrx_word' id='word_1_179' title='bbox 931 1403 1096 1428; x_wconf 87' lang='lat' dir='ltr'>numero</span> <span class='ocrx_word' id='word_1_180' title='bbox 1120 1388 1317 1428; x_wconf 87' lang='lat' dir='ltr'>nominari</span> <span class='ocrx_word' id='word_1_181' title='bbox 1333 1389 1548 1437; x_wconf 78' lang='lat' dir='ltr'>annulum,</span> <span class='ocrx_word' id='word_1_182' title='bbox 1578 1401 1719 1427; x_wconf 84' lang='lat' dir='ltr'>manus</span> 
     </span>
     <span class='ocr_line' id='line_1_22' title="bbox 261 1445 1720 1498; baseline -0.001 -14"><span class='ocrx_word' id='word_1_183' title='bbox 261 1447 402 1498; x_wconf 85' lang='lat' dir='ltr'>ntique</span> <span class='ocrx_word' id='word_1_184' title='bbox 423 1460 470 1484; x_wconf 82' lang='lat' dir='ltr'>ac</span> <span class='ocrx_word' id='word_1_185' title='bbox 488 1446 703 1498; x_wconf 85' lang='lat' dir='ltr'>digitorum</span> <span class='ocrx_word' id='word_1_186' title='bbox 723 1452 943 1497; x_wconf 77' lang='lat' dir='ltr'>gestamen,</span> <span class='ocrx_word' id='word_1_187' title='bbox 971 1460 1054 1485; x_wconf 87' lang='lat' dir='ltr'>non</span> <span class='ocrx_word' id='word_1_188' title='bbox 1075 1446 1186 1484; x_wconf 88' lang='lat' dir='ltr'>sinus</span> <span class='ocrx_word' id='word_1_189' title='bbox 1205 1459 1252 1484; x_wconf 89' lang='lat' dir='ltr'>ac</span> <span class='ocrx_word' id='word_1_190' title='bbox 1271 1445 1468 1498; x_wconf 84' lang='lat' dir='ltr'>pectoris,</span> <span class='ocrx_word' id='word_1_191' title='bbox 1495 1450 1617 1496; x_wconf 88' lang='lat' dir='ltr'>prout</span> <span class='ocrx_word' id='word_1_192' title='bbox 1636 1451 1720 1483; x_wconf 78' lang='lat' dir='ltr'>erat</span> 
     </span>
     <span class='ocr_line' id='line_1_23' title="bbox 265 1501 1721 1557; baseline -0.001 -16"><span class='ocrx_word' id='word_1_193' title='bbox 265 1515 448 1553; x_wconf 86' lang='lat' dir='ltr'>necesse,</span> <span class='ocrx_word' id='word_1_194' title='bbox 476 1508 524 1540; x_wconf 87' lang='lat' dir='ltr'>ut</span> <span class='ocrx_word' id='word_1_195' title='bbox 551 1503 602 1541; x_wconf 90' lang='lat' dir='ltr'>ad</span> <span class='ocrx_word' id='word_1_196' title='bbox 634 1503 877 1557; x_wconf 79' lang='grc' dir='ltr'><strong><em>ἐγκολπίων,</em></strong></span> <span class='ocrx_word' id='word_1_197' title='bbox 900 1516 1036 1542; x_wconf 78' lang='lat' dir='ltr'>rerum</span> <span class='ocrx_word' id='word_1_198' title='bbox 1061 1516 1083 1542; x_wconf 91' lang='lat' dir='ltr'>e</span> <span class='ocrx_word' id='word_1_199' title='bbox 1114 1503 1216 1541; x_wconf 89' lang='lat' dir='ltr'>collo</span> <span class='ocrx_word' id='word_1_200' title='bbox 1233 1502 1275 1540; x_wconf 89' lang='lat' dir='ltr'>in</span> <span class='ocrx_word' id='word_1_201' title='bbox 1294 1502 1424 1541; x_wconf 83' lang='lat' dir='ltr'>sinum</span> <span class='ocrx_word' id='word_1_202' title='bbox 1447 1501 1721 1552; x_wconf 76' lang='lat' dir='ltr'>pendentium,</span> 
     </span>
     <span class='ocr_line' id='line_1_24' title="bbox 265 1557 1719 1609; baseline -0.002 -11"><span class='ocrx_word' id='word_1_203' title='bbox 265 1560 430 1598; x_wconf 81' lang='lat' dir='ltr'>classem</span> <span class='ocrx_word' id='word_1_204' title='bbox 457 1559 686 1601; x_wconf 81' lang='lat' dir='ltr'>referretur.</span> <span class='ocrx_word' id='word_1_205' title='bbox 743 1566 880 1598; x_wconf 86' lang='lat' dir='ltr'>contra</span> <span class='ocrx_word' id='word_1_206' title='bbox 912 1573 955 1597; x_wconf 88' lang='lat' dir='ltr'>ea</span> <span class='ocrx_word' id='word_1_207' title='bbox 985 1573 1058 1598; x_wconf 85' lang='lat' dir='ltr'>nos</span> <span class='ocrx_word' id='word_1_208' title='bbox 1087 1560 1254 1598; x_wconf 84' lang='lat' dir='ltr'>dicimus</span> <span class='ocrx_word' id='word_1_209' title='bbox 1281 1572 1371 1598; x_wconf 88' lang='lat' dir='ltr'>cum</span> <span class='ocrx_word' id='word_1_210' title='bbox 1394 1564 1533 1596; x_wconf 84' lang='lat' dir='ltr'>nostro</span> <span class='ocrx_word' id='word_1_211' title='bbox 1560 1557 1719 1609; x_wconf 74' lang='lat' dir='ltr'>Pachy-</span> 
     </span>
     <span class='ocr_line' id='line_1_25' title="bbox 263 1612 1719 1668; baseline -0.003 -13"><span class='ocrx_word' id='word_1_212' title='bbox 263 1629 372 1655; x_wconf 89' lang='lat' dir='ltr'>mere</span> <span class='ocrx_word' id='word_1_213' title='bbox 402 1616 578 1666; x_wconf 84' lang='lat' dir='ltr'>vulgaris</span> <span class='ocrx_word' id='word_1_214' title='bbox 603 1629 699 1655; x_wconf 82' lang='lat' dir='ltr'>usus</span> <span class='ocrx_word' id='word_1_215' title='bbox 729 1630 775 1654; x_wconf 86' lang='lat' dir='ltr'>ac</span> <span class='ocrx_word' id='word_1_216' title='bbox 803 1615 1023 1668; x_wconf 83' lang='lat' dir='ltr'>promiscui</span> <span class='ocrx_word' id='word_1_217' title='bbox 1043 1612 1229 1668; x_wconf 79' lang='grc' dir='ltr'>ἔγκόλπια</span> <span class='ocrx_word' id='word_1_218' title='bbox 1249 1615 1390 1664; x_wconf 86' lang='lat' dir='ltr'>fuisse,</span> <span class='ocrx_word' id='word_1_219' title='bbox 1421 1613 1719 1666; x_wconf 83' lang='lat' dir='ltr'>plurimumque</span> 
     </span>
     <span class='ocr_line' id='line_1_26' title="bbox 266 1668 1719 1725; baseline -0.002 -14"><span class='ocrx_word' id='word_1_220' title='bbox 266 1686 289 1710; x_wconf 88' lang='lat' dir='ltr'>a</span> <span class='ocrx_word' id='word_1_221' title='bbox 318 1686 414 1711; x_wconf 82' lang='lat' dir='ltr'>vero</span> <span class='ocrx_word' id='word_1_222' title='bbox 444 1672 648 1722; x_wconf 75' lang='lat' dir='ltr'>aberrare,</span> <span class='ocrx_word' id='word_1_223' title='bbox 676 1668 773 1711; x_wconf 82' lang='lat' dir='ltr'>talia</span> <span class='ocrx_word' id='word_1_224' title='bbox 793 1673 922 1711; x_wconf 89' lang='lat' dir='ltr'>solum</span> <span class='ocrx_word' id='word_1_225' title='bbox 940 1686 962 1710; x_wconf 89' lang='lat' dir='ltr'>a</span> <span class='ocrx_word' id='word_1_226' title='bbox 980 1673 1114 1725; x_wconf 85' lang='lat' dir='ltr'>procis</span> <span class='ocrx_word' id='word_1_227' title='bbox 1135 1673 1178 1710; x_wconf 91' lang='lat' dir='ltr'>in</span> <span class='ocrx_word' id='word_1_228' title='bbox 1199 1671 1375 1723; x_wconf 79' lang='lat' dir='ltr'>coniugii</span> <span class='ocrx_word' id='word_1_229' title='bbox 1393 1671 1533 1722; x_wconf 82' lang='lat' dir='ltr'>pignus</span> <span class='ocrx_word' id='word_1_230' title='bbox 1554 1670 1665 1720; x_wconf 85' lang='lat' dir='ltr'>data,</span> <span class='ocrx_word' id='word_1_231' title='bbox 1694 1683 1719 1708; x_wconf 87' lang='lat' dir='ltr'>a</span> 
     </span>
     <span class='ocr_line' id='line_1_27' title="bbox 264 1727 1720 1782; baseline -0.001 -16"><span class='ocrx_word' id='word_1_232' title='bbox 264 1729 360 1767; x_wconf 84' lang='lat' dir='ltr'>solis</span> <span class='ocrx_word' id='word_1_233' title='bbox 382 1735 544 1781; x_wconf 84' lang='lat' dir='ltr'>accepta</span> <span class='ocrx_word' id='word_1_234' title='bbox 561 1735 788 1782; x_wconf 79' lang='lat' dir='ltr'>gestataque</span> <span class='ocrx_word' id='word_1_235' title='bbox 807 1729 1130 1781; x_wconf 86' lang='lat' dir='ltr'>nupturientibus</span> <span class='ocrx_word' id='word_1_236' title='bbox 1150 1728 1270 1767; x_wconf 81' lang='lat' dir='ltr'>fuisse</span> <span class='ocrx_word' id='word_1_237' title='bbox 1290 1727 1460 1768; x_wconf 83' lang='lat' dir='ltr'>seminis.</span> <span class='ocrx_word' id='word_1_238' title='bbox 1518 1732 1720 1780; x_wconf 69' lang='lat' dir='ltr'>praeterea</span> 
     </span>
     <span class='ocr_line' id='line_1_28' title="bbox 265 1784 1720 1837; baseline -0.001 -14"><span class='ocrx_word' id='word_1_239' title='bbox 265 1785 543 1824; x_wconf 83' lang='lat' dir='ltr'>contendimus</span> <span class='ocrx_word' id='word_1_240' title='bbox 567 1786 772 1837; x_wconf 84' lang='lat' dir='ltr'>religionis</span> <span class='ocrx_word' id='word_1_241' title='bbox 799 1786 873 1824; x_wconf 83' lang='lat' dir='ltr'>ista</span> <span class='ocrx_word' id='word_1_242' title='bbox 902 1785 1096 1836; x_wconf 88' lang='lat' dir='ltr'>insignia,</span> <span class='ocrx_word' id='word_1_243' title='bbox 1125 1798 1204 1823; x_wconf 90' lang='lat' dir='ltr'>non</span> <span class='ocrx_word' id='word_1_244' title='bbox 1234 1784 1438 1823; x_wconf 86' lang='lat' dir='ltr'>muliebris</span> <span class='ocrx_word' id='word_1_245' title='bbox 1466 1788 1624 1822; x_wconf 79' lang='lat' dir='ltr'>tantum</span> <span class='ocrx_word' id='word_1_246' title='bbox 1647 1788 1720 1822; x_wconf 83' lang='lat' dir='ltr'>aut</span> 
     </span>
     <span class='ocr_line' id='line_1_29' title="bbox 263 1837 1719 1894; baseline -0.001 -14"><span class='ocrx_word' id='word_1_247' title='bbox 263 1841 397 1880; x_wconf 80' lang='lat' dir='ltr'>civilis</span> <span class='ocrx_word' id='word_1_248' title='bbox 412 1847 578 1880; x_wconf 82' lang='lat' dir='ltr'>ornatus·</span> <span class='ocrx_word' id='word_1_249' title='bbox 591 1842 751 1880; x_wconf 89' lang='lat' dir='ltr'>monilia</span> <span class='ocrx_word' id='word_1_250' title='bbox 771 1842 913 1892; x_wconf 80' lang='lat' dir='ltr'>fuisse3</span> <span class='ocrx_word' id='word_1_251' title='bbox 942 1843 1091 1894; x_wconf 86' lang='lat' dir='ltr'>quippe</span> <span class='ocrx_word' id='word_1_252' title='bbox 1108 1855 1208 1893; x_wconf 84' lang='lat' dir='ltr'>quae</span> <span class='ocrx_word' id='word_1_253' title='bbox 1227 1846 1323 1882; x_wconf 79' lang='grc' dir='ltr'><strong><em>θεῖα</em></strong></span> <span class='ocrx_word' id='word_1_254' title='bbox 1341 1837 1621 1892; x_wconf 74' lang='grc' dir='ltr'><strong><em>ἐπτυπῶμοιτα,</em></strong></span> <span class='ocrx_word' id='word_1_255' title='bbox 1650 1838 1719 1877; x_wconf 73' lang='grc' dir='ltr'>(Ιί-</span> 
     </span>
     <span class='ocr_line' id='line_1_30' title="bbox 263 1895 1715 1950; baseline -0.003 -14"><span class='ocrx_word' id='word_1_256' title='bbox 263 1900 384 1937; x_wconf 66' lang='lat' dir='ltr'>asinas</span> <span class='ocrx_word' id='word_1_257' title='bbox 389 1898 559 1949; x_wconf 79' lang='lat' dir='ltr'>formas</span> <span class='ocrx_word' id='word_1_258' title='bbox 577 1898 787 1950; x_wconf 86' lang='lat' dir='ltr'>impressas</span> <span class='ocrx_word' id='word_1_259' title='bbox 808 1904 877 1936; x_wconf 84' lang='lat' dir='ltr'>aut</span> <span class='ocrx_word' id='word_1_260' title='bbox 899 1898 1119 1950; x_wconf 80' lang='lat' dir='ltr'>insculptas</span> <span class='ocrx_word' id='word_1_261' title='bbox 1146 1898 1412 1949; x_wconf 81' lang='lat' dir='ltr'>praeferrent,</span> <span class='ocrx_word' id='word_1_262' title='bbox 1440 1902 1480 1934; x_wconf 89' lang='lat' dir='ltr'>et</span> <span class='ocrx_word' id='word_1_263' title='bbox 1498 1895 1638 1934; x_wconf 86' lang='lat' dir='ltr'>merito</span> <span class='ocrx_word' id='word_1_264' title='bbox 1654 1895 1715 1933; x_wconf 87' lang='lat' dir='ltr'>id-</span> 
     </span>
     <span class='ocr_line' id='line_1_31' title="bbox 263 1950 1717 2008; baseline -0.002 -16"><span class='ocrx_word' id='word_1_265' title='bbox 263 1954 372 1993; x_wconf 81' lang='lat' dir='ltr'>cireo</span> <span class='ocrx_word' id='word_1_266' title='bbox 397 1959 639 1993; x_wconf 80' lang='lat' dir='ltr'>vocarentur</span> <span class='ocrx_word' id='word_1_267' title='bbox 671 1951 758 2007; x_wconf 78' lang='grc' dir='ltr'><strong><em>ἱεροὶ</em></strong></span> <span class='ocrx_word' id='word_1_268' title='bbox 774 1950 1025 2008; x_wconf 79' lang='grc' dir='ltr'><strong><em>περιάμματα</em></strong></span> <span class='ocrx_word' id='word_1_269' title='bbox 1050 1967 1170 1991; x_wconf 79' lang='lat' dir='ltr'>sacra</span> <span class='ocrx_word' id='word_1_270' title='bbox 1190 1953 1385 1991; x_wconf 78' lang='lat' dir='ltr'>amuleta.</span> <span class='ocrx_word' id='word_1_271' title='bbox 1441 1958 1628 2004; x_wconf 83' lang='lat' dir='ltr'>putamus</span> <span class='ocrx_word' id='word_1_272' title='bbox 1647 1964 1717 1990; x_wconf 87' lang='lat' dir='ltr'>au-</span> 
     </span>
     <span class='ocr_line' id='line_1_32' title="bbox 262 2009 1717 2060; baseline -0.003 -11"><span class='ocrx_word' id='word_1_273' title='bbox 262 2013 345 2049; x_wconf 84' lang='lat' dir='ltr'>tem</span> <span class='ocrx_word' id='word_1_274' title='bbox 382 2009 519 2057; x_wconf 89' lang='lat' dir='ltr'>illum,</span> <span class='ocrx_word' id='word_1_275' title='bbox 557 2012 668 2049; x_wconf 87' lang='lat' dir='ltr'>cuius</span> <span class='ocrx_word' id='word_1_276' title='bbox 697 2012 992 2049; x_wconf 83' lang='lat' dir='ltr'>Cantacuzenus</span> <span class='ocrx_word' id='word_1_277' title='bbox 1024 2009 1221 2060; x_wconf 87' lang='lat' dir='ltr'>meminit,</span> <span class='ocrx_word' id='word_1_278' title='bbox 1258 2010 1538 2048; x_wconf 83' lang='lat' dir='ltr'>Romanorum</span> <span class='ocrx_word' id='word_1_279' title='bbox 1569 2021 1717 2046; x_wconf 85' lang='lat' dir='ltr'>morem</span> 
     </span>
     <span class='ocr_line' id='line_1_33' title="bbox 257 2062 1717 2119; baseline -0.003 -11.972"><span class='ocrx_word' id='word_1_280' title='bbox 257 2062 462 2119; x_wconf 80' lang='grc' dir='ltr'><strong><em>Ῥωμαίων</em></strong></span> <span class='ocrx_word' id='word_1_281' title='bbox 481 2066 578 2116; x_wconf 76' lang='grc' dir='ltr'><em>ἔθος</em></span> <span class='ocrx_word' id='word_1_282' title='bbox 596 2081 677 2106; x_wconf 89' lang='lat' dir='ltr'>non</span> <span class='ocrx_word' id='word_1_283' title='bbox 697 2067 748 2106; x_wconf 88' lang='lat' dir='ltr'>ad</span> <span class='ocrx_word' id='word_1_284' title='bbox 768 2074 885 2119; x_wconf 87' lang='lat' dir='ltr'>pacta</span> <span class='ocrx_word' id='word_1_285' title='bbox 905 2066 1096 2119; x_wconf 88' lang='lat' dir='ltr'>nuptialia</span> <span class='ocrx_word' id='word_1_286' title='bbox 1116 2065 1281 2119; x_wconf 83' lang='lat' dir='ltr'>proprie</span> <span class='ocrx_word' id='word_1_287' title='bbox 1301 2065 1551 2114; x_wconf 74' lang='lat' dir='ltr'>restrictum,</span> <span class='ocrx_word' id='word_1_288' title='bbox 1579 2064 1648 2103; x_wconf 88' lang='lat' dir='ltr'>sed</span> <span class='ocrx_word' id='word_1_289' title='bbox 1665 2063 1717 2103; x_wconf 81' lang='lat' dir='ltr'>ad</span> 
     </span>
     <span class='ocr_line' id='line_1_34' title="bbox 265 2122 1718 2189; baseline -0.001 -28"><span class='ocrx_word' id='word_1_290' title='bbox 265 2137 408 2162; x_wconf 89' lang='lat' dir='ltr'>omne</span> <span class='ocrx_word' id='word_1_291' title='bbox 401 2123 490 2161; x_wconf 86' lang='lat' dir='ltr'>late</span> <span class='ocrx_word' id='word_1_292' title='bbox 516 2123 753 2176; x_wconf 84' lang='lat' dir='ltr'>pertinuisse</span> <span class='ocrx_word' id='word_1_293' title='bbox 782 2125 1101 2163; x_wconf 85' lang='lat' dir='ltr'>conventionum</span> <span class='ocrx_word' id='word_1_294' title='bbox 1117 2136 1261 2189; x_wconf 75' lang='lat' dir='ltr'>genuS,</span> <span class='ocrx_word' id='word_1_295' title='bbox 1288 2122 1344 2161; x_wconf 87' lang='lat' dir='ltr'>ita</span> <span class='ocrx_word' id='word_1_296' title='bbox 1366 2127 1414 2161; x_wconf 90' lang='lat' dir='ltr'>ut</span> <span class='ocrx_word' id='word_1_297' title='bbox 1429 2134 1479 2160; x_wconf 85' lang='lat' dir='ltr'>ex</span> <span class='ocrx_word' id='word_1_298' title='bbox 1500 2126 1718 2160; x_wconf 75' lang='lat' dir='ltr'>consuetu-</span> 
     </span>
     <span class='ocr_line' id='line_1_35' title="bbox 265 2172 1719 2232; baseline -0.001 -15"><span class='ocrx_word' id='word_1_299' title='bbox 265 2180 359 2218; x_wconf 86' lang='lat' dir='ltr'>dine</span> <span class='ocrx_word' id='word_1_300' title='bbox 387 2180 943 2232; x_wconf 78' lang='lat' dir='ltr'>constantinopolitanorum,</span> <span class='ocrx_word' id='word_1_301' title='bbox 971 2172 1225 2232; x_wconf 87' lang='lat' dir='ltr'>quicumque</span> <span class='ocrx_word' id='word_1_302' title='bbox 1235 2178 1397 2231; x_wconf 75' lang='lat' dir='ltr'>quidvis</span> <span class='ocrx_word' id='word_1_303' title='bbox 1420 2177 1591 2217; x_wconf 78' lang='lat' dir='ltr'>invicem</span> <span class='ocrx_word' id='word_1_304' title='bbox 1618 2190 1719 2230; x_wconf 78' lang='lat' dir='ltr'>pro·</span> 
     </span>
     <span class='ocr_line' id='line_1_36' title="bbox 262 2233 1718 2289; baseline -0.001 -15"><span class='ocrx_word' id='word_1_305' title='bbox 262 2236 469 2275; x_wconf 85' lang='lat' dir='ltr'>mitterent</span> <span class='ocrx_word' id='word_1_306' title='bbox 493 2250 541 2275; x_wconf 84' lang='lat' dir='ltr'>ac</span> <span class='ocrx_word' id='word_1_307' title='bbox 565 2237 872 2289; x_wconf 85' lang='lat' dir='ltr'>stipularentur‚</span> <span class='ocrx_word' id='word_1_308' title='bbox 900 2250 1020 2276; x_wconf 89' lang='lat' dir='ltr'>manu</span> <span class='ocrx_word' id='word_1_309' title='bbox 1048 2236 1097 2275; x_wconf 89' lang='lat' dir='ltr'>ad</span> <span class='ocrx_word' id='word_1_310' title='bbox 1122 2242 1261 2288; x_wconf 88' lang='lat' dir='ltr'>pectus</span> <span class='ocrx_word' id='word_1_311' title='bbox 1288 2235 1448 2274; x_wconf 83' lang='lat' dir='ltr'>admota</span> <span class='ocrx_word' id='word_1_312' title='bbox 1466 2240 1505 2273; x_wconf 86' lang='lat' dir='ltr'>et</span> <span class='ocrx_word' id='word_1_313' title='bbox 1519 2233 1718 2274; x_wconf 84' lang='lat' dir='ltr'>reverenti</span> 
     </span>
     <span class='ocr_line' id='line_1_37' title="bbox 264 2290 1719 2346; baseline -0.001 -16"><span class='ocrx_word' id='word_1_314' title='bbox 264 2298 416 2331; x_wconf 84' lang='lat' dir='ltr'>attactu</span> <span class='ocrx_word' id='word_1_315' title='bbox 442 2293 699 2346; x_wconf 84' lang='lat' dir='ltr'>pendentium</span> <span class='ocrx_word' id='word_1_316' title='bbox 714 2294 797 2332; x_wconf 88' lang='lat' dir='ltr'>illic</span> <span class='ocrx_word' id='word_1_317' title='bbox 816 2307 1019 2332; x_wconf 82' lang='lat' dir='ltr'>sacrorum</span> <span class='ocrx_word' id='word_1_318' title='bbox 1047 2293 1309 2332; x_wconf 80' lang='lat' dir='ltr'>amuletorum</span> <span class='ocrx_word' id='word_1_319' title='bbox 1331 2290 1502 2344; x_wconf 86' lang='lat' dir='ltr'>polliciti</span> <span class='ocrx_word' id='word_1_320' title='bbox 1517 2290 1637 2330; x_wconf 89' lang='lat' dir='ltr'>fidem</span> <span class='ocrx_word' id='word_1_321' title='bbox 1656 2290 1719 2329; x_wconf 75' lang='lat' dir='ltr'>fe-</span> 
     </span>
     <span class='ocr_line' id='line_1_38' title="bbox 267 2343 1719 2401; baseline 0 -14"><span class='ocrx_word' id='word_1_322' title='bbox 267 2355 425 2398; x_wconf 82' lang='lat' dir='ltr'>cerent;</span> <span class='ocrx_word' id='word_1_323' title='bbox 457 2350 566 2401; x_wconf 89' lang='lat' dir='ltr'>quod</span> <span class='ocrx_word' id='word_1_324' title='bbox 591 2350 865 2389; x_wconf 84' lang='lat' dir='ltr'>Cantacuzeno</span> <span class='ocrx_word' id='word_1_325' title='bbox 895 2350 1042 2389; x_wconf 89' lang='lat' dir='ltr'>dicitur</span> <span class='ocrx_word' id='word_1_326' title='bbox 1072 2349 1271 2400; x_wconf 78' lang='grc' dir='ltr'><strong><em>ἐμπεδοῦν</em></strong></span> <span class='ocrx_word' id='word_1_327' title='bbox 1292 2363 1367 2400; x_wconf 84' lang='grc' dir='ltr'>την</span> <span class='ocrx_word' id='word_1_328' title='bbox 1385 2348 1532 2400; x_wconf 80' lang='grc' dir='ltr'><strong><em>πρᾶξιν</em></strong></span> <span class='ocrx_word' id='word_1_329' title='bbox 1558 2353 1626 2385; x_wconf 78' lang='lat' dir='ltr'>aut</span> <span class='ocrx_word' id='word_1_330' title='bbox 1644 2343 1719 2394; x_wconf 70' lang='grc' dir='ltr'>τοὶς</span> 
     </span>
     <span class='ocr_line' id='line_1_39' title="bbox 266 2402 1718 2461; baseline -0.004 -15"><span class='ocrx_word' id='word_1_331' title='bbox 266 2402 483 2458; x_wconf 75' lang='grc' dir='ltr'><strong><em>συμβάσεις</em></strong></span> <span class='ocrx_word' id='word_1_332' title='bbox 509 2402 568 2446; x_wconf 80' lang='grc' dir='ltr'>δι’</span> <span class='ocrx_word' id='word_1_333' title='bbox 600 2406 832 2461; x_wconf 74' lang='grc' dir='ltr'><strong><em>ἕγκολπίων.</em></strong></span> <span class='ocrx_word' id='word_1_334' title='bbox 889 2413 928 2445; x_wconf 91' lang='lat' dir='ltr'>et</span> <span class='ocrx_word' id='word_1_335' title='bbox 956 2406 1044 2458; x_wconf 88' lang='lat' dir='ltr'>quis</span> <span class='ocrx_word' id='word_1_336' title='bbox 1073 2406 1150 2444; x_wconf 86' lang='lat' dir='ltr'>scit</span> <span class='ocrx_word' id='word_1_337' title='bbox 1172 2419 1222 2443; x_wconf 90' lang='lat' dir='ltr'>an</span> <span class='ocrx_word' id='word_1_338' title='bbox 1241 2417 1327 2443; x_wconf 88' lang='lat' dir='ltr'>non</span> <span class='ocrx_word' id='word_1_339' title='bbox 1344 2404 1438 2442; x_wconf 88' lang='lat' dir='ltr'>inde</span> <span class='ocrx_word' id='word_1_340' title='bbox 1460 2403 1567 2455; x_wconf 80' lang='lat' dir='ltr'>apud</span> <span class='ocrx_word' id='word_1_341' title='bbox 1595 2402 1718 2441; x_wconf 81' lang='lat' dir='ltr'>occi·</span> 
     </span>
     <span class='ocr_line' id='line_1_40' title="bbox 268 2459 1717 2514; baseline -0.002 -14"><span class='ocrx_word' id='word_1_342' title='bbox 268 2461 443 2500; x_wconf 85' lang='lat' dir='ltr'>dentales</span> <span class='ocrx_word' id='word_1_343' title='bbox 465 2475 622 2514; x_wconf 88' lang='lat' dir='ltr'>quoque</span> <span class='ocrx_word' id='word_1_344' title='bbox 639 2462 882 2502; x_wconf 79' lang='lat' dir='ltr'>Christianos</span> <span class='ocrx_word' id='word_1_345' title='bbox 908 2462 1123 2502; x_wconf 86' lang='lat' dir='ltr'>invaluerit</span> <span class='ocrx_word' id='word_1_346' title='bbox 1135 2491 1146 2511; x_wconf 93' lang='lat'>,</span> <span class='ocrx_word' id='word_1_347' title='bbox 1176 2461 1285 2514; x_wconf 92' lang='lat' dir='ltr'>quod</span> <span class='ocrx_word' id='word_1_348' title='bbox 1309 2459 1458 2499; x_wconf 86' lang='lat' dir='ltr'>hodie</span> <span class='ocrx_word' id='word_1_349' title='bbox 1445 2473 1490 2498; x_wconf 86' lang='lat' dir='ltr'>m</span> <span class='ocrx_word' id='word_1_350' title='bbox 1509 2472 1586 2498; x_wconf 86' lang='lat' dir='ltr'>usu</span> <span class='ocrx_word' id='word_1_351' title='bbox 1602 2459 1717 2498; x_wconf 48' lang='lat' dir='ltr'>videa</span> 
     </span>
     <span class='ocr_line' id='line_1_41' title="bbox 267 2514 1718 2571; baseline -0.003 -14"><span class='ocrx_word' id='word_1_352' title='bbox 267 2531 357 2557; x_wconf 85' lang='lat' dir='ltr'>mus</span> <span class='ocrx_word' id='word_1_353' title='bbox 373 2530 475 2567; x_wconf 86' lang='lat' dir='ltr'>esse,</span> <span class='ocrx_word' id='word_1_354' title='bbox 503 2524 550 2556; x_wconf 85' lang='lat' dir='ltr'>ut</span> <span class='ocrx_word' id='word_1_355' title='bbox 565 2532 685 2557; x_wconf 86' lang='lat' dir='ltr'>manu</span> <span class='ocrx_word' id='word_1_356' title='bbox 706 2520 859 2571; x_wconf 87' lang='lat' dir='ltr'>pectori</span> <span class='ocrx_word' id='word_1_357' title='bbox 876 2519 1034 2558; x_wconf 79' lang='lat' dir='ltr'>admota</span> <span class='ocrx_word' id='word_1_358' title='bbox 1052 2518 1149 2557; x_wconf 84' lang='lat' dir='ltr'>fides</span> <span class='ocrx_word' id='word_1_359' title='bbox 1166 2517 1280 2558; x_wconf 80' lang='lat' dir='ltr'>verbi</span> <span class='ocrx_word' id='word_1_360' title='bbox 1300 2522 1367 2556; x_wconf 85' lang='lat' dir='ltr'>aut</span> <span class='ocrx_word' id='word_1_361' title='bbox 1381 2516 1490 2569; x_wconf 85' lang='lat' dir='ltr'>pacti</span> <span class='ocrx_word' id='word_1_362' title='bbox 1507 2514 1718 2554; x_wconf 85' lang='lat' dir='ltr'>confirme—</span> 
     </span>
     <span class='ocr_line' id='line_1_42' title="bbox 267 2570 1714 2627; baseline -0.003 -14"><span class='ocrx_word' id='word_1_363' title='bbox 267 2574 365 2613; x_wconf 74' lang='lat' dir='ltr'>tur?</span> <span class='ocrx_word' id='word_1_364' title='bbox 422 2579 501 2612; x_wconf 87' lang='lat' dir='ltr'>tam</span> <span class='ocrx_word' id='word_1_365' title='bbox 525 2574 786 2614; x_wconf 85' lang='lat' dir='ltr'>universalem</span> <span class='ocrx_word' id='word_1_366' title='bbox 814 2590 932 2627; x_wconf 85' lang='lat' dir='ltr'>porro</span> <span class='ocrx_word' id='word_1_367' title='bbox 954 2576 1076 2615; x_wconf 86' lang='lat' dir='ltr'>fuisse</span> <span class='ocrx_word' id='word_1_368' title='bbox 1103 2573 1432 2614; x_wconf 82' lang='lat' dir='ltr'>consuetudinem</span> <span class='ocrx_word' id='word_1_369' title='bbox 1451 2570 1714 2611; x_wconf 78' lang='lat' dir='ltr'>Orientalium</span> 
     </span>
     <span class='ocr_line' id='line_1_43' title="bbox 271 2628 1717 2683; baseline -0.003 -14"><span class='ocrx_word' id='word_1_370' title='bbox 271 2630 583 2670; x_wconf 86' lang='lat' dir='ltr'>Christianorum</span> <span class='ocrx_word' id='word_1_371' title='bbox 603 2633 781 2681; x_wconf 80' lang='lat' dir='ltr'>gestandi</span> <span class='ocrx_word' id='word_1_372' title='bbox 806 2632 1033 2671; x_wconf 90' lang='lat' dir='ltr'>huiusmodi</span> <span class='ocrx_word' id='word_1_373' title='bbox 1054 2631 1272 2683; x_wconf 86' lang='lat' dir='ltr'>religionis</span> <span class='ocrx_word' id='word_1_374' title='bbox 1281 2630 1411 2681; x_wconf 87' lang='lat' dir='ltr'>signa,</span> <span class='ocrx_word' id='word_1_375' title='bbox 1437 2635 1482 2667; x_wconf 86' lang='lat' dir='ltr'>ut</span> <span class='ocrx_word' id='word_1_376' title='bbox 1502 2628 1717 2666; x_wconf 83' lang='lat' dir='ltr'>necessita-</span> 
     </span>
     <span class='ocr_line' id='line_1_44' title="bbox 270 2682 1714 2739; baseline 0 -14"><span class='ocrx_word' id='word_1_377' title='bbox 270 2693 351 2725; x_wconf 77' lang='lat' dir='ltr'>tem</span> <span class='ocrx_word' id='word_1_378' title='bbox 368 2686 587 2736; x_wconf 81' lang='lat' dir='ltr'>induceret,</span> <span class='ocrx_word' id='word_1_379' title='bbox 603 2700 790 2738; x_wconf 84' lang='lat' dir='ltr'>apparere</span> <span class='ocrx_word' id='word_1_380' title='bbox 808 2695 939 2739; x_wconf 88' lang='lat' dir='ltr'>potest</span> <span class='ocrx_word' id='word_1_381' title='bbox 957 2702 1006 2727; x_wconf 85' lang='lat' dir='ltr'>ex</span> <span class='ocrx_word' id='word_1_382' title='bbox 1025 2701 1071 2727; x_wconf 87' lang='lat' dir='ltr'>eo</span> <span class='ocrx_word' id='word_1_383' title='bbox 1089 2687 1198 2739; x_wconf 82' lang='lat' dir='ltr'>quod</span> <span class='ocrx_word' id='word_1_384' title='bbox 1213 2692 1352 2726; x_wconf 85' lang='lat' dir='ltr'>noster</span> <span class='ocrx_word' id='word_1_385' title='bbox 1368 2684 1502 2724; x_wconf 85' lang='lat' dir='ltr'>innuit</span> <span class='ocrx_word' id='word_1_386' title='bbox 1521 2685 1549 2723; x_wconf 96' lang='lat'>1</span> <span class='ocrx_word' id='word_1_387' title='bbox 1559 2687 1587 2729; x_wconf 76' lang='grc'>2</span> <span class='ocrx_word' id='word_1_388' title='bbox 1603 2697 1635 2721; x_wconf 90' lang='lat' dir='ltr'>c.</span> <span class='ocrx_word' id='word_1_389' title='bbox 1645 2682 1714 2733; x_wconf 75' lang='grc'>26,</span> 
     </span>
     <span class='ocr_line' id='line_1_45' title="bbox 271 2738 1714 2797; baseline -0.003 -16"><span class='ocrx_word' id='word_1_390' title='bbox 271 2743 456 2782; x_wconf 76' lang='lat' dir='ltr'>distiibui</span> <span class='ocrx_word' id='word_1_391' title='bbox 476 2743 597 2794; x_wconf 85' lang='lat' dir='ltr'>gratis</span> <span class='ocrx_word' id='word_1_392' title='bbox 616 2743 751 2782; x_wconf 86' lang='lat' dir='ltr'>solitas</span> <span class='ocrx_word' id='word_1_393' title='bbox 771 2745 964 2783; x_wconf 86' lang='lat' dir='ltr'>militibus</span> <span class='ocrx_word' id='word_1_394' title='bbox 986 2745 1201 2797; x_wconf 83' lang='grc' dir='ltr'><em>σεβασμίας</em></span> <span class='ocrx_word' id='word_1_395' title='bbox 1219 2738 1375 2789; x_wconf 76' lang='grc' dir='ltr'><strong><em>εἰκόνας</em></strong></span> <span class='ocrx_word' id='word_1_396' title='bbox 1401 2753 1542 2781; x_wconf 75' lang='lat' dir='ltr'>sacras</span> <span class='ocrx_word' id='word_1_397' title='bbox 1560 2741 1714 2787; x_wconf 67' lang='lat' dir='ltr'>icone-23</span> 
     </span>
     <span class='ocr_line' id='line_1_46' title="bbox 271 2791 1718 2852; baseline -0.003 -15"><span class='ocrx_word' id='word_1_398' title='bbox 271 2812 367 2850; x_wconf 82' lang='lat' dir='ltr'>quas</span> <span class='ocrx_word' id='word_1_399' title='bbox 386 2799 574 2839; x_wconf 84' lang='lat' dir='ltr'>videlieet</span> <span class='ocrx_word' id='word_1_400' title='bbox 591 2811 612 2838; x_wconf 85' lang='lat' dir='ltr'>e</span> <span class='ocrx_word' id='word_1_401' title='bbox 631 2791 735 2838; x_wconf 80' lang='lat' dir='ltr'>collo</span> <span class='ocrx_word' id='word_1_402' title='bbox 754 2813 962 2852; x_wconf 85' lang='lat' dir='ltr'>suspensas</span> <span class='ocrx_word' id='word_1_403' title='bbox 981 2801 1023 2839; x_wconf 92' lang='lat' dir='ltr'>in</span> <span class='ocrx_word' id='word_1_404' title='bbox 1041 2801 1132 2839; x_wconf 87' lang='lat' dir='ltr'>fidei</span> <span class='ocrx_word' id='word_1_405' title='bbox 1151 2814 1197 2838; x_wconf 88' lang='lat' dir='ltr'>ac</span> <span class='ocrx_word' id='word_1_406' title='bbox 1210 2797 1396 2850; x_wconf 79' lang='lat' dir='ltr'>religonis</span> <span class='ocrx_word' id='word_1_407' title='bbox 1413 2803 1598 2835; x_wconf 86' lang='lat' dir='ltr'>tesseram</span> <span class='ocrx_word' id='word_1_408' title='bbox 1617 2809 1718 2848; x_wconf 83' lang='lat' dir='ltr'>por-</span> 
     </span>
     <span class='ocr_line' id='line_1_47' title="bbox 270 2852 1715 2906; baseline -0.003 -12"><span class='ocrx_word' id='word_1_409' title='bbox 270 2861 414 2896; x_wconf 84' lang='lat' dir='ltr'>tarent.</span> <span class='ocrx_word' id='word_1_410' title='bbox 471 2855 578 2896; x_wconf 78' lang='lat' dir='ltr'>dicet</span> <span class='ocrx_word' id='word_1_411' title='bbox 596 2855 700 2895; x_wconf 82' lang='lat' dir='ltr'>sorte</span> <span class='ocrx_word' id='word_1_412' title='bbox 722 2855 910 2897; x_wconf 82' lang='lat' dir='ltr'>adversus</span> <span class='ocrx_word' id='word_1_413' title='bbox 929 2856 1119 2896; x_wconf 82' lang='lat' dir='ltr'>hactenus</span> <span class='ocrx_word' id='word_1_414' title='bbox 1139 2861 1287 2896; x_wconf 78' lang='lat' dir='ltr'>statuta</span> <span class='ocrx_word' id='word_1_415' title='bbox 1299 2852 1480 2906; x_wconf 27' lang='lat' dir='ltr'>*argutior</span> <span class='ocrx_word' id='word_1_416' title='bbox 1496 2852 1715 2906; x_wconf 78' lang='lat' dir='ltr'>quispiam:</span> 
     </span>
    </p>
   </div>
  </div>
 </body>
</html>
