1846 3262
218 241 284 288 66
641 236 880 282 GEORGII
913 236 1268 280 PACHYMERIS

169 360 199 395 B
223 352 508 408 ἱππαζομὲνοις
544 357 631 402 τοῖς
671 350 866 408 ἄρχουσιν
906 351 970 394 ἐπὶ
1010 354 1166 393 κοντῶν
1190 353 1391 408 συντριβῇ
1423 347 1450 405 ἢ
1485 349 1552 391 καὶ
1585 348 1693 392 κατὰ

219 424 402 480 παίγνιον
437 418 618 476 σύνηθες
646 421 765 478 ’σφίσι
800 424 877 476 τῆς
903 422 1084 477 σφαίρας
1113 420 1156 461 ἐκ
1185 415 1366 474 μεγάλου
1396 422 1473 461 τοῦ
1501 415 1694 474 θάρρους

221 488 489 543 συνιππάζετο
514 490 581 532 καὶ
612 488 872 544 συνέπαιζεν,
910 488 1026 546 ἔγγὺς
1058 487 1294 543 ἶσταμέναις
1315 488 1383 530 καὶ
1405 483 1584 544 ὁρώσαις
1602 492 1694 536 ταῒς

218 560 424 613 βασιλίσιν
445 555 778 614 ἐπιδεικνύμενος.
1534 604 1538 609 ,

170 635 201 669 C
360 628 440 673 22.
512 627 628 678 Τέως
644 643 687 684 γε
706 625 810 683 μήν,
847 626 930 668 ἐπεὶ
949 625 1022 668 οὐκ
1039 619 1089 681 ἦν
1110 619 1450 680 ἀνεπιτρόπευτον
1467 623 1600 679 μένειν
1621 623 1692 667 τὸν
1705 633 1727 669 5

218 695 417 751 βασιλέα,
464 696 506 739 ἓν
533 694 699 754 ἀφήλιξι
730 692 1022 753 γνωριζόμενον
1056 695 1122 735 καὶ
1165 691 1326 736 ἁπαλὸν
1353 688 1456 749 ἦτορ
1495 692 1693 750 φέροντα,

219 756 491 815 συνελθόντες
509 763 596 820 ἅμα
620 765 659 808 οἳ
690 766 732 807 ἐν
763 765 866 807 τέλει
900 765 967 806 καὶ
989 760 1309 818 βουλευσάμενοι
1332 760 1388 811 ὡς
1411 761 1486 805 οὐκ
1510 761 1696 817 ἀσφαλὲς

219 836 313 890 δίχα
337 839 410 890 τῆς
431 835 644 890 ἐκκλησίας
662 835 728 876 καὶ
749 837 823 876 τοῦ
844 830 997 888 ταύτης
1023 834 1284 889 προεστῶτος
1307 830 1533 889 (Ἀρσὲνιος
1552 829 1597 873 δ’
1619 824 1695 873 οὗ·

219 920 293 953 τος
322 899 391 960 ἦν)
423 907 630 947 καθιστᾶν
654 902 708 946 τὰ
735 906 931 955 τοιαῦτα,
969 901 1072 958 πρὸς
1105 901 1180 955 μὲν
1209 901 1280 943 τὸν
1314 902 1357 950 ἐξ
1388 898 1693 956 Αὖτωρειανῶν

219 969 476 1030 πατριάρχην
513 972 718 1027 πέμπουσι
748 972 822 1027 τὴν
851 970 1049 1026 ταχίστην
1077 965 1441 1024 μετακαλούμενοι.
1460 969 1692 1024 Νικαίηθεν
1705 977 1748 1012 10

218 1045 391 1094 τοῦτον,
428 1040 564 1084 αὗτῶν
587 1041 635 1084 ’δὲ
662 1040 767 1083 καθ’
807 1038 982 1090 ἕαυτοῦς
1013 1038 1086 1096 ἐφ’
1119 1037 1289 1094 ἡμέραις
1321 1037 1689 1093 ὁιασκεπτομένων,

167 1123 200 1158 D
223 1109 350 1153 ἄλλον
379 1108 507 1153 ἄλλου
538 1111 593 1160 εἷς
623 1109 866 1165 κηδεμονίαν
894 1113 969 1152 τοῦ
1001 1107 1202 1162 βασιλέως
1225 1108 1539 1163 προκρίνοντος,
1575 1109 1692 1155 τέλος

221 1180 287 1222 ἐπὶ
307 1183 365 1238 τῷ
383 1175 548 1238 μεγάλῳ
569 1176 830 1237 κονοσταύλῳ
849 1181 907 1237 τῷ
926 1176 1094 1235 ῥηθέντι
1112 1173 1386 1235 Παλαιολόγῳ
1405 1173 1431 1231 ἦ
1453 1174 1566 1230 κοινὴ
1587 1179 1693 1229 βου-

221 1248 272 1304 λὴ
299 1251 483 1308 καταντᾷ
522 1245 578 1298 ὥς
608 1247 738 1290 αὐτοῦ
779 1264 822 1303 γε
856 1247 922 1289 καὶ
951 1244 1081 1301 μόνου
1110 1245 1225 1302 παρὰ
1252 1244 1350 1295 τοὺς
1380 1243 1531 1294 ἄλλους
1550 1244 1692 1286 ἱκανοῦ

219 1316 324 1373 πρὸς
343 1320 466 1359 τοῦτο
492 1315 716 1374 φανέντος·
753 1315 861 1372 εἴπερ
891 1314 969 1372 γὰρ
1000 1314 1149 1367 ἄλλον,
1186 1310 1570 1370 στρατηγικώτατον
1591 1310 1692 1355 εἶναι
1704 1322 1747 1358 15

220 1385 292 1429 τὸν
325 1384 459 1441 ἄνδρα
470 1416 483 1437 ,
531 1385 603 1428 καί
635 1385 675 1428 οἳ
712 1384 754 1427 ἔκ
785 1388 963 1427 παλαιοῦ
993 1382 1193 1440 αὔταρκες
1220 1381 1320 1426 εἶναι
1347 1382 1394 1425 τὸ
1415 1380 1588 1438 εὐγενές,
1624 1381 1693 1424 καὶ

220 1454 360 1511 τρίτον
377 1453 425 1497 τὸ
452 1452 555 1511 πρὸς
574 1453 646 1496 τὸν
670 1457 901 1510 κρατοῦντα
921 1453 1105 1509 συγγενὲς
1124 1450 1211 1506 ἅμα
1237 1452 1311 1507 μὲν
1341 1448 1521 1494 αὐτόθεν
1541 1448 1630 1505 ἅμα
1648 1449 1694 1492 δὲ

220 1525 286 1566 καὶ
320 1523 363 1565 ἐκ
389 1527 465 1578 τῆς
491 1520 666 1579 συζύγου
697 1523 789 1577 (τῆς
815 1523 890 1577 μὲν
915 1521 991 1579 γὰρ
1023 1520 1212 1578 δεύτερος
1233 1519 1484 1575 αὐτανέψιος
1504 1514 1578 1575 ἦν,
1615 1521 1692 1562 τοῦ

173 1603 206 1638 Ε
232 1592 275 1635 δὲ
294 1591 485 1648 δευτέρου
508 1591 759 1645 αὐτανεψιόυ
780 1590 887 1648 υἱὸς)
915 1590 1071 1646 πολλὴν
1104 1591 1282 1644 ἐμποιεῖν
1312 1589 1426 1649 αὐτῷ
1455 1588 1531 1644 τὴν
1556 1588 1614 1638 εἷς
1642 1586 1690 1630 τὸ

222 1660 486 1716 κηδεμονικὸν
505 1664 580 1704 τοῦ
597 1660 798 1714 βασιλέως
825 1660 938 1718 παρὰ
973 1659 1071 1709 τούς
1099 1658 1252 1709 ἄλλους
1275 1656 1515 1716 ἐκχώρησιν.
1585 1655 1749 1705 ἀλλὰρο

222 1728 276 1772 τὰ
310 1729 385 1784 μὲν
415 1729 565 1773 ἐκείνου
598 1728 701 1788 πρὸς
727 1729 775 1773 τὸ
806 1733 1093 1788 προτιμᾶσθαι
1121 1732 1205 1772 τῶν
1234 1727 1371 1772 ἄλλων
1401 1727 1540 1773 δίκαια
1565 1724 1694 1770 ταῦτ’

225 1871 366 1914 ludens,
405 1874 442 1907 et
472 1872 507 1908 in
537 1873 663 1909 similes
695 1873 770 1909 eius
792 1874 917 1910 aetatis
946 1874 1161 1909 remissiones
1182 1884 1260 1909 sese
1282 1876 1440 1918 ingerens
1463 1869 1694 1906 familiaritate

224 1918 322 1953 nimis
346 1919 479 1963 audaci,
502 1918 619 1965 sicque
641 1931 717 1955 sese
739 1921 866 1966 reginis
889 1922 1064 1956 sororibus
1084 1920 1298 1967 imperatoris
1321 1930 1433 1955 coram
1457 1930 1477 1953 e
1498 1916 1692 1963 propinquo

225 1964 459 2010 spectantibus
480 1966 659 2000 venditans
681 1978 770 2002 vano
795 1967 957 2012 gloriolae
978 1967 1125 2012 pruritu.

319 2012 375 2045 22.
426 2012 553 2046 Verum
576 2012 744 2048 enimvero
780 2025 854 2048 cum
877 2013 1000 2047 ‹li-otius
1033 2025 1100 2047 non
1123 2014 1240 2058 posset
1262 2010 1424 2058 parvulus
1446 2011 1631 2055 imperator
1654 2008 1691 2043 in

226 2059 297 2091 tam
318 2057 486 2092 imbecilla
517 2070 559 2093 ac
589 2063 707 2093 tenera
738 2063 852 2094 aetate
883 2059 969 2094 certi
991 2059 1114 2094 tutoris
1141 2058 1356 2104 providentia
1378 2056 1562 2091 destitutus
1585 2055 1692 2089 relin-

227 2103 309 2148 qui,
340 2103 383 2137 ad
407 2104 604 2139 electionem
626 2105 700 2151 apti
733 2106 777 2140 ad
807 2106 842 2139 id
875 2116 994 2141 munus
1026 2111 1187 2139 coeuntes
1208 2116 1331 2149 magno
1355 2114 1494 2137 numero
1513 2101 1692 2147 praecipui

226 2149 352 2195 quique
384 2150 605 2195 magistratus
635 2159 740 2197 atque
771 2152 870 2186 aulae
903 2162 1063 2198 proceres
1094 2154 1174 2186 ante
1205 2151 1315 2185 omnia
1338 2150 1564 2184 decreverunt
1585 2147 1694 2182 haud·

227 2207 397 2241 quaquam
420 2199 530 2232 tutum
559 2197 670 2231 videri
701 2201 799 2232 tanta
830 2199 874 2233 de
905 2210 942 2232 re
976 2202 1130 2232 statuere
1152 2197 1226 2232 sine
1247 2198 1329 2231 cleri
1351 2200 1388 2231 et
1410 2194 1579 2230 ecclesiae
1611 2205 1694 2228 con-

227 2252 330 2275 sensu
353 2241 495 2288 eiusque
518 2243 657 2278 consilio
688 2255 730 2279 ac
759 2247 845 2279 nutu
875 2244 934 2290 qui
957 2245 1060 2278 rebus
1082 2243 1324 2279 ecclesiasticis
1355 2247 1438 2277 tunc
1460 2244 1622 2287 praeerat
1643 2239 1693 2284 (is

227 2291 303 2340 erat
337 2289 528 2333 Arsenius).
573 2289 692 2335 itaque
726 2301 790 2336 per
818 2291 1115 2325 exautorianorum
1145 2290 1374 2335 patriarcham
1403 2288 1500 2322 illum
1532 2298 1575 2321 ex
1606 2287 1694 2321 urbe

226 2332 362 2368 Nicaea
385 2334 553 2370 curriculo
576 2340 767 2371 accersunt.
813 2336 881 2382 ipsi
903 2348 985 2372 vero
1005 2336 1142 2370 interim
1164 2336 1256 2370 serio
1279 2336 1315 2370 in
1337 2333 1615 2369 deliberationem
1637 2332 1694 2367 in-

226 2379 338 2423 gressi
372 2384 452 2426 post
483 2383 623 2416 multam
654 2386 691 2416 et
721 2386 886 2417 attentam
917 2383 1182 2429 disquisitionem
1214 2380 1548 2428 disceptationesque
1568 2379 1693 2420 varias,

227 2424 302 2479 alio¹
329 2425 431 2460 alium
460 2428 699 2473 praeferente,
731 2429 869 2463 tandem
900 2428 935 2463 in
958 2441 1032 2463 eam
1055 2428 1256 2463 sententiam
1279 2427 1399 2463 maiori
1421 2438 1466 2461 ex
1487 2430 1589 2472 parte
1611 2437 1694 2459 con-

227 2475 368 2506 veniunt
389 2483 479 2517 quae
501 2485 617 2508 curam
639 2475 853 2520 imperatoris
884 2487 927 2510 ac
957 2475 1099 2509 tutelam
1121 2475 1258 2520 saepius
1281 2477 1466 2509 memorato
1488 2482 1610 2516 magno
1633 2482 1693 2506 co-

225 2518 380 2552 nostaulo
406 2518 609 2565 Palaeologo
629 2520 903 2556 committendam
925 2522 1113 2556 censebat=
1138 2521 1246 2556 videri
1262 2521 1352 2568 enim¹
1373 2519 1465 2554 illum
1481 2529 1581 2552 unum
1607 2528 1693 2563 prae

227 2563 360 2598 cunctis
383 2564 522 2610 reliquis
545 2566 588 2600 ad
611 2577 685 2600 eam
707 2579 779 2601 rem
808 2567 963 2602 idoneum
995 2568 1140 2602 maxime
1160 2572 1282 2612 utpote
1303 2566 1412 2602 virum
1433 2566 1558 2599 sortem
1585 2569 1622 2598 et
1642 2563 1695 2598 rei

223 2609 382 2643 militaris
406 2611 753 2656 experientissimum,
784 2613 908 2659 cuique
931 2614 1063 2648 affatim
1086 2618 1287 2660 suppeteret
1307 2613 1467 2658 antiquae
1490 2609 1694 2645 nobilitatis.

224 2655 413 2690 accedebat
442 2658 547 2692 tertio
578 2658 652 2692 loco
684 2659 874 2695 domestica
894 2660 1072 2705 sanguinis
1095 2659 1309 2694 necessitudo
1332 2670 1407 2693 cum
1430 2656 1695 2702 imperatoribus

225 2712 291 2736 avo
316 2705 351 2736 et
374 2706 473 2747 patre
495 2703 660 2750 principis
682 2705 880 2750 regnantis,
913 2717 955 2740 ex
982 2710 1129 2752 utraque
1163 2707 1271 2752 stirpe
1293 2709 1436 2752 paterna
1461 2707 1694 2747 maternaque.

227 2758 305 2782 nam
336 2748 510 2794 Augustae
573 2749 683 2784 uidem
712 2762 904 2796 pronepos,
938 2763 980 2787 ex
1010 2752 1227 2797 imperatoris
1257 2763 1338 2787 vero
1369 2754 1558 2797 pronepote
1591 2754 1695 2782 natus

228 2799 316 2847 erat.
362 2794 414 2829 his
441 2807 523 2830 vere
597 2797 773 2831 mamentis
807 2796 982 2833 nitebatur
1014 2798 1212 2843 Palaeologi
1240 2809 1343 2844 spes,
1383 2807 1494 2842 eaque
1523 2794 1695 2838 allegabat

228 2840 438 2919 ponssimum
467 2841 527 2887 qui
558 2842 632 2877 eius
668 2843 869 2878 electionem
904 2844 1073 2878 suadebat
1105 2851 1233 2879 orator.
1288 2842 1473 2879 verisimile
1503 2844 1618 2875 tamen
1641 2843 1696 2874 est

253 2887 319 2921 aud
341 2887 442 2933 plane
464 2887 518 2923 his
540 2889 750 2935 argumentis
773 2890 936 2926 confisum
959 2901 1047 2933 eum,
1071 2896 1212 2937 praeter
1234 2902 1276 2926 ea
1299 2901 1389 2937 quae
1410 2887 1523 2936 palam
1545 2886 1697 2932 ageban-
