<?xml version="1.0" encoding="UTF-8"?>
<!DOCTYPE html PUBLIC "-//W3C//DTD XHTML 1.0 Transitional//EN"
    "http://www.w3.org/TR/xhtml1/DTD/xhtml1-transitional.dtd">
<html xmlns="http://www.w3.org/1999/xhtml" xml:lang="en" lang="en">
 <head>
  <title>
</title>
<meta http-equiv="Content-Type" content="text/html;charset=utf-8" />
  <meta name='ocr-system' content='tesseract 3.04.00' />
  <meta name='ocr-capabilities' content='ocr_page ocr_carea ocr_par ocr_line ocrx_word'/>
</head>
<body>
  <div class='ocr_page' id='page_1' title='image "./corpusscriptorum17niebuoft_0031.png"; bbox 0 0 1846 3262; ppageno 0'>
   <div class='ocr_carea' id='block_1_1' title="bbox 467 209 1684 258">
    <p class='ocr_par' dir='ltr' id='par_1_1' title="bbox 467 209 1684 258">
     <span class='ocr_line' id='line_1_1' title="bbox 467 209 1684 258; baseline 0.002 -3"><span class='ocrx_word' id='word_1_1' title='bbox 467 212 544 256; x_wconf 88' lang='lat' dir='ltr'><strong>DE</strong></span> <span class='ocrx_word' id='word_1_2' title='bbox 578 209 860 256; x_wconf 85' lang='lat' dir='ltr'><strong>MICHAELE</strong></span> <span class='ocrx_word' id='word_1_3' title='bbox 887 209 1266 256; x_wconf 89' lang='lat' dir='ltr'><strong>PALAEOLOGO</strong></span> <span class='ocrx_word' id='word_1_4' title='bbox 1300 211 1347 255; x_wconf 91' lang='lat' dir='ltr'><strong>L.</strong></span> <span class='ocrx_word' id='word_1_5' title='bbox 1381 210 1416 256; x_wconf 88' lang='lat'><strong>1.</strong></span> <span class='ocrx_word' id='word_1_6' title='bbox 1625 212 1684 258; x_wconf 84' lang='lat'><strong>13</strong></span> 
     </span>
    </p>
   </div>
   <div class='ocr_carea' id='block_1_2' title="bbox 130 318 1777 1840">
    <p class='ocr_par' dir='ltr' id='par_1_2' title="bbox 201 318 1686 593">
     <span class='ocr_line' id='line_1_2' title="bbox 209 318 1686 386; baseline -0.001 -14"><span class='ocrx_word' id='word_1_7' title='bbox 209 326 384 386; x_wconf 76' lang='grc' dir='ltr'><strong><em>γομὲνης</em></strong></span> <span class='ocrx_word' id='word_1_8' title='bbox 413 327 566 383; x_wconf 75' lang='grc' dir='ltr'><strong><em>ἐκείνης</em></strong></span> <span class='ocrx_word' id='word_1_9' title='bbox 596 325 764 384; x_wconf 77' lang='grc' dir='ltr'><strong><em>ἀγνοίας</em></strong></span> <span class='ocrx_word' id='word_1_10' title='bbox 772 358 787 380; x_wconf 89' lang='grc'><strong><em>,</em></strong></span> <span class='ocrx_word' id='word_1_11' title='bbox 823 325 867 385; x_wconf 78' lang='grc' dir='ltr'><strong>ἐξ</strong></span> <span class='ocrx_word' id='word_1_12' title='bbox 885 318 935 382; x_wconf 75' lang='grc' dir='ltr'><strong><em>ἧς</em></strong></span> <span class='ocrx_word' id='word_1_13' title='bbox 957 325 1006 370; x_wconf 83' lang='grc' dir='ltr'><strong>οὗ</strong></span> <span class='ocrx_word' id='word_1_14' title='bbox 1023 330 1171 382; x_wconf 84' lang='grc' dir='ltr'><em>μῶμος</em></span> <span class='ocrx_word' id='word_1_15' title='bbox 1193 324 1510 383; x_wconf 67' lang='grc' dir='ltr'><strong><em>προστρίβεται,</em></strong></span> <span class='ocrx_word' id='word_1_16' title='bbox 1548 325 1686 370; x_wconf 84' lang='grc' dir='ltr'><strong><em>ἐντεῦ-</em></strong></span> 
     </span>
     <span class='ocr_line' id='line_1_3' title="bbox 207 393 1686 452; baseline -0.002 -11"><span class='ocrx_word' id='word_1_17' title='bbox 207 403 286 442; x_wconf 82' lang='grc' dir='ltr'><strong><em>θεν</em></strong></span> <span class='ocrx_word' id='word_1_18' title='bbox 311 397 357 440; x_wconf 75' lang='grc' dir='ltr'><strong>δὲ</strong></span> <span class='ocrx_word' id='word_1_19' title='bbox 381 401 457 452; x_wconf 86' lang='grc' dir='ltr'><strong>τῆς</strong></span> <span class='ocrx_word' id='word_1_20' title='bbox 482 397 651 451; x_wconf 78' lang='grc' dir='ltr'><strong><em>διπλῆς,</em></strong></span> <span class='ocrx_word' id='word_1_21' title='bbox 690 393 748 447; x_wconf 79' lang='grc' dir='ltr'><strong><em>ὦς</em></strong></span> <span class='ocrx_word' id='word_1_22' title='bbox 765 394 812 439; x_wconf 77' lang='grc' dir='ltr'><strong>τὸ</strong></span> <span class='ocrx_word' id='word_1_23' title='bbox 829 395 888 451; x_wconf 84' lang='grc' dir='ltr'><strong><em>μὴ</em></strong></span> <span class='ocrx_word' id='word_1_24' title='bbox 908 395 1055 439; x_wconf 74' lang='grc' dir='ltr'><strong><em>εἰδέναι</em></strong></span> <span class='ocrx_word' id='word_1_25' title='bbox 1075 396 1316 450; x_wconf 80' lang='grc' dir='ltr'><strong><em>συμβαίνειν</em></strong></span> <span class='ocrx_word' id='word_1_26' title='bbox 1335 394 1409 438; x_wconf 79' lang='grc' dir='ltr'><strong>τὸν</strong></span> <span class='ocrx_word' id='word_1_27' title='bbox 1428 394 1577 439; x_wconf 75' lang='grc' dir='ltr'><strong><em>εἰδέναι</em></strong></span> <span class='ocrx_word' id='word_1_28' title='bbox 1597 393 1686 439; x_wconf 78' lang='grc' dir='ltr'><strong><em>οἶό-</em></strong></span> 
     </span>
     <span class='ocr_line' id='line_1_4' title="bbox 205 460 1682 523; baseline -0.001 -12"><span class='ocrx_word' id='word_1_29' title='bbox 205 484 352 523; x_wconf 85' lang='grc' dir='ltr'><strong><em>μενον,</em></strong></span> <span class='ocrx_word' id='word_1_30' title='bbox 388 460 439 510; x_wconf 75' lang='grc' dir='ltr'><strong>οῦ</strong></span> <span class='ocrx_word' id='word_1_31' title='bbox 464 466 516 522; x_wconf 80' lang='grc' dir='ltr'><strong>δὴ</strong></span> <span class='ocrx_word' id='word_1_32' title='bbox 537 467 605 509; x_wconf 85' lang='grc' dir='ltr'><strong>καὶ</strong></span> <span class='ocrx_word' id='word_1_33' title='bbox 625 472 762 523; x_wconf 83' lang='grc' dir='ltr'><strong><em>χεΐρον</em></strong></span> <span class='ocrx_word' id='word_1_34' title='bbox 781 463 914 512; x_wconf 73' lang='grc' dir='ltr'><strong><em>οὐδέν.</em></strong></span> <span class='ocrx_word' id='word_1_35' title='bbox 987 463 1037 509; x_wconf 83' lang='grc' dir='ltr'><strong>οὐ</strong></span> <span class='ocrx_word' id='word_1_36' title='bbox 1060 465 1153 521; x_wconf 80' lang='grc' dir='ltr'><strong><em>’μὴν</em></strong></span> <span class='ocrx_word' id='word_1_37' title='bbox 1173 463 1273 507; x_wconf 76' lang='grc' dir='ltr'><strong><em>ἀλλ’</em></strong></span> <span class='ocrx_word' id='word_1_38' title='bbox 1304 463 1399 508; x_wconf 78' lang='grc' dir='ltr'><strong>οὐδ’</strong></span> <span class='ocrx_word' id='word_1_39' title='bbox 1422 464 1551 515; x_wconf 73' lang='grc' dir='ltr'><strong><em>αὐτὸς</em></strong></span> <span class='ocrx_word' id='word_1_40' title='bbox 1571 466 1682 522; x_wconf 84' lang='grc' dir='ltr'><strong><em>ἐγκε-</em></strong></span> 
     </span>
     <span class='ocr_line' id='line_1_5' title="bbox 201 532 1681 593; baseline 0 -14"><span class='ocrx_word' id='word_1_41' title='bbox 201 538 375 593; x_wconf 88' lang='grc' dir='ltr'><strong><em>χείρηκα</em></strong></span> <span class='ocrx_word' id='word_1_42' title='bbox 406 535 457 579; x_wconf 75' lang='grc' dir='ltr'><strong>ἂν</strong></span> <span class='ocrx_word' id='word_1_43' title='bbox 490 539 542 593; x_wconf 82' lang='grc' dir='ltr'><strong>τῇ</strong></span> <span class='ocrx_word' id='word_1_44' title='bbox 568 539 734 593; x_wconf 81' lang='grc' dir='ltr'><strong><em>γραφῇ,</em></strong></span> <span class='ocrx_word' id='word_1_45' title='bbox 776 532 829 590; x_wconf 77' lang='grc' dir='ltr'><strong>ἥν</strong></span> <span class='ocrx_word' id='word_1_46' title='bbox 852 552 926 589; x_wconf 91' lang='grc' dir='ltr'><strong>μοι</strong></span> <span class='ocrx_word' id='word_1_47' title='bbox 955 533 1015 591; x_wconf 86' lang='grc' dir='ltr'><strong><em>μὴ</em></strong></span> <span class='ocrx_word' id='word_1_48' title='bbox 1036 532 1146 592; x_wconf 79' lang='grc' dir='ltr'><strong><em>ἐπῄει</em></strong></span> <span class='ocrx_word' id='word_1_49' title='bbox 1177 533 1347 587; x_wconf 80' lang='grc' dir='ltr'><strong><em>ἐλπίζειν</em></strong></span> <span class='ocrx_word' id='word_1_50' title='bbox 1366 532 1587 591; x_wconf 82' lang='grc' dir='ltr'><strong><em>προϊόντος</em></strong></span> <span class='ocrx_word' id='word_1_51' title='bbox 1605 539 1681 579; x_wconf 85' lang='grc' dir='ltr'><strong>τοῦ</strong></span> 
     </span>
    </p>

    <p class='ocr_par' dir='ltr' id='par_1_3' title="bbox 172 598 1777 939">
     <span class='ocr_line' id='line_1_6' title="bbox 172 598 1777 663; baseline -0.001 -14"><span class='ocrx_word' id='word_1_52' title='bbox 172 612 193 648; x_wconf 84' lang='grc'><strong>5</strong></span> <span class='ocrx_word' id='word_1_53' title='bbox 202 603 356 663; x_wconf 87' lang='grc' dir='ltr'><strong><em>χρόνου</em></strong></span> <span class='ocrx_word' id='word_1_54' title='bbox 380 605 433 649; x_wconf 81' lang='grc' dir='ltr'><strong>τὰ</strong></span> <span class='ocrx_word' id='word_1_55' title='bbox 458 606 584 662; x_wconf 88' lang='grc' dir='ltr'><strong><em>χείρω</em></strong></span> <span class='ocrx_word' id='word_1_56' title='bbox 612 605 680 648; x_wconf 80' lang='grc' dir='ltr'><strong>καὶ</strong></span> <span class='ocrx_word' id='word_1_57' title='bbox 712 602 771 647; x_wconf 67' lang='grc' dir='ltr'><strong>ἔτι</strong></span> <span class='ocrx_word' id='word_1_58' title='bbox 798 603 1058 658; x_wconf 71' lang='grc' dir='ltr'><strong><em>ξυμβαίνειν,</em></strong></span> <span class='ocrx_word' id='word_1_59' title='bbox 1105 602 1151 647; x_wconf 80' lang='grc' dir='ltr'><strong>ἔκ</strong></span> <span class='ocrx_word' id='word_1_60' title='bbox 1181 606 1266 646; x_wconf 80' lang='grc' dir='ltr'><strong>τῶν</strong></span> <span class='ocrx_word' id='word_1_61' title='bbox 1291 601 1511 660; x_wconf 83' lang='grc' dir='ltr'><strong><em>παρόντων</em></strong></span> <span class='ocrx_word' id='word_1_62' title='bbox 1535 606 1603 648; x_wconf 79' lang='grc' dir='ltr'><strong><em>καὶ</em></strong></span> <span class='ocrx_word' id='word_1_63' title='bbox 1625 604 1679 649; x_wconf 74' lang='grc' dir='ltr'><strong><em>τοὶ</em></strong></span> <span class='ocrx_word' id='word_1_64' title='bbox 1702 598 1732 647; x_wconf 81' lang='lat' dir='ltr'>P</span> <span class='ocrx_word' id='word_1_65' title='bbox 1757 614 1777 647; x_wconf 85' lang='lat'><strong>5</strong></span> 
     </span>
     <span class='ocr_line' id='line_1_7' title="bbox 203 668 1679 734; baseline -0.001 -15"><span class='ocrx_word' id='word_1_66' title='bbox 203 677 378 726; x_wconf 86' lang='grc' dir='ltr'><strong><em>ἐσαῦθις</em></strong></span> <span class='ocrx_word' id='word_1_67' title='bbox 408 672 716 732; x_wconf 76' lang='grc' dir='ltr'><strong><em>στοχαζομένῳ,</em></strong></span> <span class='ocrx_word' id='word_1_68' title='bbox 751 671 774 728; x_wconf 83' lang='grc' dir='ltr'>ἢ</span> <span class='ocrx_word' id='word_1_69' title='bbox 802 676 965 728; x_wconf 81' lang='grc' dir='ltr'><strong><em>μᾶλλον</em></strong></span> <span class='ocrx_word' id='word_1_70' title='bbox 987 674 1032 716; x_wconf 83' lang='grc' dir='ltr'><strong>ἐκ</strong></span> <span class='ocrx_word' id='word_1_71' title='bbox 1056 677 1140 716; x_wconf 81' lang='grc' dir='ltr'><strong>τῶν</strong></span> <span class='ocrx_word' id='word_1_72' title='bbox 1168 668 1419 727; x_wconf 76' lang='grc' dir='ltr'><strong><em>συμβάντων</em></strong></span> <span class='ocrx_word' id='word_1_73' title='bbox 1435 673 1679 734; x_wconf 70' lang='grc' dir='ltr'><strong><em>λογιζομένῳ</em></strong></span> 
     </span>
     <span class='ocr_line' id='line_1_8' title="bbox 201 739 1678 801; baseline -0.001 -13"><span class='ocrx_word' id='word_1_74' title='bbox 201 744 255 788; x_wconf 78' lang='grc' dir='ltr'><strong>τὰ</strong></span> <span class='ocrx_word' id='word_1_75' title='bbox 268 742 584 801; x_wconf 86' lang='grc' dir='ltr'><strong><em>συμβησόμενα,</em></strong></span> <span class='ocrx_word' id='word_1_76' title='bbox 633 746 775 801; x_wconf 80' lang='grc' dir='ltr'><strong><em>πολλῷ</em></strong></span> <span class='ocrx_word' id='word_1_77' title='bbox 794 742 874 800; x_wconf 83' lang='grc' dir='ltr'><strong>γὰρ</strong></span> <span class='ocrx_word' id='word_1_78' title='bbox 894 739 1029 798; x_wconf 81' lang='grc' dir='ltr'><strong><em>δήπου</em></strong></span> <span class='ocrx_word' id='word_1_79' title='bbox 1048 742 1105 793; x_wconf 67' lang='grc' dir='ltr'><strong>εἷς</strong></span> <span class='ocrx_word' id='word_1_80' title='bbox 1125 740 1256 797; x_wconf 76' lang='grc' dir='ltr'><strong><em>ἀκοὴν</em></strong></span> <span class='ocrx_word' id='word_1_81' title='bbox 1278 740 1403 785; x_wconf 83' lang='grc' dir='ltr'><strong><em>ὠτίου</em></strong></span> <span class='ocrx_word' id='word_1_82' title='bbox 1424 741 1678 797; x_wconf 77' lang='grc' dir='ltr'><strong><em>θαυμασιώ-</em></strong></span> 
     </span>
     <span class='ocr_line' id='line_1_9' title="bbox 200 806 1677 871; baseline -0.001 -14"><span class='ocrx_word' id='word_1_83' title='bbox 200 824 320 871; x_wconf 82' lang='grc' dir='ltr'><strong><em>τερον</em></strong></span> <span class='ocrx_word' id='word_1_84' title='bbox 339 816 383 857; x_wconf 87' lang='grc' dir='ltr'><strong>ἐκ</strong></span> <span class='ocrx_word' id='word_1_85' title='bbox 401 809 619 868; x_wconf 77' lang='grc' dir='ltr'><strong><em>τοιαύτης,</em></strong></span> <span class='ocrx_word' id='word_1_86' title='bbox 658 806 709 866; x_wconf 72' lang='grc' dir='ltr'><strong><em>ἧς</em></strong></span> <span class='ocrx_word' id='word_1_87' title='bbox 730 811 783 868; x_wconf 76' lang='grc' dir='ltr'><strong>δὴ</strong></span> <span class='ocrx_word' id='word_1_88' title='bbox 804 813 871 855; x_wconf 81' lang='grc' dir='ltr'><strong>καὶ</strong></span> <span class='ocrx_word' id='word_1_89' title='bbox 892 809 1118 868; x_wconf 78' lang='grc' dir='ltr'><strong><em>γεγεύμεθα</em></strong></span> <span class='ocrx_word' id='word_1_90' title='bbox 1127 844 1142 865; x_wconf 87' lang='grc'><strong><em>,</em></strong></span> <span class='ocrx_word' id='word_1_91' title='bbox 1169 808 1345 866; x_wconf 80' lang='grc' dir='ltr'><strong><em>ἡσυχίας</em></strong></span> <span class='ocrx_word' id='word_1_92' title='bbox 1376 812 1444 854; x_wconf 82' lang='grc' dir='ltr'><strong>καὶ</strong></span> <span class='ocrx_word' id='word_1_93' title='bbox 1466 810 1677 856; x_wconf 76' lang='grc' dir='ltr'><strong><em>καταστά-</em></strong></span> 
     </span>
     <span class='ocr_line' id='line_1_10' title="bbox 200 878 1676 939; baseline -0.001 -12"><span class='ocrx_word' id='word_1_94' title='bbox 200 900 303 933; x_wconf 89' lang='grc' dir='ltr'><strong><em>σεως</em></strong></span> <span class='ocrx_word' id='word_1_95' title='bbox 321 885 378 934; x_wconf 78' lang='grc' dir='ltr'><strong>εἷς</strong></span> <span class='ocrx_word' id='word_1_96' title='bbox 399 880 496 926; x_wconf 75' lang='grc' dir='ltr'><strong><em>τάδε</em></strong></span> <span class='ocrx_word' id='word_1_97' title='bbox 514 883 732 939; x_wconf 80' lang='grc' dir='ltr'><strong><em>ξυμφορᾶς</em></strong></span> <span class='ocrx_word' id='word_1_98' title='bbox 754 880 808 924; x_wconf 81' lang='grc' dir='ltr'><strong>τὰ</strong></span> <span class='ocrx_word' id='word_1_99' title='bbox 824 878 1048 938; x_wconf 79' lang='grc' dir='ltr'><strong><em>πράγματα</em></strong></span> <span class='ocrx_word' id='word_1_100' title='bbox 1066 883 1310 939; x_wconf 79' lang='grc' dir='ltr'><strong><em>προελθεῖν,</em></strong></span> <span class='ocrx_word' id='word_1_101' title='bbox 1347 878 1374 935; x_wconf 79' lang='grc' dir='ltr'>ἢ</span> <span class='ocrx_word' id='word_1_102' title='bbox 1397 886 1572 925; x_wconf 74' lang='grc' dir='ltr'><strong><em>τοιαῦτα</em></strong></span> <span class='ocrx_word' id='word_1_103' title='bbox 1590 899 1676 939; x_wconf 86' lang='grc' dir='ltr'><strong>φα-</strong></span> 
     </span>
    </p>

    <p class='ocr_par' dir='ltr' id='par_1_4' title="bbox 146 949 1675 1217">
     <span class='ocr_line' id='line_1_11' title="bbox 146 949 1675 1008; baseline 0.002 -17"><span class='ocrx_word' id='word_1_104' title='bbox 146 953 320 996; x_wconf 72' lang='grc' dir='ltr'><strong><em>1ονέντα</em></strong></span> <span class='ocrx_word' id='word_1_105' title='bbox 350 953 418 996; x_wconf 80' lang='grc' dir='ltr'><strong>καὶ</strong></span> <span class='ocrx_word' id='word_1_106' title='bbox 450 949 584 1002; x_wconf 76' lang='grc' dir='ltr'><strong><em>οὕτως</em></strong></span> <span class='ocrx_word' id='word_1_107' title='bbox 615 954 690 1006; x_wconf 80' lang='grc' dir='ltr'><strong>τῆς</strong></span> <span class='ocrx_word' id='word_1_108' title='bbox 719 950 924 1008; x_wconf 68' lang='grc' dir='ltr'><strong><em>προτέρας</em></strong></span> <span class='ocrx_word' id='word_1_109' title='bbox 954 950 1174 1001; x_wconf 79' lang='grc' dir='ltr'><strong><em>εὗθαλείας</em></strong></span> <span class='ocrx_word' id='word_1_110' title='bbox 1195 951 1330 993; x_wconf 82' lang='grc' dir='ltr'><strong><em>δεινοῦ</em></strong></span> <span class='ocrx_word' id='word_1_111' title='bbox 1342 954 1547 1005; x_wconf 75' lang='grc' dir='ltr'><strong><em>χειμῶνος</em></strong></span> <span class='ocrx_word' id='word_1_112' title='bbox 1566 952 1675 994; x_wconf 79' lang='grc' dir='ltr'><strong><em>ἐπει-</em></strong></span> 
     </span>
     <span class='ocr_line' id='line_1_12' title="bbox 197 1017 1673 1079; baseline -0.001 -14"><span class='ocrx_word' id='word_1_113' title='bbox 197 1019 465 1079; x_wconf 79' lang='grc' dir='ltr'><strong><em>σφρήσαντος</em></strong></span> <span class='ocrx_word' id='word_1_114' title='bbox 483 1017 822 1078; x_wconf 73' lang='grc' dir='ltr'><strong><em>καταρρεῦσαντα</em></strong></span> <span class='ocrx_word' id='word_1_115' title='bbox 842 1022 899 1071; x_wconf 78' lang='grc' dir='ltr'><strong>εἷς</strong></span> <span class='ocrx_word' id='word_1_116' title='bbox 917 1019 964 1064; x_wconf 83' lang='grc' dir='ltr'><strong>τὸ</strong></span> <span class='ocrx_word' id='word_1_117' title='bbox 986 1018 1171 1075; x_wconf 75' lang='grc' dir='ltr'><strong><em>ἀκμάζον</em></strong></span> <span class='ocrx_word' id='word_1_118' title='bbox 1195 1023 1528 1074; x_wconf 76' lang='grc' dir='ltr'><strong><em>καταυανθῆναι,</em></strong></span> <span class='ocrx_word' id='word_1_119' title='bbox 1567 1017 1673 1064; x_wconf 78' lang='grc' dir='ltr'><strong><em>ὥστε</em></strong></span> 
     </span>
     <span class='ocr_line' id='line_1_13' title="bbox 194 1086 1672 1148; baseline -0.001 -14"><span class='ocrx_word' id='word_1_120' title='bbox 194 1091 254 1147; x_wconf 86' lang='grc' dir='ltr'><strong><em>μὴ</em></strong></span> <span class='ocrx_word' id='word_1_121' title='bbox 285 1088 454 1148; x_wconf 79' lang='grc' dir='ltr'><strong><em>ὄπιόραν</em></strong></span> <span class='ocrx_word' id='word_1_122' title='bbox 481 1089 698 1143; x_wconf 81' lang='grc' dir='ltr'><strong><em>εὖθαλεῖν,</em></strong></span> <span class='ocrx_word' id='word_1_123' title='bbox 743 1088 845 1132; x_wconf 75' lang='grc' dir='ltr'><strong>ἀλλ’</strong></span> <span class='ocrx_word' id='word_1_124' title='bbox 878 1088 975 1134; x_wconf 77' lang='grc' dir='ltr'><strong>οὐδὲ</strong></span> <span class='ocrx_word' id='word_1_125' title='bbox 1005 1091 1178 1146; x_wconf 84' lang='grc' dir='ltr'><strong><em>ζωτικῆς</em></strong></span> <span class='ocrx_word' id='word_1_126' title='bbox 1208 1088 1257 1133; x_wconf 86' lang='grc' dir='ltr'><strong>τὸ</strong></span> <span class='ocrx_word' id='word_1_127' title='bbox 1287 1092 1450 1144; x_wconf 86' lang='grc' dir='ltr'><strong><em>πνεῦμα</em></strong></span> <span class='ocrx_word' id='word_1_128' title='bbox 1472 1086 1672 1148; x_wconf 79' lang='grc' dir='ltr'><strong><em>παράπαν</em></strong></span> 
     </span>
     <span class='ocr_line' id='line_1_14' title="bbox 191 1157 1189 1217; baseline -0.002 -14"><span class='ocrx_word' id='word_1_129' title='bbox 191 1160 371 1217; x_wconf 75' lang='grc' dir='ltr'><strong><em>μετέχειν</em></strong></span> <span class='ocrx_word' id='word_1_130' title='bbox 389 1157 598 1215; x_wconf 82' lang='grc' dir='ltr'><strong><em>κινήσεως.</em></strong></span> <span class='ocrx_word' id='word_1_131' title='bbox 1187 1199 1189 1201; x_wconf 88' lang='grc'>.</span> 
     </span>
    </p>

    <p class='ocr_par' dir='ltr' id='par_1_5' title="bbox 332 1222 1722 1286">
     <span class='ocr_line' id='line_1_15' title="bbox 332 1222 1722 1286; baseline -0.002 -12"><span class='ocrx_word' id='word_1_132' title='bbox 332 1231 376 1275; x_wconf 78' lang='grc'><strong>2.</strong></span> <span class='ocrx_word' id='word_1_133' title='bbox 450 1229 511 1272; x_wconf 70' lang='lat' dir='ltr'><strong>Ta</strong></span> <span class='ocrx_word' id='word_1_134' title='bbox 538 1232 637 1286; x_wconf 81' lang='grc' dir='ltr'><strong><em>γοῦν</em></strong></span> <span class='ocrx_word' id='word_1_135' title='bbox 666 1226 900 1285; x_wconf 67' lang='grc' dir='ltr'><strong><em>ἀνατρέχειν</em></strong></span> <span class='ocrx_word' id='word_1_136' title='bbox 926 1228 991 1271; x_wconf 80' lang='grc' dir='ltr'><strong><em>ἐπὶ</em></strong></span> <span class='ocrx_word' id='word_1_137' title='bbox 1022 1226 1122 1278; x_wconf 75' lang='grc' dir='ltr'><strong><em>τοὺς</em></strong></span> <span class='ocrx_word' id='word_1_138' title='bbox 1146 1222 1348 1284; x_wconf 83' lang='grc' dir='ltr'><strong><em>πρότερον</em></strong></span> <span class='ocrx_word' id='word_1_139' title='bbox 1375 1225 1403 1283; x_wconf 82' lang='grc' dir='ltr'><em>ἢ</em></span> <span class='ocrx_word' id='word_1_140' title='bbox 1428 1225 1537 1270; x_wconf 81' lang='grc' dir='ltr'><strong><em>καθ’</em></strong></span> <span class='ocrx_word' id='word_1_141' title='bbox 1559 1225 1669 1283; x_wconf 77' lang='grc' dir='ltr'><strong><em>ἡμᾶς</em></strong></span> <span class='ocrx_word' id='word_1_142' title='bbox 1692 1237 1722 1271; x_wconf 85' lang='grc' dir='ltr'>Β</span> 
     </span>
    </p>

    <p class='ocr_par' dir='ltr' id='par_1_6' title="bbox 139 1294 1713 1634">
     <span class='ocr_line' id='line_1_16' title="bbox 139 1294 1671 1356; baseline -0.002 -13"><span class='ocrx_word' id='word_1_143' title='bbox 139 1303 180 1339; x_wconf 87' lang='grc'><strong>15</strong></span> <span class='ocrx_word' id='word_1_144' title='bbox 194 1297 414 1356; x_wconf 70' lang='grc' dir='ltr'><strong><em>ἄρξαντας,</em></strong></span> <span class='ocrx_word' id='word_1_145' title='bbox 436 1298 662 1342; x_wconf 79' lang='grc' dir='ltr'><strong><em>κάντεῦθεν</em></strong></span> <span class='ocrx_word' id='word_1_146' title='bbox 682 1297 888 1354; x_wconf 73' lang='grc' dir='ltr'><strong><em>ἔρχεσθαι</em></strong></span> <span class='ocrx_word' id='word_1_147' title='bbox 907 1297 958 1341; x_wconf 78' lang='grc' dir='ltr'><strong>τὰ</strong></span> <span class='ocrx_word' id='word_1_148' title='bbox 981 1299 1143 1341; x_wconf 75' lang='grc' dir='ltr'><strong><em>ἐκείνων</em></strong></span> <span class='ocrx_word' id='word_1_149' title='bbox 1162 1294 1367 1349; x_wconf 82' lang='grc' dir='ltr'><strong><em>ἐπιόντας,</em></strong></span> <span class='ocrx_word' id='word_1_150' title='bbox 1398 1294 1510 1348; x_wconf 81' lang='grc' dir='ltr'><strong><em>ὅπως</em></strong></span> <span class='ocrx_word' id='word_1_151' title='bbox 1529 1295 1671 1355; x_wconf 77' lang='grc' dir='ltr'><strong><em>ἄσφα-</em></strong></span> 
     </span>
     <span class='ocr_line' id='line_1_17' title="bbox 190 1360 1668 1424; baseline 0.001 -14"><span class='ocrx_word' id='word_1_152' title='bbox 190 1372 272 1418; x_wconf 86' lang='grc' dir='ltr'><strong><em>λῶς</em></strong></span> <span class='ocrx_word' id='word_1_153' title='bbox 305 1370 373 1412; x_wconf 78' lang='grc' dir='ltr'><strong>καὶ</strong></span> <span class='ocrx_word' id='word_1_154' title='bbox 396 1367 504 1423; x_wconf 75' lang='grc' dir='ltr'><strong><em>μεθ’</em></strong></span> <span class='ocrx_word' id='word_1_155' title='bbox 535 1366 600 1412; x_wconf 83' lang='grc' dir='ltr'><strong>ὅτι</strong></span> <span class='ocrx_word' id='word_1_156' title='bbox 629 1369 822 1424; x_wconf 83' lang='grc' dir='ltr'><strong><em>πλείστης</em></strong></span> <span class='ocrx_word' id='word_1_157' title='bbox 847 1372 924 1423; x_wconf 79' lang='grc' dir='ltr'><strong>τῆς</strong></span> <span class='ocrx_word' id='word_1_158' title='bbox 960 1366 1181 1421; x_wconf 74' lang='grc' dir='ltr'><strong><em>εὐβουλίας</em></strong></span> <span class='ocrx_word' id='word_1_159' title='bbox 1190 1399 1205 1420; x_wconf 90' lang='grc'><strong><em>,</em></strong></span> <span class='ocrx_word' id='word_1_160' title='bbox 1252 1360 1304 1422; x_wconf 74' lang='grc' dir='ltr'><strong><em>ἦς</em></strong></span> <span class='ocrx_word' id='word_1_161' title='bbox 1332 1364 1452 1409; x_wconf 71' lang='grc' dir='ltr'><strong><em>οὐδὲν</em></strong></span> <span class='ocrx_word' id='word_1_162' title='bbox 1487 1366 1668 1421; x_wconf 75' lang='grc' dir='ltr'><strong><em>ἄμεινον,</em></strong></span> 
     </span>
     <span class='ocr_line' id='line_1_18' title="bbox 189 1435 1668 1497; baseline -0.001 -16"><span class='ocrx_word' id='word_1_163' title='bbox 189 1435 364 1497; x_wconf 78' lang='grc' dir='ltr'><strong><em>διῴκουν</em></strong></span> <span class='ocrx_word' id='word_1_164' title='bbox 384 1437 437 1481; x_wconf 82' lang='grc' dir='ltr'><strong>τὰ</strong></span> <span class='ocrx_word' id='word_1_165' title='bbox 459 1435 706 1494; x_wconf 74' lang='grc' dir='ltr'><strong><em>πράγματα,</em></strong></span> <span class='ocrx_word' id='word_1_166' title='bbox 748 1437 825 1493; x_wconf 83' lang='grc' dir='ltr'><strong>τὴν</strong></span> <span class='ocrx_word' id='word_1_167' title='bbox 844 1435 975 1492; x_wconf 75' lang='grc' dir='ltr'><strong><em>ἀρχὴν</em></strong></span> <span class='ocrx_word' id='word_1_168' title='bbox 993 1437 1184 1480; x_wconf 76' lang='grc' dir='ltr'><strong><em>ἐντεῦθεν</em></strong></span> <span class='ocrx_word' id='word_1_169' title='bbox 1211 1439 1536 1492; x_wconf 85' lang='grc' dir='ltr'><strong><em>κατοχυροῦντες</em></strong></span> <span class='ocrx_word' id='word_1_170' title='bbox 1546 1468 1561 1488; x_wconf 91' lang='grc'><strong><em>,</em></strong></span> <span class='ocrx_word' id='word_1_171' title='bbox 1597 1438 1668 1480; x_wconf 76' lang='grc' dir='ltr'><strong>καὶ</strong></span> 
     </span>
     <span class='ocr_line' id='line_1_19' title="bbox 187 1503 1666 1564; baseline 0.001 -16"><span class='ocrx_word' id='word_1_172' title='bbox 187 1510 322 1550; x_wconf 83' lang='grc' dir='ltr'><strong><em>ταῦτα</em></strong></span> <span class='ocrx_word' id='word_1_173' title='bbox 340 1508 657 1564; x_wconf 75' lang='grc' dir='ltr'><strong><em>περιγραφείσης</em></strong></span> <span class='ocrx_word' id='word_1_174' title='bbox 690 1507 747 1556; x_wconf 80' lang='grc' dir='ltr'><strong>εἷς</strong></span> <span class='ocrx_word' id='word_1_175' title='bbox 773 1506 922 1563; x_wconf 80' lang='grc' dir='ltr'><strong><em>μικρὸν</em></strong></span> <span class='ocrx_word' id='word_1_176' title='bbox 941 1503 1097 1561; x_wconf 83' lang='grc' dir='ltr'><strong><em>ταύτης</em></strong></span> <span class='ocrx_word' id='word_1_177' title='bbox 1117 1504 1260 1555; x_wconf 80' lang='grc' dir='ltr'><strong><em>αὐτοῖς</em></strong></span> <span class='ocrx_word' id='word_1_178' title='bbox 1280 1506 1344 1547; x_wconf 77' lang='grc' dir='ltr'><strong><em>ἐπὶ</em></strong></span> <span class='ocrx_word' id='word_1_179' title='bbox 1363 1506 1473 1561; x_wconf 81' lang='grc' dir='ltr'><strong><em>τρισὶ</em></strong></span> <span class='ocrx_word' id='word_1_180' title='bbox 1492 1506 1560 1547; x_wconf 82' lang='grc' dir='ltr'><strong>καὶ</strong></span> <span class='ocrx_word' id='word_1_181' title='bbox 1584 1503 1666 1560; x_wconf 89' lang='grc' dir='ltr'><strong><em>μό-</em></strong></span> 
     </span>
     <span class='ocr_line' id='line_1_20' title="bbox 185 1571 1713 1634; baseline -0.001 -17"><span class='ocrx_word' id='word_1_182' title='bbox 185 1592 276 1626; x_wconf 87' lang='grc' dir='ltr'><strong><em>ναις</em></strong></span> <span class='ocrx_word' id='word_1_183' title='bbox 310 1573 650 1628; x_wconf 81' lang='grc' dir='ltr'><strong><em>ἐπιπολαζούσαις</em></strong></span> <span class='ocrx_word' id='word_1_184' title='bbox 677 1575 862 1632; x_wconf 80' lang='grc' dir='ltr'><strong><em>ἀρχῆθεν</em></strong></span> <span class='ocrx_word' id='word_1_185' title='bbox 896 1581 987 1625; x_wconf 73' lang='grc' dir='ltr'><strong><em>ταῖς</em></strong></span> <span class='ocrx_word' id='word_1_186' title='bbox 1014 1571 1180 1628; x_wconf 87' lang='grc' dir='ltr'><strong><em>πόλεσι,</em></strong></span> <span class='ocrx_word' id='word_1_187' title='bbox 1225 1574 1383 1634; x_wconf 71' lang='grc' dir='ltr'><strong><em>Νικαίᾳ</em></strong></span> <span class='ocrx_word' id='word_1_188' title='bbox 1413 1571 1594 1632; x_wconf 78' lang='grc' dir='ltr'><strong><em>Προύσῃ</em></strong></span> <span class='ocrx_word' id='word_1_189' title='bbox 1614 1592 1659 1619; x_wconf 80' lang='grc' dir='ltr'><strong>τε</strong></span> <span class='ocrx_word' id='word_1_190' title='bbox 1682 1580 1713 1615; x_wconf 86' lang='lat' dir='ltr'>C</span> 
     </span>
    </p>

    <p class='ocr_par' dir='ltr' id='par_1_7' title="bbox 130 1637 1666 1840">
     <span class='ocr_line' id='line_1_21' title="bbox 130 1637 1666 1704; baseline -0.001 -15"><span class='ocrx_word' id='word_1_191' title='bbox 130 1646 256 1689; x_wconf 74' lang='grc' dir='ltr'><strong><em>ΞΟκαὶ</em></strong></span> <span class='ocrx_word' id='word_1_192' title='bbox 288 1645 408 1702; x_wconf 86' lang='grc' dir='ltr'><strong><em>τρίτῃ</em></strong></span> <span class='ocrx_word' id='word_1_193' title='bbox 444 1645 744 1704; x_wconf 72' lang='grc' dir='ltr'><strong><em>Φιλαδελφείᾳ,</em></strong></span> <span class='ocrx_word' id='word_1_194' title='bbox 793 1649 868 1700; x_wconf 82' lang='grc' dir='ltr'><strong>τῆς</strong></span> <span class='ocrx_word' id='word_1_195' title='bbox 899 1644 1099 1701; x_wconf 81' lang='grc' dir='ltr'><strong><em>πατρίδος</em></strong></span> <span class='ocrx_word' id='word_1_196' title='bbox 1118 1645 1355 1687; x_wconf 80' lang='grc' dir='ltr'><strong><em>ἐκπεσοῦσιν</em></strong></span> <span class='ocrx_word' id='word_1_197' title='bbox 1377 1643 1422 1694; x_wconf 72' lang='grc' dir='ltr'><strong>ἐξ</strong></span> <span class='ocrx_word' id='word_1_198' title='bbox 1438 1637 1496 1686; x_wconf 77' lang='grc' dir='ltr'><strong>ὦν</strong></span> <span class='ocrx_word' id='word_1_199' title='bbox 1521 1645 1666 1687; x_wconf 77' lang='grc' dir='ltr'><strong><em>αἰτιῶν</em></strong></span> 
     </span>
     <span class='ocr_line' id='line_1_22' title="bbox 184 1710 1664 1774; baseline 0 -18"><span class='ocrx_word' id='word_1_200' title='bbox 184 1712 300 1768; x_wconf 69' lang='grc' dir='ltr'><strong><em>ἴδμεν</em></strong></span> <span class='ocrx_word' id='word_1_201' title='bbox 318 1710 550 1768; x_wconf 77' lang='grc' dir='ltr'><strong><em>μαθόντες,</em></strong></span> <span class='ocrx_word' id='word_1_202' title='bbox 589 1712 641 1756; x_wconf 75' lang='grc' dir='ltr'><strong>οὕ</strong></span> <span class='ocrx_word' id='word_1_203' title='bbox 663 1731 735 1768; x_wconf 90' lang='grc' dir='ltr'><strong>μοι</strong></span> <span class='ocrx_word' id='word_1_204' title='bbox 753 1715 869 1756; x_wconf 78' lang='grc' dir='ltr'><strong><em>δοκεῖ</em></strong></span> <span class='ocrx_word' id='word_1_205' title='bbox 872 1745 886 1765; x_wconf 89' lang='grc'><strong><em>,</em></strong></span> <span class='ocrx_word' id='word_1_206' title='bbox 922 1711 1000 1755; x_wconf 79' lang='grc' dir='ltr'><strong>κᾶν</strong></span> <span class='ocrx_word' id='word_1_207' title='bbox 1018 1713 1143 1769; x_wconf 66' lang='grc' dir='ltr'><strong><em>λέγειν</em></strong></span> <span class='ocrx_word' id='word_1_208' title='bbox 1160 1713 1376 1766; x_wconf 76' lang='grc' dir='ltr'><strong><em>θέλωμεν,</em></strong></span> <span class='ocrx_word' id='word_1_209' title='bbox 1417 1710 1580 1755; x_wconf 79' lang='grc' dir='ltr'><strong><em>ἅνυστοὶ</em></strong></span> <span class='ocrx_word' id='word_1_210' title='bbox 1604 1717 1664 1774; x_wconf 77' lang='grc' dir='ltr'><strong>τῷ</strong></span> 
     </span>
     <span class='ocr_line' id='line_1_23' title="bbox 182 1779 1662 1840; baseline -0.001 -14"><span class='ocrx_word' id='word_1_211' title='bbox 182 1799 227 1826; x_wconf 88' lang='grc' dir='ltr'><strong>τε</strong></span> <span class='ocrx_word' id='word_1_212' title='bbox 246 1782 380 1826; x_wconf 81' lang='grc' dir='ltr'><strong><em>πολλὰ</em></strong></span> <span class='ocrx_word' id='word_1_213' title='bbox 404 1784 472 1825; x_wconf 79' lang='grc' dir='ltr'><strong>καὶ</strong></span> <span class='ocrx_word' id='word_1_214' title='bbox 498 1779 656 1839; x_wconf 80' lang='grc' dir='ltr'><strong><em>μεγάλα</em></strong></span> <span class='ocrx_word' id='word_1_215' title='bbox 686 1785 892 1838; x_wconf 80' lang='grc' dir='ltr'><strong><em>ξυμβῆναι</em></strong></span> <span class='ocrx_word' id='word_1_216' title='bbox 917 1781 1072 1837; x_wconf 80' lang='grc' dir='ltr'><strong><em>μεταξῦ</em></strong></span> <span class='ocrx_word' id='word_1_217' title='bbox 1106 1779 1370 1840; x_wconf 80' lang='grc' dir='ltr'><strong><em>κρατούντων</em></strong></span> <span class='ocrx_word' id='word_1_218' title='bbox 1402 1780 1561 1824; x_wconf 78' lang='grc' dir='ltr'><strong><em>ἐκείνων</em></strong></span> <span class='ocrx_word' id='word_1_219' title='bbox 1592 1784 1662 1826; x_wconf 78' lang='grc' dir='ltr'><strong>καὶ</strong></span> 
     </span>
    </p>
   </div>
   <div class='ocr_carea' id='block_1_3' title="bbox 172 1867 1660 2427">
    <p class='ocr_par' dir='ltr' id='par_1_8' title="bbox 172 1867 1660 2427">
     <span class='ocr_line' id='line_1_24' title="bbox 181 1867 1658 1914; baseline 0 -10"><span class='ocrx_word' id='word_1_220' title='bbox 181 1867 313 1904; x_wconf 90' lang='lat' dir='ltr'><strong>dinem:</strong></span> <span class='ocrx_word' id='word_1_221' title='bbox 346 1867 427 1904; x_wconf 87' lang='lat' dir='ltr'><strong>hinc</strong></span> <span class='ocrx_word' id='word_1_222' title='bbox 457 1867 587 1914; x_wconf 82' lang='lat' dir='ltr'><strong>duplex</strong></span> <span class='ocrx_word' id='word_1_223' title='bbox 617 1867 775 1903; x_wconf 80' lang='lat' dir='ltr'>oboritur</span> <span class='ocrx_word' id='word_1_224' title='bbox 804 1868 1000 1914; x_wconf 78' lang='lat' dir='ltr'><strong>ignoratio,</strong></span> <span class='ocrx_word' id='word_1_225' title='bbox 1033 1867 1169 1903; x_wconf 88' lang='lat' dir='ltr'><strong>homine</strong></span> <span class='ocrx_word' id='word_1_226' title='bbox 1197 1868 1290 1903; x_wconf 89' lang='lat' dir='ltr'><strong>scire</strong></span> <span class='ocrx_word' id='word_1_227' title='bbox 1322 1878 1361 1902; x_wconf 78' lang='lat' dir='ltr'><strong>se</strong></span> <span class='ocrx_word' id='word_1_228' title='bbox 1393 1871 1540 1912; x_wconf 87' lang='lat' dir='ltr'><strong>putante</strong></span> <span class='ocrx_word' id='word_1_229' title='bbox 1565 1868 1658 1914; x_wconf 88' lang='lat' dir='ltr'><strong>quod</strong></span> 
     </span>
     <span class='ocr_line' id='line_1_25' title="bbox 180 1913 1660 1961; baseline -0.001 -10"><span class='ocrx_word' id='word_1_230' title='bbox 180 1915 316 1951; x_wconf 89' lang='lat' dir='ltr'><strong>omnino</strong></span> <span class='ocrx_word' id='word_1_231' title='bbox 339 1914 470 1958; x_wconf 76' lang='lat' dir='ltr'><strong>nescit3</strong></span> <span class='ocrx_word' id='word_1_232' title='bbox 504 1927 571 1961; x_wconf 92' lang='lat' dir='ltr'><strong>quo</strong></span> <span class='ocrx_word' id='word_1_233' title='bbox 595 1926 679 1950; x_wconf 86' lang='lat' dir='ltr'><strong>sane</strong></span> <span class='ocrx_word' id='word_1_234' title='bbox 702 1915 788 1949; x_wconf 84' lang='lat' dir='ltr'>nihil</span> <span class='ocrx_word' id='word_1_235' title='bbox 810 1915 920 1960; x_wconf 87' lang='lat' dir='ltr'><strong>peius.</strong></span> <span class='ocrx_word' id='word_1_236' title='bbox 966 1915 1258 1950; x_wconf 80' lang='lat' dir='ltr'>verumenimvero</span> <span class='ocrx_word' id='word_1_237' title='bbox 1281 1925 1346 1949; x_wconf 84' lang='lat' dir='ltr'><strong>nec</strong></span> <span class='ocrx_word' id='word_1_238' title='bbox 1375 1913 1453 1960; x_wconf 87' lang='lat' dir='ltr'><strong>ipse</strong></span> <span class='ocrx_word' id='word_1_239' title='bbox 1484 1914 1660 1950; x_wconf 89' lang='lat' dir='ltr'><strong>scribendi</strong></span> 
     </span>
     <span class='ocr_line' id='line_1_26' title="bbox 179 1961 1657 2007; baseline 0.001 -11"><span class='ocrx_word' id='word_1_240' title='bbox 179 1961 391 2007; x_wconf 79' lang='lat' dir='ltr'><strong>provinciam</strong></span> <span class='ocrx_word' id='word_1_241' title='bbox 421 1962 653 2007; x_wconf 79' lang='lat' dir='ltr'><strong>aggrederer,</strong></span> <span class='ocrx_word' id='word_1_242' title='bbox 683 1961 750 1995; x_wconf 83' lang='lat' dir='ltr'><strong>nisi</strong></span> <span class='ocrx_word' id='word_1_243' title='bbox 784 1962 901 1996; x_wconf 84' lang='lat' dir='ltr'><strong>futura</strong></span> <span class='ocrx_word' id='word_1_244' title='bbox 933 1971 976 1996; x_wconf 79' lang='lat' dir='ltr'><strong>ex</strong></span> <span class='ocrx_word' id='word_1_245' title='bbox 1006 1961 1205 2007; x_wconf 83' lang='lat' dir='ltr'><strong>praeteritis</strong></span> <span class='ocrx_word' id='word_1_246' title='bbox 1239 1961 1424 1996; x_wconf 85' lang='lat' dir='ltr'><strong>aestimans</strong></span> <span class='ocrx_word' id='word_1_247' title='bbox 1446 1972 1657 2007; x_wconf 76' lang='lat' dir='ltr'><strong>magnopere</strong></span> 
     </span>
     <span class='ocr_line' id='line_1_27' title="bbox 177 2006 1656 2055; baseline 0 -12"><span class='ocrx_word' id='word_1_248' title='bbox 177 2008 331 2043; x_wconf 89' lang='lat' dir='ltr'><strong>timerem</strong></span> <span class='ocrx_word' id='word_1_249' title='bbox 354 2007 552 2042; x_wconf 83' lang='lat' dir='ltr'><strong>difficiliora</strong></span> <span class='ocrx_word' id='word_1_250' title='bbox 574 2007 819 2055; x_wconf 85' lang='lat' dir='ltr'><strong>asperioraque</strong></span> <span class='ocrx_word' id='word_1_251' title='bbox 839 2007 1012 2043; x_wconf 89' lang='lat' dir='ltr'><strong>imminere</strong></span> <span class='ocrx_word' id='word_1_252' title='bbox 1032 2009 1068 2042; x_wconf 89' lang='lat' dir='ltr'><strong>in</strong></span> <span class='ocrx_word' id='word_1_253' title='bbox 1091 2011 1276 2054; x_wconf 87' lang='lat' dir='ltr'><strong>posterum.</strong></span> <span class='ocrx_word' id='word_1_254' title='bbox 1312 2006 1417 2042; x_wconf 89' lang='lat' dir='ltr'><strong>multo</strong></span> <span class='ocrx_word' id='word_1_255' title='bbox 1442 2007 1531 2042; x_wconf 90' lang='lat' dir='ltr'><strong>enim</strong></span> <span class='ocrx_word' id='word_1_256' title='bbox 1555 2008 1656 2043; x_wconf 83' lang='lat' dir='ltr'><strong>vide-</strong></span> 
     </span>
     <span class='ocr_line' id='line_1_28' title="bbox 178 2053 1653 2101; baseline 0.001 -13"><span class='ocrx_word' id='word_1_257' title='bbox 178 2053 261 2089; x_wconf 91' lang='lat' dir='ltr'><strong>licet</strong></span> <span class='ocrx_word' id='word_1_258' title='bbox 284 2054 405 2089; x_wconf 83' lang='lat' dir='ltr'><strong>auditu</strong></span> <span class='ocrx_word' id='word_1_259' title='bbox 428 2053 616 2089; x_wconf 85' lang='lat' dir='ltr'><strong>mirabilius</strong></span> <span class='ocrx_word' id='word_1_260' title='bbox 639 2059 694 2089; x_wconf 85' lang='lat' dir='ltr'><strong>est</strong></span> <span class='ocrx_word' id='word_1_261' title='bbox 711 2066 755 2089; x_wconf 87' lang='lat' dir='ltr'><strong>ex</strong></span> <span class='ocrx_word' id='word_1_262' title='bbox 778 2058 898 2096; x_wconf 87' lang='lat' dir='ltr'><strong>tanta,</strong></span> <span class='ocrx_word' id='word_1_263' title='bbox 919 2065 1019 2101; x_wconf 87' lang='lat' dir='ltr'><strong>quam</strong></span> <span class='ocrx_word' id='word_1_264' title='bbox 1044 2054 1318 2100; x_wconf 78' lang='lat' dir='ltr'><strong>degustavimus,</strong></span> <span class='ocrx_word' id='word_1_265' title='bbox 1342 2053 1594 2099; x_wconf 77' lang='lat' dir='ltr'><strong>tranquillitate</strong></span> <span class='ocrx_word' id='word_1_266' title='bbox 1617 2055 1653 2089; x_wconf 85' lang='lat' dir='ltr'><strong>in</strong></span> 
     </span>
     <span class='ocr_line' id='line_1_29' title="bbox 177 2100 1654 2147; baseline 0.001 -12"><span class='ocrx_word' id='word_1_267' title='bbox 177 2101 267 2135; x_wconf 86' lang='lat' dir='ltr'><strong>hanc</strong></span> <span class='ocrx_word' id='word_1_268' title='bbox 299 2100 451 2135; x_wconf 85' lang='lat' dir='ltr'><strong>ultimam</strong></span> <span class='ocrx_word' id='word_1_269' title='bbox 481 2100 716 2147; x_wconf 15' lang='lat' dir='ltr'><strong>calamitatem*</strong></span> <span class='ocrx_word' id='word_1_270' title='bbox 739 2101 909 2136; x_wconf 78' lang='lat' dir='ltr'>decidisse</span> <span class='ocrx_word' id='word_1_271' title='bbox 939 2112 996 2136; x_wconf 88' lang='lat' dir='ltr'><strong>res</strong></span> <span class='ocrx_word' id='word_1_272' title='bbox 1029 2107 1184 2143; x_wconf 87' lang='lat' dir='ltr'><strong>nostras,</strong></span> <span class='ocrx_word' id='word_1_273' title='bbox 1223 2112 1323 2146; x_wconf 88' lang='lat' dir='ltr'><strong>quam</strong></span> <span class='ocrx_word' id='word_1_274' title='bbox 1364 2100 1451 2134; x_wconf 90' lang='lat' dir='ltr'><strong>haec</strong></span> <span class='ocrx_word' id='word_1_275' title='bbox 1483 2111 1573 2135; x_wconf 89' lang='lat' dir='ltr'><strong>nunc</strong></span> <span class='ocrx_word' id='word_1_276' title='bbox 1599 2101 1654 2137; x_wconf 80' lang='lat' dir='ltr'><strong>ita</strong></span> 
     </span>
     <span class='ocr_line' id='line_1_30' title="bbox 177 2146 1654 2193; baseline 0 -12"><span class='ocrx_word' id='word_1_277' title='bbox 177 2146 367 2192; x_wconf 86' lang='lat' dir='ltr'><strong>composita</strong></span> <span class='ocrx_word' id='word_1_278' title='bbox 390 2159 478 2193; x_wconf 89' lang='lat' dir='ltr'><strong>quae</strong></span> <span class='ocrx_word' id='word_1_279' title='bbox 502 2148 691 2190; x_wconf 86' lang='lat' dir='ltr'><strong>cernimus,</strong></span> <span class='ocrx_word' id='word_1_280' title='bbox 716 2147 869 2192; x_wconf 81' lang='lat' dir='ltr'><strong>procella</strong></span> <span class='ocrx_word' id='word_1_281' title='bbox 893 2148 1038 2193; x_wconf 85' lang='lat' dir='ltr'><strong>quadam</strong></span> <span class='ocrx_word' id='word_1_282' title='bbox 1062 2158 1152 2182; x_wconf 88' lang='lat' dir='ltr'><strong>nova</strong></span> <span class='ocrx_word' id='word_1_283' title='bbox 1174 2147 1378 2192; x_wconf 84' lang='lat' dir='ltr'><strong>ingruente,</strong></span> <span class='ocrx_word' id='word_1_284' title='bbox 1411 2157 1453 2180; x_wconf 89' lang='lat' dir='ltr'><strong>ex</strong></span> <span class='ocrx_word' id='word_1_285' title='bbox 1478 2146 1544 2181; x_wconf 85' lang='lat' dir='ltr'><strong>bac</strong></span> <span class='ocrx_word' id='word_1_286' title='bbox 1568 2157 1654 2191; x_wconf 90' lang='lat' dir='ltr'><strong>pro-</strong></span> 
     </span>
     <span class='ocr_line' id='line_1_31' title="bbox 176 2193 1653 2240; baseline 0.001 -13"><span class='ocrx_word' id='word_1_287' title='bbox 176 2193 345 2239; x_wconf 81' lang='lat' dir='ltr'><strong>speritate</strong></span> <span class='ocrx_word' id='word_1_288' title='bbox 366 2193 545 2228; x_wconf 88' lang='lat' dir='ltr'><strong>deturbari</strong></span> <span class='ocrx_word' id='word_1_289' title='bbox 567 2194 604 2229; x_wconf 93' lang='lat' dir='ltr'><strong>in</strong></span> <span class='ocrx_word' id='word_1_290' title='bbox 626 2195 920 2240; x_wconf 82' lang='lat' dir='ltr'><strong>perturbationem</strong></span> <span class='ocrx_word' id='word_1_291' title='bbox 943 2194 1031 2229; x_wconf 90' lang='lat' dir='ltr'><strong>adeo</strong></span> <span class='ocrx_word' id='word_1_292' title='bbox 1054 2193 1222 2236; x_wconf 86' lang='lat' dir='ltr'><strong>miseram,</strong></span> <span class='ocrx_word' id='word_1_293' title='bbox 1246 2198 1284 2228; x_wconf 86' lang='lat' dir='ltr'><strong>nt</strong></span> <span class='ocrx_word' id='word_1_294' title='bbox 1306 2205 1350 2228; x_wconf 87' lang='lat' dir='ltr'><strong>ex</strong></span> <span class='ocrx_word' id='word_1_295' title='bbox 1373 2193 1491 2238; x_wconf 84' lang='lat' dir='ltr'><strong>specie</strong></span> <span class='ocrx_word' id='word_1_296' title='bbox 1507 2205 1550 2228; x_wconf 89' lang='lat' dir='ltr'><strong>ac</strong></span> <span class='ocrx_word' id='word_1_297' title='bbox 1564 2193 1653 2229; x_wconf 84' lang='lat' dir='ltr'><strong>flore</strong></span> 
     </span>
     <span class='ocr_line' id='line_1_32' title="bbox 177 2239 1654 2286; baseline 0 -13"><span class='ocrx_word' id='word_1_298' title='bbox 177 2239 267 2273; x_wconf 90' lang='lat' dir='ltr'><strong>omni</strong></span> <span class='ocrx_word' id='word_1_299' title='bbox 291 2239 415 2284; x_wconf 86' lang='lat' dir='ltr'><strong>prioris</strong></span> <span class='ocrx_word' id='word_1_300' title='bbox 438 2240 615 2275; x_wconf 82' lang='lat' dir='ltr'><strong>felicitatis</strong></span> <span class='ocrx_word' id='word_1_301' title='bbox 647 2245 836 2286; x_wconf 83' lang='lat' dir='ltr'><strong>tempestas</strong></span> <span class='ocrx_word' id='word_1_302' title='bbox 868 2245 970 2276; x_wconf 83' lang='lat' dir='ltr'><strong>atrox</strong></span> <span class='ocrx_word' id='word_1_303' title='bbox 993 2240 1156 2286; x_wconf 77' lang='lat' dir='ltr'><strong>ingruens</strong></span> <span class='ocrx_word' id='word_1_304' title='bbox 1190 2240 1248 2274; x_wconf 85' lang='lat' dir='ltr'><strong>vix</strong></span> <span class='ocrx_word' id='word_1_305' title='bbox 1272 2244 1402 2274; x_wconf 90' lang='lat' dir='ltr'><strong>tantum</strong></span> <span class='ocrx_word' id='word_1_306' title='bbox 1426 2239 1514 2274; x_wconf 85' lang='lat' dir='ltr'><strong>satis</strong></span> <span class='ocrx_word' id='word_1_307' title='bbox 1538 2241 1654 2285; x_wconf 78' lang='lat' dir='ltr'><strong>agris-</strong></span> 
     </span>
     <span class='ocr_line' id='line_1_33' title="bbox 174 2285 1652 2333; baseline 0.002 -15"><span class='ocrx_word' id='word_1_308' title='bbox 174 2296 243 2329; x_wconf 89' lang='lat' dir='ltr'><strong>que</strong></span> <span class='ocrx_word' id='word_1_309' title='bbox 265 2285 364 2320; x_wconf 87' lang='lat' dir='ltr'><strong>modo</strong></span> <span class='ocrx_word' id='word_1_310' title='bbox 391 2285 585 2321; x_wconf 84' lang='lat' dir='ltr'><strong>virentibus</strong></span> <span class='ocrx_word' id='word_1_311' title='bbox 616 2287 895 2333; x_wconf 24' lang='lat' dir='ltr'><strong>reliqui-faciat,</strong></span> <span class='ocrx_word' id='word_1_312' title='bbox 925 2292 1052 2333; x_wconf 86' lang='lat' dir='ltr'><strong>quanto</strong></span> <span class='ocrx_word' id='word_1_313' title='bbox 1077 2290 1170 2322; x_wconf 83' lang='lat' dir='ltr'><strong>esset</strong></span> <span class='ocrx_word' id='word_1_314' title='bbox 1200 2297 1309 2332; x_wconf 87' lang='lat' dir='ltr'><strong>opus,</strong></span> <span class='ocrx_word' id='word_1_315' title='bbox 1341 2297 1409 2320; x_wconf 90' lang='lat' dir='ltr'><strong>non</strong></span> <span class='ocrx_word' id='word_1_316' title='bbox 1433 2285 1542 2320; x_wconf 84' lang='lat' dir='ltr'><strong>dicam</strong></span> <span class='ocrx_word' id='word_1_317' title='bbox 1567 2297 1652 2332; x_wconf 89' lang='lat' dir='ltr'><strong>per-</strong></span> 
     </span>
     <span class='ocr_line' id='line_1_34' title="bbox 173 2331 1651 2378; baseline 0.003 -14"><span class='ocrx_word' id='word_1_318' title='bbox 173 2331 339 2366; x_wconf 72' lang='lat' dir='ltr'><strong>ducendis</strong></span> <span class='ocrx_word' id='word_1_319' title='bbox 370 2333 415 2367; x_wconf 83' lang='lat' dir='ltr'><strong>ad</strong></span> <span class='ocrx_word' id='word_1_320' title='bbox 446 2333 675 2368; x_wconf 86' lang='lat' dir='ltr'><strong>maturitatem</strong></span> <span class='ocrx_word' id='word_1_321' title='bbox 696 2333 890 2375; x_wconf 76' lang='lat' dir='ltr'><strong>fructibus,</strong></span> <span class='ocrx_word' id='word_1_322' title='bbox 920 2333 984 2368; x_wconf 86' lang='lat' dir='ltr'><strong>sed</strong></span> <span class='ocrx_word' id='word_1_323' title='bbox 1006 2333 1062 2369; x_wconf 86' lang='lat' dir='ltr'><strong>vel</strong></span> <span class='ocrx_word' id='word_1_324' title='bbox 1098 2333 1142 2367; x_wconf 89' lang='lat' dir='ltr'><strong>ad</strong></span> <span class='ocrx_word' id='word_1_325' title='bbox 1165 2332 1270 2368; x_wconf 86' lang='lat' dir='ltr'><strong>vitam</strong></span> <span class='ocrx_word' id='word_1_326' title='bbox 1292 2332 1388 2367; x_wconf 87' lang='lat' dir='ltr'><strong>intus</strong></span> <span class='ocrx_word' id='word_1_327' title='bbox 1410 2333 1651 2378; x_wconf 83' lang='lat' dir='ltr'><strong>vegetabilem,</strong></span> 
     </span>
     <span class='ocr_line' id='line_1_35' title="bbox 172 2378 1651 2427; baseline 0.003 -16"><span class='ocrx_word' id='word_1_328' title='bbox 172 2388 250 2412; x_wconf 90' lang='lat' dir='ltr'><strong>cum</strong></span> <span class='ocrx_word' id='word_1_329' title='bbox 281 2389 346 2424; x_wconf 84' lang='lat' dir='ltr'><strong>ape</strong></span> <span class='ocrx_word' id='word_1_330' title='bbox 377 2378 631 2425; x_wconf 79' lang='lat' dir='ltr'><strong>proditur-orum</strong></span> <span class='ocrx_word' id='word_1_331' title='bbox 666 2379 790 2415; x_wconf 87' lang='lat' dir='ltr'><strong>iterum</strong></span> <span class='ocrx_word' id='word_1_332' title='bbox 826 2380 1034 2427; x_wconf 84' lang='lat' dir='ltr'><strong>quandoque</strong></span> <span class='ocrx_word' id='word_1_333' title='bbox 1066 2378 1273 2426; x_wconf 87' lang='lat' dir='ltr'><strong>germinum,</strong></span> <span class='ocrx_word' id='word_1_334' title='bbox 1315 2389 1420 2425; x_wconf 83' lang='lat' dir='ltr'><strong>aegre</strong></span> <span class='ocrx_word' id='word_1_335' title='bbox 1451 2389 1495 2414; x_wconf 88' lang='lat' dir='ltr'><strong>ac</strong></span> <span class='ocrx_word' id='word_1_336' title='bbox 1525 2379 1651 2415; x_wconf 77' lang='lat' dir='ltr'><strong>misere</strong></span> 
     </span>
    </p>
   </div>
   <div class='ocr_carea' id='block_1_4' title="bbox 170 2423 1648 2519">
    <p class='ocr_par' dir='ltr' id='par_1_9' title="bbox 170 2423 1648 2519">
     <span class='ocr_line' id='line_1_36' title="bbox 170 2423 1648 2519; baseline 0.001 -14"><span class='ocrx_word' id='word_1_337' title='bbox 170 2423 529 2506; x_wconf 50' lang='lat' dir='ltr'><strong>tuend2a.m⁸(3&#39;aeterum</strong></span> <span class='ocrx_word' id='word_1_338' title='bbox 565 2482 632 2507; x_wconf 94' lang='lat' dir='ltr'><strong>non</strong></span> <span class='ocrx_word' id='word_1_339' title='bbox 662 2471 768 2507; x_wconf 80' lang='lat' dir='ltr'><strong>facile</strong></span> <span class='ocrx_word' id='word_1_340' title='bbox 799 2471 924 2519; x_wconf 84' lang='lat' dir='ltr'><strong>opinor</strong></span> <span class='ocrx_word' id='word_1_341' title='bbox 952 2472 1084 2515; x_wconf 83' lang='lat' dir='ltr'><strong>fuerit,</strong></span> <span class='ocrx_word' id='word_1_342' title='bbox 1120 2472 1176 2507; x_wconf 84' lang='lat' dir='ltr'><strong>vel</strong></span> <span class='ocrx_word' id='word_1_343' title='bbox 1210 2471 1241 2507; x_wconf 84' lang='lat' dir='ltr'><strong>si</strong></span> <span class='ocrx_word' id='word_1_344' title='bbox 1262 2470 1407 2506; x_wconf 86' lang='lat' dir='ltr'><strong>maxime</strong></span> <span class='ocrx_word' id='word_1_345' title='bbox 1430 2482 1648 2518; x_wconf 84' lang='lat' dir='ltr'><strong>cuperemus,</strong></span> 
     </span>
    </p>
   </div>
   <div class='ocr_carea' id='block_1_5' title="bbox 165 2517 1650 2936">
    <p class='ocr_par' dir='ltr' id='par_1_10' title="bbox 165 2517 1650 2936">
     <span class='ocr_line' id='line_1_37' title="bbox 170 2517 1650 2565; baseline 0.002 -15"><span class='ocrx_word' id='word_1_346' title='bbox 170 2527 353 2551; x_wconf 88' lang='lat' dir='ltr'><strong>recurrere</strong></span> <span class='ocrx_word' id='word_1_347' title='bbox 377 2518 421 2552; x_wconf 87' lang='lat' dir='ltr'><strong>ad</strong></span> <span class='ocrx_word' id='word_1_348' title='bbox 446 2517 563 2563; x_wconf 86' lang='lat' dir='ltr'><strong>priora</strong></span> <span class='ocrx_word' id='word_1_349' title='bbox 585 2523 758 2564; x_wconf 89' lang='lat' dir='ltr'><strong>tempora,</strong></span> <span class='ocrx_word' id='word_1_350' title='bbox 791 2523 827 2553; x_wconf 84' lang='lat' dir='ltr'><strong>et</strong></span> <span class='ocrx_word' id='word_1_351' title='bbox 850 2519 895 2553; x_wconf 90' lang='lat' dir='ltr'><strong>ab</strong></span> <span class='ocrx_word' id='word_1_352' title='bbox 918 2530 1034 2553; x_wconf 88' lang='lat' dir='ltr'><strong>eorum</strong></span> <span class='ocrx_word' id='word_1_353' title='bbox 1058 2518 1116 2565; x_wconf 89' lang='lat' dir='ltr'><strong>qui</strong></span> <span class='ocrx_word' id='word_1_354' title='bbox 1140 2521 1222 2554; x_wconf 88' lang='lat' dir='ltr'><strong>ante</strong></span> <span class='ocrx_word' id='word_1_355' title='bbox 1244 2523 1395 2554; x_wconf 87' lang='lat' dir='ltr'><strong>nostram</strong></span> <span class='ocrx_word' id='word_1_356' title='bbox 1419 2523 1567 2553; x_wconf 87' lang='lat' dir='ltr'><strong>aetatem</strong></span> <span class='ocrx_word' id='word_1_357' title='bbox 1591 2529 1650 2553; x_wconf 89' lang='lat' dir='ltr'><strong>re-</strong></span> 
     </span>
     <span class='ocr_line' id='line_1_38' title="bbox 170 2563 1649 2611; baseline 0.002 -15"><span class='ocrx_word' id='word_1_358' title='bbox 170 2563 234 2596; x_wconf 88' lang='lat' dir='ltr'><strong>bus</strong></span> <span class='ocrx_word' id='word_1_359' title='bbox 258 2564 487 2608; x_wconf 82' lang='lat' dir='ltr'><strong>praefuerunt</strong></span> <span class='ocrx_word' id='word_1_360' title='bbox 511 2564 764 2610; x_wconf 86' lang='lat' dir='ltr'><strong>principatibus</strong></span> <span class='ocrx_word' id='word_1_361' title='bbox 788 2564 946 2611; x_wconf 87' lang='lat' dir='ltr'><strong>actisque</strong></span> <span class='ocrx_word' id='word_1_362' title='bbox 968 2564 1170 2611; x_wconf 78' lang='lat' dir='ltr'><strong>repetendis</strong></span> <span class='ocrx_word' id='word_1_363' title='bbox 1191 2565 1294 2600; x_wconf 86' lang='lat' dir='ltr'><strong>huius</strong></span> <span class='ocrx_word' id='word_1_364' title='bbox 1329 2575 1428 2610; x_wconf 88' lang='lat' dir='ltr'><strong>quam</strong></span> <span class='ocrx_word' id='word_1_365' title='bbox 1454 2565 1554 2599; x_wconf 87' lang='lat' dir='ltr'><strong>modo</strong></span> <span class='ocrx_word' id='word_1_366' title='bbox 1577 2576 1649 2599; x_wconf 87' lang='lat' dir='ltr'><strong>me-</strong></span> 
     </span>
     <span class='ocr_line' id='line_1_39' title="bbox 169 2608 1650 2657; baseline 0.002 -15"><span class='ocrx_word' id='word_1_367' title='bbox 169 2608 320 2643; x_wconf 87' lang='lat' dir='ltr'><strong>ditamur</strong></span> <span class='ocrx_word' id='word_1_368' title='bbox 340 2609 475 2645; x_wconf 88' lang='lat' dir='ltr'><strong>initium</strong></span> <span class='ocrx_word' id='word_1_369' title='bbox 508 2610 671 2646; x_wconf 73' lang='lat' dir='ltr'><strong>historiae</strong></span> <span class='ocrx_word' id='word_1_370' title='bbox 707 2612 856 2653; x_wconf 86' lang='lat' dir='ltr'><strong>ducere,</strong></span> <span class='ocrx_word' id='word_1_371' title='bbox 887 2612 1088 2657; x_wconf 81' lang='lat' dir='ltr'><strong>exponendo</strong></span> <span class='ocrx_word' id='word_1_372' title='bbox 1113 2615 1151 2646; x_wconf 89' lang='lat' dir='ltr'><strong>ut</strong></span> <span class='ocrx_word' id='word_1_373' title='bbox 1173 2623 1295 2646; x_wconf 89' lang='lat' dir='ltr'><strong>secure</strong></span> <span class='ocrx_word' id='word_1_374' title='bbox 1319 2611 1650 2656; x_wconf 73' lang='lat' dir='ltr'><strong>consultissimaque,</strong></span> 
     </span>
     <span class='ocr_line' id='line_1_40' title="bbox 168 2655 1645 2704; baseline 0.002 -16"><span class='ocrx_word' id='word_1_375' title='bbox 168 2666 238 2699; x_wconf 89' lang='lat' dir='ltr'><strong>qua</strong></span> <span class='ocrx_word' id='word_1_376' title='bbox 272 2655 355 2690; x_wconf 87' lang='lat' dir='ltr'><strong>nihil</strong></span> <span class='ocrx_word' id='word_1_377' title='bbox 392 2657 650 2702; x_wconf 85' lang='lat' dir='ltr'><strong>praestantius,</strong></span> <span class='ocrx_word' id='word_1_378' title='bbox 683 2657 868 2703; x_wconf 81' lang='lat' dir='ltr'><strong>prudentia</strong></span> <span class='ocrx_word' id='word_1_379' title='bbox 889 2657 1131 2704; x_wconf 86' lang='lat' dir='ltr'><strong>rempublicam</strong></span> <span class='ocrx_word' id='word_1_380' title='bbox 1156 2657 1444 2703; x_wconf 84' lang='lat' dir='ltr'><strong>gubernaverint,</strong></span> <span class='ocrx_word' id='word_1_381' title='bbox 1469 2657 1645 2703; x_wconf 84' lang='lat' dir='ltr'><strong>imperium</strong></span> 
     </span>
     <span class='ocr_line' id='line_1_41' title="bbox 167 2702 1645 2750; baseline 0.003 -16"><span class='ocrx_word' id='word_1_382' title='bbox 167 2711 210 2735; x_wconf 83' lang='lat' dir='ltr'><strong>ea</strong></span> <span class='ocrx_word' id='word_1_383' title='bbox 232 2702 378 2736; x_wconf 86' lang='lat' dir='ltr'><strong>maxime</strong></span> <span class='ocrx_word' id='word_1_384' title='bbox 411 2715 493 2738; x_wconf 88' lang='lat' dir='ltr'><strong>cura</strong></span> <span class='ocrx_word' id='word_1_385' title='bbox 516 2703 725 2746; x_wconf 83' lang='lat' dir='ltr'><strong>munientes,</strong></span> <span class='ocrx_word' id='word_1_386' title='bbox 757 2708 931 2750; x_wconf 89' lang='lat' dir='ltr'><strong>utcunque</strong></span> <span class='ocrx_word' id='word_1_387' title='bbox 964 2705 1119 2750; x_wconf 84' lang='lat' dir='ltr'><strong>angustis</strong></span> <span class='ocrx_word' id='word_1_388' title='bbox 1143 2705 1230 2739; x_wconf 85' lang='lat' dir='ltr'><strong>illud</strong></span> <span class='ocrx_word' id='word_1_389' title='bbox 1254 2705 1363 2750; x_wconf 86' lang='lat' dir='ltr'><strong>ipsum</strong></span> <span class='ocrx_word' id='word_1_390' title='bbox 1387 2703 1645 2738; x_wconf 86' lang='lat' dir='ltr'><strong>circumclusum</strong></span> 
     </span>
     <span class='ocr_line' id='line_1_42' title="bbox 166 2746 1644 2797; baseline 0.001 -17"><span class='ocrx_word' id='word_1_391' title='bbox 166 2746 315 2788; x_wconf 77' lang='lat' dir='ltr'><strong>finibus,</strong></span> <span class='ocrx_word' id='word_1_392' title='bbox 351 2748 452 2784; x_wconf 87' lang='lat' dir='ltr'><strong>trium</strong></span> <span class='ocrx_word' id='word_1_393' title='bbox 486 2750 650 2785; x_wconf 87' lang='lat' dir='ltr'><strong>videlicet</strong></span> <span class='ocrx_word' id='word_1_394' title='bbox 681 2751 858 2785; x_wconf 82' lang='lat' dir='ltr'><strong>dumtaxat</strong></span> <span class='ocrx_word' id='word_1_395' title='bbox 889 2751 1098 2797; x_wconf 85' lang='lat' dir='ltr'><strong>reliquarum</strong></span> <span class='ocrx_word' id='word_1_396' title='bbox 1136 2756 1207 2786; x_wconf 90' lang='lat' dir='ltr'><strong>tum</strong></span> <span class='ocrx_word' id='word_1_397' title='bbox 1240 2751 1327 2797; x_wconf 86' lang='lat' dir='ltr'><strong>ipsis</strong></span> <span class='ocrx_word' id='word_1_398' title='bbox 1352 2750 1550 2792; x_wconf 84' lang='lat' dir='ltr'><strong>civitatum,</strong></span> <span class='ocrx_word' id='word_1_399' title='bbox 1574 2749 1644 2783; x_wconf 80' lang='lat' dir='ltr'><strong>Ni-</strong></span> 
     </span>
     <span class='ocr_line' id='line_1_43' title="bbox 166 2794 1642 2847; baseline 0.001 -20"><span class='ocrx_word' id='word_1_400' title='bbox 166 2804 271 2847; x_wconf 71' lang='lat' dir='ltr'><strong>caeae</strong></span> <span class='ocrx_word' id='word_1_401' title='bbox 295 2794 426 2830; x_wconf 86' lang='lat' dir='ltr'><strong>Prusae</strong></span> <span class='ocrx_word' id='word_1_402' title='bbox 459 2799 495 2831; x_wconf 90' lang='lat' dir='ltr'><strong>et</strong></span> <span class='ocrx_word' id='word_1_403' title='bbox 528 2798 655 2832; x_wconf 86' lang='lat' dir='ltr'><strong>tertiae</strong></span> <span class='ocrx_word' id='word_1_404' title='bbox 687 2796 969 2842; x_wconf 83' lang='lat' dir='ltr'><strong>Philadelphiae,</strong></span> <span class='ocrx_word' id='word_1_405' title='bbox 1002 2796 1039 2831; x_wconf 88' lang='lat' dir='ltr'><strong>in</strong></span> <span class='ocrx_word' id='word_1_406' title='bbox 1063 2808 1150 2843; x_wconf 87' lang='lat' dir='ltr'><strong>quas</strong></span> <span class='ocrx_word' id='word_1_407' title='bbox 1177 2797 1307 2832; x_wconf 86' lang='lat' dir='ltr'><strong>exclusi</strong></span> <span class='ocrx_word' id='word_1_408' title='bbox 1331 2795 1463 2843; x_wconf 84' lang='lat' dir='ltr'><strong>patria,</strong></span> <span class='ocrx_word' id='word_1_409' title='bbox 1486 2795 1530 2829; x_wconf 85' lang='lat' dir='ltr'><strong>iis</strong></span> <span class='ocrx_word' id='word_1_410' title='bbox 1553 2805 1642 2840; x_wconf 88' lang='lat' dir='ltr'><strong>quas</strong></span> 
     </span>
     <span class='ocr_line' id='line_1_44' title="bbox 165 2838 1639 2889; baseline 0.002 -16"><span class='ocrx_word' id='word_1_411' title='bbox 165 2838 345 2875; x_wconf 80' lang='lat' dir='ltr'><strong>didicimus</strong></span> <span class='ocrx_word' id='word_1_412' title='bbox 373 2841 508 2884; x_wconf 85' lang='lat' dir='ltr'><strong>causis,</strong></span> <span class='ocrx_word' id='word_1_413' title='bbox 541 2844 731 2889; x_wconf 82' lang='lat' dir='ltr'><strong>confugere</strong></span> <span class='ocrx_word' id='word_1_414' title='bbox 762 2842 881 2888; x_wconf 89' lang='lat' dir='ltr'><strong>ibique</strong></span> <span class='ocrx_word' id='word_1_415' title='bbox 911 2855 951 2879; x_wconf 88' lang='lat' dir='ltr'><strong>se</strong></span> <span class='ocrx_word' id='word_1_416' title='bbox 984 2844 1163 2879; x_wconf 87' lang='lat' dir='ltr'><strong>continere</strong></span> <span class='ocrx_word' id='word_1_417' title='bbox 1186 2844 1299 2879; x_wconf 84' lang='lat' dir='ltr'><strong>coacti</strong></span> <span class='ocrx_word' id='word_1_418' title='bbox 1322 2844 1468 2878; x_wconf 78' lang='lat' dir='ltr'><strong>fuerant.</strong></span> <span class='ocrx_word' id='word_1_419' title='bbox 1514 2852 1639 2887; x_wconf 85' lang='lat' dir='ltr'><strong>magna</strong></span> 
     </span>
     <span class='ocr_line' id='line_1_45' title="bbox 165 2887 1637 2936; baseline 0.001 -16"><span class='ocrx_word' id='word_1_420' title='bbox 165 2895 247 2922; x_wconf 78' lang='lat' dir='ltr'><strong>sane</strong></span> <span class='ocrx_word' id='word_1_421' title='bbox 270 2898 311 2923; x_wconf 85' lang='lat' dir='ltr'><strong>ac</strong></span> <span class='ocrx_word' id='word_1_422' title='bbox 334 2887 525 2935; x_wconf 87' lang='lat' dir='ltr'><strong>scriptione</strong></span> <span class='ocrx_word' id='word_1_423' title='bbox 547 2901 614 2925; x_wconf 89' lang='lat' dir='ltr'><strong>nec</strong></span> <span class='ocrx_word' id='word_1_424' title='bbox 649 2889 747 2925; x_wconf 85' lang='lat' dir='ltr'><strong>brevi</strong></span> <span class='ocrx_word' id='word_1_425' title='bbox 779 2889 885 2935; x_wconf 83' lang='lat' dir='ltr'><strong>digna</strong></span> <span class='ocrx_word' id='word_1_426' title='bbox 915 2890 1164 2936; x_wconf 83' lang='lat' dir='ltr'><strong>imperantibus</strong></span> <span class='ocrx_word' id='word_1_427' title='bbox 1185 2890 1254 2925; x_wconf 86' lang='lat' dir='ltr'><strong>illis</strong></span> <span class='ocrx_word' id='word_1_428' title='bbox 1276 2891 1483 2925; x_wconf 84' lang='lat' dir='ltr'><strong>evenerunt:</strong></span> <span class='ocrx_word' id='word_1_429' title='bbox 1506 2899 1637 2930; x_wconf 82' lang='lat' dir='ltr'><strong>verum,</strong></span> 
     </span>
    </p>
   </div>
  </div>
 </body>
</html>
