1884 3262
683 254 686 257 Δ
718 205 826 252 Lm.
854 206 914 252 11.
962 206 1166 252 NOTAE.
1567 209 1667 254 629

208 313 441 354 abstinuisse
472 314 522 353 ab
550 327 596 354 eo
625 314 850 365 evehendo,
889 321 998 354 metu
1027 328 1076 354 ne
1103 316 1136 355 is
1161 315 1401 356 successibus
1417 315 1665 357 insolesceret

208 385 332 422 usque
364 371 416 409 ad
452 371 645 410 ambitum
679 384 883 424 supremae
920 372 1126 424 potestatis
1142 402 1155 423 ‚
1199 378 1337 412 narrat
1374 372 1596 425 Acropolita
1628 388 1662 413 c.

205 427 308 467 Ilist.
328 427 395 476 50,
415 427 636 479 significans
653 428 803 466 irenem
826 427 1024 466 Theodori
1046 429 1216 468 Iunioris
1235 428 1412 468 Lascaris
1427 429 1663 481 primogeni-

205 489 287 523 tam
306 483 486 522 Michaeli
516 485 633 523 fuisse
665 484 899 522 destinatam
929 485 979 522 ab
1008 498 1084 524 avo
1105 486 1330 537 coniugem,
1361 485 1431 523 sed
1455 486 1488 523 ei
1506 486 1663 525 timenti

204 540 315 591 quod
340 540 444 590 dixi,
483 540 611 579 tutius
640 540 781 579 deinde
805 541 934 580 visum
962 554 1044 578 non
1079 542 1291 581 admovere
1317 542 1389 579 sibi
1417 547 1497 579 tam
1524 542 1662 580 intime

204 602 404 648 suspectae
433 596 656 635 ambitionis
682 598 826 636 virum.
885 596 1053 647 denique
1079 597 1154 635 ista
1185 598 1354 650 suspicio
1372 598 1462 635 fons
1483 599 1661 637 omnium

203 666 302 703 quas
334 659 394 691 est
422 652 645 704 vimperante
676 653 886 692 Theodoro
916 652 1105 705 plurimas
1130 667 1287 706 passus,
1316 653 1560 692 miseriarum
1581 655 1660 692 Pa·-

201 709 377 760 laeologo
403 708 584 748 Michae'li
610 709 706 759 fuit,
735 709 830 748 hoc⁴
846 709 936 748 ideo
964 709 1075 759 loco,
1103 711 1210 748 unde
1231 711 1312 748 eius
1327 710 1464 761 incipit
1480 709 1660 760 historia,

200 765 342 803 merito
360 779 382 803 a
400 765 638 818 Pachymere
657 766 874 815 indicatus,
904 779 994 804 cum
1013 779 1063 804 ex
1084 779 1130 804 eo
1147 767 1424 819 plerarumque
1440 779 1535 804 mox
1555 768 1661 805 rese-

198 822 414 860 rendarum
434 835 569 861 rerum
588 828 859 874 argumentum
877 823 1122 874 processerit.

309 892 348 931 p.
358 881 412 920 22
422 892 460 917 v.
472 881 511 920 3.
548 880 776 931 singularis
797 881 1030 916 certaminis
1048 881 1319 931 experimento·
1355 878 1449 917 hinc
1466 878 1658 918 habemus

198 933 305 984 apud
330 935 501 984 Graecos
517 948 674 986 quoque
692 935 947 986 imperatores
962 935 1175 974 invaluisse
1190 949 1303 974 usum
1313 935 1508 987 purgandi
1518 936 1657 974 dubias

197 991 411 1029 delationes
432 991 617 1041 permisso
628 997 696 1030 aut
715 991 833 1029 etiam
843 992 1086 1043 praescripto
1104 992 1208 1030 inter
1223 998 1488 1029 accusatorem
1499 998 1537 1029 et
1549 992 1656 1029 dela-

195 1052 283 1084 tum
297 1048 510 1085 certamine
526 1061 658 1085 coram
672 1047 841 1086 arbitris.
870 1047 1077 1085 verisimile
1092 1053 1150 1085 est
1164 1048 1282 1085 istum
1293 1060 1443 1085 morem
1461 1048 1503 1085 in
1515 1048 1654 1085 Orien-

194 1108 276 1140 tem
294 1103 494 1141 invectum
510 1117 531 1141 a
550 1103 730 1153 Francis,
758 1103 824 1153 qui
846 1103 1045 1141 occasione
1061 1116 1261 1142 sacrarum
1278 1103 1582 1154 Expeditionum
1606 1117 1654 1142 eo

192 1158 361 1210 profecti
371 1159 486 1211 longo
505 1159 586 1198 illic
598 1167 773 1211 tempore
787 1159 1061 1211 perstiterunt.
1091 1159 1134 1197 in
1151 1159 1363 1210 antiquiori
1378 1161 1482 1197 enim
1500 1172 1653 1197 memo-

191 1214 251 1253 ria
273 1216 513 1254 Graecorum
533 1223 602 1255 aut
623 1217 893 1255 Romanorum
911 1214 1019 1254 haud
1037 1216 1148 1253 facile
1171 1214 1386 1267 quidquam
1401 1215 1480 1253 tale
1498 1229 1653 1267 repere.

191 1270 257 1312 ris.
288 1272 390 1311 inter
409 1273 582 1310 Francos
597 1278 726 1310 autem
746 1271 1043 1309 usitatissimum
1070 1271 1112 1309 id
1132 1271 1224 1309 olim
1242 1272 1327 1320 suit,
1355 1277 1402 1309 ut
1418 1272 1562 1322 passim
1578 1285 1652 1323 ap-

191 1334 307 1380 paret
327 1341 377 1366 ex
396 1329 592 1368 veteribus
616 1327 790 1366 historiis
809 1340 871 1365 res
892 1341 1028 1366 eorum
1045 1327 1319 1366 tractantibus,
1359 1326 1426 1365 hic
1450 1328 1570 1376 ritus,
1601 1328 1652 1365 de

192 1398 271 1435 quo
282 1386 366 1423 fuse
384 1384 538 1423 disserit
548 1391 682 1425 noster
694 1383 822 1421 Delrio
839 1383 1034 1434 Disquisit.
1046 1383 1180 1434 Magic.
1190 1390 1287 1425 tom.
1304 1386 1343 1431 2,
1355 1383 1496 1421 merito
1508 1383 1651 1421 deinde

191 1441 400 1491 abrogatus
412 1448 471 1479 est
480 1447 526 1480 ut
544 1441 713 1480 iniustus
725 1446 764 1477 et
774 1440 965 1489 immanis,
986 1439 1165 1478 confixus
1174 1439 1262 1478 ideo
1272 1439 1505 1491 gravissimis
1516 1438 1650 1477 decre-

190 1498 243 1536 tis
269 1497 356 1535 lulii
375 1497 546 1536 Secundi
564 1497 704 1536 summi
726 1496 935 1547 pontificis,
956 1496 1065 1534 cuius
1088 1496 1199 1536 Bulla
1217 1501 1329 1534 extat
1346 1508 1390 1533 ea
1413 1495 1461 1532 de
1478 1508 1522 1532 re
1541 1495 1648 1534 edita

189 1566 322 1592 mense
331 1553 455 1606 Aprili
467 1567 558 1592 ann.
570 1555 697 1601 1508,
709 1552 870 1591 Concilii
886 1552 1107 1593 Tridentini
1119 1565 1207 1590 sess.
1222 1551 1275 1594 25
1295 1551 1344 1590 de
1360 1552 1517 1591 reform.
1529 1564 1562 1591 c.
1580 1554 1647 1602 19,

191 1610 368 1661 Gregorii
391 1614 442 1652 13
473 1609 763 1648 Constitutione
786 1621 886 1660 quae
904 1608 1063 1661 incipit:
1099 1607 1159 1646 ad
1182 1607 1407 1648 tollendum
1433 1614 1504 1648 etc.
1536 1607 1643 1646 edita

189 1669 216 1707 9
236 1667 327 1713 Dec,
351 1680 413 1705 an.
437 1666 558 1708 1582.
587 1666 727 1717 quibus
743 1665 894 1704 dudum
914 1672 1028 1704 antea
1046 1664 1264 1716 praeiverat
1281 1664 1461 1703 Nicolaus
1478 1663 1508 1713 Ι,
1532 1663 1646 1701 euius

190 1722 240 1762 de
258 1722 336 1761 hoc
353 1728 503 1762 statuta
518 1723 666 1761 inserta
686 1722 844 1774 corpori
862 1722 960 1760 iuris
972 1722 1160 1772 leguntur
1179 1724 1206 1763 2
1227 1734 1264 1772 q.
1286 1719 1313 1761 4
1327 1727 1367 1759 et
1384 1721 1435 1763 15
1454 1733 1491 1770 q.
1511 1722 1537 1761 6
1557 1733 1589 1757 c.
1601 1723 1642 1761 2.

301 1793 340 1818 v.
365 1783 403 1822 6.
460 1793 628 1831 cumque
655 1777 730 1816 diu
756 1778 895 1816 nullus
920 1785 1018 1816 esset
1047 1779 1120 1829 qui
1145 1791 1223 1829 pro
1250 1783 1337 1814 tam
1356 1782 1538 1828 suspecto
1564 1781 1638 1814 ete.

187 1834 285 1873 haec
304 1835 463 1874 brevius
484 1835 713 1890 perstringit
731 1840 887 1884 noster,
916 1833 1024 1885 quod
1040 1833 1091 1872 ad
1114 1833 1323 1885 imperium
1340 1832 1493 1871 Ioannis
1509 1831 1639 1882 perti-

185 1897 348 1938 nerent,
377 1905 467 1930 cum
484 1892 566 1944 ipse
583 1892 625 1931 in
643 1891 720 1929 fine
741 1891 1005 1942 praecedentis
1028 1889 1163 1942 capitis
1182 1895 1223 1927 et
1244 1888 1363 1927 huius
1381 1888 1494 1926 initio
1516 1886 1639 1938 signi-

185 1948 366 1987 ficaverit
383 1960 423 1985 se
442 1949 490 1987 ab
511 1948 673 2000 imperio
695 1946 894 1985 Theodori
911 1959 1002 1985 suae
1018 1945 1206 1984 historiae
1222 1945 1458 1997 principium
1479 1943 1637 1985 ducere.

185 2004 300 2056 long-e
322 2011 452 2043 autem
466 2005 589 2044 fusius
611 2003 906 2054 distinctiusque
923 2004 1038 2041 istam
1057 2008 1183 2040 totam
1200 2001 1400 2041 Michaelis
1419 1999 1637 2037 accusatio-

185 2074 276 2099 nem
294 2075 339 2099 ac
354 2061 572 2113 perieulum
600 2061 763 2113 exponit
780 2073 830 2096 ex
855 2060 1011 2099 oculata
1030 2058 1173 2097 notitia
1197 2057 1387 2108 Georgius
1407 2054 1635 2106 Acropolita

184 2116 288 2157 Hist.
317 2131 354 2160 e.
370 2117 425 2160 50
441 2124 482 2156 et
495 2118 562 2160 51.
591 2130 706 2168 quem
724 2116 892 2155 consule.

297 2185 336 2224 p.
355 2172 410 2214 24
435 2186 474 2212 v.
493 2173 533 2213 4.
588 2173 973 2211 Prothin-acastum.
1030 2169 1148 2208 fuisse
1176 2167 1285 2206 hunc
1310 2166 1442 2205 locum
1477 2165 1634 2219 praeei-
1656 2168 1687 2203 P
1708 2167 1775 2206 439

184 2241 286 2281 puae
304 2228 525 2279 dignitatis,
553 2235 827 2280 praeterquam
855 2228 949 2266 hinc
977 2232 1114 2278 patet,
1152 2237 1241 2262 cum
1269 2225 1482 2274 imperator
1500 2222 1632 2261 homi-

183 2298 276 2323 nem
294 2284 466 2336 impense
481 2284 553 2322 sibi
571 2298 704 2324 earum
731 2287 774 2323 in
793 2298 880 2323 eum
900 2281 1164 2336 promoverit,
1190 2280 1307 2318 etiam
1328 2279 1487 2330 intelligi
1503 2284 1635 2329 potest

184 2355 236 2379 ex
259 2354 423 2379 numero
447 2341 593 2391 ingenti
622 2341 892 2380 ministrorum
927 2339 961 2377 ei
993 2338 1278 2385 subiectorum,
1306 2336 1416 2374 cuius
1441 2335 1632 2373 indicium

183 2397 372 2435 habemus
389 2410 439 2435 ex
460 2410 505 2435 eo
523 2397 632 2447 quod
656 2398 779 2435 refert
798 2396 1024 2448 Acropolita
1041 2394 1143 2433 Hist.
1172 2407 1204 2433 c.
1224 2395 1275 2435 61
1294 2391 1356 2429 his
1374 2391 1522 2430 verbis:
1550 2387 1630 2431 av'-

184 2453 275 2494 τὶκα
290 2450 365 2507 γὰρ
388 2450 481 2502 τούς
505 2451 840 2506 ἐξυπηρετοῦντας
854 2458 939 2501 τοῖς
958 2452 1184 2504 βασιλεῦσιν
1206 2447 1249 2488 ἐν
1278 2445 1426 2500 θήραις
1445 2451 1531 2495 ταῖς
1549 2449 1630 2486 τῶν

183 2511 330 2562 θηρῶν
355 2507 494 2564 ἄγραις
515 2506 677 2561 ἐλάφων
693 2524 736 2550 τε
763 2507 830 2549 καὶ
853 2509 1016 2560 χοίρων,
1054 2504 1122 2545 καὶ
1153 2502 1249 2552 τούς
1276 2500 1319 2544 δ’
1349 2499 1522 2569 &quinutu
1549 2507 1626 2554 θη-

184 2563 396 2619 ρεύοντας,
434 2561 586 2612 πάντας
616 2564 861 2614 ἁπαξαπλῶς
887 2564 1176 2614 στρατιωτικοῖς
1206 2558 1411 2611 evm-{taxe
1444 2570 1626 2611 ταγμασι,

182 2620 251 2662 καὶ
269 2615 324 2672 ἦν
342 2619 386 2662 vd
406 2620 651 2676 συνηγμένον
667 2624 827 2672 πλῆθος
842 2616 958 2660 πολύ.
1008 2618 1106 2657 haec
1121 2618 1198 2666 ille,
1227 2629 1278 2654 ex
1293 2616 1434 2666 quibus
1452 2614 1626 2666 prudens

182 2677 310 2728 quivis
330 2684 463 2729 potest
481 2690 710 2729 cognoscere
724 2678 918 2728 ingentem
927 2676 1044 2715 fuisse
1060 2672 1352 2713 multitudinem
1372 2669 1626 2732 servientium

184 2734 412 2785 imperatori
450 2734 492 2772 in
526 2733 801 2773 venationibus
833 2744 1040 2773 cervorum
1074 2742 1336 2782 aprorumque
1349 2759 1360 2774 ‚
1398 2730 1627 2780 praesertim

185 2796 318 2830 autem
333 2791 376 2828 in
402 2790 571 2844 aucupio
587 2804 659 2843 per
676 2789 898 2842 accipitres,
926 2787 1087 2839 quando
1103 2799 1154 2825 ex
1168 2785 1216 2823 iis
1235 2785 1283 2823 ad
1303 2784 1479 2824 militiam
1492 2787 1645 2844 trans--

186 2845 275 2884 latis
298 2859 458 2898 magnus
476 2847 672 2886 exercitus
687 2851 886 2885 momento
907 2844 1100 2884 conflatus
1119 2842 1264 2881 extitit.
