1846 3262
245 212 340 259 146
661 210 900 255 GEORGII
933 211 1288 257 PACHYMERIS

241 321 292 382 ἦν
322 320 394 368 οὖν
427 321 517 367 τότε
548 325 693 374 οἶκεΐος
719 327 779 384 τῷ
801 327 1047 384 Βαλδουΐνῳ
1074 322 1310 382 θεράπωνὸ
1337 325 1481 378 Φύλαξ
1501 325 1714 384 λεγόμενος

237 393 451 448 Ἰωάννης,
491 392 595 449 ἀνὴρ
615 393 758 447 βαθύς
778 395 846 436 καὶ
863 399 937 438 τοῦ
955 402 1118 451 φρονεῖν
1140 390 1182 437 εὖ
1201 393 1310 450 ἥκων
1329 398 1383 446 εἷς
1401 396 1447 439 τὸ
1468 395 1712 453 ἀκρότατον,

242 462 286 513 ὃς
317 464 383 505 καὶ
413 461 569 516 βουλὴν
595 459 742 518 εἰσάγει
760 460 853 506 τότε
871 461 987 518 μάλα
1011 464 1173 520 καιρίαν
1202 465 1268 506 καὶ
1291 469 1350 523 τῷ
1372 469 1500 524 καιρῷ
1522 459 1734 522 πρόσσω--

242 549 338 587 ρον,
375 530 425 585 ἣν
456 529 532 586 κᾶν
561 529 687 580 ἄλλος
715 529 885 588 εἰσάγειν
918 529 1140 587 ἀπώκνησε
1167 532 1272 589 πρὸς
1303 533 1350 575 τὸ
1371 538 1445 576 τοῦ
1470 532 1712 589 πράγματος

188 613 217 646 Β
241 599 431 655 ὀλέθριον
451 598 707 654 ἀποβλέψας.
763 600 880 651 εἰδώς
901 600 979 657 γὰρ
1000 603 1174 651 ἐκείνους
1193 602 1452 656 μαχομένους
1467 602 1514 653 ’ἐξ
1538 600 1744 658 ἀνάγκηςὸ

241 670 308 712 καὶ
337 666 438 725 ὑπὲρ
469 665 642 722 δύναμιν
661 666 762 725 ὖπὲρ
783 686 827 712 τε
846 674 1046 726 γυναικῶν
1067 672 1134 712 καὶ
1153 672 1327 726 γνησίων
1346 670 1467 713 οἴκων
1485 687 1528 713 τε
1549 688 1713 727 περιου-

242 738 336 787 σίας
380 734 543 792 ἁπάσης
553 770 567 790 ,
614 739 681 780 καὶ
720 737 819 788 συὸς
847 736 1000 794 τρόπον
1039 739 1410 794 ἐπιτεθησομένους
1441 737 1543 795 ὑπὲρ
1576 738 1713 782 αὐτῶν

242 805 348 849 ὥστε
366 804 392 862 ἢ
410 806 692 862 περιγενέσθαι
712 805 738 862 ἢ
757 807 840 862 μὴν
860 814 993 850 πεσεῖν
1013 807 1206 860 εὐκλεῶς,
1245 806 1451 861 εὐβούλως
1469 809 1618 864 μερίζει
1638 807 1714 863 τὴν

238 876 400 931 χρείαν,
439 876 506 917 καὶ
530 879 612 932 πῦρ
643 876 717 930 μὲν
741 875 931 930 ἐμβαλεῖν
961 874 1230 929 ὑποτίθεται,
1270 874 1326 926 ὥς
1356 876 1619 930 καυσομὲνων
1646 878 1713 919 καὶ

242 944 363 988 οἷ’κων
384 945 450 986 καὶ
476 948 667 999 περιττῆς
688 945 754 986 καὶ
781 942 988 1001 ἀχρήστου
1011 944 1136 1000 ῧλης,
1172 949 1375 1001 γυναικῶν
1395 946 1440 987 δὲ
1462 946 1529 987 καὶ
1554 946 1713 988 παίδων
1726 956 1769 990 10

240 1014 283 1064 ἐξ
311 1011 489 1069 ἀνάγκης
525 1013 888 1069 διαφυλαξομένων
922 1017 980 1071 τῷ
1011 1014 1249 1070 ἐκδραμεῖν,
1287 1013 1371 1056 ἔστι
1399 1013 1443 1056 δ’
1467 1008 1516 1056 οὗ
1539 1015 1605 1056 καὶ
1630 1030 1714 1070 φυ-

236 1079 448 1141 λαξόντων
478 1082 550 1124 καί
577 1099 668 1125 τινα
699 1086 774 1137 τῆς
796 1086 991 1138 καθαρᾶς
1014 1084 1081 1124 καὶ
1101 1084 1156 1132 εἷς
1176 1086 1354 1125 πλοῦτον
1375 1081 1476 1137 ’ἴλης
1487 1115 1500 1135 ,
1539 1084 1714 1132 ἐκείνους

190 1157 221 1191 C
245 1150 288 1193 δ’
320 1152 364 1193 ἔκ
394 1154 502 1205 νηῶν
533 1149 698 1200 ἰδόντας
722 1152 819 1206 πυρὶ
836 1151 911 1205 μέν
932 1150 1070 1201 οἴκους
1093 1149 1438 1206 ἆμαθυνομὲνους
1455 1158 1648 1206 γυναῖκας
1669 1151 1714 1194 δὲ

241 1221 307 1262 καὶ
328 1221 480 1268 παῖδας
501 1219 575 1268 τὰς
592 1226 732 1274 χεῖρας
753 1220 1003 1269 ἐκτείνοντας
1023 1222 1078 1269 εἷς
1098 1219 1340 1275 ἀντίληψιν,
1379 1225 1462 1263 τῶν
1483 1221 1557 1274 μὲν
1571 1218 1713 1276 ὑπερι-

241 1290 324 1331 δεῖν
348 1286 404 1337 ὥς
422 1287 571 1342 μηκέτ’
595 1287 724 1330 ὄντων
745 1288 921 1337 ἐκείνους
941 1287 983 1330 δ’
1010 1288 1184 1343 ἐκζητεΐν
1209 1291 1276 1331 καὶ
1299 1287 1454 1341 σώζειν,
1492 1290 1558 1330 καὶ
1581 1287 1712 1338 οὕτως
1724 1297 1767 1333 15

238 1354 359 1412 χάριν
383 1355 481 1405 τοὺς
503 1353 693 1405 διδόντας
722 1355 883 1397 τιθέναι
904 1363 990 1405 τοῖς
1010 1357 1268 1412 ἐκζητοῦσιν,
1305 1357 1514 1413 ἀγαπῶσιν
1539 1359 1573 1399 εἴ
1594 1356 1713 1399 αὐτοὶ

243 1427 309 1468 καὶ
338 1431 523 1480 γυναῖκες
551 1426 618 1466 καὶ
645 1423 765 1467 τέκνα
794 1422 1003 1476 σώζοιντο.
1075 1423 1175 1467 εἶναι
1198 1424 1275 1482 γὰρ
1300 1426 1344 1476 ἐξ
1364 1424 1530 1479 ἑτοίμου
1550 1423 1714 1476 τούτοις

240 1495 308 1538 καὶ
338 1493 414 1543 τὰς
444 1490 621 1550 τριήρεις
648 1491 950 1548 ὑποδεξομὲνας
984 1492 1032 1552 ’cti
1062 1497 1251 1550 πλῆθος,
1288 1493 1364 1537 κᾶν
1395 1493 1510 1537 ἄλλοι
1538 1493 1712 1547 θέλοιεν,

338 1592 392 1626 18.
413 1586 693 1636 ὑποδεξαμένας
715 1590 757 1627 Ρ.

241 1676 306 1705 tes.
353 1672 431 1705 erat
463 1672 547 1704 tunc
580 1669 759 1704 familiaris
787 1669 947 1704 Balduini
976 1670 1130 1705 minister
1161 1670 1307 1705 Ioannes
1337 1670 1469 1715 Phylax
1501 1671 1573 1706 sive
1597 1674 1712 1706 custos

240 1717 373 1758 dictus,
404 1715 565 1761 profundi
595 1716 650 1750 vir
679 1716 829 1760 ingenii,
863 1717 1070 1762 solertiaque
1093 1728 1221 1752 summa
1244 1717 1429 1762 praeditus.
1475 1717 1504 1752 is
1539 1718 1713 1752 consilium

243 1762 416 1807 suggessit
441 1766 665 1807 opportunum
690 1768 726 1796 et
748 1762 810 1796 tali
832 1774 945 1797 rerum
968 1763 1112 1797 articulo
1136 1763 1371 1807 utilissimum,
1407 1763 1570 1798 eiusmodi
1601 1768 1714 1798 tamen

241 1808 332 1854 quod
356 1819 453 1842 nemo
477 1807 565 1842 alius
588 1812 730 1853 propter
753 1808 825 1842 eius
849 1808 1074 1854 perniciosam
1101 1810 1317 1844 atrocitatem
1348 1810 1564 1844 sustinuisset
1586 1821 1715 1855 propo-

242 1866 339 1891 nere.
386 1853 606 1889 considerans
639 1854 727 1888 enim
759 1865 818 1889 eos
847 1854 908 1899 qui
931 1867 975 1889 ex
998 1855 1195 1899 Daphnusia
1218 1856 1392 1900 desperati
1414 1867 1525 1890 serum
1549 1856 1625 1890 urbi
1647 1856 1715 1890 iam

244 1899 404 1946 perditae
427 1899 587 1934 auxilium
609 1901 789 1942 ferebant,
821 1901 968 1934 caritate
990 1901 1110 1946 utique
1133 1901 1316 1935 liberorum
1340 1913 1381 1935 ac
1403 1900 1542 1945 larium,
1573 1901 1715 1936 ultimae

245 1947 372 1981 adactu
394 1945 609 1980 necessitatis
635 1958 739 1992 supra
760 1946 870 1988 vira,
905 1958 1064 1992 aprorum
1087 1947 1196 1981 instar
1216 1947 1307 1981 intra
1331 1958 1445 1981 casses
1467 1948 1597 1982 frustra
1618 1949 1714 1982 fren-

245 1992 414 2035 dentium,
436 1991 566 2026 t'erocia
587 1992 670 2026 nihil
693 1992 758 2026 nisi
780 1992 814 2026 in
839 1992 944 2026 cladis
966 1993 1132 2027 cumulum
1158 2005 1231 2026 cum
1255 1993 1362 2027 exitio
1384 1993 1495 2037 gentis
1518 1994 1716 2039 profectura

245 2042 478 2085 pugnaturos,
501 2038 628 2084 quippe
651 2038 867 2072 irrevocabili
891 2042 1028 2072 ruentes
1050 2039 1225 2084 proposito
1249 2044 1309 2073 aut
1331 2039 1505 2084 vincendi,
1529 2040 1620 2084 quod
1639 2039 1716 2074 fieri

246 2096 313 2118 non
336 2088 471 2129 posset,
496 2088 556 2118 aut
578 2085 762 2118 honorifice
787 2084 951 2126 cadendi,
976 2085 1093 2118 videns
1117 2086 1201 2127 hoc,
1224 2084 1377 2130 inquam,
1402 2091 1438 2119 et
1460 2085 1611 2130 sapienti
1633 2097 1715 2120 con-

247 2130 322 2165 silio
346 2130 530 2165 decernens
552 2130 752 2165 necessariis
775 2129 928 2164 afflictae
948 2130 1134 2175 improvisa
1157 2131 1254 2165 clade
1278 2130 1486 2174 reipublicae
1504 2132 1622 2165 usibus
1637 2132 1714 2166 illas

246 2176 408 2221 reliquias
444 2187 605 2218 servare,
642 2176 887 2211 subiiciendum
909 2187 972 2222 per
993 2178 1113 2210 urbem
1135 2176 1249 2220 ignem
1269 2176 1426 2210 domibus
1449 2177 1569 2211 suasit.
1617 2177 1714 2212 cuius

245 2222 354 2256 mirae
386 2222 626 2267 propositionis
658 2222 808 2257 rationes
831 2222 919 2256 hunc
941 2223 1016 2256 fere
1037 2223 1073 2256 in
1096 2223 1228 2256 modum
1251 2223 1474 2257 subducebat.
1520 2222 1656 2258 flamma
1677 2223 1714 2257 in

247 2267 351 2302 aedes
372 2267 499 2303 iniecta
522 2272 694 2303 consumet
715 2269 820 2303 solum
843 2268 1019 2303 materiam
1041 2268 1240 2313 migraturis
1262 2268 1432 2310 inutilem,
1455 2268 1607 2303 hostibus
1658 2280 1714 2303 ro-

246 2314 418 2355 futuram‚
455 2318 492 2348 et
525 2325 687 2359 personas
721 2315 845 2349 avellet
876 2313 1006 2349 salubri
1028 2314 1234 2349 necessitate
1256 2326 1278 2349 a
1300 2314 1400 2348 noxio
1423 2325 1512 2348 nunc
1538 2326 1635 2360 comp
1648 2326 1714 2349 exu

248 2358 420 2404 penatium
444 2359 480 2393 in
501 2361 625 2405 quibus
647 2363 749 2395 natae
771 2365 862 2403 sunt,
886 2371 971 2405 quos
994 2360 1061 2395 nisi
1083 2361 1254 2401 deserant,
1278 2361 1408 2405 praeda
1427 2361 1581 2395 hostibus
1600 2364 1712 2397 erunt.

250 2416 314 2439 neo
346 2416 470 2439 uxores
505 2408 611 2440 solum
644 2406 809 2452 liberique
838 2411 1028 2441 nostrorum
1053 2406 1103 2440 sic
1125 2407 1209 2441 salvi
1234 2407 1337 2447 fient,
1373 2406 1433 2440 sed
1456 2406 1714 2451 pretiosissima,

249 2453 290 2485 ut
311 2451 364 2492 fit,
388 2451 600 2486 conditarum
623 2451 713 2486 domi
735 2464 848 2487 rerum
874 2463 987 2486 secum
1011 2453 1248 2497 asportabunt.
1284 2451 1455 2486 classiarii
1479 2463 1582 2497 porro
1603 2451 1714 2486 nostri

248 2496 315 2530 huc
347 2496 484 2542 appulsi
515 2497 575 2530 ubi
605 2509 648 2531 ex
682 2498 828 2533 navibus
857 2501 997 2532 cernent
1031 2498 1190 2533 ardentes
1222 2498 1359 2544 quidem
1381 2498 1518 2540 domos,
1551 2497 1714 2544 coniuges

249 2554 333 2577 vero
361 2554 403 2577 ac
425 2542 514 2576 filios
536 2554 652 2577 manus
676 2556 696 2578 e
718 2545 836 2579 littore
858 2544 1035 2579 tendentes
1059 2545 1344 2590 obsecrantesque
1366 2548 1406 2578 ut
1428 2544 1517 2578 sein
1532 2546 1641 2578 tutum
1657 2555 1714 2577 re-

250 2587 401 2633 cipiant,
435 2593 531 2622 tecta
561 2586 697 2634 quidem
728 2594 768 2624 ut
799 2590 867 2625 iam
890 2590 1027 2635 perdita
1051 2591 1242 2636 negligent,
1274 2602 1357 2625 cara
1378 2601 1461 2624 vero
1485 2589 1600 2634 capita
1622 2589 1714 2635 peri-

251 2633 327 2668 culo
356 2634 546 2669 subducere
576 2639 795 2678 contendent3
831 2640 867 2670 et
898 2636 948 2670 sic
981 2636 1096 2672 ablata.
1124 2637 1159 2670 in
1191 2637 1405 2671 manifestum
1427 2634 1567 2670 exitium
1593 2634 1714 2669 ruendi

249 2690 373 2721 causa,
395 2680 611 2715 temerarium
631 2681 802 2727 deponent
823 2681 1034 2727 propositum
1056 2680 1234 2727 pugnandi
1251 2682 1325 2717 sine
1348 2693 1410 2728 spe
1432 2692 1507 2715 cum
1529 2681 1629 2715 hoste
1648 2692 1715 2726 po-

249 2725 390 2760 tentiori
412 2730 448 2761 et
471 2730 565 2761 certo
586 2727 774 2770 victoriae,
806 2727 893 2762 satis
915 2728 1079 2763 habentes
1102 2728 1314 2763 dulcissimos
1339 2728 1485 2763 affectus
1507 2725 1714 2761 domestica-

249 2782 324 2805 rum
345 2772 627 2807 necessitudinum
649 2784 671 2807 a
693 2773 829 2807 flamma
851 2773 964 2818 gladio
989 2778 1024 2808 et
1047 2774 1215 2809 servitute
1237 2774 1352 2809 hostili
1373 2777 1510 2819 ereptos
1529 2772 1641 2808 salvos
1658 2784 1714 2807 se-

249 2828 325 2851 cum
346 2817 429 2863 ipsis
462 2818 591 2864 pariter
621 2818 843 2854 incolumibus
866 2823 903 2853 et
932 2823 1028 2854 tutos
1050 2820 1084 2854 in
1107 2821 1251 2855 navibus
1274 2821 1411 2855 habere.
1458 2818 1578 2853 adfore
1599 2822 1714 2853 autem

250 2862 409 2899 triremes
430 2868 468 2899 et
487 2864 630 2911 capacia
653 2865 853 2912 quantaevis
882 2865 1104 2902 multitudiuis
1127 2878 1170 2903 ea
1190 2866 1370 2902 occasione
1392 2875 1595 2902 accur-surae
1616 2863 1715 2900 navi-
