1884 3262
258 181 355 228 462
666 179 900 223 GEORGII
943 179 1293 223 PACHYMERIS

257 295 409 342 κείνους
433 287 673 334 ἐπισκόπων.
726 293 793 333 καὶ
814 291 891 347 γὰρ
914 291 1053 347 σφίσιν
1072 290 1178 333 οὕτω
1199 290 1250 332 τὰ
1269 295 1350 338 τῶν
1371 288 1597 334 ἐπισκόπων
1617 290 1707 342 ἐπε-

118 375 147 408 Ρ
168 374 235 408 316
260 361 442 406 πύκνωτο
465 357 519 408 ὥς
538 360 603 400 καὶ
622 361 677 408 εἷς
694 357 941 408 ἓκατοστύας
960 359 1232 414 ἀριθμεῖσθαι
1251 360 1436 408 πλείστας
1452 359 1526 413 τὴν
1544 358 1644 413 παρ’
1666 358 1708 399 ἐ-

259 431 398 477 κείνοις
419 425 607 469 σύνοδον.
653 427 776 470 ταῦτ’
797 427 879 483 ι’ίρα
899 429 965 468 καὶ
987 427 1038 469 τὰ
1056 425 1229 482 ἡμέτερα
1250 423 1439 478 ἐξισάζειν
1454 427 1588 469 θέλων
1609 426 1709 467 ἐκεί-

257 514 341 547 νοις
367 495 486 538 ταῦτ’
514 494 698 550 ἔπραττε.
770 499 940 544 πολλαῖς
969 495 1011 537 δ’
1036 493 1190 550 ἑτέραις
1208 501 1385 550 γραφαῖς
1405 498 1485 537 τῶν
1504 492 1709 550 ἡμετέρων

258 564 465 619 πατέρων,
500 569 589 613 ταῖς
621 564 663 605 ἐκ
696 567 769 606 τοῦ
797 563 889 605 υἷοῦ
917 563 1074 618 δηλαδὴ
1098 567 1341 618 προχεῖσθαι
1358 566 1625 617 χορηγεῖσθαι
1647 562 1741 604 δί-5

258 636 413 676 δοσθαι
432 629 644 685 ἐκλάμπειν
666 632 953 688 ἐκφαίνεσθαι,
990 633 1056 673 καὶ
1078 637 1167 680 ταῖς
1188 629 1370 683 ὁμοίαις,
1401 629 1475 684 τὴν
1494 633 1567 672 τοῦ
1590 630 1710 671 ἐκπο-

260 699 452 757 ρεύεσθαι
484 699 587 750 λέξιν
622 700 826 752 ἐπείλυον,
863 702 1079 754 δηλοῦντες
1101 700 1168 741 καὶ
1191 702 1337 749 τοῦτο,
1375 695 1430 746 ὦς
1452 698 1518 739 καὶ
1539 696 1596 752 μὴ
1617 697 1712 746 τούς

260 768 526 820 πειθομένους
557 766 767 822 εἰρηνεύειν
794 774 882 817 ταῖς
910 767 1040 817 ἀξίαις
1060 768 1188 816 δίκαις
1210 763 1594 819 καθυποβάλλομεν.
1663 765 1711 808 τὸ

208 848 237 881 Β
262 837 304 880 δ’
336 837 405 892 ἄρ’
437 831 486 890 ἦν
520 835 692 891 ὄνειρος,
729 837 795 877 καὶ
818 837 879 878 ἐπὶ
902 833 1092 889 ψεύδεσιν
1115 834 1375 889 ἐγκληθέντες
1397 829 1713 888 ἀπολογούμενοι

263 906 308 948 οὐ
331 902 506 948 διαλύειν
529 904 632 946 ἀλλὰ
655 908 846 946 συνιστᾶν
868 904 912 946 τὸ
936 904 1114 958 ἔγκλημα
1144 910 1228 952 τοῖς
1249 900 1374 944 εἷδόσι
1397 899 1711 957 διεγινώσκοντο.
1724 908 1767 942 1ο

263 974 399 1028 ἔμελλε
432 973 476 1014 δὲ
507 973 572 1014 καὶ
602 976 723 1014 τοῦτο
752 978 836 1021 τοῖς
869 970 1142 1026 ταλαιπώροις
1170 976 1244 1025 τῆς
1267 971 1478 1024 ἐκκλησίας
1499 966 1713 1024 ἐσύστερον

264 1038 500 1096 πρόσκομμ’
521 1038 645 1092 εἶναι,
679 1039 982 1094 ἐγκαλουμένοις
999 1037 1052 1088 ὥς
1071 1037 1399 1094 ἐξεκηρύχθησαν
1421 1038 1459 1080 οἶ
1479 1035 1712 1093 ὄρθόδοξοι,

265 1112 331 1152 καὶ
353 1109 395 1151 αἲ
415 1107 517 1161 πρὸς
536 1108 606 1150 τὸν
629 1106 770 1150 πάπαν
790 1109 969 1163 γραφαί,
997 1108 1121 1162 φασί,
1152 1105 1354 1161 μάρτυροι
1372 1102 1617 1161 σοφώτατοι.
1665 1105 1712 1148 τὸ

269 1179 331 1230 δ’,
370 1175 424 1226 ὥς
453 1176 522 1229 ἐμὲ
550 1180 646 1231 γοῦν
679 1176 845 1227 εἰδέναι,
884 1174 1017 1224 ἄλλως
1048 1174 1171 1229 εἶχεν,
1209 1177 1244 1217 εἶ
1271 1176 1337 1216 καὶ
1359 1173 1461 1229 πρὸς
1480 1173 1551 1215 τὸν
1574 1170 1714 1214 πάπαν

269 1243 374 1288 κατά
405 1262 494 1287 τινα
525 1244 708 1286 θωπείαν
739 1241 869 1292 οὕτως
898 1241 1108 1298 ἐγράφετο.
1178 1241 1240 1285 ὅτι
1273 1243 1316 1283 δὲ
1343 1241 1534 1290 κάκείνοις
1557 1238 1713 1293 μάταια
1726 1247 1768 1282 15

220 1323 250 1357 C
272 1310 377 1369 ἦσαν
417 1311 468 1354 τὰ
502 1316 576 1365 τῆς
615 1313 796 1360 θωπείας
816 1343 829 1362 ,
888 1309 1088 1360 ΙΙΊελέτιός
1127 1327 1169 1352 τε
1209 1311 1275 1352 καὶ
1306 1307 1495 1364 Ἰγνάτιος
1545 1308 1712 1361 ἔδειξαν,

130 1392 158 1426 Ρ
180 1392 247 1427 317
272 1380 393 1440 (18)
430 1378 653 1434 σχιζόμενοι
678 1380 751 1433 μὲν
775 1383 849 1432 τῆς
876 1380 1087 1433 ἐκκλησίας
1109 1381 1360 1435 περιφανῶς,
1396 1378 1511 1432 δίκην
1540 1377 1584 1419 δὲ
1614 1376 1716 1434 πρὸς

268 1487 463 1524 strumentis
494 1487 606 1521 allatis
635 1487 741 1521 Roma
764 1486 914 1521 sancitae
934 1486 1003 1520 illic
1028 1497 1102 1520 cum
1126 1485 1272 1519 Graecis
1301 1483 1500 1519 concordiae
1522 1483 1716 1518 densissima

269 1533 547 1570 subscribentium
569 1533 612 1567 iis
636 1533 867 1578 episcoporum
892 1533 1023 1566 nomina
1045 1531 1186 1565 vidisset
1213 1530 1351 1575 (crebri
1375 1530 1459 1564 enirn
1483 1529 1568 1564 adeo
1592 1530 1627 1563 in
1648 1530 1716 1564 illis

266 1581 422 1626 partibus
445 1579 660 1624 episcopatus
684 1585 783 1621 sunt,
822 1582 861 1612 ut
883 1590 997 1612 eorum
1022 1577 1139 1622 synodi
1162 1576 1309 1621 plurimis
1332 1587 1435 1618 saepe
1457 1575 1616 1609 centuriis
1642 1575 1716 1620 epi-

268 1636 446 1671 scoporum
480 1625 684 1668 constent),
724 1625 907 1668 imperator
930 1623 985 1658 vel
1007 1624 1050 1658 ad
1074 1623 1174 1656 fidem
1197 1626 1291 1656 tanto
1316 1621 1498 1667 pleniorem
1517 1621 1715 1663 faciendam,

267 1672 344 1713 vel,
370 1674 409 1704 ut
432 1670 518 1713 dixi,
543 1670 584 1703 ad
608 1670 866 1704 ostentationem
891 1669 987 1714 quasi
1011 1669 1179 1703 cuiusdam
1202 1667 1237 1701 in
1261 1668 1323 1701 boc
1346 1678 1479 1712 quoque
1502 1666 1717 1711 aequalitatis

268 1716 454 1751 Orientalis
484 1716 647 1749 ecclesiae
679 1727 754 1749 cum
787 1715 960 1758 Occidua,
998 1715 1095 1748 istam
1127 1720 1197 1747 tum
1231 1712 1384 1755 adhibuit
1411 1712 1716 1756 multiplicationem

268 1762 453 1807 speciosam
486 1761 684 1795 nostratium
714 1762 912 1805 praesulum.
958 1760 1038 1794 illud
1072 1760 1172 1793 etiam
1203 1758 1238 1793 in
1271 1759 1387 1792 eodem
1417 1758 1542 1801 scripto
1563 1761 1716 1792 curatum

268 1814 339 1848 est,
378 1812 416 1841 ut
447 1807 483 1840 in
516 1807 730 1851 expressione
766 1807 930 1850 dogmatis
961 1806 1003 1839 de
1037 1805 1185 1851 Spiritus
1208 1803 1325 1838 Sancti
1345 1803 1558 1849 processione
1579 1814 1716 1838 numero

269 1852 399 1897 ingenti
422 1858 681 1896 congererentur
703 1853 816 1886 variae
837 1853 1066 1896 undecumque
1089 1862 1247 1884 corrasae
1271 1854 1404 1895 patrum
1420 1854 1607 1883 nostrorum
1623 1849 1716 1883 locu-

271 1898 400 1939 tiones,
434 1897 591 1933 aientium
615 1898 653 1930 S.
678 1896 840 1941 Spiritum
863 1909 906 1930 ex
930 1897 998 1930 filio
1023 1897 1199 1942 profundi,
1221 1894 1398 1940 praeberi,
1420 1895 1515 1935 dari,
1536 1894 1719 1938 explende-

274 1955 387 1985 scere,
422 1943 545 1976 micare
568 1947 627 1976 aut
648 1942 798 1985 ostendi,
827 1943 1040 1986 similesque,
1065 1942 1183 1986 quibus
1206 1939 1452 1974 accumulandis
1473 1939 1506 1972 id
1529 1940 1613 1973 clam
1636 1951 1720 1984 age-

273 1991 378 2028 bant,
400 1993 440 2022 ut
462 1988 560 2032 quasi
585 1988 767 2022 obruerent
790 1988 992 2032 procedendi
1014 1987 1174 2020 usitatum
1195 1986 1326 2020 Latinis
1346 1986 1482 2027 verbum
1496 2009 1507 2026 ,
1530 1988 1565 2018 et
1587 1996 1660 2018 cum
1684 1984 1719 2018 id

274 2034 415 2069 aliorum
444 2033 582 2067 istorum
615 2034 756 2067 obtentu
785 2037 974 2077 tegeretur,
1011 2033 1115 2066 tacite
1138 2033 1361 2075 abrogarent,
1401 2031 1472 2064 eius
1494 2031 1721 2064 assertoribus

274 2081 340 2114 ista
365 2079 570 2124 prolatorum
593 2090 614 2112 a
637 2079 759 2113 nostris
780 2079 815 2112 in
839 2079 983 2124 speciem
1018 2077 1309 2122 aequipollentium
1330 2076 1443 2121 specie
1465 2075 1595 2110 aversis
1619 2087 1640 2110 a
1661 2086 1720 2110 re-

298 2124 435 2159 uirendo
459 2124 639 2169 quidquam
660 2124 800 2158 ulterius
823 2136 843 2158 a
867 2124 974 2158 nobis.
1020 2124 1205 2157 addebatur
1236 2122 1272 2156 in
1305 2122 1434 2166 scripto
1457 2121 1498 2154 ad
1522 2125 1721 2167 extremum,

292 2173 301 2190 ‘
315 2171 345 2204 si
369 2170 427 2215 qui
449 2170 527 2204 huic
551 2169 644 2214 pacis
666 2170 880 2204 conventioni
903 2181 971 2204 non
992 2169 1291 2213 obtemperabunt,
1315 2178 1372 2201 eos
1396 2166 1505 2211 dignis
1527 2167 1643 2212 poenis
1664 2167 1719 2201 af-

275 2216 440 2250 ficiendos
462 2215 712 2249 decernimus.'’
757 2227 845 2261 quae
868 2227 955 2250 vana
977 2220 1075 2249 erant
1098 2218 1238 2255 cuncta,
1271 2224 1334 2247 nec
1355 2213 1445 2246 ultra.
1469 2212 1599 2247 inanem
1621 2212 1720 2257 quasi

277 2261 394 2296 somnii
424 2261 570 2305 speciem
604 2261 731 2302 solida,
769 2273 809 2295 eo
841 2261 973 2306 quidem
1002 2261 1183 2300 affectata,
1221 2263 1261 2292 ut
1291 2258 1458 2293 obiectum
1493 2258 1656 2292 mendacii
1677 2269 1720 2292 ac

274 2307 439 2341 transacti
465 2318 530 2340 non
555 2307 643 2340 bona
665 2307 733 2340 fide
760 2307 858 2341 huius
887 2306 1015 2351 negotii
1045 2306 1171 2339 crimen
1201 2305 1386 2344 diluerent,
1421 2303 1482 2338 sed
1509 2315 1653 2346 revera,
1690 2303 1721 2337 si

276 2352 352 2397 quis
381 2351 621 2397 introspiceret
650 2352 783 2397 penitus
813 2355 848 2386 et
878 2363 948 2386 rem
979 2352 1023 2386 ad
1053 2351 1215 2396 liquidum
1246 2354 1484 2395 pernosceret,
1522 2349 1604 2383 talia
1631 2360 1719 2395 quae

275 2397 372 2431 istius
396 2396 543 2430 eiusdem
568 2398 712 2431 criminis
735 2408 811 2431 reos
834 2400 1036 2442 peragerent
1059 2408 1116 2436 eos
1139 2397 1231 2441 ipsos
1253 2395 1310 2440 qui
1330 2395 1412 2428 illud
1435 2400 1532 2430 tanta
1555 2405 1636 2428 cura
1657 2394 1719 2428 de-

276 2442 456 2488 pellebant.
503 2448 672 2476 caeterum
704 2444 787 2477 haec
817 2442 853 2476 in
885 2445 1034 2477 futurum
1063 2443 1228 2487 quondam
1257 2440 1519 2474 criminationum
1541 2450 1718 2484 argumen-

275 2495 346 2522 tum
369 2491 404 2521 et
433 2488 617 2522 vexationis
647 2489 855 2523 occasionem
880 2489 1011 2523 miseris
1038 2486 1276 2521 ecclesiasticis
1309 2497 1446 2520 cessura
1479 2489 1596 2527 erant,
1637 2485 1717 2519 olim

276 2532 473 2568 accusandis
508 2534 605 2577 quasi
639 2534 837 2568 orthodoxis
872 2535 1047 2569 anathema
1078 2532 1262 2572 dixissent3
1301 2532 1395 2566 cuius
1418 2531 1467 2566 rei
1486 2534 1580 2566 velut
1609 2533 1716 2564 testes

276 2578 454 2613 certissimi
484 2578 547 2612 hae
577 2583 657 2612 tunc
687 2579 730 2612 ad
763 2591 884 2624 papam
917 2580 1064 2625 scriptae
1086 2579 1207 2612 literae
1228 2577 1424 2621 allegandae
1447 2580 1552 2611 erant.
1598 2586 1717 2620 quam-

276 2636 376 2670 quam
401 2624 480 2658 illae
501 2635 576 2657 meo
598 2623 728 2668 quidem
751 2625 874 2658 iudicio
897 2637 962 2659 non
986 2637 1025 2659 eo
1049 2635 1171 2658 revers
1192 2622 1341 2667 scriptae
1362 2633 1461 2657 sensu
1484 2624 1582 2664 s'unt,
1618 2631 1719 2664 quem

274 2670 329 2704 vel
351 2670 385 2704 iu
409 2669 554 2714 speciem
578 2671 817 2713 praeferebant
838 2671 893 2704 vel
913 2681 1108 2715 persuasum
1130 2672 1210 2702 tunc
1232 2668 1345 2703 Latini
1377 2668 1584 2708 habuerunt,
1621 2666 1720 2700 fuca—

276 2721 333 2749 tae
359 2715 519 2761 siquidem
551 2726 613 2760 per
645 2715 904 2749 assentationem
927 2716 968 2750 ad
993 2726 1113 2761 papam
1141 2716 1277 2748 fuerant
1297 2714 1333 2747 in
1355 2713 1499 2758 speciem
1519 2711 1588 2746 illic
1611 2711 1719 2756 placi-

277 2766 399 2795 turam.
443 2772 505 2795 nec
526 2759 671 2795 vicissim
697 2771 762 2793 non
785 2759 850 2803 ipsi
875 2760 984 2794 Latini
1006 2760 1169 2795 assentati
1192 2759 1287 2794 nobis
1309 2759 1343 2793 in
1368 2759 1432 2793 hoc
1453 2757 1589 2801 negotio
1613 2768 1720 2802 quae-

277 2805 354 2841 dam
376 2809 476 2849 sunt,
515 2809 618 2853 prout
638 2804 674 2839 in
694 2804 824 2839 Meletii
845 2810 881 2840 et
900 2805 1026 2851 Ignatii
1057 2816 1159 2841 causa
1190 2804 1358 2851 apparuit.
1419 2803 1522 2848 (18)
1559 2801 1596 2837 hi
1629 2801 1719 2848 quod
