<?xml version="1.0" encoding="UTF-8"?>
<!DOCTYPE html PUBLIC "-//W3C//DTD XHTML 1.0 Transitional//EN"
    "http://www.w3.org/TR/xhtml1/DTD/xhtml1-transitional.dtd">
<html xmlns="http://www.w3.org/1999/xhtml" xml:lang="en" lang="en">
 <head>
  <title>
</title>
<meta http-equiv="Content-Type" content="text/html;charset=utf-8" />
  <meta name='ocr-system' content='tesseract 3.04.00' />
  <meta name='ocr-capabilities' content='ocr_page ocr_carea ocr_par ocr_line ocrx_word'/>
</head>
<body>
  <div class='ocr_page' id='page_1' title='image "./corpusscriptorum17niebuoft_0284.png"; bbox 0 0 1884 3262; ppageno 0'>
   <div class='ocr_carea' id='block_1_1' title="bbox 241 188 1296 245">
    <p class='ocr_par' dir='ltr' id='par_1_1' title="bbox 241 188 1296 245">
     <span class='ocr_line' id='line_1_1' title="bbox 241 188 1296 245; baseline -0.005 -8"><span class='ocrx_word' id='word_1_1' title='bbox 241 192 340 239; x_wconf 80' lang='lat'>266</span> <span class='ocrx_word' id='word_1_2' title='bbox 666 188 903 233; x_wconf 78' lang='lat' dir='ltr'>GEoRGn</span> <span class='ocrx_word' id='word_1_3' title='bbox 941 188 1296 245; x_wconf 81' lang='lat' dir='ltr'><strong>PACHYMERIS</strong></span> 
     </span>
    </p>
   </div>
   <div class='ocr_carea' id='block_1_2' title="bbox 187 297 1764 1115">
    <p class='ocr_par' dir='ltr' id='par_1_2' title="bbox 187 297 1764 1115">
     <span class='ocr_line' id='line_1_2' title="bbox 240 297 1706 362; baseline -0.003 -14"><span class='ocrx_word' id='word_1_4' title='bbox 240 302 332 348; x_wconf 85' lang='grc' dir='ltr'><em>τότε</em></span> <span class='ocrx_word' id='word_1_5' title='bbox 359 307 417 362; x_wconf 80' lang='grc' dir='ltr'>τῷ</span> <span class='ocrx_word' id='word_1_6' title='bbox 447 306 612 357; x_wconf 76' lang='grc' dir='ltr'><em>βασιλεῖ</em></span> <span class='ocrx_word' id='word_1_7' title='bbox 634 302 723 357; x_wconf 76' lang='grc' dir='ltr'><em>περὶ</em></span> <span class='ocrx_word' id='word_1_8' title='bbox 744 304 819 344; x_wconf 80' lang='grc' dir='ltr'>τοῦ</span> <span class='ocrx_word' id='word_1_9' title='bbox 842 297 1096 358; x_wconf 70' lang='grc' dir='ltr'><em>πατριάρχου</em></span> <span class='ocrx_word' id='word_1_10' title='bbox 1121 299 1281 356; x_wconf 59' lang='grc' dir='ltr'><em>ἔλεγχος</em></span> <span class='ocrx_word' id='word_1_11' title='bbox 1301 300 1514 359; x_wconf 71' lang='grc' dir='ltr'><em>ἄντικρυς,</em></span> <span class='ocrx_word' id='word_1_12' title='bbox 1553 305 1612 360; x_wconf 84' lang='grc' dir='ltr'>τῷ</span> <span class='ocrx_word' id='word_1_13' title='bbox 1632 300 1706 356; x_wconf 75' lang='grc' dir='ltr'>μὲν</span> 
     </span>
     <span class='ocr_line' id='line_1_3' title="bbox 241 367 1708 427; baseline -0.003 -11"><span class='ocrx_word' id='word_1_14' title='bbox 241 372 340 416; x_wconf 76' lang='grc' dir='ltr'><em>εἶναι</em></span> <span class='ocrx_word' id='word_1_15' title='bbox 359 376 442 414; x_wconf 83' lang='grc' dir='ltr'>τῶν</span> <span class='ocrx_word' id='word_1_16' title='bbox 455 372 581 413; x_wconf 75' lang='grc' dir='ltr'><em>θείων</em></span> <span class='ocrx_word' id='word_1_17' title='bbox 601 367 906 424; x_wconf 76' lang='grc' dir='ltr'><em>ἒκτυπωμάτων</em></span> <span class='ocrx_word' id='word_1_18' title='bbox 919 369 1205 427; x_wconf 81' lang='grc' dir='ltr'><em>προσκυνητὴν</em></span> <span class='ocrx_word' id='word_1_19' title='bbox 1225 370 1272 412; x_wconf 80' lang='grc' dir='ltr'>τὸ</span> <span class='ocrx_word' id='word_1_20' title='bbox 1294 370 1419 424; x_wconf 72' lang='grc' dir='ltr'><em>σέβας</em></span> <span class='ocrx_word' id='word_1_21' title='bbox 1437 372 1566 413; x_wconf 80' lang='grc' dir='ltr'><em>αὐτοῦ</em></span> <span class='ocrx_word' id='word_1_22' title='bbox 1585 388 1708 427; x_wconf 85' lang='grc' dir='ltr'><em>παρι-</em></span> 
     </span>
     <span class='ocr_line' id='line_1_4' title="bbox 240 437 1708 496; baseline -0.002 -13"><span class='ocrx_word' id='word_1_23' title='bbox 240 445 420 489; x_wconf 81' lang='grc' dir='ltr'><em>στῶντος</em></span> <span class='ocrx_word' id='word_1_24' title='bbox 433 472 446 491; x_wconf 87' lang='grc'>,</span> <span class='ocrx_word' id='word_1_25' title='bbox 493 443 553 496; x_wconf 77' lang='grc' dir='ltr'>τῷ</span> <span class='ocrx_word' id='word_1_26' title='bbox 582 440 626 481; x_wconf 80' lang='grc' dir='ltr'>δὲ</span> <span class='ocrx_word' id='word_1_27' title='bbox 652 440 718 481; x_wconf 80' lang='grc' dir='ltr'><em>καὶ</em></span> <span class='ocrx_word' id='word_1_28' title='bbox 747 443 874 495; x_wconf 79' lang='grc' dir='ltr'><em>κρεῶν</em></span> <span class='ocrx_word' id='word_1_29' title='bbox 901 437 1020 482; x_wconf 74' lang='grc' dir='ltr'><em>ὗείων</em></span> <span class='ocrx_word' id='word_1_30' title='bbox 1040 438 1257 495; x_wconf 68' lang='grc' dir='ltr'><em>ὄρὲγέσθαι</em></span> <span class='ocrx_word' id='word_1_31' title='bbox 1277 438 1351 493; x_wconf 83' lang='grc' dir='ltr'>τὴν</span> <span class='ocrx_word' id='word_1_32' title='bbox 1380 440 1485 482; x_wconf 81' lang='grc' dir='ltr'><em>κατὰ</em></span> <span class='ocrx_word' id='word_1_33' title='bbox 1505 443 1708 495; x_wconf 83' lang='grc' dir='ltr'><em>Χριστια-</em></span> 
     </span>
     <span class='ocr_line' id='line_1_5' title="bbox 240 505 1705 564; baseline -0.001 -14"><span class='ocrx_word' id='word_1_34' title='bbox 240 508 335 557; x_wconf 74' lang='grc' dir='ltr'><em>νοὺς</em></span> <span class='ocrx_word' id='word_1_35' title='bbox 375 508 580 550; x_wconf 76' lang='grc' dir='ltr'><em>πολιτείαν</em></span> <span class='ocrx_word' id='word_1_36' title='bbox 626 509 909 564; x_wconf 74' lang='grc' dir='ltr'><em>ἐμφαίνοντος.</em></span> <span class='ocrx_word' id='word_1_37' title='bbox 980 506 1072 550; x_wconf 78' lang='grc' dir='ltr'><em>τότε</em></span> <span class='ocrx_word' id='word_1_38' title='bbox 1105 508 1149 549; x_wconf 82' lang='grc' dir='ltr'>δὲ</span> <span class='ocrx_word' id='word_1_39' title='bbox 1179 505 1234 556; x_wconf 79' lang='grc' dir='ltr'><em>ὦς</em></span> <span class='ocrx_word' id='word_1_40' title='bbox 1264 506 1478 550; x_wconf 77' lang='grc' dir='ltr'><em>ἄτελέστου</em></span> <span class='ocrx_word' id='word_1_41' title='bbox 1508 509 1598 564; x_wconf 80' lang='grc' dir='ltr'><em>περὶ</em></span> <span class='ocrx_word' id='word_1_42' title='bbox 1631 512 1705 550; x_wconf 85' lang='grc' dir='ltr'>τοῦ</span> 
     </span>
     <span class='ocr_line' id='line_1_6' title="bbox 239 571 1739 640; baseline -0.002 -21"><span class='ocrx_word' id='word_1_43' title='bbox 239 576 420 619; x_wconf 79' lang='grc' dir='ltr'><em>σουλτὰν</em></span> <span class='ocrx_word' id='word_1_44' title='bbox 445 576 755 640; x_wconf 70' lang='grc' dir='ltr'><em>βουλευομένων</em></span> <span class='ocrx_word' id='word_1_45' title='bbox 785 578 943 619; x_wconf 76' lang='grc' dir='ltr'>ἐκείνων</span> <span class='ocrx_word' id='word_1_46' title='bbox 974 574 1102 619; x_wconf 73' lang='grc' dir='ltr'><em>ἐδόκει</em></span> <span class='ocrx_word' id='word_1_47' title='bbox 1133 571 1319 624; x_wconf 76' lang='grc' dir='ltr'><em>κίνδυνος</em></span> <span class='ocrx_word' id='word_1_48' title='bbox 1349 576 1529 632; x_wconf 75' lang='grc' dir='ltr'><em>ἔξῆφθαι</em></span> <span class='ocrx_word' id='word_1_49' title='bbox 1549 580 1606 634; x_wconf 78' lang='grc' dir='ltr'>τῷ</span> <span class='ocrx_word' id='word_1_50' title='bbox 1623 582 1739 618; x_wconf 87' lang='grc' dir='ltr'><em>πα-5</em></span> 
     </span>
     <span class='ocr_line' id='line_1_7' title="bbox 187 640 1708 702; baseline -0.003 -12"><span class='ocrx_word' id='word_1_51' title='bbox 187 656 218 690; x_wconf 86' lang='grc' dir='ltr'>Ε</span> <span class='ocrx_word' id='word_1_52' title='bbox 242 643 427 702; x_wconf 81' lang='grc' dir='ltr'><em>τριάρχῃ.</em></span> <span class='ocrx_word' id='word_1_53' title='bbox 499 640 606 699; x_wconf 67' lang='grc' dir='ltr'><em>ἦσαν</em></span> <span class='ocrx_word' id='word_1_54' title='bbox 630 645 674 687; x_wconf 81' lang='grc' dir='ltr'>δ’</span> <span class='ocrx_word' id='word_1_55' title='bbox 699 644 816 688; x_wconf 72' lang='grc' dir='ltr'><em>ἄλλοι</em></span> <span class='ocrx_word' id='word_1_56' title='bbox 838 646 963 688; x_wconf 58' lang='lat' dir='ltr'>denae</span> <span class='ocrx_word' id='word_1_57' title='bbox 982 641 1300 702; x_wconf 75' lang='grc' dir='ltr'><em>γλαφυρώτερον</em></span> <span class='ocrx_word' id='word_1_58' title='bbox 1323 645 1551 700; x_wconf 75' lang='grc' dir='ltr'><em>ἐπεχείρουν</em></span> <span class='ocrx_word' id='word_1_59' title='bbox 1578 646 1708 698; x_wconf 78' lang='grc' dir='ltr'><em>δῆθεν</em></span> 
     </span>
     <span class='ocr_line' id='line_1_8' title="bbox 237 707 1709 770; baseline -0.001 -14"><span class='ocrx_word' id='word_1_60' title='bbox 237 713 620 770; x_wconf 71' lang='grc' dir='ltr'><em>προσεπετιθὲμενοι</em></span> <span class='ocrx_word' id='word_1_61' title='bbox 648 720 739 763; x_wconf 78' lang='grc' dir='ltr'><em>ταῖς</em></span> <span class='ocrx_word' id='word_1_62' title='bbox 768 714 1050 770; x_wconf 71' lang='grc' dir='ltr'><em>κατηγορίαις,</em></span> <span class='ocrx_word' id='word_1_63' title='bbox 1081 711 1136 763; x_wconf 76' lang='grc' dir='ltr'><em>ὡς</em></span> <span class='ocrx_word' id='word_1_64' title='bbox 1167 712 1275 768; x_wconf 74' lang='grc' dir='ltr'><em>εἴπερ</em></span> <span class='ocrx_word' id='word_1_65' title='bbox 1305 707 1486 762; x_wconf 57' lang='grc' dir='ltr'><em>κάὲεῖνος</em></span> <span class='ocrx_word' id='word_1_66' title='bbox 1515 714 1571 762; x_wconf 73' lang='grc' dir='ltr'><em>εἷς</em></span> <span class='ocrx_word' id='word_1_67' title='bbox 1597 715 1709 769; x_wconf 87' lang='grc' dir='ltr'><em>Χρι-</em></span> 
     </span>
     <span class='ocr_line' id='line_1_9' title="bbox 238 780 1710 838; baseline -0.001 -14"><span class='ocrx_word' id='word_1_68' title='bbox 238 782 431 832; x_wconf 77' lang='grc' dir='ltr'><em>στιανούς</em></span> <span class='ocrx_word' id='word_1_69' title='bbox 465 781 638 837; x_wconf 76' lang='grc' dir='ltr'><em>ἀληθῶς</em></span> <span class='ocrx_word' id='word_1_70' title='bbox 665 782 786 825; x_wconf 73' lang='grc' dir='ltr'><em>ἐτέλει</em></span> <span class='ocrx_word' id='word_1_71' title='bbox 797 815 809 835; x_wconf 89' lang='grc'>,</span> <span class='ocrx_word' id='word_1_72' title='bbox 847 782 894 825; x_wconf 82' lang='grc' dir='ltr'>τὸ</span> <span class='ocrx_word' id='word_1_73' title='bbox 921 787 1019 838; x_wconf 81' lang='grc' dir='ltr'><em>γοῦν</em></span> <span class='ocrx_word' id='word_1_74' title='bbox 1049 783 1138 836; x_wconf 74' lang='grc' dir='ltr'><em>περὶ</em></span> <span class='ocrx_word' id='word_1_75' title='bbox 1165 782 1313 824; x_wconf 76' lang='grc' dir='ltr'><em>ἐκεῖνον</em></span> <span class='ocrx_word' id='word_1_76' title='bbox 1345 780 1552 838; x_wconf 81' lang='grc' dir='ltr'><em>Περσικὸν</em></span> <span class='ocrx_word' id='word_1_77' title='bbox 1582 781 1710 823; x_wconf 85' lang='grc' dir='ltr'><em>καλὸν</em></span> 
     </span>
     <span class='ocr_line' id='line_1_10' title="bbox 243 847 1710 907; baseline -0.001 -15"><span class='ocrx_word' id='word_1_78' title='bbox 243 847 294 906; x_wconf 75' lang='grc' dir='ltr'>ἦν</span> <span class='ocrx_word' id='word_1_79' title='bbox 324 848 505 900; x_wconf 77' lang='grc' dir='ltr'><strong><em>ἐκτόπως</em></strong></span> <span class='ocrx_word' id='word_1_80' title='bbox 532 850 603 894; x_wconf 85' lang='grc' dir='ltr'>τὸν</span> <span class='ocrx_word' id='word_1_81' title='bbox 635 849 892 907; x_wconf 78' lang='grc' dir='ltr'><em>πατριάρχην</em></span> <span class='ocrx_word' id='word_1_82' title='bbox 922 849 1230 907; x_wconf 71' lang='grc' dir='ltr'><em>φυλάττεσθαι·</em></span> <span class='ocrx_word' id='word_1_83' title='bbox 1266 851 1372 906; x_wconf 75' lang='grc' dir='ltr'><em>μηδὲ</em></span> <span class='ocrx_word' id='word_1_84' title='bbox 1400 849 1476 906; x_wconf 80' lang='grc' dir='ltr'><em>γὰρ</em></span> <span class='ocrx_word' id='word_1_85' title='bbox 1502 848 1710 898; x_wconf 74' lang='grc' dir='ltr'><em>κάκείνους</em></span> 
     </span>
     <span class='ocr_line' id='line_1_11' title="bbox 244 916 1764 976; baseline -0.002 -14"><span class='ocrx_word' id='word_1_86' title='bbox 244 917 403 969; x_wconf 79' lang='grc' dir='ltr'><em>πάντας</em></span> <span class='ocrx_word' id='word_1_87' title='bbox 427 919 706 976; x_wconf 75' lang='grc' dir='ltr'><em>Χριστιανοὺς</em></span> <span class='ocrx_word' id='word_1_88' title='bbox 736 918 835 962; x_wconf 77' lang='grc' dir='ltr'><em>εἶναι</em></span> <span class='ocrx_word' id='word_1_89' title='bbox 869 919 891 974; x_wconf 79' lang='grc' dir='ltr'>ἢ</span> <span class='ocrx_word' id='word_1_90' title='bbox 922 922 990 961; x_wconf 83' lang='grc' dir='ltr'><em>καὶ</em></span> <span class='ocrx_word' id='word_1_91' title='bbox 1023 921 1271 976; x_wconf 73' lang='grc' dir='ltr'><em>λογίζεσθαι.</em></span> <span class='ocrx_word' id='word_1_92' title='bbox 1341 916 1397 968; x_wconf 79' lang='grc' dir='ltr'><em>ὥς</em></span> <span class='ocrx_word' id='word_1_93' title='bbox 1417 923 1515 975; x_wconf 88' lang='grc' dir='ltr'><em>γοῦν</em></span> <span class='ocrx_word' id='word_1_94' title='bbox 1538 917 1642 974; x_wconf 82' lang='grc' dir='ltr'><em>πρὸς</em></span> <span class='ocrx_word' id='word_1_95' title='bbox 1661 916 1707 960; x_wconf 81' lang='grc' dir='ltr'>τὸ</span> <span class='ocrx_word' id='word_1_96' title='bbox 1722 925 1764 959; x_wconf 87' lang='grc'>10</span> 
     </span>
     <span class='ocr_line' id='line_1_12' title="bbox 245 984 1709 1045; baseline -0.002 -14"><span class='ocrx_word' id='word_1_97' title='bbox 245 988 296 1031; x_wconf 77' lang='grc' dir='ltr'>τὰ</span> <span class='ocrx_word' id='word_1_98' title='bbox 323 991 525 1031; x_wconf 86' lang='grc' dir='ltr'><em>δοκοῦντα</em></span> <span class='ocrx_word' id='word_1_99' title='bbox 555 988 861 1045; x_wconf 70' lang='grc' dir='ltr'><em>ἀποφαίνεσθαι</em></span> <span class='ocrx_word' id='word_1_100' title='bbox 888 984 1016 1042; x_wconf 69' lang='grc' dir='ltr'><em>ἦσαν,</em></span> <span class='ocrx_word' id='word_1_101' title='bbox 1053 989 1091 1030; x_wconf 80' lang='grc' dir='ltr'>οἳ</span> <span class='ocrx_word' id='word_1_102' title='bbox 1109 988 1183 1042; x_wconf 76' lang='grc' dir='ltr'>μὲν</span> <span class='ocrx_word' id='word_1_103' title='bbox 1202 988 1384 1038; x_wconf 71' lang='grc' dir='ltr'><em>πλείους,</em></span> <span class='ocrx_word' id='word_1_104' title='bbox 1422 986 1536 1042; x_wconf 80' lang='grc' dir='ltr'><em>ἢκαὶ</em></span> <span class='ocrx_word' id='word_1_105' title='bbox 1561 984 1709 1035; x_wconf 78' lang='grc' dir='ltr'><em>πάντες</em></span> 
     </span>
     <span class='ocr_line' id='line_1_13' title="bbox 244 1050 1709 1115; baseline -0.002 -16"><span class='ocrx_word' id='word_1_106' title='bbox 244 1057 359 1114; x_wconf 79' lang='grc' dir='ltr'><em>παρὰ</em></span> <span class='ocrx_word' id='word_1_107' title='bbox 388 1056 503 1107; x_wconf 78' lang='grc' dir='ltr'><em>τινὰς</em></span> <span class='ocrx_word' id='word_1_108' title='bbox 536 1055 585 1115; x_wconf 77' lang='grc' dir='ltr'>(ὃ</span> <span class='ocrx_word' id='word_1_109' title='bbox 612 1058 972 1112; x_wconf 74' lang='grc' dir='ltr'><em>Ποντοηρακλείας</em></span> <span class='ocrx_word' id='word_1_110' title='bbox 1006 1054 1223 1112; x_wconf 79' lang='grc' dir='ltr'><em>Θεόδωρος</em></span> <span class='ocrx_word' id='word_1_111' title='bbox 1254 1050 1374 1105; x_wconf 61' lang='grc' dir='ltr'><em>οὗτος</em></span> <span class='ocrx_word' id='word_1_112' title='bbox 1403 1050 1474 1110; x_wconf 79' lang='grc' dir='ltr'>ἦν,</span> <span class='ocrx_word' id='word_1_113' title='bbox 1513 1053 1709 1109; x_wconf 82' lang='grc' dir='ltr'><em>ὅΕὖχαϊ-</em></span> 
     </span>
    </p>
   </div>
   <div class='ocr_carea' id='block_1_3' title="bbox 98 1120 1764 1319">
    <p class='ocr_par' dir='ltr' id='par_1_3' title="bbox 98 1120 1764 1319">
     <span class='ocr_line' id='line_1_14' title="bbox 245 1120 1708 1181; baseline -0.002 -13"><span class='ocrx_word' id='word_1_114' title='bbox 245 1130 328 1169; x_wconf 83' lang='grc' dir='ltr'>τῶν</span> <span class='ocrx_word' id='word_1_115' title='bbox 348 1125 546 1179; x_wconf 77' lang='grc' dir='ltr'><em>Ἀλέξιος,</em></span> <span class='ocrx_word' id='word_1_116' title='bbox 585 1123 606 1167; x_wconf 80' lang='grc' dir='ltr'><em>ὃ</em></span> <span class='ocrx_word' id='word_1_117' title='bbox 638 1123 832 1181; x_wconf 80' lang='grc' dir='ltr'><em>Βρύσεως</em></span> <span class='ocrx_word' id='word_1_118' title='bbox 857 1123 1068 1180; x_wconf 81' lang='grc' dir='ltr'><em>Ἰωάννης,</em></span> <span class='ocrx_word' id='word_1_119' title='bbox 1107 1127 1175 1167; x_wconf 81' lang='grc' dir='ltr'><em>καὶ</em></span> <span class='ocrx_word' id='word_1_120' title='bbox 1207 1124 1300 1178; x_wconf 76' lang='grc' dir='ltr'><em>μετ’</em></span> <span class='ocrx_word' id='word_1_121' title='bbox 1336 1123 1473 1167; x_wconf 82' lang='grc' dir='ltr'><em>αὐτῶν</em></span> <span class='ocrx_word' id='word_1_122' title='bbox 1503 1123 1641 1166; x_wconf 73' lang='grc' dir='ltr'><em>ἄλλοι·</em></span> <span class='ocrx_word' id='word_1_123' title='bbox 1686 1120 1708 1165; x_wconf 83' lang='grc' dir='ltr'>ὅ</span> 
     </span>
     <span class='ocr_line' id='line_1_15' title="bbox 98 1191 1705 1252; baseline -0.005 -12"><span class='ocrx_word' id='word_1_124' title='bbox 98 1205 125 1239; x_wconf 88' lang='lat' dir='ltr'>P</span> <span class='ocrx_word' id='word_1_125' title='bbox 154 1205 219 1240; x_wconf 88' lang='lat'>180</span> <span class='ocrx_word' id='word_1_126' title='bbox 240 1194 318 1252; x_wconf 78' lang='grc' dir='ltr'><em>γὰρ</em></span> <span class='ocrx_word' id='word_1_127' title='bbox 350 1192 596 1248; x_wconf 74' lang='grc' dir='ltr'><em>Μιτυλήνης</em></span> <span class='ocrx_word' id='word_1_128' title='bbox 626 1197 667 1236; x_wconf 95' lang='grc' dir='ltr'><em>Γ</em></span> <span class='ocrx_word' id='word_1_129' title='bbox 664 1191 852 1251; x_wconf 83' lang='grc' dir='ltr'><em>ρηγόριος</em></span> <span class='ocrx_word' id='word_1_130' title='bbox 888 1193 940 1235; x_wconf 78' lang='grc' dir='ltr'>τὰ</span> <span class='ocrx_word' id='word_1_131' title='bbox 969 1193 1100 1236; x_wconf 74' lang='grc' dir='ltr'><em>πολλοὶ</em></span> <span class='ocrx_word' id='word_1_132' title='bbox 1130 1197 1188 1252; x_wconf 81' lang='grc' dir='ltr'>τῷ</span> <span class='ocrx_word' id='word_1_133' title='bbox 1217 1191 1449 1250; x_wconf 83' lang='grc' dir='ltr'><em>πατριάρχῃ</em></span> <span class='ocrx_word' id='word_1_134' title='bbox 1480 1192 1705 1248; x_wconf 73' lang='grc' dir='ltr'><em>προσέχων,</em></span> 
     </span>
     <span class='ocr_line' id='line_1_16' title="bbox 241 1259 1764 1319; baseline -0.003 -14"><span class='ocrx_word' id='word_1_135' title='bbox 241 1265 322 1306; x_wconf 73' lang='grc' dir='ltr'><em>ἐπεὶ</em></span> <span class='ocrx_word' id='word_1_136' title='bbox 350 1262 426 1318; x_wconf 85' lang='grc' dir='ltr'>τὴν</span> <span class='ocrx_word' id='word_1_137' title='bbox 457 1264 571 1318; x_wconf 87' lang='grc' dir='ltr'><em>δίκην</em></span> <span class='ocrx_word' id='word_1_138' title='bbox 601 1262 891 1319; x_wconf 78' lang='grc' dir='ltr'><em>ἀπηρτημένην</em></span> <span class='ocrx_word' id='word_1_139' title='bbox 918 1259 1027 1318; x_wconf 73' lang='grc' dir='ltr'><em>ἑώρα</em></span> <span class='ocrx_word' id='word_1_140' title='bbox 1055 1262 1115 1314; x_wconf 77' lang='grc' dir='ltr'>οἱ,</span> <span class='ocrx_word' id='word_1_141' title='bbox 1152 1259 1274 1304; x_wconf 88' lang='grc' dir='ltr'><em>νόσον</em></span> <span class='ocrx_word' id='word_1_142' title='bbox 1298 1260 1563 1316; x_wconf 79' lang='grc' dir='ltr'><em>σκηψάμενος</em></span> <span class='ocrx_word' id='word_1_143' title='bbox 1583 1260 1704 1314; x_wconf 79' lang='grc' dir='ltr'><em>ἀπῆν,</em></span> <span class='ocrx_word' id='word_1_144' title='bbox 1721 1266 1764 1301; x_wconf 83' lang='grc'>15</span> 
     </span>
    </p>
   </div>
   <div class='ocr_carea' id='block_1_4' title="bbox 236 1326 1711 1594">
    <p class='ocr_par' dir='ltr' id='par_1_4' title="bbox 236 1326 1711 1594">
     <span class='ocr_line' id='line_1_17' title="bbox 241 1326 1709 1389; baseline -0.003 -16"><span class='ocrx_word' id='word_1_145' title='bbox 241 1326 274 1389; x_wconf 81' lang='grc' dir='ltr'><em>ᾧ</em></span> <span class='ocrx_word' id='word_1_146' title='bbox 298 1331 349 1386; x_wconf 86' lang='grc' dir='ltr'>δὴ</span> <span class='ocrx_word' id='word_1_147' title='bbox 369 1332 435 1373; x_wconf 80' lang='grc' dir='ltr'><em>καὶ</em></span> <span class='ocrx_word' id='word_1_148' title='bbox 451 1331 546 1385; x_wconf 70' lang='grc' dir='ltr'><em>μετ’</em></span> <span class='ocrx_word' id='word_1_149' title='bbox 570 1332 811 1387; x_wconf 72' lang='grc' dir='ltr'><em>ε’μβριθείας</em></span> <span class='ocrx_word' id='word_1_150' title='bbox 833 1328 854 1373; x_wconf 82' lang='grc' dir='ltr'><em>ὃ</em></span> <span class='ocrx_word' id='word_1_151' title='bbox 879 1334 1041 1384; x_wconf 81' lang='grc' dir='ltr'><em>κρατῶν</em></span> <span class='ocrx_word' id='word_1_152' title='bbox 1064 1331 1133 1384; x_wconf 72' lang='grc' dir='ltr'>ἐμὲ</span> <span class='ocrx_word' id='word_1_153' title='bbox 1155 1328 1210 1379; x_wconf 79' lang='grc' dir='ltr'><em>ὥς</em></span> <span class='ocrx_word' id='word_1_154' title='bbox 1229 1328 1419 1387; x_wconf 79' lang='grc' dir='ltr'><em>νοτὰριον</em></span> <span class='ocrx_word' id='word_1_155' title='bbox 1446 1329 1709 1372; x_wconf 78' lang='grc' dir='ltr'><em>ἀποστέλλων</em></span> 
     </span>
     <span class='ocr_line' id='line_1_18' title="bbox 240 1396 1709 1455; baseline -0.002 -13"><span class='ocrx_word' id='word_1_156' title='bbox 240 1399 267 1455; x_wconf 78' lang='grc' dir='ltr'>ἢ</span> <span class='ocrx_word' id='word_1_157' title='bbox 297 1399 486 1442; x_wconf 79' lang='grc' dir='ltr'><em>ἀπαντᾶν</em></span> <span class='ocrx_word' id='word_1_158' title='bbox 511 1397 537 1454; x_wconf 78' lang='grc' dir='ltr'>ἢ</span> <span class='ocrx_word' id='word_1_159' title='bbox 566 1397 724 1441; x_wconf 78' lang='grc' dir='ltr'><em>διδόναι</em></span> <span class='ocrx_word' id='word_1_160' title='bbox 740 1399 814 1453; x_wconf 85' lang='grc' dir='ltr'>τὴν</span> <span class='ocrx_word' id='word_1_161' title='bbox 832 1396 997 1454; x_wconf 79' lang='grc' dir='ltr'><em>γνώμην</em></span> <span class='ocrx_word' id='word_1_162' title='bbox 1024 1398 1176 1440; x_wconf 76' lang='grc' dir='ltr'><em>ἐκέλευε</em></span> <span class='ocrx_word' id='word_1_163' title='bbox 1185 1431 1199 1450; x_wconf 88' lang='lat'><em>‚</em></span> <span class='ocrx_word' id='word_1_164' title='bbox 1233 1400 1300 1440; x_wconf 78' lang='grc' dir='ltr'><em>καὶ</em></span> <span class='ocrx_word' id='word_1_165' title='bbox 1327 1397 1446 1453; x_wconf 85' lang='grc' dir='ltr'><em>μόλις</em></span> <span class='ocrx_word' id='word_1_166' title='bbox 1465 1397 1538 1453; x_wconf 81' lang='grc' dir='ltr'>τὴν</span> <span class='ocrx_word' id='word_1_167' title='bbox 1558 1397 1709 1440; x_wconf 76' lang='grc' dir='ltr'><em>οἰκεία-ν</em></span> 
     </span>
     <span class='ocr_line' id='line_1_19' title="bbox 240 1463 1708 1527; baseline -0.003 -17"><span class='ocrx_word' id='word_1_168' title='bbox 240 1466 406 1524; x_wconf 81' lang='grc' dir='ltr'><em>γνώμην</em></span> <span class='ocrx_word' id='word_1_169' title='bbox 433 1471 492 1526; x_wconf 78' lang='grc' dir='ltr'>τῷ</span> <span class='ocrx_word' id='word_1_170' title='bbox 522 1485 565 1510; x_wconf 83' lang='grc' dir='ltr'>τε</span> <span class='ocrx_word' id='word_1_171' title='bbox 581 1468 806 1522; x_wconf 88' lang='grc' dir='ltr'><em>Λαρίσσης</em></span> <span class='ocrx_word' id='word_1_172' title='bbox 827 1469 962 1527; x_wconf 77' lang='grc' dir='ltr'><em>Θωμᾷ</em></span> <span class='ocrx_word' id='word_1_173' title='bbox 972 1500 985 1520; x_wconf 86' lang='grc'>,</span> <span class='ocrx_word' id='word_1_174' title='bbox 1021 1471 1079 1526; x_wconf 78' lang='grc' dir='ltr'>τῷ</span> <span class='ocrx_word' id='word_1_175' title='bbox 1096 1464 1353 1510; x_wconf 78' lang='grc' dir='ltr'><em>Ναυπάκτου</em></span> <span class='ocrx_word' id='word_1_176' title='bbox 1371 1463 1540 1523; x_wconf 77' lang='grc' dir='ltr'><em>Ἰωάννῃ</em></span> <span class='ocrx_word' id='word_1_177' title='bbox 1561 1466 1628 1508; x_wconf 84' lang='grc' dir='ltr'><em>καὶ</em></span> <span class='ocrx_word' id='word_1_178' title='bbox 1650 1468 1708 1523; x_wconf 76' lang='grc' dir='ltr'>τῷ</span> 
     </span>
     <span class='ocr_line' id='line_1_20' title="bbox 236 1532 1711 1594; baseline -0.003 -15"><span class='ocrx_word' id='word_1_179' title='bbox 236 1533 613 1593; x_wconf 80' lang='grc' dir='ltr'><em>Ἀδριανουπόλεως</em></span> <span class='ocrx_word' id='word_1_180' title='bbox 641 1539 682 1579; x_wconf 93' lang='grc' dir='ltr'><em>Γ</em></span> <span class='ocrx_word' id='word_1_181' title='bbox 679 1540 841 1594; x_wconf 74' lang='grc' dir='ltr'><em>ερμανῷ</em></span> <span class='ocrx_word' id='word_1_182' title='bbox 877 1536 1227 1592; x_wconf 75' lang='grc' dir='ltr'><em>προσανετίθετο)</em></span> <span class='ocrx_word' id='word_1_183' title='bbox 1273 1536 1312 1578; x_wconf 78' lang='grc' dir='ltr'>οἳ</span> <span class='ocrx_word' id='word_1_184' title='bbox 1343 1539 1440 1591; x_wconf 83' lang='grc' dir='ltr'><em>γοῦν</em></span> <span class='ocrx_word' id='word_1_185' title='bbox 1473 1534 1588 1591; x_wconf 76' lang='grc' dir='ltr'><em>παρὰ</em></span> <span class='ocrx_word' id='word_1_186' title='bbox 1613 1532 1711 1583; x_wconf 66' lang='grc' dir='ltr'><em>τοὺς</em></span> 
     </span>
    </p>
   </div>
   <div class='ocr_carea' id='block_1_5' title="bbox 187 1600 1804 1663">
    <p class='ocr_par' dir='ltr' id='par_1_5' title="bbox 187 1600 1804 1663">
     <span class='ocr_line' id='line_1_21' title="bbox 187 1600 1804 1663; baseline -0.003 -13"><span class='ocrx_word' id='word_1_187' title='bbox 187 1617 217 1650; x_wconf 93' lang='grc' dir='ltr'>Β</span> <span class='ocrx_word' id='word_1_188' title='bbox 243 1605 478 1663; x_wconf 75' lang='grc' dir='ltr'><em>εἶρημὲνους</em></span> <span class='ocrx_word' id='word_1_189' title='bbox 506 1605 548 1647; x_wconf 83' lang='grc' dir='ltr'>ἓκ</span> <span class='ocrx_word' id='word_1_190' title='bbox 578 1610 652 1647; x_wconf 82' lang='grc' dir='ltr'>τοῦ</span> <span class='ocrx_word' id='word_1_191' title='bbox 683 1608 936 1663; x_wconf 76' lang='grc' dir='ltr'><em>παραχρῆμα</em></span> <span class='ocrx_word' id='word_1_192' title='bbox 956 1605 1198 1662; x_wconf 75' lang='grc' dir='ltr'><em>καθαίρεσιν</em></span> <span class='ocrx_word' id='word_1_193' title='bbox 1221 1608 1295 1647; x_wconf 77' lang='grc' dir='ltr'>τοῦ</span> <span class='ocrx_word' id='word_1_194' title='bbox 1315 1600 1571 1661; x_wconf 76' lang='grc' dir='ltr'><em>πατριάρχου</em></span> <span class='ocrx_word' id='word_1_195' title='bbox 1589 1619 1708 1646; x_wconf 80' lang='grc' dir='ltr'><em>κατε-</em></span> <span class='ocrx_word' id='word_1_196' title='bbox 1720 1611 1767 1646; x_wconf 73' lang='grc'>20</span> <span class='ocrx_word' id='word_1_197' title='bbox 1801 1632 1804 1633; x_wconf 31' lang='lat'><em>⁷</em></span> 
     </span>
    </p>
   </div>
   <div class='ocr_carea' id='block_1_6' title="bbox 243 1782 1715 2884">
    <p class='ocr_par' dir='ltr' id='par_1_6' title="bbox 243 1782 1715 2884">
     <span class='ocr_line' id='line_1_22' title="bbox 243 1782 1711 1830; baseline -0.002 -12"><span class='ocrx_word' id='word_1_198' title='bbox 243 1783 508 1818; x_wconf 85' lang='lat' dir='ltr'>confirmabatur</span> <span class='ocrx_word' id='word_1_199' title='bbox 538 1782 734 1829; x_wconf 84' lang='lat' dir='ltr'>imperatori</span> <span class='ocrx_word' id='word_1_200' title='bbox 766 1784 867 1830; x_wconf 81' lang='lat' dir='ltr'>culpa</span> <span class='ocrx_word' id='word_1_201' title='bbox 901 1785 935 1818; x_wconf 87' lang='lat' dir='ltr'>in</span> <span class='ocrx_word' id='word_1_202' title='bbox 963 1785 1028 1818; x_wconf 84' lang='lat' dir='ltr'>hoc</span> <span class='ocrx_word' id='word_1_203' title='bbox 1058 1795 1181 1818; x_wconf 84' lang='lat' dir='ltr'>vacare</span> <span class='ocrx_word' id='word_1_204' title='bbox 1202 1783 1454 1829; x_wconf 76' lang='lat' dir='ltr'><strong>patriarcham,</strong></span> <span class='ocrx_word' id='word_1_205' title='bbox 1488 1793 1563 1817; x_wconf 83' lang='lat' dir='ltr'>cum</span> <span class='ocrx_word' id='word_1_206' title='bbox 1585 1792 1711 1815; x_wconf 84' lang='lat' dir='ltr'>revera</span> 
     </span>
     <span class='ocr_line' id='line_1_23' title="bbox 245 1828 1713 1875; baseline -0.003 -11"><span class='ocrx_word' id='word_1_207' title='bbox 245 1829 476 1864; x_wconf 87' lang='lat' dir='ltr'>Christianum</span> <span class='ocrx_word' id='word_1_208' title='bbox 498 1830 621 1863; x_wconf 87' lang='lat' dir='ltr'>Sultan</span> <span class='ocrx_word' id='word_1_209' title='bbox 644 1842 682 1865; x_wconf 85' lang='lat' dir='ltr'>se</span> <span class='ocrx_word' id='word_1_210' title='bbox 704 1831 867 1875; x_wconf 85' lang='lat' dir='ltr'>probaret</span> <span class='ocrx_word' id='word_1_211' title='bbox 888 1835 962 1864; x_wconf 85' lang='lat' dir='ltr'>tum</span> <span class='ocrx_word' id='word_1_212' title='bbox 983 1830 1170 1864; x_wconf 84' lang='lat' dir='ltr'>exhibendo</span> <span class='ocrx_word' id='word_1_213' title='bbox 1194 1842 1232 1864; x_wconf 84' lang='lat' dir='ltr'>se</span> <span class='ocrx_word' id='word_1_214' title='bbox 1256 1838 1429 1864; x_wconf 85' lang='lat' dir='ltr'>sacrarum</span> <span class='ocrx_word' id='word_1_215' title='bbox 1449 1828 1629 1873; x_wconf 79' lang='lat' dir='ltr'>imaginum</span> <span class='ocrx_word' id='word_1_216' title='bbox 1651 1839 1713 1861; x_wconf 86' lang='lat' dir='ltr'>ve-</span> 
     </span>
     <span class='ocr_line' id='line_1_24' title="bbox 246 1875 1711 1920; baseline -0.003 -11"><span class='ocrx_word' id='word_1_217' title='bbox 246 1879 460 1916; x_wconf 83' lang='lat' dir='ltr'>neratorem,</span> <span class='ocrx_word' id='word_1_218' title='bbox 493 1879 565 1909; x_wconf 83' lang='lat' dir='ltr'>tum</span> <span class='ocrx_word' id='word_1_219' title='bbox 589 1887 627 1910; x_wconf 90' lang='lat' dir='ltr'>se</span> <span class='ocrx_word' id='word_1_220' title='bbox 650 1882 789 1920; x_wconf 85' lang='lat' dir='ltr'>gustare</span> <span class='ocrx_word' id='word_1_221' title='bbox 822 1876 967 1909; x_wconf 81' lang='lat' dir='ltr'>libenter</span> <span class='ocrx_word' id='word_1_222' title='bbox 991 1888 1112 1910; x_wconf 87' lang='lat' dir='ltr'>carnes</span> <span class='ocrx_word' id='word_1_223' title='bbox 1135 1876 1249 1909; x_wconf 86' lang='lat' dir='ltr'>suillas</span> <span class='ocrx_word' id='word_1_224' title='bbox 1277 1875 1491 1909; x_wconf 83' lang='lat' dir='ltr'>declarando.</span> <span class='ocrx_word' id='word_1_225' title='bbox 1538 1878 1711 1907; x_wconf 86' lang='lat' dir='ltr'>caeterum</span> 
     </span>
     <span class='ocr_line' id='line_1_25' title="bbox 247 1920 1711 1967; baseline -0.002 -12"><span class='ocrx_word' id='word_1_226' title='bbox 247 1928 328 1955; x_wconf 85' lang='lat' dir='ltr'>tunc</span> <span class='ocrx_word' id='word_1_227' title='bbox 355 1932 429 1954; x_wconf 91' lang='lat' dir='ltr'>cum</span> <span class='ocrx_word' id='word_1_228' title='bbox 455 1920 491 1954; x_wconf 90' lang='lat' dir='ltr'>in</span> <span class='ocrx_word' id='word_1_229' title='bbox 514 1921 579 1955; x_wconf 81' lang='lat' dir='ltr'>illis</span> <span class='ocrx_word' id='word_1_230' title='bbox 603 1922 646 1956; x_wconf 88' lang='lat' dir='ltr'>de</span> <span class='ocrx_word' id='word_1_231' title='bbox 670 1922 864 1966; x_wconf 84' lang='lat' dir='ltr'>patriarcha</span> <span class='ocrx_word' id='word_1_232' title='bbox 888 1922 1174 1965; x_wconf 81' lang='lat' dir='ltr'>disquisitionibus</span> <span class='ocrx_word' id='word_1_233' title='bbox 1204 1921 1302 1967; x_wconf 85' lang='lat' dir='ltr'>quasi</span> <span class='ocrx_word' id='word_1_234' title='bbox 1325 1932 1386 1965; x_wconf 91' lang='lat' dir='ltr'>pro</span> <span class='ocrx_word' id='word_1_235' title='bbox 1409 1921 1625 1954; x_wconf 80' lang='lat' dir='ltr'>fundamento</span> <span class='ocrx_word' id='word_1_236' title='bbox 1649 1930 1711 1963; x_wconf 87' lang='lat' dir='ltr'>po-</span> 
     </span>
     <span class='ocr_line' id='line_1_26' title="bbox 245 1964 1712 2011; baseline -0.001 -11"><span class='ocrx_word' id='word_1_237' title='bbox 245 1970 387 2001; x_wconf 89' lang='lat' dir='ltr'>neretur</span> <span class='ocrx_word' id='word_1_238' title='bbox 416 1966 549 2001; x_wconf 89' lang='lat' dir='ltr'>minime</span> <span class='ocrx_word' id='word_1_239' title='bbox 578 1968 671 2001; x_wconf 69' lang='lat' dir='ltr'>ilium</span> <span class='ocrx_word' id='word_1_240' title='bbox 704 1968 810 2001; x_wconf 81' lang='lat' dir='ltr'>fuisse</span> <span class='ocrx_word' id='word_1_241' title='bbox 835 1967 1040 2001; x_wconf 85' lang='lat' dir='ltr'>Christianis</span> <span class='ocrx_word' id='word_1_242' title='bbox 1063 1967 1232 2011; x_wconf 74' lang='lat' dir='ltr'>mysteriis</span> <span class='ocrx_word' id='word_1_243' title='bbox 1254 1967 1444 2010; x_wconf 83' lang='lat' dir='ltr'>initiatum,</span> <span class='ocrx_word' id='word_1_244' title='bbox 1473 1965 1593 2010; x_wconf 82' lang='lat' dir='ltr'>utique</span> <span class='ocrx_word' id='word_1_245' title='bbox 1614 1964 1712 1998; x_wconf 83' lang='lat' dir='ltr'>vide-</span> 
     </span>
     <span class='ocr_line' id='line_1_27' title="bbox 245 2009 1712 2058; baseline -0.003 -11"><span class='ocrx_word' id='word_1_246' title='bbox 245 2013 348 2047; x_wconf 86' lang='lat' dir='ltr'>batur</span> <span class='ocrx_word' id='word_1_247' title='bbox 379 2012 459 2046; x_wconf 84' lang='lat' dir='ltr'>inde</span> <span class='ocrx_word' id='word_1_248' title='bbox 490 2013 684 2058; x_wconf 84' lang='lat' dir='ltr'>impendere</span> <span class='ocrx_word' id='word_1_249' title='bbox 718 2013 901 2058; x_wconf 88' lang='lat' dir='ltr'>periculum</span> <span class='ocrx_word' id='word_1_250' title='bbox 928 2013 1155 2058; x_wconf 84' lang='lat' dir='ltr'>patriarchae.</span> <span class='ocrx_word' id='word_1_251' title='bbox 1201 2018 1301 2046; x_wconf 85' lang='lat' dir='ltr'>erant</span> <span class='ocrx_word' id='word_1_252' title='bbox 1333 2012 1393 2057; x_wconf 88' lang='lat' dir='ltr'>qui</span> <span class='ocrx_word' id='word_1_253' title='bbox 1419 2011 1573 2045; x_wconf 83' lang='lat' dir='ltr'>callidius</span> <span class='ocrx_word' id='word_1_254' title='bbox 1604 2014 1640 2044; x_wconf 89' lang='lat' dir='ltr'>et</span> <span class='ocrx_word' id='word_1_255' title='bbox 1667 2009 1712 2043; x_wconf 86' lang='lat' dir='ltr'>ad</span> 
     </span>
     <span class='ocr_line' id='line_1_28' title="bbox 246 2056 1712 2104; baseline -0.002 -13"><span class='ocrx_word' id='word_1_256' title='bbox 246 2059 349 2092; x_wconf 89' lang='lat' dir='ltr'>finem</span> <span class='ocrx_word' id='word_1_257' title='bbox 372 2057 525 2093; x_wconf 81' lang='lat' dir='ltr'>intentae</span> <span class='ocrx_word' id='word_1_258' title='bbox 548 2059 768 2093; x_wconf 82' lang='lat' dir='ltr'>damnationis</span> <span class='ocrx_word' id='word_1_259' title='bbox 790 2059 1036 2104; x_wconf 83' lang='lat' dir='ltr'>assequendum</span> <span class='ocrx_word' id='word_1_260' title='bbox 1060 2059 1235 2093; x_wconf 85' lang='lat' dir='ltr'>efficacius</span> <span class='ocrx_word' id='word_1_261' title='bbox 1257 2062 1596 2103; x_wconf 75' lang='lat' dir='ltr'>argumentaremur,</span> <span class='ocrx_word' id='word_1_262' title='bbox 1627 2056 1712 2089; x_wconf 84' lang='lat' dir='ltr'>alle-</span> 
     </span>
     <span class='ocr_line' id='line_1_29' title="bbox 247 2101 1712 2150; baseline -0.002 -12"><span class='ocrx_word' id='word_1_263' title='bbox 247 2108 370 2148; x_wconf 80' lang='lat' dir='ltr'>gantes</span> <span class='ocrx_word' id='word_1_264' title='bbox 402 2115 522 2148; x_wconf 89' lang='lat' dir='ltr'>parum</span> <span class='ocrx_word' id='word_1_265' title='bbox 557 2105 601 2139; x_wconf 85' lang='lat' dir='ltr'>ad</span> <span class='ocrx_word' id='word_1_266' title='bbox 635 2116 794 2139; x_wconf 83' lang='lat' dir='ltr'>summam</span> <span class='ocrx_word' id='word_1_267' title='bbox 825 2105 973 2139; x_wconf 86' lang='lat' dir='ltr'>criminis</span> <span class='ocrx_word' id='word_1_268' title='bbox 994 2106 1125 2139; x_wconf 86' lang='lat' dir='ltr'>referre</span> <span class='ocrx_word' id='word_1_269' title='bbox 1148 2105 1300 2138; x_wconf 82' lang='lat' dir='ltr'>Sultanis</span> <span class='ocrx_word' id='word_1_270' title='bbox 1321 2104 1429 2150; x_wconf 88' lang='lat' dir='ltr'>ipsius</span> <span class='ocrx_word' id='word_1_271' title='bbox 1451 2108 1575 2137; x_wconf 85' lang='lat' dir='ltr'>statum</span> <span class='ocrx_word' id='word_1_272' title='bbox 1598 2101 1712 2146; x_wconf 85' lang='lat' dir='ltr'>quoad</span> 
     </span>
     <span class='ocr_line' id='line_1_30' title="bbox 249 2147 1714 2193; baseline -0.002 -10"><span class='ocrx_word' id='word_1_273' title='bbox 249 2149 458 2193; x_wconf 80' lang='lat' dir='ltr'>religionem.</span> <span class='ocrx_word' id='word_1_274' title='bbox 505 2155 544 2184; x_wconf 92' lang='lat' dir='ltr'>ut</span> <span class='ocrx_word' id='word_1_275' title='bbox 577 2151 663 2184; x_wconf 88' lang='lat' dir='ltr'>enim</span> <span class='ocrx_word' id='word_1_276' title='bbox 695 2151 751 2184; x_wconf 89' lang='lat' dir='ltr'>ille</span> <span class='ocrx_word' id='word_1_277' title='bbox 781 2162 903 2185; x_wconf 88' lang='lat' dir='ltr'>revera</span> <span class='ocrx_word' id='word_1_278' title='bbox 937 2151 1154 2185; x_wconf 81' lang='lat' dir='ltr'>Christianus</span> <span class='ocrx_word' id='word_1_279' title='bbox 1184 2150 1308 2192; x_wconf 85' lang='lat' dir='ltr'>fuerit,</span> <span class='ocrx_word' id='word_1_280' title='bbox 1342 2153 1436 2183; x_wconf 88' lang='lat' dir='ltr'>certe</span> <span class='ocrx_word' id='word_1_281' title='bbox 1459 2161 1481 2183; x_wconf 90' lang='lat' dir='ltr'>a</span> <span class='ocrx_word' id='word_1_282' title='bbox 1503 2148 1619 2182; x_wconf 83' lang='lat' dir='ltr'>Persis</span> <span class='ocrx_word' id='word_1_283' title='bbox 1640 2147 1714 2181; x_wconf 85' lang='lat' dir='ltr'>eius</span> 
     </span>
     <span class='ocr_line' id='line_1_31' title="bbox 248 2194 1715 2242; baseline -0.003 -12"><span class='ocrx_word' id='word_1_284' title='bbox 248 2196 427 2230; x_wconf 80' lang='lat' dir='ltr'>comitibus</span> <span class='ocrx_word' id='word_1_285' title='bbox 459 2196 592 2240; x_wconf 85' lang='lat' dir='ltr'>pariter</span> <span class='ocrx_word' id='word_1_286' title='bbox 616 2201 651 2230; x_wconf 89' lang='lat' dir='ltr'>et</span> <span class='ocrx_word' id='word_1_287' title='bbox 672 2196 863 2242; x_wconf 87' lang='lat' dir='ltr'>promiscue</span> <span class='ocrx_word' id='word_1_288' title='bbox 884 2197 983 2231; x_wconf 89' lang='lat' dir='ltr'>simul</span> <span class='ocrx_word' id='word_1_289' title='bbox 1016 2197 1147 2231; x_wconf 85' lang='lat' dir='ltr'>cunctis</span> <span class='ocrx_word' id='word_1_290' title='bbox 1170 2196 1388 2230; x_wconf 83' lang='lat' dir='ltr'>admittendis</span> <span class='ocrx_word' id='word_1_291' title='bbox 1410 2207 1534 2229; x_wconf 86' lang='lat' dir='ltr'>cavere</span> <span class='ocrx_word' id='word_1_292' title='bbox 1556 2194 1715 2227; x_wconf 72' lang='lat' dir='ltr'>debuisse</span> 
     </span>
     <span class='ocr_line' id='line_1_32' title="bbox 248 2240 1714 2288; baseline -0.002 -13"><span class='ocrx_word' id='word_1_293' title='bbox 248 2242 492 2287; x_wconf 79' lang='lat' dir='ltr'>patriarcham,</span> <span class='ocrx_word' id='word_1_294' title='bbox 515 2254 590 2276; x_wconf 86' lang='lat' dir='ltr'>cum</span> <span class='ocrx_word' id='word_1_295' title='bbox 611 2243 695 2276; x_wconf 86' lang='lat' dir='ltr'>satis</span> <span class='ocrx_word' id='word_1_296' title='bbox 718 2247 890 2277; x_wconf 84' lang='lat' dir='ltr'>constaret</span> <span class='ocrx_word' id='word_1_297' title='bbox 910 2252 1124 2288; x_wconf 84' lang='lat' dir='ltr'>nequaquam</span> <span class='ocrx_word' id='word_1_298' title='bbox 1145 2242 1220 2276; x_wconf 82' lang='lat' dir='ltr'>illos</span> <span class='ocrx_word' id='word_1_299' title='bbox 1242 2242 1419 2276; x_wconf 85' lang='lat' dir='ltr'>universos</span> <span class='ocrx_word' id='word_1_300' title='bbox 1443 2246 1504 2275; x_wconf 85' lang='lat' dir='ltr'>aut</span> <span class='ocrx_word' id='word_1_301' title='bbox 1523 2240 1632 2274; x_wconf 79' lang='lat' dir='ltr'>fuisse</span> <span class='ocrx_word' id='word_1_302' title='bbox 1653 2243 1714 2273; x_wconf 85' lang='lat' dir='ltr'>aut</span> 
     </span>
     <span class='ocr_line' id='line_1_33' title="bbox 249 2286 1712 2327; baseline -0.002 -5"><span class='ocrx_word' id='word_1_303' title='bbox 249 2288 384 2322; x_wconf 85' lang='lat' dir='ltr'>habitos</span> <span class='ocrx_word' id='word_1_304' title='bbox 418 2299 495 2322; x_wconf 88' lang='lat' dir='ltr'>esse</span> <span class='ocrx_word' id='word_1_305' title='bbox 528 2288 755 2324; x_wconf 83' lang='lat' dir='ltr'>Christianos.</span> <span class='ocrx_word' id='word_1_306' title='bbox 801 2293 841 2323; x_wconf 90' lang='lat' dir='ltr'>ut</span> <span class='ocrx_word' id='word_1_307' title='bbox 875 2293 986 2323; x_wconf 89' lang='lat' dir='ltr'>autem</span> <span class='ocrx_word' id='word_1_308' title='bbox 1018 2289 1061 2322; x_wconf 89' lang='lat' dir='ltr'>ad</span> <span class='ocrx_word' id='word_1_309' title='bbox 1092 2286 1252 2323; x_wconf 86' lang='lat' dir='ltr'>dicendas</span> <span class='ocrx_word' id='word_1_310' title='bbox 1279 2287 1471 2322; x_wconf 54' lang='lat' dir='ltr'>sententias&gt;</span> <span class='ocrx_word' id='word_1_311' title='bbox 1489 2290 1626 2321; x_wconf 86' lang='lat' dir='ltr'>ventum</span> <span class='ocrx_word' id='word_1_312' title='bbox 1647 2287 1712 2327; x_wconf 76' lang='lat' dir='ltr'>est,</span> 
     </span>
     <span class='ocr_line' id='line_1_34' title="bbox 250 2332 1713 2380; baseline 0 -15"><span class='ocrx_word' id='word_1_313' title='bbox 250 2333 405 2379; x_wconf 86' lang='lat' dir='ltr'>plerique</span> <span class='ocrx_word' id='word_1_314' title='bbox 429 2337 490 2368; x_wconf 86' lang='lat' dir='ltr'>aut</span> <span class='ocrx_word' id='word_1_315' title='bbox 513 2334 626 2379; x_wconf 87' lang='lat' dir='ltr'>potius</span> <span class='ocrx_word' id='word_1_316' title='bbox 650 2345 764 2368; x_wconf 89' lang='lat' dir='ltr'>omnes</span> <span class='ocrx_word' id='word_1_317' title='bbox 787 2339 926 2379; x_wconf 88' lang='lat' dir='ltr'>praeter</span> <span class='ocrx_word' id='word_1_318' title='bbox 946 2335 1108 2380; x_wconf 88' lang='lat' dir='ltr'>quosdam</span> <span class='ocrx_word' id='word_1_319' title='bbox 1133 2335 1194 2378; x_wconf 87' lang='lat' dir='ltr'>(hi</span> <span class='ocrx_word' id='word_1_320' title='bbox 1215 2336 1355 2368; x_wconf 83' lang='lat' dir='ltr'>suerunt</span> <span class='ocrx_word' id='word_1_321' title='bbox 1376 2333 1579 2368; x_wconf 86' lang='lat' dir='ltr'>Theodorus</span> <span class='ocrx_word' id='word_1_322' title='bbox 1602 2332 1713 2366; x_wconf 83' lang='lat' dir='ltr'>Hera-</span> 
     </span>
     <span class='ocr_line' id='line_1_35' title="bbox 250 2379 1712 2424; baseline -0.001 -12"><span class='ocrx_word' id='word_1_323' title='bbox 250 2381 345 2413; x_wconf 82' lang='lat' dir='ltr'>cleae</span> <span class='ocrx_word' id='word_1_324' title='bbox 367 2379 489 2419; x_wconf 87' lang='lat' dir='ltr'>Ponti,</span> <span class='ocrx_word' id='word_1_325' title='bbox 512 2380 651 2413; x_wconf 88' lang='lat' dir='ltr'>Alexius</span> <span class='ocrx_word' id='word_1_326' title='bbox 676 2381 943 2423; x_wconf 67' lang='lat' dir='ltr'>Eunhastarum,</span> <span class='ocrx_word' id='word_1_327' title='bbox 967 2381 1111 2415; x_wconf 85' lang='lat' dir='ltr'>loannes</span> <span class='ocrx_word' id='word_1_328' title='bbox 1133 2381 1275 2424; x_wconf 85' lang='lat' dir='ltr'>Brysis,</span> <span class='ocrx_word' id='word_1_329' title='bbox 1302 2384 1338 2414; x_wconf 87' lang='lat' dir='ltr'>et</span> <span class='ocrx_word' id='word_1_330' title='bbox 1360 2391 1435 2414; x_wconf 87' lang='lat' dir='ltr'>cum</span> <span class='ocrx_word' id='word_1_331' title='bbox 1458 2379 1511 2413; x_wconf 88' lang='lat' dir='ltr'>his</span> <span class='ocrx_word' id='word_1_332' title='bbox 1535 2379 1612 2413; x_wconf 83' lang='lat' dir='ltr'>alii:</span> <span class='ocrx_word' id='word_1_333' title='bbox 1635 2386 1712 2411; x_wconf 79' lang='lat' dir='ltr'>nam</span> 
     </span>
     <span class='ocr_line' id='line_1_36' title="bbox 251 2422 1713 2471; baseline -0.002 -12"><span class='ocrx_word' id='word_1_334' title='bbox 251 2424 443 2468; x_wconf 85' lang='lat' dir='ltr'>Gregorius</span> <span class='ocrx_word' id='word_1_335' title='bbox 473 2425 674 2470; x_wconf 84' lang='lat' dir='ltr'>Mitylenes,</span> <span class='ocrx_word' id='word_1_336' title='bbox 707 2427 923 2471; x_wconf 83' lang='lat' dir='ltr'>patriarchae</span> <span class='ocrx_word' id='word_1_337' title='bbox 953 2427 1091 2461; x_wconf 76' lang='lat' dir='ltr'>muitum</span> <span class='ocrx_word' id='word_1_338' title='bbox 1124 2426 1280 2468; x_wconf 87' lang='lat' dir='ltr'>deditus,</span> <span class='ocrx_word' id='word_1_339' title='bbox 1312 2426 1372 2460; x_wconf 90' lang='lat' dir='ltr'>ubi</span> <span class='ocrx_word' id='word_1_340' title='bbox 1394 2424 1572 2471; x_wconf 83' lang='lat' dir='ltr'>prospexit</span> <span class='ocrx_word' id='word_1_341' title='bbox 1594 2423 1627 2458; x_wconf 87' lang='lat' dir='ltr'>ei</span> <span class='ocrx_word' id='word_1_342' title='bbox 1650 2422 1713 2456; x_wconf 85' lang='lat' dir='ltr'>da-</span> 
     </span>
     <span class='ocr_line' id='line_1_37' title="bbox 247 2468 1712 2517; baseline -0.001 -14"><span class='ocrx_word' id='word_1_343' title='bbox 247 2470 452 2504; x_wconf 80' lang='lat' dir='ltr'>mnationem</span> <span class='ocrx_word' id='word_1_344' title='bbox 471 2470 665 2514; x_wconf 72' lang='lat' dir='ltr'>imminere,</span> <span class='ocrx_word' id='word_1_345' title='bbox 689 2473 843 2507; x_wconf 85' lang='lat' dir='ltr'>simulato</span> <span class='ocrx_word' id='word_1_346' title='bbox 866 2473 984 2506; x_wconf 91' lang='lat' dir='ltr'>morbo</span> <span class='ocrx_word' id='word_1_347' title='bbox 1008 2472 1140 2513; x_wconf 86' lang='lat' dir='ltr'>abfuit,</span> <span class='ocrx_word' id='word_1_348' title='bbox 1163 2473 1205 2506; x_wconf 89' lang='lat' dir='ltr'>ad</span> <span class='ocrx_word' id='word_1_349' title='bbox 1230 2483 1329 2517; x_wconf 89' lang='lat' dir='ltr'>quem</span> <span class='ocrx_word' id='word_1_350' title='bbox 1351 2472 1480 2517; x_wconf 89' lang='lat' dir='ltr'>impetu</span> <span class='ocrx_word' id='word_1_351' title='bbox 1504 2468 1634 2504; x_wconf 84' lang='lat' dir='ltr'>ardenti</span> <span class='ocrx_word' id='word_1_352' title='bbox 1649 2468 1712 2501; x_wconf 89' lang='lat' dir='ltr'>im-</span> 
     </span>
     <span class='ocr_line' id='line_1_38' title="bbox 246 2514 1711 2563; baseline -0.001 -13"><span class='ocrx_word' id='word_1_353' title='bbox 246 2520 384 2562; x_wconf 85' lang='lat' dir='ltr'>perator</span> <span class='ocrx_word' id='word_1_354' title='bbox 407 2527 482 2558; x_wconf 86' lang='lat' dir='ltr'>me,</span> <span class='ocrx_word' id='word_1_355' title='bbox 506 2528 567 2561; x_wconf 88' lang='lat' dir='ltr'>pro</span> <span class='ocrx_word' id='word_1_356' title='bbox 591 2529 630 2551; x_wconf 92' lang='lat' dir='ltr'>eo</span> <span class='ocrx_word' id='word_1_357' title='bbox 656 2530 723 2562; x_wconf 91' lang='lat' dir='ltr'>quo</span> <span class='ocrx_word' id='word_1_358' title='bbox 745 2523 827 2552; x_wconf 89' lang='lat' dir='ltr'>tunc</span> <span class='ocrx_word' id='word_1_359' title='bbox 849 2519 1016 2563; x_wconf 81' lang='lat' dir='ltr'>fungebar</span> <span class='ocrx_word' id='word_1_360' title='bbox 1038 2518 1164 2552; x_wconf 84' lang='lat' dir='ltr'>notarii</span> <span class='ocrx_word' id='word_1_361' title='bbox 1185 2529 1346 2559; x_wconf 84' lang='lat' dir='ltr'>munere,</span> <span class='ocrx_word' id='word_1_362' title='bbox 1367 2518 1420 2551; x_wconf 90' lang='lat' dir='ltr'>ire</span> <span class='ocrx_word' id='word_1_363' title='bbox 1443 2516 1618 2551; x_wconf 78' lang='lat' dir='ltr'>confestim</span> <span class='ocrx_word' id='word_1_364' title='bbox 1639 2514 1711 2548; x_wconf 80' lang='lat' dir='ltr'>ius-</span> 
     </span>
     <span class='ocr_line' id='line_1_39' title="bbox 248 2558 1711 2604; baseline -0.003 -7"><span class='ocrx_word' id='word_1_365' title='bbox 248 2563 318 2604; x_wconf 83' lang='lat' dir='ltr'>sit,</span> <span class='ocrx_word' id='word_1_366' title='bbox 349 2561 620 2596; x_wconf 79' lang='lat' dir='ltr'>denuntiaturum</span> <span class='ocrx_word' id='word_1_367' title='bbox 650 2567 690 2596; x_wconf 89' lang='lat' dir='ltr'>ut</span> <span class='ocrx_word' id='word_1_368' title='bbox 721 2565 853 2598; x_wconf 87' lang='lat' dir='ltr'>omnino</span> <span class='ocrx_word' id='word_1_369' title='bbox 886 2569 946 2599; x_wconf 89' lang='lat' dir='ltr'>aut</span> <span class='ocrx_word' id='word_1_370' title='bbox 970 2564 1104 2598; x_wconf 84' lang='lat' dir='ltr'>veniret</span> <span class='ocrx_word' id='word_1_371' title='bbox 1126 2568 1187 2597; x_wconf 86' lang='lat' dir='ltr'>aut</span> <span class='ocrx_word' id='word_1_372' title='bbox 1208 2563 1410 2598; x_wconf 83' lang='lat' dir='ltr'>sententiam</span> <span class='ocrx_word' id='word_1_373' title='bbox 1441 2573 1536 2597; x_wconf 79' lang='lat' dir='ltr'>suam</span> <span class='ocrx_word' id='word_1_374' title='bbox 1559 2559 1642 2594; x_wconf 90' lang='lat' dir='ltr'>mihi</span> <span class='ocrx_word' id='word_1_375' title='bbox 1667 2558 1711 2593; x_wconf 86' lang='lat' dir='ltr'>ad</span> 
     </span>
     <span class='ocr_line' id='line_1_40' title="bbox 250 2605 1710 2654; baseline -0.002 -13"><span class='ocrx_word' id='word_1_376' title='bbox 250 2607 413 2651; x_wconf 84' lang='lat' dir='ltr'>synodum</span> <span class='ocrx_word' id='word_1_377' title='bbox 435 2608 585 2642; x_wconf 83' lang='lat' dir='ltr'>relaturo</span> <span class='ocrx_word' id='word_1_378' title='bbox 611 2608 749 2650; x_wconf 85' lang='lat' dir='ltr'>ederet;</span> <span class='ocrx_word' id='word_1_379' title='bbox 779 2611 821 2644; x_wconf 87' lang='lat' dir='ltr'>ad</span> <span class='ocrx_word' id='word_1_380' title='bbox 846 2622 934 2654; x_wconf 88' lang='lat' dir='ltr'>quae</span> <span class='ocrx_word' id='word_1_381' title='bbox 955 2610 986 2645; x_wconf 85' lang='lat' dir='ltr'>is</span> <span class='ocrx_word' id='word_1_382' title='bbox 1010 2621 1112 2654; x_wconf 87' lang='lat' dir='ltr'>aegre</span> <span class='ocrx_word' id='word_1_383' title='bbox 1135 2610 1271 2644; x_wconf 86' lang='lat' dir='ltr'>tandem</span> <span class='ocrx_word' id='word_1_384' title='bbox 1293 2619 1490 2654; x_wconf 82' lang='lat' dir='ltr'>responsum</span> <span class='ocrx_word' id='word_1_385' title='bbox 1515 2605 1710 2652; x_wconf 78' lang='lat' dir='ltr'>expediens,</span> 
     </span>
     <span class='ocr_line' id='line_1_41' title="bbox 250 2652 1711 2702; baseline -0.002 -15"><span class='ocrx_word' id='word_1_386' title='bbox 250 2654 338 2688; x_wconf 85' lang='lat' dir='ltr'>dixit</span> <span class='ocrx_word' id='word_1_387' title='bbox 360 2663 419 2695; x_wconf 82' lang='lat' dir='ltr'>se,</span> <span class='ocrx_word' id='word_1_388' title='bbox 456 2655 548 2699; x_wconf 84' lang='lat' dir='ltr'>quod</span> <span class='ocrx_word' id='word_1_389' title='bbox 569 2655 719 2688; x_wconf 89' lang='lat' dir='ltr'>Thomas</span> <span class='ocrx_word' id='word_1_390' title='bbox 740 2655 919 2698; x_wconf 83' lang='lat' dir='ltr'>Larissae,</span> <span class='ocrx_word' id='word_1_391' title='bbox 948 2656 1092 2690; x_wconf 88' lang='lat' dir='ltr'>Ioannes</span> <span class='ocrx_word' id='word_1_392' title='bbox 1115 2656 1306 2702; x_wconf 82' lang='lat' dir='ltr'>Naupacti,</span> <span class='ocrx_word' id='word_1_393' title='bbox 1329 2657 1520 2689; x_wconf 86' lang='lat' dir='ltr'>Germanus</span> <span class='ocrx_word' id='word_1_394' title='bbox 1541 2652 1711 2687; x_wconf 76' lang='lat' dir='ltr'>Adriano-</span> 
     </span>
     <span class='ocr_line' id='line_1_42' title="bbox 250 2698 1710 2746; baseline -0.002 -12"><span class='ocrx_word' id='word_1_395' title='bbox 250 2700 368 2744; x_wconf 81' lang='lat' dir='ltr'>poleos</span> <span class='ocrx_word' id='word_1_396' title='bbox 391 2698 543 2745; x_wconf 87' lang='lat' dir='ltr'>episcopi</span> <span class='ocrx_word' id='word_1_397' title='bbox 565 2705 763 2743; x_wconf 82' lang='lat' dir='ltr'>censerent,</span> <span class='ocrx_word' id='word_1_398' title='bbox 797 2701 899 2735; x_wconf 86' lang='lat' dir='ltr'>etiam</span> <span class='ocrx_word' id='word_1_399' title='bbox 921 2701 1030 2746; x_wconf 84' lang='lat' dir='ltr'>ipsum</span> <span class='ocrx_word' id='word_1_400' title='bbox 1053 2702 1200 2744; x_wconf 87' lang='lat' dir='ltr'>sentire,</span> <span class='ocrx_word' id='word_1_401' title='bbox 1235 2713 1276 2736; x_wconf 87' lang='lat' dir='ltr'>ac</span> <span class='ocrx_word' id='word_1_402' title='bbox 1306 2700 1392 2735; x_wconf 85' lang='lat' dir='ltr'>velle</span> <span class='ocrx_word' id='word_1_403' title='bbox 1422 2700 1534 2734; x_wconf 83' lang='lat' dir='ltr'>tribus</span> <span class='ocrx_word' id='word_1_404' title='bbox 1561 2699 1710 2743; x_wconf 83' lang='lat' dir='ltr'>ipsorum</span> 
     </span>
     <span class='ocr_line' id='line_1_43' title="bbox 253 2742 1710 2792; baseline 0.004 -14"><span class='ocrx_word' id='word_1_405' title='bbox 253 2745 426 2790; x_wconf 82' lang='lat' dir='ltr'>suffragiis</span> <span class='ocrx_word' id='word_1_406' title='bbox 450 2756 544 2780; x_wconf 88' lang='lat' dir='ltr'>suum</span> <span class='ocrx_word' id='word_1_407' title='bbox 569 2751 725 2791; x_wconf 85' lang='lat' dir='ltr'>quartum</span> <span class='ocrx_word' id='word_1_408' title='bbox 745 2747 846 2791; x_wconf 86' lang='lat' dir='ltr'>plane</span> <span class='ocrx_word' id='word_1_409' title='bbox 869 2748 1083 2782; x_wconf 88' lang='lat' dir='ltr'>consentiens</span> <span class='ocrx_word' id='word_1_410' title='bbox 1104 2748 1266 2792; x_wconf 85' lang='lat' dir='ltr'>adiungi)</span> <span class='ocrx_word' id='word_1_411' title='bbox 1291 2745 1463 2791; x_wconf 79' lang='lat' dir='ltr'>exceptis,</span> <span class='ocrx_word' id='word_1_412' title='bbox 1485 2745 1635 2790; x_wconf 72' lang='lat' dir='ltr'>inquam,</span> <span class='ocrx_word' id='word_1_413' title='bbox 1657 2742 1710 2776; x_wconf 66' lang='lat'>¹¹5⁸</span> 
     </span>
     <span class='ocr_line' id='line_1_44' title="bbox 253 2789 1711 2838; baseline -0.001 -15"><span class='ocrx_word' id='word_1_414' title='bbox 253 2802 338 2835; x_wconf 78' lang='lat' dir='ltr'>quos</span> <span class='ocrx_word' id='word_1_415' title='bbox 362 2791 459 2826; x_wconf 86' lang='lat' dir='ltr'>modo</span> <span class='ocrx_word' id='word_1_416' title='bbox 482 2791 674 2834; x_wconf 84' lang='lat' dir='ltr'>nominavi,</span> <span class='ocrx_word' id='word_1_417' title='bbox 709 2793 832 2837; x_wconf 73' lang='lat' dir='ltr'>reliqui</span> <span class='ocrx_word' id='word_1_418' title='bbox 855 2804 968 2827; x_wconf 89' lang='lat' dir='ltr'>omnes</span> <span class='ocrx_word' id='word_1_419' title='bbox 989 2800 1203 2838; x_wconf 82' lang='lat' dir='ltr'>praesentem</span> <span class='ocrx_word' id='word_1_420' title='bbox 1226 2791 1532 2827; x_wconf 82' lang='lat' dir='ltr'>exauctorationem</span> <span class='ocrx_word' id='word_1_421' title='bbox 1561 2789 1711 2835; x_wconf 81' lang='lat' dir='ltr'>patriar-</span> 
     </span>
     <span class='ocr_line' id='line_1_45' title="bbox 254 2837 1712 2884; baseline -0.001 -14"><span class='ocrx_word' id='word_1_422' title='bbox 254 2837 338 2871; x_wconf 80' lang='lat' dir='ltr'>chae</span> <span class='ocrx_word' id='word_1_423' title='bbox 361 2838 582 2873; x_wconf 85' lang='lat' dir='ltr'>concordibus</span> <span class='ocrx_word' id='word_1_424' title='bbox 605 2838 742 2875; x_wconf 85' lang='lat' dir='ltr'>calculis</span> <span class='ocrx_word' id='word_1_425' title='bbox 765 2839 1030 2881; x_wconf 51' lang='lat' dir='ltr'>decreverunts</span> <span class='ocrx_word' id='word_1_426' title='bbox 1044 2840 1103 2874; x_wconf 82' lang='lat' dir='ltr'>sed</span> <span class='ocrx_word' id='word_1_427' title='bbox 1136 2839 1254 2874; x_wconf 87' lang='lat' dir='ltr'>maiori</span> <span class='ocrx_word' id='word_1_428' title='bbox 1277 2850 1318 2873; x_wconf 89' lang='lat' dir='ltr'>ex</span> <span class='ocrx_word' id='word_1_429' title='bbox 1341 2841 1441 2884; x_wconf 82' lang='lat' dir='ltr'>parte</span> <span class='ocrx_word' id='word_1_430' title='bbox 1464 2837 1507 2871; x_wconf 91' lang='lat' dir='ltr'>ob</span> <span class='ocrx_word' id='word_1_431' title='bbox 1537 2841 1712 2871; x_wconf 83' lang='lat' dir='ltr'>contuma-</span> 
     </span>
    </p>
   </div>
  </div>
 </body>
</html>
