1884 3262
400 206 476 249 DE
509 205 786 249 MICHAELE
818 204 1194 249 PALAEOLOGO
1229 206 1275 247 L.
1307 204 1384 248 VI.
1540 202 1639 250 469

183 315 378 373 δυνάμεσι
405 319 587 374 πέμπειν.
659 320 725 361 καὶ
746 318 796 373 δὴ
815 317 1098 375 παραγεγονώς
1119 315 1205 372 ἅμα
1224 318 1416 375 δεσποίνῃ
1433 315 1548 360 τάκεῖ
1562 335 1639 360 κα-

180 390 335 441 θίστα,
374 387 476 443 ἔχων
508 387 618 444 ἀμφ’
655 387 782 430 αὐτὸν
811 387 887 430 σὺν
913 390 1080 436 πολλοῖς
1110 386 1250 436 ἄλλοις
1273 390 1484 442 μεγιστᾶσι
1503 383 1576 430 τόν
1595 403 1638 429 τε

179 456 306 512 με’γαν
338 456 575 510 ὃομέστικον
604 456 779 510 Μιχαὴλ
807 455 878 498 τὸν
912 451 1249 510 Ταρχανειώτην,
1287 453 1334 497 ὃν
1367 454 1419 509 δὴ
1449 456 1515 496 καὶ
1542 458 1637 497 Πα-

181 522 392 580 λαιολόγον
413 525 590 581 ἔγραφον
612 527 934 579 μητρωνυμικῶς
952 526 1018 566 καὶ
1037 524 1078 571 ἐς
1095 525 1468 578 πρωτοβεστιαρίου
1488 522 1638 578 ἀνῆγον
1661 533 1693 567 B

149 603 169 637 5
181 593 302 647 τιμὴν
336 590 576 649 Ιἐσύστερον,
610 594 677 635 καὶ
699 592 769 634 τὸν
787 589 1157 647 παρακοιμώμενον
1176 595 1250 644 τῆς
1267 589 1445 646 μεγάλης
1464 588 1640 647 σφενδό-

179 678 251 716 νης
271 659 532 717 Νοστόγγον,
569 662 635 703 καὶ
666 660 742 703 σῦν
774 659 913 709 αὐτοῖς
942 659 1005 702 ὅτι
1033 659 1248 708 πλείστους
1272 659 1322 701 τὰ
1344 663 1426 702 τῶν
1447 661 1639 701 δουλειῶν

179 727 485 780 διευθύνοντας.
553 727 574 772 ὃ
604 730 648 771 δὲ
676 728 867 783 βασιλεὺς
891 724 1146 783 Ἀνδρόνικος
1175 727 1221 769 τὸ
1254 727 1367 784 παρὰ
1389 728 1638 782 Μαίανδρον

179 796 432 854 διερχόμενος
455 796 533 841 εἶδε
555 799 621 840 καὶ
643 795 760 840 πόλιν
786 798 978 853 μεγίστην
1005 796 1080 845 τὰς
1104 793 1326 854 Τράλλεις,
1363 797 1429 837 καὶ
1454 795 1505 851 δὴ
1530 793 1638 838 ἑάλω

179 883 222 909 τε
254 873 343 916 ταῖς
371 871 445 909 τοῦ
474 864 602 908 τόπου
626 863 791 921 χάρισι,
828 866 900 907 καί
924 865 963 907 οἶ
993 863 1185 920 λογισμὸς
1206 862 1317 920 ἐπῄει
1339 863 1548 920 ἀνεγείρειν
1565 880 1639 907 πε-

127 946 169 979 10
180 939 337 977 σοῦσαν
370 936 436 977 καὶ
467 934 563 983 τοὺς
592 931 845 991 ἓξῳκηκότας
873 935 1027 975 ἐκεῖθεν
1047 932 1123 975 σῦν
1142 931 1282 982 ἄλλοις
1309 933 1511 982 πλείστοις
1534 933 1635 975 οῗκί-
1660 937 1690 971 C

180 1005 257 1055 ζειν
267 1022 286 1055 ,·
317 1005 383 1045 καὶ
399 999 638 1058 καταστᾶσῃ
660 1001 844 1055 παρέχειν
863 1001 909 1043 τὸ
929 1002 971 1051 ἐξ
991 1000 1122 1043 αὖτόὗ
1143 998 1301 1054 ὅνομα,’
1333 998 1389 1049 ὥς
1415 1000 1473 1055 μὴ
1499 998 1640 1056 Τράλ-

179 1076 258 1120 λεις
297 1072 484 1114 ἐντεῦθεν
524 1069 619 1112 ἀλλ’
643 1067 992 1125 Ἀνδρονικόπολιν
1034 1068 1112 1111 εἴτ’
1146 1063 1219 1111 οὖν
1253 1066 1639 1125 Παλαιολογόπολιν

178 1137 467 1193 ὀνομάζεσθαι.
539 1137 723 1191 σπουδὴν
748 1142 847 1194 γοῦν
875 1137 950 1192 τὴν
980 1138 1171 1193 μεγίστην
1203 1138 1291 1192 περὶ
1319 1137 1469 1192 ἐκείνην
1489 1138 1633 1192 εῗσῆγε,

177 1208 244 1250 καὶ
266 1207 337 1250 τὸν
356 1207 482 1263 μέγαν
504 1206 741 1261 δομέστικον
762 1204 983 1261 ἐπιστήσας
1002 1205 1281 1259 ἀνοικοδομεῖν
1299 1205 1448 1248 ἐκέλευε
1467 1204 1541 1260 τὴν
1560 1222 1637 1248 τα-

123 1287 165 1322 15
175 1277 334 1331 χίστην,
404 1274 458 1325 ὥς
479 1280 576 1331 γοῦν
598 1274 715 1330 ἕργου
737 1273 915 1328 ἥπτοντο
937 1275 1004 1316 καὶ
1028 1271 1284 1330 προύκοπτον
1318 1273 1637 1326 ἀνοικοδομοῦν-

176 1361 264 1397 τες,
301 1344 375 1399 τὴν
404 1346 459 1393 εἷς
485 1343 532 1385 τὸ
563 1349 698 1385 πονεῖν
728 1343 968 1397 προθυμίαν
999 1343 1066 1384 καὶ
1094 1346 1252 1395 μᾶλλον
1275 1339 1433 1396 ε’πηύξει
1450 1341 1638 1398 χρησμὸς

175 1411 356 1469 εὑρεθεὶς
381 1414 504 1454 ἐκεῖσε
531 1410 844 1467 ἐγγεγραμμένος
874 1408 1083 1468 μαρμάρῳ
1105 1408 1159 1459 ὥς
1180 1412 1309 1465 δῆθεν
1331 1407 1634 1465 ἀναστήσοντός
1655 1420 1687 1454 D

176 1498 285 1530 τινος
307 1478 461 1534 ταύτην
485 1484 690 1522 πεσοῦσαν
713 1480 779 1521 καὶ
798 1479 900 1533 πρὸς
916 1479 963 1521 τὸ
983 1485 1164 1535 κρεῖττον
1195 1476 1221 1533 ἢ
1257 1475 1455 1534 πρότερον
1483 1475 1636 1520 ἐπανά-

176 1552 330 1600 ξοντος.
402 1548 448 1598 ὃς
468 1547 518 1604 δὴ
539 1549 605 1591 καὶ
623 1546 886 1606 παρεμφερής
909 1545 1019 1608 εἰρκει
1039 1545 1140 1604 πρός
1161 1563 1204 1590 τε
1221 1546 1274 1590 τὰ
1291 1543 1552 1603 πραττόμενα
1569 1547 1636 1589 καὶ

266 1705 301 1739 9.
321 1704 392 1739 τοῦ
414 1701 546 1739 deerat.

174 1840 261 1875 tales
281 1839 473 1886 provincias
495 1842 604 1874 erant.
647 1839 677 1874 is
707 1839 814 1884 igitur
837 1850 877 1874 eo
901 1850 975 1873 cum
999 1838 1153 1884 Augusta
1176 1839 1350 1884 profectus
1370 1837 1484 1883 lapsas
1506 1835 1555 1871 ibi
1577 1847 1634 1871 res

175 1887 368 1928 constituit,
391 1887 518 1920 habens
541 1886 633 1920 circa
656 1897 695 1920 se
717 1897 792 1919 cum
816 1885 927 1919 multis
949 1885 1025 1920 aliis
1050 1897 1225 1930 procerum
1245 1895 1399 1929 magnum
1417 1882 1633 1918 domesticum

176 1933 379 1967 Michaelem
409 1932 693 1974 Tarchaniotam,
729 1943 827 1977 quem
861 1933 897 1965 in
933 1931 1169 1976 Palaeologam
1191 1930 1431 1975 transcriptum
1453 1933 1588 1974 gentem
1612 1940 1634 1963 a

174 1983 283 2013 matre
319 1978 577 2012 denominabant
611 1982 648 2012 et
682 1977 716 2011 in
754 1977 1007 2031 protovestiarii
1044 1976 1243 2022 dignitatem
1281 1981 1401 2021 postea
1436 1978 1634 2009 evexerunt.

174 2025 295 2058 aderat
317 2029 497 2068 praeterea
520 2028 634 2058 custos
658 2034 771 2067 magni
794 2022 898 2067 sigilli
919 2022 1141 2067 Nostongus,
1179 2027 1215 2056 et
1245 2033 1319 2056 cum
1350 2021 1433 2066 ipsis
1455 2019 1635 2074 quamplu-

172 2070 246 2103 rimi
269 2070 368 2103 aulae
391 2069 583 2104 ministeriis
606 2071 796 2114 fungentes.
843 2080 945 2114 porro
968 2069 1154 2113 imperator
1171 2068 1383 2102 Andronicus
1405 2076 1564 2110 regiones
1587 2063 1633 2098 ad

173 2115 395 2150 Maeandrum
417 2115 564 2149 lustrans
589 2115 674 2149 vidit
697 2115 867 2148 civitatem
890 2114 966 2148 olim
990 2115 1185 2155 maximam,
1207 2119 1289 2148 tunc
1312 2122 1464 2146 eversam
1482 2110 1633 2152 Tralles,

174 2166 212 2194 et
241 2160 308 2194 loci
341 2161 594 2205 opportunitate
628 2164 795 2205 grataque
825 2160 1028 2194 amoenitate
1060 2165 1181 2204 captus
1213 2157 1449 2202 cogitationem
1481 2155 1633 2200 suscepit

174 2205 247 2239 eius
280 2207 524 2240 restaurandae
552 2207 888 2252 frequentandaeque
916 2205 1118 2240 reducendis
1148 2202 1354 2250 postliminio
1389 2203 1449 2247 qui
1486 2200 1632 2247 reperiri

172 2251 304 2296 uspiam
327 2255 466 2295 possent
486 2252 609 2286 dudum
633 2252 864 2286 exterminatis
888 2252 986 2285 huius
1008 2252 1154 2292 civibus,
1183 2253 1218 2284 et
1241 2249 1316 2283 aliis
1339 2249 1563 2293 undecunque
1585 2246 1631 2281 ad

172 2297 297 2330 iustum
322 2297 414 2330 urbis
437 2308 578 2340 magnae
600 2298 828 2343 complendum
851 2308 1024 2331 numerum
1042 2296 1217 2331 addendis.
1263 2293 1419 2328 decrevit
1442 2298 1555 2328 autem
1577 2292 1630 2326 sic

173 2341 354 2376 restitutae
378 2341 506 2376 civitati
529 2355 646 2376 nomen
670 2355 690 2377 a
714 2354 752 2377 se
776 2354 896 2376 novum
918 2343 1059 2386 indere,
1079 2345 1118 2375 ut
1141 2352 1207 2374 non
1229 2340 1363 2374 Tralles
1386 2339 1545 2384 deinceps
1569 2337 1629 2372 sed

172 2387 450 2431 Andronicopolis
475 2391 534 2421 aut
555 2388 846 2433 Palaeologopolis
868 2393 1058 2422 vocaretur.
1105 2387 1216 2421 studio
1238 2385 1343 2430 igitur
1365 2396 1463 2430 quam
1487 2383 1629 2418 maximo

172 2433 263 2467 in-id
287 2433 457 2474 incubuit,
480 2434 676 2478 praeposito
697 2434 757 2468 isti
779 2434 874 2479 operi
895 2445 1015 2477 magno
1038 2432 1221 2467 domestico
1234 2458 1245 2474 ,
1278 2431 1335 2477 qui
1357 2431 1500 2476 impigre
1522 2429 1630 2464 fabri-

172 2490 245 2513 cam
269 2479 410 2512 adorsus
435 2479 545 2512 moliri
565 2485 659 2513 tecta
681 2491 722 2513 ac
743 2490 855 2514 muros
878 2480 1002 2524 coepit.
1049 2478 1253 2513 commodum
1284 2482 1416 2518 autem,
1453 2476 1540 2510 mole
1562 2476 1629 2509 iam

172 2523 318 2559 aedificii
347 2529 542 2566 crescente,
580 2525 790 2559 alacritatem
822 2525 1028 2570 perducendi
1056 2525 1099 2565 ad
1130 2524 1345 2569 colophonem
1375 2522 1488 2568 coepti
1510 2521 1628 2556 miram

172 2570 291 2615 iniecit
312 2570 402 2603 forte
424 2570 598 2616 inventum
619 2570 709 2604 inter
731 2571 855 2604 rudera
877 2570 1066 2614 oraculum,
1097 2569 1298 2614 insculptum
1321 2568 1499 2610 marmori,
1522 2565 1628 2601 literis

173 2616 296 2660 quibus
329 2615 583 2657 significabatur
607 2616 790 2650 extiturum
812 2617 988 2661 quemdam
1018 2615 1076 2661 qui
1099 2617 1215 2649 urbem
1235 2627 1308 2649 eam
1333 2619 1538 2659 prostratam
1561 2613 1627 2646 ite-

171 2673 245 2695 rum
275 2661 448 2696 attolleret
480 2666 515 2695 et
544 2662 580 2695 in
612 2662 781 2695 meliorem
811 2673 910 2707 quam
942 2661 1035 2707 prius
1064 2663 1220 2696 fortunae
1241 2673 1282 2695 ac
1305 2659 1481 2695 felicitatis
1500 2661 1626 2692 statum

174 2706 352 2742 excitaret.
398 2707 440 2742 iis
464 2712 576 2742 autem
598 2707 705 2752 siguis
726 2708 987 2741 adumbrabatur
1018 2708 1085 2742 iste
1106 2718 1211 2750 noyus
1232 2707 1438 2741 instaurator
1460 2703 1627 2738 Tranium

175 2764 389 2795 eversarum,
405 2756 510 2798 ‘quae
532 2754 704 2787 commode
725 2753 758 2787 in
783 2753 1008 2788 Andronicum
1031 2753 1154 2788 cadere
1174 2753 1391 2793 viderentur,
1413 2753 1451 2784 ut
1474 2761 1539 2783 nou
1562 2760 1627 2794 pu-

175 2801 308 2832 taretur
329 2798 466 2833 dubium
489 2799 570 2845 quin
593 2800 678 2833 haec
697 2799 774 2844 ipsa
795 2811 884 2844 quae
906 2805 987 2834 tunc
1007 2800 1214 2844 gerebantur
1235 2808 1335 2832 verus
1357 2800 1498 2831 eventus
1527 2794 1625 2828 istius

175 2847 291 2878 essent
311 2844 482 2889 vaticinii,
513 2846 666 2891 adeoque
689 2845 748 2891 qui
769 2845 890 2880 aderat
909 2846 1088 2893 princeps,
1121 2845 1180 2880 ille
1202 2846 1303 2891 plane
1323 2843 1399 2888 ipse
1418 2843 1513 2877 foret
1531 2840 1626 2875 cuius
