1884 3262
442 194 516 236 DE
551 192 826 235 MICHAELE
853 189 1224 235 PALAEOLOGO
1260 191 1307 233 L.
1333 191 1388 233 V.
1537 186 1636 234 409

188 307 327 362 καιρὸν
358 307 541 361 ἐντυχίας
570 306 698 358 ἴδιον,
733 309 830 359 μιᾶς
850 303 1005 360 ἡμέρας
1024 305 1079 354 εἷς
1098 308 1221 347 τοῦτο
1243 307 1326 346 τῶν
1348 300 1452 345 ἔπτὰ
1471 301 1636 357 ἔκλεγεί-

186 392 275 429 σης.
346 377 412 417 καὶ
435 377 639 430 ἐκλεγῆναι
658 374 732 428 τὴν
753 375 916 430 τρίτην,
953 371 1008 422 ὥς
1034 371 1132 415 εἶναι
1153 371 1282 427 μόνην
1300 369 1452 426 ταύτην
1474 375 1546 425 τῆς
1564 368 1636 423 ἕβ-

189 441 369 497 δομάδος
394 442 556 496 ἁπάσης
578 443 719 499 καιρὸν
748 443 931 496 ἐντυχίας
959 439 1061 497 ὗπέρ
1086 437 1317 496 ἀνθρώπων
1340 444 1413 482 τοῦ
1437 435 1639 493 πατριάρ-

183 529 261 566 χου
292 511 393 567 πρὸς
422 512 592 565 βασιλέα
603 544 616 564 ,
655 513 867 565 ταχθῆναί
887 527 930 552 τε
952 511 1019 551 καὶ
1042 509 1322 565 γραμματικὸν
1344 509 1446 550 ἴδιον
1469 507 1539 550 τὸν
1560 505 1639 552 Ξι-

153 584 344 636 ὅφιλῖνον
366 581 540 634 Μιχαὴλ
571 578 639 635 ἐφ’
673 573 705 637 ᾧ
735 578 809 627 τὰς
837 576 969 627 λύσεις
994 582 1077 619 τῶν
1103 577 1323 632 ἇναφορῶν
1344 573 1636 629 ἀναδεχόμενον
1658 584 1691 618 D

183 646 364 704 γράφειν.
435 647 567 697 οὕτως
589 643 639 702 ἦν
665 646 690 701 ἡ
717 648 833 703 τρίτη
859 645 1122 703 ἀφωρισμένη
1143 649 1230 702 θεῷ
1253 645 1387 694 ἐλέους
1414 646 1480 685 καὶ
1503 661 1639 699 παρα-

185 714 375 771 κλήσεως.
428 715 483 766 ὥς
505 715 553 758 ἂν
570 717 614 758 δὲ
631 716 688 770 μὴ
711 715 925 771 ἀφαιροῖτο
945 712 970 769 ἦ
989 712 1121 768 ἡμέρα
1141 717 1216 756 τοῦ
1236 715 1474 769 προνομίου,
1513 711 1638 765 ἀσχο-

185 785 385 839 ληθέντος
408 784 474 827 ἐπ’
498 784 634 834 ἄλλοις
657 783 748 826 κατ’
773 782 949 839 ἀνάγκην
970 786 1043 825 τοῦ
1065 782 1263 834 ἄνακτος,
1300 779 1425 830 τόπος
1453 779 1640 822 ἀναπαύ-

185 869 287 902 σεως
320 859 406 901 τοῖς
435 854 523 908 περὶ
558 853 628 895 τὸν
661 850 915 908 πατριάρχην
937 849 962 906 ἦ
988 855 1060 905 τῆς
1081 848 1217 905 χώρας
1237 848 1393 903 ἐτάχθη
1420 846 1551 903 μονή,
1586 849 1640 897 εἷς

132 931 175 964 10
185 920 233 976 ἢν
251 923 318 963 καὶ
338 919 605 977 ὑποστρέφων
625 922 748 962 ἐνίοτε
759 953 772 971 ,
809 919 858 973 ἤν
880 938 916 962 τι
942 922 1152 975 πρωΐαθεν
1168 919 1226 972 μὴ
1246 917 1424 960 ἀνύσειεν
1446 919 1487 966 ἐξ
1510 916 1634 971 ἇναγ-
1658 925 1689 959 Ε

183 991 302 1039 καίας
333 989 527 1044 ἀσχολίας
560 985 872 1042 ε’πεισπεσοῦσης
899 992 957 1044 τῷ
984 991 1165 1040 βασιλεῖ,
1202 984 1227 1040 ἦ
1257 988 1365 1040 δείλη
1395 985 1497 1038 ὀψία
1522 986 1640 1039 μέχρι

184 1059 250 1100 καὶ
267 1059 307 1106 ἐς
330 1056 408 1110 ὀψὲ
426 1061 507 1099 τῶν
527 1061 683 1098 νυκτῶν
704 1054 932 1111 ἀνεπλήρου
953 1055 999 1097 τὸ
1019 1055 1246 1110 ἐλλειφθέν.
1294 1056 1360 1095 καὶ
1382 1056 1542 1095 πολλῶν
1561 1070 1638 1094 κα-

183 1129 266 1168 λῶν
293 1126 337 1167 ἐκ
368 1129 441 1180 τῆς
468 1127 555 1180 περὶ
584 1129 716 1166 ταῦτα
743 1129 815 1167 τοῦ
846 1122 1098 1178 πατριάρχου
1125 1125 1308 1176 σπουδῆς
1329 1119 1542 1164 ἀπώναντο
1564 1119 1638 1163 ἅν-

182 1198 359 1249 θρωποι.
428 1193 532 1235 ἀλλὰ
562 1198 693 1235 ταῦτα
724 1194 798 1247 μὲν
833 1194 872 1241 ἒς
904 1197 1122 1244 τοσοῦτον,
1162 1191 1187 1234 ἃ
1212 1192 1262 1245 δὴ
1282 1192 1347 1233 καὶ
1366 1189 1472 1233 καθ’
1501 1188 1639 1246 εἱρμὸν

131 1268 171 1303 15
184 1261 428 1317 προσλαβών
449 1259 471 1304 ὅ
491 1259 609 1317 λόγος
627 1260 870 1316 ὑπέμνησεν.

321 1330 399 1375 26.
463 1328 510 1372 ‘0
538 1330 676 1384 μέντοι
697 1346 737 1385 γε
758 1328 949 1382 βασιλεὺς
969 1327 1155 1383 πρέσβεις
1178 1326 1413 1380 εὐτρεπίσας
1436 1325 1637 1368 ἀποστέλ-
1659 1334 1689 1368 P
1714 1334 1780 1370 278

185 1403 242 1440 λει
271 1398 374 1451 πρὸς
405 1395 569 1449 mium,
609 1396 695 1451 ἅμα
723 1398 796 1451 μὲν
825 1395 1088 1452 δηλώσοντας
1114 1395 1186 1437 τὸν
1213 1398 1287 1448 τῆς
1304 1392 1487 1450 πράξεως
1509 1395 1639 1436 ἔπιτε-

184 1464 353 1519 λεσμόν,
394 1464 481 1519 ἅμα
509 1467 554 1508 δὲ
581 1467 647 1509 καὶ
678 1465 730 1508 τὰ
760 1465 863 1507 κατὰ
897 1465 967 1507 τὸν
996 1462 1214 1520 Κάρουλον
1243 1465 1573 1517 μαθησειόντας,
1606 1464 1642 1505 εἲ

185 1538 402 1591 καθυφῆκε
420 1538 495 1589 τῆς
517 1532 647 1592 ὁρμῆς
673 1534 822 1590 ἐκείνης
842 1535 909 1576 καὶ
934 1533 1037 1591 πρὸς
1057 1532 1103 1575 τὸ
1125 1530 1407 1589 ταπεινότερον
1423 1529 1637 1586 ὖπεκλίθη.

274 1689 308 1723 9.
331 1689 430 1734 τοῖς]
455 1689 521 1735 τῆς
542 1689 582 1723 Ρ.

183 1825 277 1859 sibus
310 1824 423 1867 diem,
461 1837 559 1861 uuam
594 1838 614 1861 e
648 1829 776 1872 septem
799 1824 914 1860 orbem
936 1824 1229 1859 hebdomadarium
1253 1823 1498 1868 conflantibus,
1538 1827 1637 1859 extra

182 1881 283 1916 quam
314 1871 358 1905 ab
385 1870 549 1907 audiendo
572 1873 782 1918 patriarcha,
821 1871 1005 1917 patrocinio
1033 1882 1166 1906 reorum
1188 1875 1250 1906 aut
1271 1871 1441 1915 egentium
1463 1871 1638 1915 fungente,

181 1915 317 1950 vacatio
349 1917 491 1963 principi
525 1924 620 1953 certa
652 1921 833 1953 constaret.
880 1918 1001 1952 idonea
1031 1918 1072 1952 ad
1097 1917 1131 1951 id
1154 1918 1227 1951 visa
1253 1918 1340 1950 seria
1364 1917 1467 1951 tertia
1490 1917 1639 1962 patriar-

183 1962 268 1996 chae
300 1962 491 1997 admissioni
521 1965 609 1999 tales
638 1976 757 1999 causas
785 1964 895 1998 acturi
926 1963 1102 2007 adsignata
1125 1962 1263 2008 propria
1287 1968 1358 2003 est3
1398 1963 1638 2008 ordinatusque

182 2008 336 2042 notarius
359 2008 392 2042 in
415 2009 448 2043 id
472 2010 576 2044 officii
600 2011 755 2056 proprius
774 2010 964 2054 xiphilinus
987 2010 1154 2051 michael,
1192 2009 1251 2054 qui
1282 2013 1318 2042 et
1345 2020 1466 2042 causas
1489 2009 1551 2042 tali
1574 2020 1637 2042 au-

182 2053 308 2087 dientia
335 2056 462 2089 relatas
495 2060 531 2090 et
563 2068 724 2101 responsa
756 2056 969 2100 imperatoris
991 2056 1034 2089 ad
1057 2055 1207 2099 singulas
1228 2055 1264 2088 in
1287 2054 1555 2088 commentarium
1578 2065 1636 2087 re-

182 2100 300 2133 ferret.
346 2100 396 2134 sic
428 2101 491 2135 deo
527 2107 563 2136 et
594 2102 723 2136 solatiis
754 2101 957 2136 afflictorum
981 2106 1176 2135 consecrata
1197 2100 1271 2134 dies
1294 2099 1508 2133 hebdomadis
1532 2098 1636 2132 tertia

183 2149 248 2178 est.
290 2156 335 2178 ne
364 2157 445 2180 vero
474 2146 648 2182 interverti
677 2148 756 2182 talis
776 2147 811 2181 in
833 2147 866 2181 id
889 2147 1050 2192 temporis
1073 2157 1227 2188 usuram,
1265 2145 1521 2189 superveniente
1542 2145 1634 2178 forte

183 2189 328 2235 principi
351 2191 416 2225 alio
438 2193 628 2227 necessario
650 2194 805 2238 negotio,
838 2204 982 2238 unquam
1005 2193 1235 2236 contingeret,
1259 2191 1479 2224 diversorium
1502 2190 1538 2223 in
1557 2200 1635 2224 eam

184 2234 272 2268 diem
295 2236 508 2280 patriarchae
529 2240 699 2283 provisum
722 2243 776 2272 est
797 2238 833 2272 in
855 2239 1056 2272 monasterio
1079 2237 1239 2278 viciniae3
1268 2236 1303 2270 in
1327 2236 1416 2281 quod
1440 2236 1469 2270 is
1492 2235 1634 2270 subinde

183 2280 366 2322 recedens,
398 2281 429 2315 si
461 2294 528 2327 qua
555 2284 739 2318 inevitabili
768 2284 964 2318 avocatione
996 2283 1206 2328 imperatoris
1237 2287 1453 2316 averteretur
1475 2280 1633 2323 attentio,

182 2325 368 2360 immineret
403 2339 423 2361 e
455 2329 641 2374 propinquo
664 2329 700 2363 in
723 2329 931 2363 occasionem
955 2329 1172 2364 resumendae
1195 2331 1385 2374 opportune
1407 2326 1634 2368 tractationis,

182 2371 230 2405 ita
253 2375 291 2404 ut
314 2372 403 2416 quod
425 2384 520 2407 mane
543 2374 662 2419 perfici
683 2387 748 2409 non
779 2375 946 2421 potuisset
972 2376 1203 2409 absolveretur
1238 2373 1391 2418 vesperi,
1429 2378 1633 2406 excurrente

181 2428 416 2462 nonnunquam
439 2418 474 2452 in
497 2419 624 2464 aliquot
646 2420 842 2454 commissae
864 2420 930 2454 iam
954 2420 1063 2454 noctis
1093 2421 1193 2454 horas
1217 2423 1253 2453 et
1275 2418 1435 2454 antistitis
1458 2418 1634 2463 diligentia

182 2467 220 2496 et
241 2463 406 2508 patientia
425 2463 650 2509 imperatoris.
693 2477 758 2499 non
782 2466 882 2500 facile
904 2465 1041 2499 dixerim
1064 2477 1164 2511 quam
1185 2467 1290 2499 multa
1308 2465 1479 2499 commoda
1501 2475 1544 2498 ex
1567 2465 1632 2498 hoc

180 2511 252 2542 tam
283 2509 417 2543 assiduo
447 2510 678 2556 benevoleque
707 2511 920 2555 patriarchae
952 2511 1061 2545 studio
1091 2511 1124 2544 in
1155 2511 1304 2545 homines
1337 2511 1458 2544 solatio
1491 2514 1633 2555 egentes

180 2555 369 2589 redundare
392 2555 581 2600 contigerit.
628 2556 687 2590 sed
711 2557 754 2589 de
775 2556 829 2590 his
853 2557 1034 2600 hactenus,
1065 2568 1153 2602 quae
1174 2557 1279 2591 variis
1298 2560 1474 2590 transacta
1500 2562 1634 2599 tempo-

180 2598 275 2678 rilbus
297 2611 395 2634 unam
418 2600 454 2635 in
477 2602 619 2644 seriem,
641 2601 770 2636 ordinis
793 2606 828 2636 et
850 2603 1027 2636 memoriae
1048 2602 1261 2648 compendio,
1283 2602 1391 2637 oratio
1408 2606 1524 2636 nostra
1540 2611 1631 2635 com—

218 2657 282 2679 exa
305 2650 369 2680 est.

181 2655 204 2690 p
272 2692 328 2728 26.
375 2691 555 2727 Caeterum
586 2693 772 2738 imperator
801 2692 976 2737 expeditos
1007 2691 1254 2739 instructosque
1283 2693 1415 2737 legatos
1448 2690 1554 2725 mittit
1586 2690 1631 2726 ad

182 2746 324 2780 papatu,
361 2737 458 2771 simul
479 2738 729 2783 significaturos
751 2743 980 2784 perpetratum
1002 2738 1069 2772 iam
1090 2739 1260 2784 negotium
1283 2744 1319 2772 et
1341 2735 1529 2771 executioni
1550 2747 1631 2770 con-

182 2785 287 2815 veuta
315 2783 495 2828 mandata,
530 2784 626 2818 simul
658 2785 742 2818 clam
775 2784 1004 2818 sciscitaturos
1033 2785 1113 2830 quid
1141 2796 1253 2819 rerum
1277 2783 1450 2818 moliretur
1474 2782 1629 2824 Carolus,

182 2830 218 2859 et
239 2827 361 2872 ecquid
381 2829 491 2865 adhuc
513 2829 702 2865 demisisset
727 2829 893 2872 animum,
920 2831 992 2864 tero
1014 2829 1072 2864 ino
1093 2842 1160 2876 quo
1183 2830 1218 2865 in
1241 2831 1394 2864 Graecos
1417 2831 1518 2863 antea
1541 2827 1628 2862 inci-
