1846 3262
471 167 547 212 DE
578 167 857 212 MICHAELE
887 169 1264 215 PALAEOLOGO
1292 172 1340 215 L.
1369 171 1403 215 Ι.
1597 174 1659 219 71

184 279 256 324 τόν
274 276 500 335 ἐλεήσαντα
520 285 604 324 τῶν
625 281 851 338 λεγομένων
873 280 991 339 ἔφερε
1009 279 1206 341 μάρτυρα
1231 282 1336 340 πρὸς
1362 284 1434 329 τὸν
1453 283 1659 344 πατριάρ-

179 367 258 405 χην
284 349 495 405 Μανουὴλ
523 351 649 406 λέγων
677 349 735 401 ὥς
762 350 882 395 οὐδὲν
912 348 1152 408 ἐξήντληται
1183 357 1267 396 τῶν
1285 358 1456 407 κοινῶν,
1493 353 1588 397 ἀλλ’
1612 356 1657 399 ἐκ

181 420 443 473 προμηθείας
460 416 654 474 κτήσαιτο
677 423 809 463 ταῦτα
836 421 905 463 καὶ
931 420 1105 476 μελέτης
1122 422 1231 471 ῗδίας
1242 454 1256 474 ,
1295 424 1340 473 ἐξ
1362 416 1420 466 ὧν
1438 429 1655 479 γεωπονῶν

181 487 257 530 οὐκ
285 487 386 530 ἀνίει
412 487 473 530 δι’
505 486 732 543 εἷδημόνων
761 487 923 546 ἀνδρῶν
933 522 947 542 ,
994 488 1055 531 ἔτι
1080 490 1126 532 δέ
1156 491 1224 533 καὶ
1256 494 1341 534 τῶν
1372 492 1414 533 ἐν
1436 491 1578 544 αὗτοῒς
1599 493 1652 549 δὴ

147 563 169 599 5
181 563 267 605 τοῖς
284 553 462 611 κτήμασι
484 555 740 614 θρεμμάτων
759 555 971 615 διαφόρων
989 555 1288 613 ἐπιμελόμενος.
1351 559 1483 612 οὕτως
1501 556 1552 618 ἦν
1572 561 1652 605 αὖ-

176 632 263 675 τοῖς
282 625 328 668 τὸ
346 626 563 684 θεοφιλές,
597 628 665 669 καὶ
684 624 793 669 οὕτω
809 627 856 670 τό
873 625 1183 684 φιλορρώμαιον
1201 626 1392 684 ἔγνωστο.

316 695 395 740 25.
465 692 576 739 ’Τότε
607 696 654 738 δὲ
679 699 835 739 πολλοῦ
866 696 981 746 τινός
1006 696 1049 739 ἐν
1064 696 1293 757 Μαγνησίᾳ
1314 698 1645 756 τεθησαυρισμὲ-
1667 704 1700 739 D

174 781 248 806 νου
273 761 519 819 χρήματος,
562 763 638 808 οὗκ
668 764 759 825 ἐξρν
793 758 842 819 ἦν
872 769 932 824 τῷ
965 763 1131 824 μεγάλῳ
1155 766 1276 809 δουκί
1289 782 1332 809 τε
1352 768 1421 809 καὶ
1440 765 1647 827 ἐπιτρόπῳ

173 832 309 892 ῥᾷστα
337 829 560 886 λαμβάνειν
588 834 656 876 καὶ
681 840 870 891 χορηγεῖν
893 833 998 878 ὅπου
1020 829 1072 891 ἦν
1090 833 1331 894 βουλομένῳ
1365 836 1427 878 οἱ·
1456 834 1646 892 ἐφειστή-

118 912 162 945 10
171 918 228 943 κει
247 901 328 957 γὰρ
347 901 394 944 τὸ
414 901 614 945 Κελτικὸν
647 904 714 945 καὶ
745 901 1021 961 πελεκυφόρον
1032 935 1046 956 ,
1090 903 1235 960 ἐφέξον
1254 901 1305 959 ἤν
1326 921 1389 954 τις
1409 905 1644 962 ἐπιχειροίη,

169 971 236 1012 καὶ
266 970 430 1027 φυλακὴ
464 965 512 1025 ἦν
545 978 632 1022 τοῖς
661 973 857 1026 ταμιείοις
866 1005 881 1026 ,
930 970 987 1023 ὥς
1013 977 1206 1028 γνωστῶς
1235 974 1434 1016 δίδοσθαι
1466 972 1569 1016 ὅπου
1592 974 1639 1017 τὸ
1663 979 1691 1014 Ρ
1715 980 1761 1016 42

167 1038 390 1094 ἀναγκαῖον
424 1043 500 1095 τῆς
524 1041 666 1097 χρείας
691 1039 847 1098 ἀπῄτει.
920 1043 1103 1085 ἐδίδοντο
1134 1042 1180 1085 δέ
1209 1039 1407 1092 πολλάκις
1441 1042 1515 1087 καί
1536 1059 1643 1086 τισιν

165 1105 455 1157 ἐπιτάττοντος
488 1107 692 1166 προφάσει
725 1111 869 1167 χρείας
905 1110 980 1154 οὐκ
1018 1109 1158 1167 οὔσης.
1242 1110 1468 1154 κάντεῦθεν
1509 1110 1641 1167 ἀρχὰς

164 1174 300 1234 ἐαυτῷ
333 1176 538 1230 εὐμενείας
564 1176 981 1235 προυκαταβάλλετο,
1027 1177 1090 1229 οἷς
1121 1178 1198 1222 οὐκ
1230 1175 1279 1235 ἦν
1308 1184 1385 1235 τῆς
1412 1179 1640 1236 εὐεργεσίας

109 1252 152 1287 15
165 1245 444 1301 ἐπιλελῆσθαι.
513 1249 580 1290 καὶ
602 1248 768 1298 δικαίως
786 1247 836 1291 ἂν
856 1246 1224 1306 ἀπολογησόμενος,
1261 1250 1297 1292 εἶ
1314 1247 1375 1305 μή
1394 1266 1472 1291 τινι
1491 1256 1637 1307 παρεῖ-

156 1332 231 1369 χεν
259 1314 387 1365 αὐτὸς
416 1314 484 1358 διὰ
514 1315 590 1371 τὴν
615 1315 788 1361 ἐνοῦσαν
808 1319 977 1371 πενίαν,
1016 1317 1130 1372 ὅμως
1149 1317 1344 1375 ἀφορμὰς
1364 1317 1502 1361 ἐδίδου
1525 1322 1635 1373 λαμ-

157 1381 298 1437 βάνειν
316 1381 457 1437 τινάς,
494 1384 553 1427 οὗ·
565 1389 726 1440 μᾶλλον
744 1386 849 1429 κατὰ
870 1388 1106 1444 φιλοτιμίαν
1134 1385 1159 1442 ἢ
1194 1386 1300 1429 κατὰ
1330 1382 1529 1444 πρόνοιαν
1549 1391 1634 1430 τῶν

156 1450 413 1507 μελλόντων,
447 1451 503 1503 ὥς
519 1453 657 1505 ἔδειξε.
723 1455 798 1510 τὴν
827 1457 853 1498 δ
861 1454 872 1471 ’
912 1456 1063 1499 ἐκείνου
1093 1456 1234 1498 πενίαν
1262 1453 1445 1505 εἷπόντος
1477 1455 1628 1499 ἐκείνου
1652 1458 1679 1492 Β

157 1523 257 1564 ποτὲ
275 1522 420 1579 παρών
441 1524 509 1565 καὶ
526 1521 709 1574 ἀκούσας
736 1522 757 1567 ὃ
779 1521 950 1582 γράφων
971 1527 1007 1568 εἶ
1020 1525 1279 1582 μαρτυροίη,
1314 1522 1499 1580 ψεύδους
1519 1522 1631 1568 ἁλῶ-

100 1599 148 1634 20
158 1608 225 1634 ναι
245 1590 294 1634 οὗ
314 1591 516 1646 δέδοικεν,
554 1592 636 1636 ἐπεὶ
656 1592 826 1654 κάκείνῳ
848 1595 905 1645 εἷς
922 1591 1114 1650 καύχημα
1135 1591 1259 1649 δόξης
1279 1587 1330 1649 ἦν
1350 1591 1376 1648 ἧ
1398 1594 1516 1637 πενία
1535 1590 1628 1637 τότε

153 1723 230 1746 cum
253 1710 424 1746 aerarium
450 1712 673 1756 exhaustum,
702 1713 794 1749 illum
816 1713 930 1760 ipsum
955 1712 1052 1749 cuius
1084 1713 1198 1760 gratia
1223 1717 1364 1749 sanatus
1385 1714 1502 1748 fuerat
1524 1712 1624 1748 deum

149 1762 275 1792 testem
298 1758 474 1803 allegavit,
510 1761 730 1806 patriarchae
760 1761 915 1795 Manueli
947 1767 1068 1796 sancte
1099 1761 1275 1796 affirmans
1297 1760 1379 1795 nihil
1413 1771 1553 1806 prorsus
1578 1771 1622 1795 ex

149 1804 196 1839 iis
219 1816 307 1850 quae
330 1804 410 1839 data
436 1806 594 1849 fuerant,
634 1819 654 1841 e
675 1807 846 1841 thesauris
877 1807 1086 1853 reipublicae
1110 1808 1367 1853 depromptum,
1399 1807 1459 1841 sed
1484 1818 1526 1841 ex
1551 1807 1623 1851 pri-

149 1854 232 1885 vata
255 1862 344 1896 penu
367 1855 404 1885 et
427 1862 471 1886 ex
494 1853 604 1898 partis
628 1864 670 1887 ac
694 1853 847 1888 collectis
869 1853 1007 1900 propria
1020 1853 1187 1888 industria
1210 1865 1251 1887 ac
1273 1852 1498 1899 providentia,
1522 1863 1622 1887 exer-

150 1896 260 1932 cenda
281 1896 416 1932 scilicet
437 1909 500 1944 per
523 1910 653 1943 gnavos
675 1903 711 1934 et
733 1899 948 1946 experientes
971 1900 1106 1934 colonos
1129 1910 1287 1944 agrorum
1311 1899 1468 1942 cultura,
1501 1898 1619 1944 gregi-

149 1943 283 1989 busque
304 1947 408 1990 atque
430 1945 592 1978 armentis
621 1956 684 1990 per
712 1945 853 1980 idoneos
875 1946 1026 1980 homines
1059 1945 1228 1981 curandis.
1275 1944 1327 1980 sic
1348 1945 1399 1980 iffi
1422 1945 1478 1980 dei
1501 1957 1619 1980 aman-

147 1993 222 2033 tes,
249 1989 300 2024 sic
321 1990 452 2035 pariter
473 1990 526 2025 rei
547 1988 722 2027 Romanae
740 1992 910 2027 studiosos
933 2004 972 2027 se
993 1993 1240 2026 monstrabant.

236 2035 292 2070 25.
341 2036 419 2071 Hoc
441 2048 544 2083 porro
560 2037 603 2071 de
626 2050 693 2084 quo
717 2038 895 2074 scribimus
918 2043 1072 2085 tempore
1087 2050 1162 2072 cum
1186 2048 1328 2083 magnus
1349 2037 1442 2083 apud
1468 2037 1614 2083 Magne-

145 2080 231 2116 siam
269 2082 424 2128 publicae
458 2083 625 2129 pecuniae
646 2096 806 2120 numerus
836 2088 930 2120 esset
962 2085 1156 2130 depositus,
1180 2096 1247 2119 non
1270 2087 1347 2119 erat
1367 2083 1471 2118 facile
1493 2095 1615 2129 magno

143 2127 222 2162 duci
249 2133 287 2162 et
307 2129 415 2163 tutori
435 2129 598 2176 principis
627 2130 708 2166 inde
739 2131 867 2177 aliquid
898 2142 1031 2166 sumere
1062 2131 1268 2176 erogandum
1303 2130 1339 2164 in
1369 2141 1454 2175 quos
1484 2131 1614 2164 vellet:

143 2174 304 2208 obstabat
334 2175 421 2209 enim
453 2176 627 2212 Celtarum
658 2177 929 2223 securigerorum
959 2177 1178 2212 inexorabilis
1201 2177 1234 2211 ei
1265 2177 1427 2211 thesauro
1449 2175 1611 2221 imposita

143 2220 321 2263 custodia,
345 2222 435 2256 haud
462 2225 575 2257 sinens
601 2223 682 2258 inde
704 2224 806 2259 aliter
819 2235 919 2270 quam
942 2224 1074 2258 cunctis
1096 2223 1336 2269 praesentibus
1359 2225 1396 2255 et
1419 2233 1532 2256 coram
1555 2222 1609 2256 in—

142 2267 316 2301 tuentibus
339 2267 530 2313 dispensari
553 2270 747 2315 quidquam.
794 2270 938 2305 iubebat
967 2279 1080 2304 tamen
1113 2281 1180 2303 non
1201 2281 1281 2303 raro
1305 2268 1506 2314 quibusdam
1528 2268 1609 2302 inde

140 2312 262 2347 donari
283 2313 373 2347 haud
394 2315 596 2349 necessariis
618 2316 662 2350 de
685 2316 816 2360 causis3
840 2328 929 2363 quae
951 2315 1145 2360 benignitas
1166 2315 1214 2349 illi
1236 2315 1334 2361 quasi
1354 2314 1608 2348 fundamentum

139 2359 206 2393 fuit
227 2359 402 2405 popularis
424 2360 458 2394 in
481 2372 558 2396 eum
578 2363 847 2398 benevolentiae.
894 2365 1066 2398 caeterum
1087 2363 1117 2396 si
1139 2361 1217 2407 quis
1244 2373 1285 2397 eo
1307 2360 1441 2395 nomine
1462 2361 1509 2395 de
1531 2361 1607 2406 ipso

137 2411 342 2451 quereretur
373 2406 471 2452 quasi
498 2419 566 2441 non
595 2408 680 2443 satis
702 2421 822 2443 severo
843 2409 1002 2455 publicae
1025 2408 1192 2454 pecuniae
1214 2407 1378 2450 custode,
1408 2406 1442 2441 ei
1462 2418 1500 2442 se
1521 2418 1606 2453 pur-

137 2451 246 2496 gabat
283 2463 413 2497 negans
446 2452 483 2487 in
515 2454 670 2499 proprios
697 2466 735 2489 se
762 2466 843 2490 usus
874 2455 1059 2501 quidquam
1082 2454 1163 2488 inde
1186 2464 1340 2498 sumere3
1373 2452 1407 2487 in
1432 2454 1528 2487 cuius
1553 2452 1605 2487 rei

136 2497 239 2532 fidem
257 2509 352 2533 suam
375 2499 593 2534 domesticam
616 2501 817 2536 ostendebat
837 2505 1086 2546 paupertatem.
1132 2506 1247 2535 tamen
1265 2498 1429 2546 quaesitis
1451 2498 1605 2534 occasio-

136 2543 236 2578 nibus
269 2544 452 2579 identidem
484 2547 692 2591 procurabat
720 2550 760 2582 ut
793 2547 928 2593 quidam
960 2547 1039 2581 inde
1070 2546 1285 2592 acciperent,
1323 2557 1392 2580 non
1426 2545 1535 2590 magis
1565 2545 1601 2579 id

136 2601 241 2634 agens
266 2591 456 2626 ambitionis
487 2593 651 2627 instinctu
674 2605 774 2639 quam
796 2593 942 2640 sapienti
968 2593 1163 2640 provisione
1186 2594 1394 2634 futurorum,
1423 2595 1526 2638 prout
1548 2590 1601 2625 rei

135 2637 249 2670 exitus
280 2638 494 2673 monstravit.
542 2639 586 2673 de
615 2638 707 2674 illius
739 2651 841 2685 porro
875 2639 975 2674 modo
996 2644 1183 2674 memorata
1205 2642 1431 2685 paupertate,
1460 2638 1490 2672 si
1512 2648 1600 2683 quae

134 2683 269 2717 audivit
290 2695 333 2717 ex
355 2684 430 2729 ipso
454 2685 622 2731 quondam
646 2696 807 2731 praesens
830 2686 930 2720 huius
952 2685 1116 2720 historiae
1137 2685 1306 2731 scriptor,
1339 2684 1393 2719 hic
1415 2695 1478 2729 pro
1500 2683 1599 2718 testi-

134 2728 244 2763 monio
270 2729 419 2774 dixerit,
442 2743 509 2766 non
531 2743 613 2767 sane
634 2736 774 2766 veretur
795 2744 839 2767 ne
862 2736 1069 2777 coarguatur
1094 2732 1251 2774 menda&
1274 2743 1362 2766 neve
1384 2730 1449 2764 hoc
1470 2729 1520 2763 illi
1536 2740 1596 2763 ce-

133 2774 196 2808 dat
214 2774 248 2809 in
274 2775 422 2811 dedecus
446 2778 537 2824 quod
573 2777 796 2823 Palaeologus
819 2778 951 2824 gloriae
973 2778 1041 2813 sibi
1062 2780 1138 2813 fore
1160 2783 1338 2813 autumans
1359 2777 1403 2810 de
1426 2787 1466 2810 se
1488 2775 1596 2810 iacta-

134 2821 214 2864 bat,
245 2825 421 2858 ostentans
452 2827 692 2871 paupertatem
722 2835 819 2860 suam
856 2835 939 2860 sane
969 2827 1098 2860 tantam
1135 2829 1175 2859 ut
1198 2824 1388 2860 affirmaret
1408 2822 1510 2858 etiam
1532 2821 1598 2857 iam
