1884 3262
273 188 369 236 448
514 224 515 227 ,
678 185 911 230 GEORGII
952 185 1300 230 PACHYMERIS

265 300 388 344 Ἀσάν
410 296 643 352 αὗταὸἕλφη
664 300 721 354 τῷ
745 300 924 352 Τερτερῇ
944 294 1215 353 συνηρμόζετο
1234 299 1299 339 καὶ
1317 301 1374 356 τῷ
1392 301 1464 353 τῆς
1483 298 1717 348 δεσποτείας

134 380 162 414 Ρ
185 379 252 414 306
275 365 472 419 ἀξιώματι
505 362 780 418 ἐσεμνύνοντο.
850 363 939 422 (9)
974 363 1074 420 εἶχεν
1107 360 1179 407 οὖν
1205 366 1392 407 ἐντεῦθεν
1421 371 1479 424 τῷ
1507 368 1636 408 δοκεῖν
1663 365 1716 411 τὰ

270 433 425 490 μεγάλα
442 432 544 488 πρὸς
563 433 773 487 συνεργίαν
790 430 948 475 ὅἈσάν
960 465 973 485 ,
1008 435 1075 475 καὶ
1093 429 1237 488 χρόνος
1257 432 1388 488 ὀλίγος
1408 433 1517 491 αὐτῷ
1539 432 1716 488 παρεμέ-

269 520 352 558 τρει
370 501 444 555 τὴν
464 505 545 543 τῶν
569 498 814 556 Βουλγάρων
832 498 974 555 ἀρχήν.
1043 501 1125 542 ἐπεὶ
1155 502 1199 543 δὲ
1230 499 1382 555 ταχέως
1402 503 1715 556 παρακεκίνηντο

271 569 402 628 (πρὸς
431 568 507 624 γὰρ
537 568 726 611 ἀπιστίαν
758 568 804 610 τὸ
834 568 1112 624 Βουλγαρικὸν
1142 568 1326 622 ἕτοιμον,
1364 569 1430 610 καὶ
1459 567 1603 623 αι’]’ραις
1633 568 1749 610 {oz-15

269 635 467 681 πιστεύειν
486 635 643 689 ἀνίμων
661 640 817 689 μᾶλλον
838 635 860 690 ἢ
881 640 998 692 σφῶν
1019 635 1216 692 εὐνοίαις)
1229 668 1242 688 ,
1280 637 1346 679 καὶ
1368 635 1420 678 τὰ
1439 639 1512 689 τῆς
1535 636 1718 679 ἀποστα-

273 707 364 755 σίας
395 707 510 758 δῆλοι
539 699 644 758 ἦσαν
669 705 712 745 ἐκ
743 708 904 746 πολλῶν
946 703 1178 756 ὠδίνοντες,
1222 701 1463 758 ἀνεζωπύρει
1491 704 1534 745 δὲ
1559 701 1720 752 τούτοις

222 783 252 816 Β
274 773 350 823 τὰς
378 770 539 828 γνώμας
567 773 632 813 καὶ
666 775 868 826 Τερτερῆς
896 771 1104 828 κρυφηδὸν
1132 775 1346 824 βασιλειῶν
1364 771 1466 826 ἤδη,
1504 772 1570 813 καὶ
1590 766 1720 813 τᾶλλα

273 840 447 898 φανερὸς
465 838 520 882 ὢν
543 841 597 888 εἷς
619 839 693 893 τὴν
709 837 893 892 ὗποψίαν
913 837 1025 897 μόνῳ
1044 844 1101 897 τῷ
1123 839 1223 893 πρὸς
1241 839 1313 882 τὸν
1327 839 1450 881 Ἀσὰν
1472 836 1583 893 κήδει
1602 854 1720 880 συνε-

273 906 518 959 καλύπτετο,
555 905 610 956 ὥς
639 907 696 960 μὴ
729 904 952 962 προδώσων
985 910 1113 962 δῆθεν
1145 902 1177 966 ᾧ
1205 907 1309 950 κατὰ
1338 907 1450 963 γένος
1477 904 1717 960 συνήπτετο,
1731 911 1777 947 10

276 975 450 1019 συνιδών
482 975 556 1029 τὴν
586 976 852 1029 παρακίνησιν
880 972 1068 1027 ὅἈσάν,
1103 977 1169 1017 καὶ
1198 977 1332 1023 δείσας
1357 974 1416 1029 μὴ
1448 972 1723 1028 προλαβόντες

275 1043 473 1099 ἕκρήξοιεν
492 1042 537 1085 τὸ
557 1043 686 1085 δεινὸν
705 1044 770 1084 καὶ
791 1042 840 1084 οὗ
864 1042 1015 1098 φευκτὰ
1038 1041 1169 1085 ἴσοιτό
1189 1043 1227 1084 οἵ
1245 1043 1296 1084 τὰ
1319 1047 1390 1085 τοῦ
1412 1040 1616 1094 κινδύνου,
1645 1040 1723 1093 τὴν

275 1111 408 1169 φυγὴν
434 1109 692 1166 εὐσχημόνως
721 1114 927 1152 ποιεῖσθαι
955 1108 1140 1165 προυνόει
1169 1112 1234 1152 καὶ
1257 1110 1359 1162 μετὰ
1381 1110 1558 1164 κέρδους.
1628 1108 1649 1150 ὃ
1670 1108 1721 1163 δὴ

278 1182 344 1222 καὶ
374 1176 550 1233 ἐνεχώρει
577 1179 818 1233 κερδαίνειν·
854 1177 905 1219 τὰ
933 1177 1009 1233 γὰρ
1041 1182 1115 1232 τῆς
1139 1179 1347 1231 βασιλείας
1369 1181 1451 1220 τῶν
1476 1174 1723 1231 Βουλγάρων

230 1252 262 1286 C
284 1246 528 1302 πράγματα,
565 1245 591 1287 ἃ
614 1245 664 1299 δὴ
683 1247 747 1287 καὶ
767 1243 949 1288 κάλλιστ’
972 1243 1077 1299 εἶχον
1098 1246 1141 1287 ἐκ
1156 1244 1362 1299 Ῥωμαίων
1383 1241 1577 1297 λαβόντες
1595 1241 1720 1298 ἡττη-
1733 1250 1777 1287 15

275 1317 408 1370 μένων
454 1313 500 1356 τὸ
539 1311 663 1354 πάλαι
696 1316 1022 1369 στρατηγοῦντος
1058 1317 1133 1355 τοῦ
1166 1313 1366 1365 βασιλέως
1392 1312 1594 1354 Ἵσαακίου
1604 1343 1619 1364 ,
1655 1312 1726 1353 καί

276 1384 317 1440 γ’
341 1382 530 1425 ἐνέκειντο
550 1382 904 1437 τεθησαυρισμένα
925 1380 1021 1422 κατ’
1042 1380 1205 1435 αι’)’χημα
1222 1384 1380 1434 μᾶλλον
1399 1379 1424 1435 ἢ
1448 1379 1551 1421 κατὰ
1564 1380 1720 1435 χρείαν,

277 1455 409 1495 ταῦτα
429 1449 480 1505 δὴ
499 1451 565 1492 καὶ
585 1448 681 1492 ὅσον
701 1445 750 1505 ἦν
770 1449 870 1492 ἄλλο
892 1446 1044 1506 φόρτος
1075 1446 1310 1503 εὐκόμιστος
1319 1481 1332 1501 ,
1367 1450 1408 1491 ἕν
1440 1438 1590 1504 ἆφανεῖ
1611 1463 1723 1503 περι-

368 1573 421 1607 12.
447 1569 626 1615 ἐκρήξειεν
648 1569 688 1603 Ρ.

276 1675 378 1708 ducta
402 1672 498 1706 liuius
521 1672 612 1706 iussu
636 1671 810 1706 custodiae
833 1670 991 1706 mandata
1014 1671 1103 1716 apud
1126 1670 1289 1705 Nicaeam
1309 1673 1372 1705 est.
1418 1668 1536 1703 Asanis
1550 1678 1631 1702 vero
1646 1678 1724 1711 ger—

277 1731 374 1754 mana
402 1717 539 1753 Terteri
572 1718 705 1762 nupsit,
736 1721 771 1751 et
804 1717 881 1751 novi
912 1717 1027 1762 sponsi
1049 1717 1145 1750 titulo
1169 1717 1383 1761 despotarum
1407 1714 1613 1749 cohonestati
1635 1718 1724 1747 sunt.

277 1767 356 1809 (9)
393 1765 476 1798 haec
509 1763 666 1797 Tetteris
698 1763 846 1797 affinitas
880 1774 1033 1806 magnam
1065 1762 1166 1796 Asani
1197 1762 1392 1796 facultatem
1414 1759 1584 1794 obtinendi
1607 1769 1726 1792 secure

275 1811 365 1856 quod
390 1820 568 1854 capessere
590 1814 750 1853 coeperat
772 1808 867 1853 regni
890 1808 1044 1842 attulisse
1068 1808 1252 1842 videbatur.
1298 1808 1358 1841 sed
1379 1806 1558 1841 videbatur
1575 1808 1724 1838 tantum:

277 1867 354 1890 nam
377 1858 503 1889 eventu
526 1865 601 1887 mox
624 1854 698 1898 ipso
721 1853 879 1899 apparuit
908 1865 974 1887 non
1007 1853 1199 1887 diuturnam
1222 1864 1296 1887 eum
1320 1852 1391 1887 eius
1414 1851 1620 1896 principatus
1644 1849 1727 1882 Bul-

277 1912 434 1946 garorum
467 1898 708 1944 possessionem
743 1899 878 1932 adiisse.
924 1903 1046 1932 nutare
1068 1898 1123 1931 illa
1146 1898 1213 1932 cito
1238 1897 1350 1942 coepit
1381 1895 1620 1930 mobilissimae
1642 1893 1727 1927 levi-

278 1951 351 1981 tate
384 1947 511 1990 gentis:
550 1943 689 1987 Bulgari
712 1944 796 1977 enim
821 1944 905 1977 adeo
928 1945 970 1977 ad
994 1943 1170 1987 perfidiam
1192 1943 1308 1977 faciles
1331 1943 1519 1984 habentur,
1556 1945 1596 1974 ut
1622 1949 1726 1973 aurae

281 1996 383 2037 atque
414 1990 646 2025 incertissimis
668 1989 807 2023 flatibus
829 1993 1002 2022 ventorum
1024 2000 1122 2034 quam
1146 1989 1260 2022 horum
1284 1987 1535 2021 benevolentiae
1558 1985 1728 2019 confidere

281 2038 329 2072 sit
350 2037 466 2071 tutius.
513 2047 553 2070 ac
576 2036 796 2069 desectionem
819 2034 951 2080 quidem
975 2035 1017 2067 ab
1041 2035 1153 2068 Asane
1175 2033 1358 2067 machinari
1381 2044 1440 2067 eos
1463 2043 1505 2065 ex
1527 2030 1640 2064 multis
1664 2040 1728 2074 ap-

280 2085 443 2128 parebat:
483 2081 655 2115 excitabat
684 2086 793 2114 autem
815 2080 961 2125 ipsorum
982 2079 1017 2112 iu
1038 2079 1073 2112 id
1096 2079 1208 2113 studia
1229 2080 1394 2112 Tei-teres
1425 2076 1558 2111 arcanis
1581 2075 1728 2117 molitio,-

280 2129 379 2163 nibus
411 2139 548 2172 regnum
581 2129 752 2161 affectans.
799 2126 962 2159 extabant
994 2124 1127 2170 quidem
1161 2123 1281 2158 indicia
1314 2135 1379 2158 non
1412 2134 1500 2158 vana
1531 2133 1618 2167 quae
1650 2119 1729 2154 talis

279 2175 369 2208 hunc
391 2172 577 2209 ambitionis
599 2177 791 2217 suspectum
813 2170 931 2205 merito
960 2171 1130 2204 facerent:
1171 2170 1230 2204 sed
1254 2181 1295 2204 ea
1317 2182 1360 2203 ne
1382 2167 1730 2203 animadverterentur

277 2221 492 2254 inumbrabat
517 2217 667 2252 affinitas
688 2217 760 2251 eius
783 2229 856 2251 cum
876 2217 1000 2250 Asana.
1046 2216 1119 2261 quis
1143 2215 1230 2250 enim
1251 2215 1351 2249 facile
1373 2215 1528 2249 crederet
1544 2211 1728 2257 suoipsum

277 2266 429 2300 insidiari
460 2264 595 2310 generi,
630 2266 666 2296 et
696 2263 842 2309 prodere
865 2273 906 2297 ac
929 2265 1085 2296 evertere
1106 2261 1195 2295 velle
1218 2261 1381 2295 hominem
1413 2259 1506 2294 cuius
1528 2259 1671 2292 liaberet
1692 2255 1728 2290 in

280 2311 491 2348 matrimonio
521 2310 696 2344 sororem?
741 2308 875 2343 taudem
900 2312 1012 2342 tamen
1043 2307 1154 2352 erupit
1186 2318 1240 2341 res
1271 2306 1306 2340 in
1336 2305 1490 2341 notitiam
1512 2303 1642 2338 minime
1661 2302 1728 2336 iam

280 2357 414 2392 dubiam
448 2355 578 2390 Ananis.
634 2366 738 2400 quare
767 2354 826 2388 ille
857 2353 989 2387 veritus
1021 2364 1064 2388 ne
1096 2352 1341 2397 opprimeretur
1369 2349 1548 2396 improviso
1583 2346 1728 2394 quodam

281 2402 410 2438 assultu
433 2413 496 2435 nec
521 2403 634 2435 salvus
656 2400 842 2445 periculum
864 2398 1044 2440 evaderet,
1078 2408 1326 2443 praeoccupare
1355 2397 1471 2440 fugam
1493 2393 1631 2436 statuit,
1665 2393 1728 2426 ho-

282 2452 413 2484 nestum
436 2450 644 2491 praetextum
668 2445 853 2480 obtendens
874 2444 1023 2485 consilio,
1047 2448 1084 2477 ut
1109 2445 1260 2485 rebatur,
1282 2441 1494 2481 secessui-{03
1516 2438 1604 2484 quod
1626 2437 1729 2471 etiam

281 2497 519 2541 quaestuosum
551 2493 667 2524 facere
698 2490 830 2525 studuit
861 2490 990 2535 praeda.
1021 2489 1175 2523 adiecta:
1208 2489 1416 2522 occasionem
1448 2486 1534 2519 enim
1576 2483 1647 2516 eius
1679 2481 1729 2515 rei

282 2538 485 2574 commodam
517 2536 584 2570 sibi
617 2540 736 2570 nactus
767 2536 944 2570 videbatur
977 2534 1102 2568 habens
1127 2534 1161 2568 in
1192 2537 1363 2579 potestate
1385 2532 1575 2566 thesaurum
1596 2525 1729 2571 regium

281 2584 486 2629 Bulgariae,
521 2581 556 2615 in
594 2593 660 2625 quo
693 2581 843 2626 supellex
873 2579 1118 2626 speciosissima
1142 2585 1178 2613 et
1200 2579 1438 2624 pretiosissima
1460 2574 1662 2610 servabatur
1685 2582 1728 2605 ex

281 2630 441 2666 Romanis
462 2628 538 2663 olim
561 2632 680 2672 parta,
704 2627 836 2672 quaudo
860 2629 1002 2660 ducente
1023 2625 1152 2659 Isaacio
1178 2626 1328 2668 Augusto
1352 2623 1436 2658 male
1457 2621 1482 2655 ii
1505 2630 1578 2654 cum
1602 2617 1728 2662 Bulga-

282 2676 332 2711 ris
367 2678 600 2720 pugnaverunt
614 2698 623 2715 ,
666 2673 798 2706 amissis
827 2671 1095 2716 impedimentis,
1132 2670 1165 2704 in
1186 2670 1307 2715 quibus
1330 2670 1465 2703 fuerunt
1485 2667 1562 2710 ipsa
1583 2662 1729 2707 insignia

283 2721 434 2767 imperii3
466 2731 553 2765 quae
577 2729 618 2751 ex
639 2717 695 2750 illo
719 2722 868 2762 tempore
892 2717 1026 2751 condita
1047 2715 1200 2750 Ternobi
1223 2714 1494 2749 custodiebantur
1516 2710 1558 2744 ad
1579 2713 1732 2743 ostenta-

286 2768 411 2801 tionem
432 2765 544 2812 potius
566 2774 663 2809 quam
687 2763 729 2796 ad
754 2774 848 2795 usum
871 2763 981 2796 alium.
1026 2763 1109 2796 haec
1139 2766 1174 2795 et
1204 2761 1271 2795 alia
1293 2767 1511 2806 quaecunque
1533 2755 1623 2788 elatu
1645 2753 1730 2788 faci-

287 2812 333 2847 lia
354 2818 494 2858 reperta
515 2815 586 2845 tum
609 2812 687 2844 sunt
709 2807 743 2842 in
766 2808 865 2852 regiis
887 2807 1057 2853 apothecis
1081 2807 1318 2851 Bulgarorum,
1347 2803 1430 2838 clam
1452 2800 1629 2847 compilata
1653 2808 1731 2834 sac-
