1846 3262
410 200 487 242 DE
520 197 802 242 MICHAELE
836 193 1217 239 PALAEOLOGO
1250 194 1297 236 L.
1326 192 1381 236 Π.
1533 191 1629 237 153

163 316 376 362 ἀντεδίδου
394 314 469 369 μὲν
487 316 569 356 τῶν
592 309 724 367 λόγων
746 311 800 354 τὰ
817 311 964 366 μείζω,
991 309 1065 352 τὸν
1086 308 1225 363 μέντοι
1245 326 1287 364 γε
1311 305 1510 363 πρύτανιν
1529 304 1631 350 τοῦ-

161 404 244 431 των
263 386 329 428 καὶ
349 382 532 438 παροχέα
553 380 609 431 ὥς
627 382 804 424 δυνατὸν
822 377 1062 434 ἐμεγάλυνεν
1076 393 1097 417 ·.
1119 378 1214 421 οὐδὲ
1230 378 1307 434 γὰρ
1329 376 1475 433 μικρὸν
1498 375 1631 426 οὕτως
1652 384 1684 419 Ε

163 455 265 515 ᾤετο
285 458 337 512 τῇ
356 454 508 496 ἐκείνου
529 452 717 511 βασιλείᾳ
738 453 1021 504 προστεθῆναι
1041 453 1228 491 τοιοῦτον
1248 446 1519 503 κατόρθωμα.
1563 447 1634 488 καὶ

163 524 216 579 δὴ
234 526 425 579 μεγίστης
446 519 591 577 ἑορτῆς
610 520 718 576 ἄγων
735 517 893 575 ἡμέραν
916 518 1083 572 ἐκείνην,
1114 514 1416 573 μετημφιάζετο
1435 517 1511 570 μὲν
1530 515 1635 572 πρὸς

133 594 211 639 5τό
232 590 538 648 μεγαλειότερον
552 623 564 642 ,
603 587 810 632 συνεκάλει
830 588 876 630 δὲ
898 586 998 636 τοὺς
1021 587 1325 641 συνησομένους
1337 618 1351 638 ,
1387 587 1454 628 καὶ
1479 584 1635 634 αὐτοὺς

163 661 220 713 ὥς
250 661 355 711 εἰκὸς
388 658 698 713 ἓστολισμένους
731 659 950 708 ποικίλοις,
989 658 1055 698 καὶ
1090 657 1207 712 σφίσι
1236 657 1482 711 δημηγορῶν
1507 651 1635 708 συνή-

163 734 255 774 δετο
270 763 283 783 ,
319 730 425 785 μηδὲ
449 728 548 777 τοῦς
570 725 712 783 πόρρω
732 725 871 776 κενοὺς
889 725 1023 782 ἀφιεὶς
1038 723 1214 780 ἡδονῆς,
1253 722 1358 766 ἄλλά
1377 741 1419 780 γε
1442 725 1509 766 καὶ
1530 723 1635 779 πρὸς

162 798 340 849 ἐκείνους
372 796 597 855 γράμματα
631 796 802 851 πέμπων
834 793 1040 838 συνεκάλει
1069 792 1228 843 πάντας
1248 793 1353 853 πρὸς
1373 792 1635 848 εὐχαριστίαν

162 874 237 912 τοῦ
273 869 524 925 κρείττονος,
596 864 719 924 (30)
758 864 970 908 “vivan'’
1006 864 1133 920 λέγων
1162 862 1263 920 πρὸς
1291 862 1389 912 τοίς
1408 860 1630 917 παρόντας,
1657 873 1686 908 Ρ
1709 873 1756 908 99

109 945 154 978 10
168 938 354 992 (ςᾶνὸρες
383 935 596 992 βασιλείας
622 933 794 989 ὑπήκοοι
823 938 896 988 τῆς
927 931 1167 988 Ῥωμαίων,
1213 931 1303 975 ὅσοι
1328 949 1371 975 τε
1398 935 1636 986 μεγιστᾶνες

164 1009 230 1050 καὶ
262 1005 358 1061 ἡμῖν
388 1004 490 1061 πρὸς
521 1005 695 1059 αἵματος
722 1005 789 1046 καὶ
822 1002 911 1046 ὅσοι
930 1007 1004 1046 τοῦ
1027 1001 1240 1057 πλήθους,
1280 1000 1390 1051 ὅπως
1409 1000 1536 1042 πάλαι
1559 1004 1634 1043 τοῦ

161 1077 280 1119 θείου
311 1077 561 1130 μηνίσαντος
582 1072 745 1127 ἀνέμοις
763 1069 958 1123 ἔξώσταις
975 1070 1061 1115 οἷον
1082 1078 1170 1121 τοῖς
1190 1072 1362 1121 Ἰταλοῖς
1385 1069 1633 1125 ἐξώσθησαν

161 1150 237 1199 τῆς
265 1145 464 1200 πατρίδος
495 1143 533 1185 οἱ
559 1140 747 1199 ἡμέτεροι
774 1140 990 1198 πρόγονοι,
1036 1143 1101 1184 καὶ
1133 1139 1188 1190 ὥς
1218 1142 1275 1190 εἷς
1302 1139 1445 1183 στενὸν
1477 1139 1530 1181 τὰ
1560 1144 1634 1192 τῆς

162 1214 322 1257 ἐκείνων
355 1212 483 1270 ἀρχῆς
514 1211 830 1266 κατηντήκεσαν.
903 1213 970 1253 καὶ
999 1215 1138 1267 παρεῶ
1156 1210 1209 1252 τὰ
1229 1207 1376 1263 πάλαι,
1414 1207 1480 1251 ὅτε
1506 1206 1634 1263 ἡτῶν

108 1281 368 1337 15Ῥωμαίων
398 1280 504 1336 ἀρχὴ
532 1280 636 1337 πρὸς
664 1280 718 1324 ἕω
750 1281 824 1335 μὲν
849 1277 1051 1337 Εὐφράτῃ
1072 1282 1138 1322 καὶ
1160 1281 1344 1335 Τίγριδι,
1383 1277 1487 1333 πρὸς
1512 1275 1629 1320 δύσιν
1652 1281 1683 1315 Β

163 1353 208 1395 δὲ
236 1352 399 1410 Σικελίᾳ
429 1352 497 1392 καὶ
529 1357 615 1399 τοῖς
643 1348 786 1406 πρόσω
806 1352 996 1399 Πουλίας
1017 1347 1182 1404 ὡρίζετο
1198 1380 1211 1401 ,
1247 1349 1467 1397 Αἰθίοπας
1486 1346 1529 1389 δ’
1555 1344 1634 1401 εἶχε

161 1420 265 1475 πρὸς
302 1417 423 1462 νότον
453 1420 520 1461 καὶ
549 1418 653 1475 πρὸς
688 1423 848 1474 βορρᾶν
881 1417 932 1460 τὰ
960 1416 1229 1474 προσάρκτια.
1302 1417 1452 1473 ἀφίημι
1487 1420 1634 1460 ταῦτα.

164 1488 257 1531 ἀλλ’
286 1488 424 1530 οἴδατε
450 1484 615 1537 πάντως
640 1485 859 1536 ἀκούοντες
889 1485 944 1536 ὡς
975 1486 1130 1542 ταύτης
1152 1486 1202 1542 δὴ
1223 1491 1297 1541 τῆς
1316 1483 1537 1540 θαλάσσης
1567 1485 1636 1527 ἓν-

162 1557 235 1607 τός
266 1556 369 1612 πρὸς
398 1555 565 1611 ἤπειρον
594 1555 642 1598 οὗ
674 1558 789 1598 ὄυοῖν
810 1558 877 1598 καὶ
899 1561 1022 1612 τριῶν
1043 1554 1229 1611 ἡμερῶν,
1268 1555 1362 1598 ἀλλ’
1390 1554 1499 1597 ἔστιν
1529 1551 1634 1597 ὅπου

105 1638 151 1673 20
163 1628 230 1669 καὶ
261 1626 360 1669 δέκα
391 1626 460 1668 καὶ
490 1623 649 1669 τούτων
668 1626 790 1668 πλέον
813 1623 945 1669 τόπου
968 1623 1175 1682 διάστημα
1194 1625 1306 1684 παρὰ
1326 1628 1408 1668 τῶν
1428 1621 1634 1682 ἡμετέρων
1658 1625 1690 1660 C

252 1771 305 1806 16.
328 1767 499 1810 Σικελίας
520 1767 561 1804 Ρ.

158 1895 288 1932 bitavit
310 1896 522 1942 imperator,
554 1894 618 1931 sed
641 1895 775 1930 omnino
797 1895 866 1930 iam
888 1907 1074 1942 persuasus
1096 1896 1194 1943 plura
1216 1900 1252 1932 et
1274 1896 1402 1932 maiora
1427 1908 1530 1943 quam
1553 1908 1637 1943 pro-

158 1943 305 1978 miserat
337 1947 392 1977 est
425 1942 534 1988 primo
565 1941 683 1976 nuntio
714 1942 869 1987 largitus.
918 1955 960 1978 ac
991 1943 1109 1978 ducem
1131 1943 1267 1989 quidem
1290 1945 1373 1979 facti
1396 1948 1638 1990 auctoremque

160 2001 341 2024 successus
364 1988 487 2033 gratiis
511 1994 547 2023 et
569 1988 724 2023 laudibus
747 2000 849 2034 quam
872 1989 986 2035 potuit
1008 1990 1222 2036 amplissimis
1243 1997 1445 2036 prosecutus
1468 1994 1537 2025 est:
1566 2002 1635 2026 non

161 2036 250 2070 enim
285 2036 505 2070 existimabat
539 2047 679 2081 parvum
716 2042 949 2070 ornamentum
971 2036 1114 2082 imperio
1137 2049 1199 2072 suo
1221 2035 1372 2072 additu‘m
1393 2037 1543 2072 facinore
1564 2043 1634 2072 tam

158 2081 299 2117 illustri.
345 2081 463 2127 itaque
494 2081 583 2115 diem
618 2081 710 2115 illum
734 2083 858 2116 festum
881 2083 954 2127 egit
976 2084 1190 2118 solemnitate
1213 2095 1357 2118 summa:
1393 2084 1519 2130 quippe
1541 2096 1635 2119 sum-

149 2129 230 2174 ptis
260 2128 337 2174 ipse
368 2127 710 2172 magnificentissimis
739 2129 893 2163 vestibus
920 2129 964 2164 ad
991 2141 1152 2175 proceres
1184 2130 1376 2165 celebrandi
1415 2141 1520 2164 causa
1542 2142 1633 2165 com-

158 2174 270 2209 munis
293 2174 411 2218 gaudii
434 2174 478 2209 ad
501 2185 541 2208 se
564 2179 727 2214 vocatos,
763 2176 941 2220 splendido
965 2180 1000 2210 et
1023 2176 1117 2222 ipsos
1139 2176 1307 2222 varioque
1328 2177 1477 2221 insignes
1499 2181 1634 2219 ornatu,

158 2220 416 2265 gratulatoriam
451 2220 638 2255 orationem
670 2221 804 2255 habuit.
852 2233 894 2256 ac
924 2234 967 2256 ne
993 2223 1153 2258 absentes
1183 2223 1317 2269 quidem
1346 2223 1419 2258 eius
1442 2222 1637 2268 voluptatis

158 2271 319 2311 expertes
351 2277 493 2311 passus,
526 2267 665 2312 scriptis
688 2271 725 2301 et
747 2279 884 2314 quoquo
908 2280 1043 2304 versum
1073 2269 1183 2304 missis
1204 2269 1355 2304 eiusdem
1379 2281 1453 2304 cum
1476 2270 1632 2304 oratione

158 2312 348 2346 sententiae
379 2311 491 2347 literis
521 2317 662 2347 cunctos
692 2315 738 2348 ad
773 2315 923 2359 agendas
956 2316 1020 2350 deo
1056 2316 1185 2360 gratias
1211 2316 1412 2362 publiceque
1437 2316 1632 2350 laetandum

156 2357 362 2393 adhortatus
386 2361 459 2402 est,
509 2359 609 2404 (30)
644 2360 821 2395 “nostis'’
860 2361 1017 2407 inquiens
1041 2362 1085 2396 ad
1106 2367 1324 2408 praesentes,
1360 2362 1456 2396 “viri
1479 2363 1634 2397 Romano

158 2404 304 2450 imperio
328 2403 478 2446 subditi,
511 2405 637 2451 quique
659 2407 844 2452 optimates
866 2407 1030 2454 nobisque
1054 2408 1345 2452 consanguinitate
1366 2408 1494 2448 iuncti,
1516 2415 1635 2443 eaete-

155 2461 265 2495 raque
286 2450 465 2485 multitudo
488 2451 555 2485 huc
578 2451 723 2494 adestis,
757 2453 886 2496 nostis,
908 2454 1066 2500 inquam,
1090 2458 1130 2489 ut
1151 2454 1230 2489 olim
1257 2455 1321 2489 (leo
1343 2454 1433 2491 irato
1455 2456 1500 2490 ab
1523 2455 1634 2497 Italis,

156 2496 252 2531 velut
282 2496 392 2531 ventis
424 2496 624 2542 quibusdam
654 2500 930 2543 vehementibus,
964 2501 1107 2535 maiores
1129 2500 1240 2536 nostri
1263 2501 1392 2547 expulsi
1416 2502 1531 2548 patria
1554 2502 1633 2536 fue-

156 2542 230 2577 rint
255 2547 292 2577 et
314 2543 350 2577 in
375 2548 487 2577 artum
504 2549 664 2580 contrusa
687 2545 771 2580 ditio
794 2557 922 2581 eorum.
969 2559 1011 2582 ac
1032 2551 1152 2582 vetera
1172 2553 1354 2594 praetereo
1383 2549 1463 2591 illa,
1494 2548 1634 2594 quando

157 2588 348 2623 Romanum
369 2589 547 2635 imperium
571 2591 614 2624 ab
638 2596 716 2626 ortu
739 2592 874 2637 quidem
897 2593 1109 2639 Euphratem
1132 2605 1174 2629 ac
1195 2593 1329 2639 Tigrim
1352 2594 1477 2629 limites
1499 2595 1635 2636 habuit,

158 2634 203 2668 ab
227 2646 352 2670 occasu
373 2647 456 2670 vero
481 2636 631 2671 Siciliam
654 2642 691 2671 et
713 2638 779 2672 hac
798 2639 995 2674 ulteriorem
1018 2639 1187 2685 Apuliam,
1209 2640 1245 2675 in
1267 2641 1442 2676 meridiem
1465 2640 1635 2686 processit

157 2690 266 2726 usque
289 2681 332 2715 ad
356 2682 566 2727 Aethiopas,
601 2695 721 2718 versus
749 2685 1012 2730 septentrionem
1044 2697 1152 2733 usque
1176 2687 1220 2721 ad
1244 2688 1396 2722 admotas
1418 2688 1496 2733 polo
1519 2687 1634 2731 regio-

158 2737 232 2760 nes.
278 2727 396 2763 omitto
420 2728 499 2770 illa,
533 2733 665 2764 tantum
689 2730 799 2764 obiter
820 2742 1010 2767 memorans
1032 2744 1122 2779 quae
1143 2733 1247 2768 fando
1273 2734 1389 2768 audita
1413 2732 1633 2777 cognovistis,

154 2771 249 2807 intra
279 2773 362 2808 illud
397 2786 492 2809 mare
524 2787 646 2810 versus
669 2777 899 2813 continentem
922 2791 989 2814 non
1011 2779 1117 2815 solum
1142 2786 1304 2826 quantum
1326 2780 1420 2814 bidui
1444 2785 1504 2814 aut
1526 2778 1655 2813 tridui,

155 2829 259 2853 cursu
281 2819 414 2854 emetiri
436 2821 583 2867 spatium
614 2826 752 2868 potest,
783 2824 846 2859 sed
867 2831 1031 2872 quantum
1054 2826 1171 2861 decem
1195 2831 1232 2862 et
1254 2837 1295 2861 eo
1318 2827 1396 2871 plus
1418 2825 1559 2868 diebus,
1592 2824 1630 2860 in

154 2868 347 2902 nostrorum
377 2867 487 2904 fuisse
517 2872 711 2915 potestate,
745 2874 886 2917 praeter
916 2884 1032 2909 omnes
1061 2872 1211 2917 insulas,
1244 2872 1282 2909 in
1317 2872 1440 2918 quibus
1461 2871 1630 2919 quaedam
