1884 3262
440 182 516 224 DE
541 181 818 224 MICHAELE
844 178 1218 224 PALAEOLOGO
1248 180 1294 221 L.
1322 178 1394 220 VJ.
1535 173 1636 221 427

882 439 949 492 Z.

175 541 388 611 Βασιλεῖ
401 567 445 609 δὲ
465 568 532 609 καὶ
551 561 675 615 αὖθις
692 565 921 621 φροντίδων
942 559 1037 618 ἦρξε
1056 563 1108 606 τὰ
1129 563 1233 606 κατὰ
1255 563 1327 606 τὸν
1348 561 1488 617 Αἷμον
1506 559 1642 605 κινού·
1666 568 1695 603 Ρ
1718 567 1787 602 292

174 654 291 690 μενοι.
363 636 406 677 αἱ
440 635 518 691 γὰρ
547 637 761 678 συνθεσίαι
795 637 868 675 τοῦ
901 633 1216 675 Κωνσταντίνου
1249 634 1315 674 καὶ
1345 633 1409 673 ἐπὶ
1441 636 1498 688 τῷ
1531 630 1644 685 κήδει

176 706 350 747 σπονδαὶ
374 704 607 757 συνεχέοντο
639 702 740 757 ἤδη,
778 706 854 756 τῆς
875 703 1051 754 Μαρίας
1082 698 1272 754 κινοίσης
1292 700 1363 742 τὸν
1389 699 1522 754 ἄνδρα
1542 700 1644 754 πρὸς

179 773 335 828 ἔχθραν
355 772 424 828 ἐφ’
452 770 513 820 οἷς
537 773 603 814 καὶ
636 770 1044 824 παιδοποιησαμένων
1063 769 1136 811 τὸν
1156 769 1330 823 Μιχαὴλ
1351 770 1393 810 ἐν
1419 768 1645 822 ἀναβολαῖς

144 841 230 883 5τά
255 843 343 896 περὶ
371 841 444 894 τὴν
473 841 763 895 Μεσέμβρειαν
794 833 923 892 ἦσαν,
963 840 1029 880 καὶ
1059 840 1183 892 δῆλος
1203 833 1253 892 ἦν
1272 837 1464 890 βασιλιὺς
1483 838 1646 885 ἐκείνοις

178 908 456 962 πλαττόμενος
477 909 670 964 ἀφορμὰς
690 912 763 950 τοῦ
781 907 838 961 μὴ
857 905 1014 953 διδόναι
1037 906 1063 949 ἃ
1086 908 1152 948 καὶ
1177 904 1374 956 καθάπαξ
1395 904 1553 947 διδόναι
1570 905 1646 947 οὐκ

177 973 228 1031 ἦν
244 978 481 1034 βουλομένῳ
498 978 646 1034 ἐκείνῳ.
719 975 942 1029 ἀνερρίπιζε
968 977 1013 1017 δὲ
1043 974 1089 1017 τὸ
1119 982 1240 1028 μῖσος
1265 976 1332 1016 καὶ
1356 973 1380 1028 ἡ
1403 974 1505 1029 πρὸς
1518 979 1641 1028 βασι·
1665 979 1696 1015 Β

177 1046 278 1094 λέως
310 1050 384 1099 τῆς
422 1044 579 1098 μητρὸς
618 1045 768 1097 ἐκείνης
803 1043 1004 1098 Εἰλογίας
1032 1041 1274 1099 παρόρασις.
1343 1042 1392 1084 τὸ
1430 1042 1474 1084 δ’
1514 1042 1644 1084 αἶ’τιον

179 1112 204 1167 ἦ
227 1115 316 1169 περὶ
340 1118 422 1155 τῶν
440 1111 662 1168 γεγονότων
683 1117 734 1170 τῇ
757 1112 944 1171 ἐκκλησία
966 1110 1146 1167 διαφορά
1161 1144 1173 1162 ,
1213 1110 1268 1160 ὥς
1289 1110 1344 1160 εἷς
1361 1111 1515 1166 ἐχθρὰν
1536 1112 1648 1166 λογί-

124 1194 169 1225 10
183 1184 326 1233 ζεσθαι
358 1186 415 1240 τῷ
448 1186 664 1236 κρατοῦντι
693 1180 751 1234 μὴ
782 1179 893 1229 ὅπως
922 1180 1051 1234 αὐτὴν
1082 1181 1319 1235 σχιζομένην
1347 1185 1422 1234 τῆς
1448 1179 1550 1235 πρὸς
1571 1179 1647 1233 τὴν

179 1252 395 1304 ἐκκλησίαν
425 1252 660 1301 κοινωνίας,
706 1248 809 1291 ἀλλὰ
842 1251 908 1290 καὶ
935 1249 1115 1298 πολλοὺς
1148 1254 1231 1291 τῶν
1264 1249 1507 1303 σχιζομένων
1534 1264 1648 1304 περι-

180 1324 381 1361 ποιοῦσαν
412 1320 478 1360 καὶ
508 1317 861 1372 περιθύλποιπαν.
931 1318 1064 1360 ταῦθ’
1103 1315 1128 1371 ἢ
1163 1320 1316 1370 Μαρία
1356 1317 1647 1371 πυνθανομένη

179 1392 262 1429 τῶν
282 1386 480 1442 ὁσημέραι
501 1386 603 1441 παρ’
623 1386 752 1440 αὐτὴν
773 1383 1010 1442 φοιτώντων
1034 1381 1158 1440 (ἦσαν
1172 1385 1249 1441 γὰρ
1270 1386 1336 1427 καὶ
1356 1389 1437 1427 τῶν
1456 1388 1648 1438 μοναχῶν

182 1455 256 1496 οὐκ
287 1455 412 1510 ὀλίγοι
433 1455 505 1509 τὴν
529 1457 584 1504 εἷς
603 1455 754 1508 ἕκείνην
773 1455 1009 1509 στέρξαντες
1031 1453 1215 1510 ἱκετείαν)
1231 1453 1342 1496 δεινὰ
1361 1454 1525 1506 ἐμελέτα
1540 1452 1645 1494 κατὰ
1670 1457 1701 1492 C

128 1532 169 1566 15
187 1528 255 1565 τοῦ
281 1526 411 1575 θείου,
442 1527 647 1578 στυγοῦσα
666 1524 740 1576 μὲν
759 1525 825 1564 καὶ
844 1523 917 1577 τὴν
937 1526 1106 1579 πρᾶξιν,
1144 1520 1199 1571 ὥς
1216 1522 1319 1578 πρὸς
1336 1521 1433 1571 τοὺς
1450 1519 1649 1564 ἱκετεύον-

183 1609 257 1641 τας
276 1591 431 1648 ἔλεγεν,
470 1593 512 1633 ἓν
536 1594 653 1652 δεινῷ
673 1593 717 1633 δὲ
736 1592 956 1648 ποιουμένη
990 1594 1056 1634 καὶ
1088 1590 1163 1646 τὴν
1181 1595 1256 1646 τῆς
1274 1590 1431 1648 μητρὸς
1446 1590 1549 1647 πρὸς
1566 1594 1648 1644 βα-

860 1733 958 1790 VI.

183 1812 396 1882 Caeterum
418 1844 615 1891 imperatori
636 1857 796 1881 novarum
818 1845 949 1881 initium
973 1855 1128 1881 curarum
1151 1844 1341 1880 attulerunt
1363 1856 1420 1880 res
1442 1844 1532 1890 apud
1555 1843 1650 1879 Hae-

180 1903 268 1925 mum
300 1891 420 1925 iterum
465 1893 636 1926 turbatae.
684 1904 760 1927 nam
795 1893 1033 1927 conventiones
1076 1892 1291 1926 Constantini
1330 1897 1365 1926 et
1395 1891 1455 1926 illa
1486 1891 1650 1932 foedera,

181 1936 325 1982 nuptiali
347 1942 518 1982 utcunque
541 1938 790 1973 necessitudine
812 1939 967 1982 firmata,
988 1939 1055 1973 iam
1080 1939 1386 1981 confundebantur,
1408 1937 1518 1971 Maria
1540 1937 1650 1970 virum

181 1982 217 2017 in
241 1982 364 2016 hostile
387 1984 549 2019 adversus
574 1985 741 2019 Romanos
765 1985 877 2020 odium
903 1990 1058 2019 movente
1080 1996 1120 2017 eo
1144 1985 1338 2026 efficacius,
1375 1995 1442 2028 quo
1476 1982 1583 2028 pluris
1606 1993 1648 2016 ea

181 2040 258 2063 esse
282 2029 371 2073 apud
395 2030 501 2074 ipsum
526 2036 690 2075 coeperat
712 2031 803 2065 edito
827 2031 858 2066 ei
882 2031 976 2074 filio,
1001 2031 1060 2077 qui
1083 2030 1233 2064 Michael
1257 2038 1310 2064 est
1333 2029 1467 2071 dictus,
1492 2032 1649 2062 cessante

181 2073 316 2108 interim
339 2075 557 2119 imperialium
584 2077 824 2122 promissorum
854 2077 936 2112 fide.
983 2088 1059 2112 nam
1083 2088 1157 2112 cum
1181 2076 1291 2122 pactis
1314 2075 1529 2121 sponsalibus
1552 2084 1649 2107 rece-

181 2119 292 2166 pisset
314 2119 500 2165 imperator
523 2122 767 2157 Mesembream
787 2123 1018 2157 Constantino
1041 2135 1079 2158 se
1102 2133 1287 2163 cessurum,
1310 2121 1454 2154 nondum
1479 2131 1550 2154 eam
1575 2125 1648 2152 tra-

183 2164 339 2206 diderat3
364 2170 399 2199 et
422 2169 504 2201 satis
527 2169 715 2213 apparebat
737 2169 959 2203 deliberatum
983 2181 1059 2203 esse
1081 2167 1148 2214 ipsi
1172 2168 1261 2201 nullo
1294 2177 1439 2211 unquam
1463 2166 1532 2199 fine
1554 2176 1647 2199 com-

182 2210 314 2245 minisci
335 2217 534 2256 praetextus
568 2225 632 2247 non
665 2214 767 2248 dandi
798 2216 888 2260 quod
922 2215 1097 2249 amitteret
1132 2212 1361 2247 invitissimus.
1406 2211 1550 2245 subiecit
1581 2210 1647 2245 iam

183 2267 246 2310 per
269 2268 307 2290 se
329 2257 462 2293 ardenti
494 2259 671 2293 offensioni
703 2260 869 2295 flammam
902 2273 992 2295 nova
1023 2260 1146 2295 iniuria
1168 2259 1344 2302 neglectae
1375 2263 1579 2302 spretaeque
1602 2257 1646 2291 ab

184 2304 391 2346 imperatore
422 2303 609 2349 Eulogiae,
647 2317 735 2350 quae
769 2313 876 2340 mater
907 2311 984 2340 erat
1007 2307 1124 2340 uxoris
1160 2303 1385 2338 Constantini.
1433 2314 1536 2338 causa
1558 2303 1649 2337 iuter

184 2359 244 2382 eos
267 2347 398 2381 dissidii
421 2348 485 2382 fuit
509 2350 673 2394 Eulogiae
703 2351 877 2386 declarata
898 2352 1080 2397 propensio
1113 2352 1147 2385 in
1172 2361 1230 2383 eas
1252 2362 1341 2395 quae
1373 2349 1478 2383 minus
1501 2348 1649 2393 impera-

183 2393 252 2427 tori
277 2394 508 2438 probabantur
532 2397 712 2430 factionum
736 2398 1037 2432 ecclesiasticarum
1063 2402 1193 2442 partes,
1217 2407 1317 2441 quam
1339 2395 1396 2429 ille
1419 2395 1496 2429 odio
1521 2394 1649 2430 sororis

163 2439 220 2475 ,in
244 2450 282 2473 se
306 2439 438 2473 cuidam
461 2439 663 2486 imputabat.
709 2454 792 2478 sane
815 2447 988 2477 matronae
1009 2443 1107 2477 huius
1129 2442 1165 2475 in
1189 2453 1230 2475 ea
1253 2453 1292 2475 re
1311 2441 1360 2476 ita
1383 2441 1552 2474 eminebat
1574 2447 1649 2474 stu-

183 2484 273 2519 dium
291 2512 300 2527 ,
322 2490 361 2518 ut
383 2497 449 2519 nou
473 2492 631 2521 contenta
653 2499 691 2522 se
712 2487 818 2534 ipsam
843 2501 864 2522 a
887 2488 1116 2523 communione
1149 2486 1424 2522 consentientium
1449 2486 1548 2520 fratri
1574 2488 1649 2520 Au-

184 2534 286 2575 gusto
310 2542 514 2576 segregare,
547 2533 729 2578 plerosque
763 2534 866 2568 etiam
889 2539 1046 2568 auctores
1079 2533 1332 2579 participesque
1354 2533 1544 2567 schismatis
1568 2543 1649 2566 con—

186 2576 306 2610 ciliare
329 2577 530 2612 demerendo
554 2578 619 2612 sibi
643 2580 826 2624 favereque
847 2579 1036 2624 patrocinio
1059 2580 1168 2625 palam
1193 2579 1381 2613 affectaret.
1429 2579 1512 2612 haec
1535 2577 1648 2611 Maria

185 2621 390 2666 quotidianis
414 2620 554 2658 audie'ns
577 2624 702 2658 nuntiis
727 2625 955 2668 (cursitabant
980 2626 1064 2660 enim
1088 2625 1178 2659 inter
1203 2631 1343 2664 matrem
1366 2624 1537 2668 filiamque
1560 2634 1648 2656 nun-

185 2667 339 2702 dinandis
370 2668 405 2702 in
436 2681 571 2704 causam
603 2670 792 2705 schismatis
825 2671 1042 2706 muliebribus
1064 2670 1235 2716 suffragiis
1262 2670 1382 2705 intenti
1406 2668 1556 2703 monachi
1579 2679 1646 2704 non

184 2713 305 2758 pauci)
338 2715 460 2758 gravia
491 2716 523 2749 in
555 2717 750 2751 avunculum
784 2716 964 2752 machinari
993 2729 1070 2752 orsa
1104 2720 1177 2758 est,
1209 2716 1317 2751 invita
1345 2717 1420 2760 ipsa
1453 2715 1586 2759 quidem
1609 2717 1647 2748 et

186 2758 373 2794 abhorrens
395 2761 438 2795 ab
460 2761 561 2807 impio
587 2762 622 2796 in
646 2762 792 2808 speciem
815 2764 919 2804 facto,
941 2766 980 2798 ut
1002 2763 1118 2798 dicere
1138 2763 1271 2798 solebat
1291 2762 1547 2808 implorantibus
1570 2758 1645 2794 eius

187 2815 283 2849 opem
306 2816 391 2851 quos
413 2806 482 2842 dixi
505 2808 700 2852 monachis,
721 2813 834 2844 tamen
856 2820 1043 2854 excusans,
1075 2809 1188 2845 sinere
1221 2809 1361 2844 inultam
1392 2819 1430 2842 se
1452 2818 1518 2842 non
1541 2817 1644 2853 posse
