1846 3262
248 204 315 253 44
670 206 906 251 GEORGII
942 207 1298 253 PACHYMERIS

248 319 353 378 μήτε
382 325 458 375 τῆς
485 319 555 363 ἔπί
579 338 694 372 τινας
721 325 805 365 τῶν
832 319 1085 380 μεγιστάνων
1104 326 1180 366 τοῦ
1197 321 1398 376 βασιλέως
1416 321 1540 380 ὀργῆς
1559 322 1726 373 δικαίως

249 391 351 446 ἔχειν
372 389 483 445 ἡμᾶς
504 391 727 433 αἰτιᾶσθαί
744 408 871 442 τινας.
941 391 1037 435 ἀλλ’
1060 387 1110 447 ἦν
1131 392 1206 446 μὲν
1222 391 1323 442 ἴσως
1343 394 1411 435 καὶ
1428 389 1615 445 πταῖσμά
1630 409 1723 445 τινι,

246 455 298 516 ἦν
319 459 361 502 ‹5’
385 458 525 509 ἄλλοις
548 461 616 502 καὶ
634 459 708 502 οὐκ
730 461 773 503 ἐν
792 460 971 517 ἀγαθοῖς
991 459 1154 517 ’ὑποψία
1164 494 1178 514 ,
1207 456 1259 515 ἦν
1278 462 1323 504 δὲ
1342 463 1409 504 καὶ
1435 459 1638 514 βασιλέως
1658 459 1727 504 {nl

247 546 330 572 τισι
349 528 518 584 θέλημα
542 532 668 588 θυμῷ
693 527 1056 588 συγκροτούμενον.
1127 531 1195 573 καὶ
1216 529 1341 580 ἄλλος
1361 530 1522 586 ἀγαθὸς
1543 528 1599 573 ὢν
1619 526 1724 572 ἀδό-

248 614 366 653 κιμος
395 597 508 648 ἔδοξε
539 599 608 641 καὶ
633 596 903 656 παρώραται,
934 597 1071 655 ἥκιστ’
1103 599 1217 650 ἄξιος
1246 598 1317 642 ὤν.
1386 593 1438 654 ἦν
1470 593 1543 642 οὖν
1565 598 1758 643 ἔκείνωνὸ

195 679 228 713 Ε
253 664 414 724 καιρός,
450 665 561 711 οὕτω
592 665 718 718 δόξαν
748 672 807 727 τῷ
833 669 1042 725 κρείττονι.
1114 668 1220 711 ἀλλὰ
1241 673 1340 722 νῦν,
1377 666 1516 722 οἶμαι,
1553 666 1638 710 ἔστι
1656 668 1726 710 καὶ

249 740 328 792 τῆς
359 735 549 787 ἀνέσεως.
618 736 710 780 ἰδοὺ
738 738 816 795 γὰρ
853 735 874 781 ὁ
904 742 1067 795 κρατῶν
1099 735 1309 790 ἐκποδών,
1345 738 1413 780 καὶ
1449 734 1470 780 ὅ
1502 737 1544 787 ἐξ
1571 736 1724 779 ἐκείνου

250 805 365 857 ἄξιος
387 804 524 863 ἄρχειν
551 804 698 862 μεῖράξ
717 807 850 859 ἔστιν,
878 805 934 857 ὥς
953 805 1097 864 ὁρᾶτε,
1135 808 1203 850 καὶ
1234 806 1300 850 διὰ
1325 810 1449 849 τοῦτο
1477 808 1632 859 πολλῆς
1649 805 1724 859 μέν

250 881 411 925 πιστοῖς
442 870 534 918 οὖσι
561 879 636 931 τῆς
664 875 730 918 ἐπ’
754 876 867 935 αὐτῷ
897 878 960 919 δεῖ
977 878 1222 933 φροντίδος,
1250 879 1401 931 συχνῆς
1426 875 1471 918 δὲ
1493 879 1568 929 τῆς
1586 874 1726 929 ἐπιμε-

251 945 384 997 λείας,
421 942 476 994 ὥς
499 943 549 987 ἂν
569 946 637 988 καὶ
657 945 760 1002 πρὸς
782 945 878 996 τοὺς
900 945 1015 995 ἐντὸς
1034 947 1100 988 καὶ
1123 945 1227 1002 πρὸς
1251 945 1348 995 τοὺς
1371 943 1487 994 ἐκτὸς
1507 943 1723 1000 ἀγρυπνεῖν
1737 953 1783 988 10

251 1013 485 1071 ὀφείλουσι,
521 1012 580 1069 μή
603 1031 690 1065 πως
712 1012 848 1057 λαθόν
868 1031 908 1058 τι
927 1019 1010 1058 τῶν
1033 1013 1265 1070 ἀνηκέστων
1286 1013 1465 1070 γένηται.
1535 1011 1648 1062 ὅπως
1680 1012 1727 1055 δὲ

252 1084 321 1133 καὶ
352 1086 487 1133 καλῶς
518 1082 597 1138 ἔχει
627 1085 695 1126 καὶ
724 1085 881 1127 δίκαιον
908 1084 1152 1142 πιστοτέραν
1182 1083 1258 1139 τὴν
1286 1081 1512 1139 ὑπηρεσίαν
1540 1079 1656 1136 νῦνῆ
1676 1080 1724 1124 τὸ

251 1149 453 1209 πρότερον
482 1159 694 1209 συντηρεῖν
726 1157 784 1212 τῷ
809 1151 1067 1206 ὁεσπόζοντι,
1102 1153 1221 1196 οῦδὲν
1242 1148 1589 1205 ὑποστειλάμενος
1608 1149 1724 1200 λέξω.

132 1234 161 1268 P
186 1233 229 1269 25
256 1225 422 1278 πρῶτον
451 1221 527 1276 μὲν
559 1221 605 1264 τὸ
638 1222 747 1272 νέαις
771 1226 844 1278 τῆς
869 1220 1028 1277 ἡλικίας
1047 1223 1260 1279 φροντίσιν
1281 1217 1495 1264 ἇττάλλειν
1511 1220 1578 1262 καὶ
1595 1218 1726 1273 μηδὲν

249 1288 494 1347 ὑπορύττειν
516 1290 589 1334 τὸν
609 1289 883 1345 βασιλεύοντα
898 1292 1001 1348 πρὸς
1021 1291 1074 1335 τὰ
1093 1291 1207 1348 παρὰ
1229 1294 1312 1334 τῶν
1333 1288 1572 1346 ἀρχομένων
1589 1294 1782 1345 apat-15,

251 1357 402 1415 τόμενα
427 1357 668 1416 ἔφέλκοντός
688 1362 795 1402 ἔστιν
816 1360 887 1417 ἐφ’
911 1359 1058 1404 ἑαυτὸν
1078 1359 1251 1412 εὔνοιαν,
1286 1359 1415 1414 μηδὲν
1432 1355 1725 1401 ὑπονοούντων

253 1430 496 1481 πείσεσθαι,
535 1431 603 1471 καὶ
633 1433 709 1472 τοῦ
738 1427 873 1486 φόβου
896 1426 1074 1479 ἀπόντος
1090 1429 1149 1485 μὴ
1174 1431 1372 1472 δειλιῶντι
1391 1428 1459 1470 καὶ
1479 1428 1570 1483 περὶ
1589 1424 1725 1484 ἑαυτῷ

251 1498 414 1553 ἕτοιμος
437 1497 586 1540 ἐσεῖται
605 1497 657 1541 τὰ
677 1502 751 1554 τῆς
769 1496 928 1554 ἀγάπης
946 1499 1243 1542 ἐνδείκνυσθαι.
1312 1496 1359 1540 τὸ
1379 1495 1458 1553 γὰρ
1483 1497 1729 1547 σπουδαῖον,

252 1567 322 1624 ἐφ’
349 1560 382 1626 ᾧ
407 1583 469 1616 τις
487 1563 709 1624 ὖπηρετοίη
720 1600 733 1619 ,
768 1566 795 1622 ἢ
815 1565 950 1624 φόβου
975 1566 1002 1623 ἢ
1022 1567 1104 1624 μὴν
1124 1565 1284 1624 ἀγάπης
1307 1561 1592 1609 συνιστώντων
1604 1596 1619 1617 ,
1655 1564 1725 1606 καὶ

254 1634 351 1691 ἡμῖν
383 1632 560 1692 ἀνάγκης
583 1634 748 1687 πάντως
776 1635 903 1693 οὔσης
929 1635 1167 1695 ὑπηρετεῖν,
1204 1633 1383 1686 ἀπόντος
1409 1638 1485 1678 τοῦ
1511 1630 1648 1692 φόβου
1671 1636 1781 1690 τῇ20

345 1778 380 1816 8.
402 1779 552 1820 πολλοῖς
574 1779 617 1815 Ρ.

256 1905 357 1950 lapsu
390 1904 539 1950 quodam
570 1916 654 1948 suo3
689 1905 777 1941 alios
800 1908 972 1951 tamquam
998 1916 1064 1939 non
1091 1905 1199 1940 bonos
1222 1905 1310 1939 falsa
1333 1903 1483 1950 suspicio
1506 1900 1726 1943 traduxerit3

257 1951 446 1986 excesserit
470 1951 616 1998 denique
639 1952 674 1985 in
698 1953 829 1998 aliquos
852 1952 906 1986 ira
929 1951 1135 1986 consultrice
1157 1963 1222 1986 non
1247 1951 1339 1986 fideli
1364 1962 1427 1985 usa
1450 1950 1607 1984 voluntas
1630 1948 1726 1994 prin-

258 1997 360 2043 cipis.
405 2009 538 2043 perque
568 1998 694 2033 similes
718 1999 770 2032 his
794 2009 916 2033 causas
951 2000 1110 2033 evenerit
1132 2003 1171 2032 ut
1195 1997 1255 2043 qui
1281 1999 1392 2032 bonus
1415 2001 1492 2031 erat
1515 2007 1579 2041 pro
1601 2005 1725 2040 suspe—

257 2050 314 2079 cto
339 2043 555 2086 reficeretur,
580 2045 829 2090 praeteriretur
851 2056 918 2079 non
943 2045 1051 2079 minus
1075 2045 1200 2089 dignus
1224 2048 1410 2089 assumpto.
1457 2042 1508 2078 sic
1530 2046 1600 2075 tum
1625 2045 1725 2075 erant

255 2094 421 2136 tempora.
468 2091 519 2125 sic
542 2096 626 2125 tunc
649 2091 758 2125 visum
780 2102 938 2125 summam
962 2090 1103 2126 habenti
1127 2096 1342 2136 potestatem.
1390 2092 1428 2123 at
1459 2085 1648 2133 praeterito
1672 2085 1724 2120 illi

255 2136 324 2171 iam
347 2136 495 2180 tempori
518 2137 611 2182 aliud
635 2137 802 2172 successit
825 2138 926 2182 plane
953 2137 1146 2179 diversum,
1178 2142 1314 2181 tempus
1335 2133 1542 2170 remissionis
1566 2138 1602 2167 et
1624 2144 1726 2167 secu-

255 2182 381 2217 ritatis.
420 2195 502 2217 ecce
525 2182 583 2229 qui
605 2187 688 2218 tunc
711 2184 879 2228 regnabat
900 2183 1053 2218 sublatus
1077 2196 1097 2218 e
1120 2183 1229 2217 medio
1253 2187 1327 2223 θεῖς
1351 2181 1384 2216 ei
1406 2179 1573 2216 successit
1596 2190 1641 2213 ex
1663 2178 1725 2212 illo

256 2228 394 2272 genitus
417 2229 542 2274 dignus
563 2229 719 2276 imperio.
768 2241 853 2275 puer
878 2235 950 2272 est,
979 2234 1018 2264 ut
1041 2229 1180 2263 videtis.
1228 2233 1370 2274 propter
1393 2228 1457 2262 hoc
1480 2227 1622 2261 fidorum
1648 2225 1726 2270 plu-

254 2275 341 2309 rium
373 2281 456 2320 eget
487 2287 588 2318 cura,
626 2276 797 2321 frequenti
828 2275 928 2311 etiam
960 2280 996 2310 et
1026 2276 1164 2310 solicita
1192 2274 1381 2319 diligentia.
1430 2271 1630 2308 custodibus
1652 2278 1724 2306 tam

253 2321 328 2355 cari
352 2321 477 2366 capitis
498 2321 707 2357 intendenda
729 2322 852 2366 vigilia
873 2327 940 2365 est,
962 2328 1030 2357 tam
1054 2321 1091 2356 in
1115 2333 1175 2357 eos
1198 2321 1258 2367 qui
1283 2321 1373 2354 intus
1398 2331 1499 2365 quam
1522 2319 1558 2353 in
1581 2328 1641 2352 eos
1664 2315 1725 2363 qui

253 2367 341 2401 foris
364 2373 465 2410 sunt,
485 2380 529 2402 ne
552 2369 646 2413 quod
673 2368 706 2403 ei
725 2368 881 2403 alicunde
903 2369 1025 2403 malum
1048 2366 1298 2402 immedicabile
1322 2367 1407 2401 clam
1432 2367 1592 2410 obrepat.
1639 2374 1725 2397 cau-

254 2424 313 2449 sas
345 2425 469 2458 porro,
502 2426 564 2449 cur
594 2415 648 2449 fas
681 2420 717 2449 et
750 2426 893 2459 aequum
924 2414 994 2449 iuri
1027 2419 1063 2449 et
1093 2415 1209 2449 officio
1233 2417 1497 2448 consentaneum
1519 2411 1568 2445 sit
1590 2408 1726 2444 fidelius

254 2458 478 2494 ministerium
504 2460 771 2506 obsequiumque
794 2461 1007 2496 constantius
1030 2461 1161 2507 pariter
1185 2463 1221 2495 et
1244 2459 1391 2494 alacrius
1414 2469 1502 2492 nunc
1533 2467 1632 2502 quam
1659 2466 1724 2489 an-

255 2509 315 2540 tea
337 2517 493 2551 umquam
517 2507 679 2542 exhibere
703 2517 765 2542 nos
789 2519 829 2542 ac
851 2518 980 2542 navare
1009 2506 1173 2542 communi
1204 2506 1359 2547 domino,
1392 2503 1476 2539 nihil
1507 2501 1725 2536 dissimulans

256 2551 379 2586 dicam.
428 2552 569 2597 primum
592 2552 652 2587 illa
674 2553 874 2598 simplicitas
897 2553 1043 2595 domini,
1079 2553 1202 2600 puerili
1229 2552 1450 2593 sinceritate,
1485 2548 1559 2583 sine
1583 2552 1659 2582 arte
1682 2557 1725 2581 ac

257 2598 339 2632 fuco
371 2598 509 2643 quidvis
541 2599 696 2643 agentis,
728 2599 812 2633 nihil
843 2600 1066 2642 occultando,
1097 2599 1180 2633 nihil
1210 2599 1394 2633 clanculum
1417 2600 1479 2631 aut
1501 2605 1627 2629 arcane
1650 2604 1725 2627 ma-

258 2643 449 2686 chinando,
479 2644 563 2679 nihil
592 2644 780 2690 suspiciose
812 2646 994 2690 cogitando
1027 2646 1072 2680 de
1101 2645 1144 2681 iis
1176 2657 1266 2690 quae
1302 2642 1430 2679 subditi
1453 2640 1605 2682 faciunt,
1640 2638 1725 2683 quid

259 2689 353 2724 aliud
385 2701 483 2736 quam
515 2690 625 2725 trahit
646 2696 681 2725 et
703 2691 913 2730 ineluctabili
948 2692 1093 2738 quadam
1125 2691 1271 2738 pellacia
1292 2690 1387 2736 rapit
1409 2687 1454 2723 ad
1476 2698 1554 2722 sese
1577 2686 1724 2720 omnium

260 2736 551 2778 benevolentiam,
587 2737 723 2779 studia,
759 2738 961 2772 tenerrimos
995 2739 1161 2778 affectus,
1198 2737 1318 2783 utique
1349 2747 1435 2780 erga
1465 2731 1554 2768 omni
1582 2732 1649 2765 iam
1681 2740 1724 2764 ex

262 2788 363 2827 parte
394 2782 569 2817 amabilem
601 2783 810 2830 principem,
844 2795 866 2818 a
897 2795 963 2829 quo
987 2796 1083 2818 nemo
1107 2783 1290 2830 quidquam
1321 2783 1413 2828 quod
1435 2779 1522 2815 nolit
1546 2787 1724 2823 passurum

264 2839 341 2862 sese
365 2829 421 2863 vel
444 2829 628 2873 cogitando
653 2829 764 2875 possit
785 2829 928 2874 fingere.
977 2831 1114 2865 excluso
1142 2836 1255 2864 autem
1277 2834 1368 2864 metu
1391 2825 1479 2861 omni
1501 2829 1614 2860 restat
1639 2833 1726 2869 pura

267 2874 395 2910 caritas
418 2879 455 2911 et
476 2875 605 2920 libera,
645 2875 740 2911 cuius
762 2876 868 2912 solius
891 2887 1058 2923 generoso
1085 2888 1127 2913 ac
1150 2875 1314 2912 laudabili
1335 2873 1482 2921 impulsu
1504 2881 1649 2919 pronum
1670 2872 1727 2904 est
