1884 3262
437 175 512 217 DE
546 175 827 219 MICHAELE
862 177 1236 222 PALAEOLOGO
1271 179 1318 222 L.
1346 177 1424 226 IV.
1566 179 1663 226 277

196 283 336 337 τάτοις
365 288 570 342 μεσιτείας
601 286 781 344 τρόποις.
849 286 978 344 μόνον
1007 288 1069 345 μή
1096 308 1158 341 τις
1183 292 1288 350 ἐνδῷ
1314 291 1417 348 πρὸς
1443 292 1491 336 τὸ
1507 299 1659 349 χεῖρον,

193 356 304 411 μηδέ
320 373 381 406 τις
403 356 450 399 τὸ
474 357 580 400 καθ’
606 356 733 401 αὑτὸν
753 362 917 401 σκοπῶν
939 360 1006 400 καὶ
1025 357 1153 412 μόνον
1174 361 1216 402 ἒν
1238 360 1287 403 οὐ
1309 368 1496 412 παικτοῖς
1522 365 1659 415 παιζέ-
1683 371 1711 405 Ρ
1739 373 1802 407 187

194 442 279 476 τω,
315 425 373 479 μὴ
401 425 445 467 δ’
468 426 544 468 οὐκ
564 426 631 468 ἐπ’
656 427 847 476 ἀνυστοΐς
865 428 1140 479 σπουδαζέτω.
1194 429 1246 471 τὰ
1263 428 1341 486 γὰρ
1362 430 1466 473 καθ’
1489 430 1660 475 ἕκαστον

194 492 461 548 ὀλισθήματα
494 497 716 547 ἐμπιπλᾶσι
746 493 998 551 πραγμάτων
1023 496 1099 546 τὰς
1127 494 1288 550 πόλεις,
1325 501 1392 540 καὶ
1412 497 1502 548 ἑνὸς
1521 497 1658 555 ἆμαρ-

158 559 390 612 6τάνοντος
409 565 551 606 πολλοὶ
572 569 654 606 τῶν
675 568 811 607 κακῶν
834 562 1044 619 ἀπηύρων.
1114 563 1278 621 φεύγετε
1304 572 1442 609 τοίνυν
1469 567 1545 617 τὰς
1573 586 1656 611 πα-

191 629 431 685 ρασυνάξεις
445 665 456 683 ,
494 634 560 674 καὶ
582 639 669 681 τοῖς
689 633 907 686 σχίσμασιν
929 630 1232 688 ἀπεχθάνεσθε.
1280 636 1422 678 πολλοὶ
1444 634 1654 692 σακκοᾳό-

188 717 253 754 ροι
275 707 364 749 ταῖς
381 701 525 750 οἰκίαις
542 698 657 755 ὑμῶν
679 698 1046 755 παρεισδύσονται,
1085 701 1160 755 οὐχ
1182 701 1292 752 ὅπως
1309 700 1405 756 ὑμῖν
1426 698 1470 746 εὖ
1490 703 1654 760 ’γένηται

185 767 545 824 προθυμούμενοι,
581 769 676 811 ἀλλ’
713 768 823 819 ὅπως
852 768 902 812 ἂν
928 770 1069 820 αὐτοῖς
1095 770 1196 824 παρ’
1221 769 1339 825 ὑμῶν
1358 773 1578 828 πορισθείη
1601 773 1652 816 τὰ

186 836 291 879 κατὰ
327 838 466 893 χρείας
507 842 766 887 σκοποῦντες.
836 836 922 881 εἶτα
957 837 1285 895 κατηγορήσουσι
1321 840 1396 894 μὲν
1428 841 1645 894 βασιλέων,
1673 848 1702 883 Β

133 917 175 951 10
188 905 306 948 καινὰ
325 907 370 948 δὲ
390 912 476 955 τοῖς
493 910 681 956 παλαιοῖς
701 910 890 960 μίξαντες
908 907 967 962 μὴ
991 911 1126 957 καλῶς
1151 908 1252 963 ἔχειν
1271 907 1321 951 τὰ
1342 913 1416 964 τῆς
1436 910 1651 964 ἐκκλησίας

185 975 416 1025 ἐποίσουσι,
454 976 521 1015 καὶ
547 974 615 1016 διὰ
643 979 765 1017 τοῦτο
794 977 862 1017 καὶ
884 975 1036 1026 mimig-
1053 974 1159 1030 τάχα
1178 980 1419 1020 πλανᾶσθαι
1438 977 1513 1032 τὴν
1535 971 1649 1034 (5159-

184 1046 318 1084 θωσιν
362 1040 500 1100 (οὕτω
536 1042 615 1099 γὰρ
654 1044 794 1086 ἐκεῖνοι
833 1043 932 1093 ἴσως
962 1043 1012 1086 ἂν
1045 1047 1111 1087 καὶ
1140 1045 1293 1095 λε’ξειαν
1325 1043 1645 1103 διαβάλλοντες)

181 1109 610 1167 ἅποκαραδοκοῦντας.
682 1113 725 1154 τί
747 1116 846 1167 γοῖν
874 1113 1062 1168 ποιητέον
1089 1111 1186 1167 ὗμῖν
1209 1114 1322 1169 ε’στίς
1358 1114 1405 1157 τὸ
1424 1115 1500 1167 μὲν
1517 1131 1646 1169 μετα-

181 1178 338 1221 διδόναι
370 1181 437 1221 καὶ
467 1187 553 1230 τοῖς
572 1179 711 1230 ἄλλοις
730 1185 812 1224 τῶν
833 1180 963 1224 ὄντων
982 1181 1030 1224 οὐ
1049 1180 1230 1238 φθόνος”
1268 1183 1482 1238 πραττὲτω
1507 1200 1567 1234 τις
1591 1181 1648 1233 ὥς

126 1260 168 1294 15
177 1245 370 1301 βούλεται
384 1252 522 1291 τοῦτο.
591 1248 639 1291 τὸ
660 1250 704 1291 δὲ
722 1255 808 1299 τοῖς
828 1247 964 1305 λόγοις
982 1250 1118 1293 αὐτῶν
1139 1249 1458 1306 καθυπάγεσθαι
1480 1253 1547 1294 καὶ
1568 1251 1645 1294 σὺν

177 1317 340 1366 ἐκείνοις
375 1321 617 1360 πλανᾶσθαι
651 1317 702 1360 οὗ
730 1335 801 1371 μοι
831 1320 944 1360 δοκεῖ
968 1318 1060 1361 οὔτ’
1093 1319 1181 1373 ε’μοὶ
1210 1319 1378 1362 ἀνεκτὸν
1406 1319 1510 1362 οὔθ’
1542 1317 1637 1374 {patu
1662 1322 1692 1357 C

176 1385 371 1442 ἀσφαλές.
441 1385 503 1428 διὸ
536 1384 771 1442 προφθάνει
801 1391 876 1440 τῆς
904 1388 1104 1443 τιμωρίας
1137 1385 1162 1441 ἧ
1197 1386 1362 1442 ἀπειλή,
1393 1385 1452 1442 μή
1473 1405 1559 1438 πως
1578 1388 1644 1430 ε’πὶ
1691 1385 1696 1389 ”

176 1459 260 1497 τῶν
283 1454 410 1509 ἔργων
425 1451 598 1509 γεγονώς
615 1471 677 1504 τις
699 1455 850 1497 παθὼν
876 1455 1037 1498 εἴσεται.
1109 1453 1263 1511 ἀνάγκη
1282 1456 1361 1512 γὰρ
1383 1462 1470 1505 τοῖς
1492 1456 1642 1512 ὀλίγοις

175 1522 579 1579 συνδιαστρέφεσθαι
610 1522 708 1573 τοὺς
734 1521 933 1574 πολλοί-ς’·
968 1525 1035 1567 καὶ
1069 1523 1314 1567 τούντεῦθεν
1342 1524 1402 1574 τίς
1429 1522 1538 1568 οὕτω
1566 1542 1638 1567 νυ-

172 1678 319 1725 quinimo
341 1681 438 1723 grato
462 1678 560 1713 nobis
582 1677 616 1712 in
640 1677 747 1712 locum
769 1679 897 1713 retrusi
921 1681 956 1713 et
978 1678 1201 1724 implacabilis
1230 1677 1328 1712 istius
1350 1688 1550 1712 successuro
1573 1688 1636 1723 pa-

172 1732 285 1767 store,
316 1724 571 1759 commoditates
594 1725 683 1769 apud
708 1736 769 1758 nos
792 1730 924 1759 vestras
947 1725 1143 1759 decentibus
1166 1725 1256 1758 illam
1281 1735 1459 1769 personam
1483 1723 1635 1757 efficaci·

172 1771 236 1805 bus
257 1770 552 1804 intercessionibus
583 1778 808 1815 procurante,
839 1773 936 1815 large
958 1770 994 1804 in
1018 1782 1079 1804 vus
1102 1770 1230 1804 effundi
1252 1769 1408 1804 sentietis
1433 1770 1523 1803 bona
1544 1780 1634 1814 quae

169 1817 370 1851 desideratis
392 1817 499 1851 omnis
520 1816 668 1861 generis.
714 1820 844 1850 tantum
868 1828 911 1850 ne
933 1816 1009 1862 quis
1030 1820 1180 1850 vestrum
1203 1816 1260 1859 agi
1282 1828 1319 1851 se
1342 1815 1376 1849 in
1400 1820 1633 1850 transversum

168 1862 279 1903 sinan
314 1874 378 1896 nec
407 1874 471 1896 sua
505 1862 604 1896 unius
627 1866 787 1907 spectans
810 1864 985 1897 commoda
1016 1863 1111 1896 ludat
1134 1863 1169 1897 in
1191 1864 1292 1896 rebus
1316 1873 1406 1907 quae
1426 1861 1542 1895 iudum
1565 1872 1632 1895 non

168 1909 370 1951 admittunt,
405 1911 466 1942 aut
495 1921 537 1942 ea
567 1920 656 1954 quae
682 1908 799 1954 perfici
823 1920 888 1943 uon
911 1912 1053 1953 possunt
1074 1908 1162 1942 serio
1184 1915 1335 1942 conetur.
1382 1918 1458 1940 nam
1479 1906 1633 1951 singulo-

167 1966 241 1988 rum
265 1965 443 1999 perperam
465 1955 711 1989 offendentium
734 1955 854 1989 civium
877 1955 992 1999 lapsus
1021 1954 1198 1989 universas
1220 1954 1316 1988 tricis
1340 1952 1481 1998 implent
1503 1952 1632 1987 turbis-

167 2012 234 2046 que
259 2001 429 2042 civitates,
453 2005 581 2035 natura¹
598 2012 709 2034 rerum
732 2001 783 2035 ita
806 2003 938 2034 serente
961 2006 999 2034 ut
1019 2011 1062 2034 ex
1084 2012 1150 2034 uno
1174 2005 1338 2045 peccante
1361 2010 1470 2044 poena
1491 1998 1528 2032 in
1544 1998 1630 2032 mul-

167 2052 222 2081 tos
252 2053 473 2093 propagetur.
519 2047 630 2093 sugite
651 2046 756 2091 igitur
779 2046 1031 2087 conventicula,
1063 2046 1264 2080 aversamini
1296 2046 1486 2079 schismata.
1532 2043 1630 2078 multi

166 2096 274 2126 saccis
295 2092 403 2127 induti
426 2093 542 2127 domos
564 2094 598 2127 in
619 2098 752 2127 vestras
776 2105 814 2126 se
837 2093 1032 2134 insinuant,
1055 2104 1121 2126 non
1143 2098 1182 2126 ut
1204 2091 1302 2126 vobis
1327 2091 1481 2136 prosint,
1506 2089 1567 2123 sed
1590 2092 1630 2123 ut

166 2138 234 2172 sibi
261 2139 497 2173 eblandiantur
519 2143 579 2173 aut
601 2139 834 2184 quoquomodo
861 2139 1043 2172 conficiant
1066 2150 1108 2172 ex
1132 2138 1229 2171 vobis
1251 2149 1339 2182 quae
1362 2135 1520 2180 cupiunt,
1553 2135 1628 2180 qui·

166 2184 230 2218 bus
257 2184 418 2228 indigent.
463 2185 543 2219 inde
565 2185 799 2230 imperatorem
823 2185 957 2230 quidem
980 2185 1211 2224 accusabunt;
1249 2189 1319 2216 tum
1342 2192 1430 2215 nova
1452 2180 1627 2215 veteribus

164 2231 363 2273 miscentes,
396 2230 486 2264 haud
517 2232 604 2264 bene
634 2231 763 2264 habere
784 2242 840 2264 res
863 2230 1028 2264 ecclesiae
1050 2230 1276 2271 subinferent,
1306 2232 1342 2262 et
1363 2231 1549 2272 propterea
1573 2226 1628 2261 vi-

164 2276 290 2310 delicet
312 2276 453 2320 largiter
475 2282 626 2310 erratum
645 2277 678 2310 in
700 2277 765 2310 viis
787 2277 1008 2311 correctionis
1029 2275 1206 2314 ineundis,
1240 2273 1330 2308 nullo
1350 2273 1441 2307 inter
1463 2271 1626 2307 ecclesia·

162 2322 268 2356 sticos
289 2321 411 2356 idoneo
433 2327 570 2367 reperto
596 2322 813 2357 emendandis
833 2323 929 2356 malis
951 2323 1073 2367 quibus
1095 2320 1287 2366 respublica
1301 2330 1435 2366 pessum
1448 2317 1527 2353 iret.
1571 2317 1624 2352 sic

165 2367 252 2401 enim
273 2368 319 2401 ini
342 2367 489 2402 forsitan
513 2369 680 2411 garrient,
715 2369 932 2402 criminantes
955 2379 1015 2402 eos
1040 2367 1100 2412 qui
1122 2367 1295 2412 sapienter
1330 2368 1534 2399 cunctantur
1555 2363 1625 2397 cir-

163 2413 424 2458 cumspicientes
455 2414 586 2455 omnia,
623 2418 660 2448 et
685 2414 720 2448 iu
753 2415 946 2448 occasiones
976 2414 1148 2447 imminent
1177 2415 1367 2458 opportune
1388 2409 1625 2456 procurandae

187 2460 319 2494 ublicae
347 2459 479 2494 salutis.
526 2459 610 2504 quid
641 2460 746 2504 igitur
777 2461 944 2504 agendum
976 2459 1072 2493 vobis
1100 2459 1181 2493 est?
1215 2458 1297 2504 quin
1330 2469 1351 2492 e
1383 2461 1499 2491 vestra
1522 2455 1623 2500 copia

161 2471 354 2550 Birgiamini
374 2505 498 2551 quibus
519 2505 709 2547 videbitur,
742 2506 833 2540 nulla
863 2505 987 2539 invidia
1017 2511 1081 2539 est.
1127 2505 1234 2539 faciat
1255 2504 1291 2538 in
1314 2515 1356 2538 eo
1378 2514 1505 2547 genere
1527 2501 1622 2546 quis-

162 2563 231 2597 que
263 2556 302 2586 ut
333 2552 436 2586 volet.
484 2552 607 2586 abduci
631 2556 744 2586 autem
773 2551 1048 2596 persuasionibus
1074 2550 1239 2592 istorum,
1274 2554 1310 2584 et
1331 2560 1407 2583 cum
1428 2547 1622 2582 errantibus

161 2609 223 2631 vos
245 2597 375 2643 pariter
397 2609 535 2639 errare,
558 2609 622 2631 nec
644 2598 815 2642 probarim
832 2591 995 2642 'equidem
1015 2609 1080 2631 nec
1099 2597 1232 2642 patiar:
1254 2607 1320 2629 non
1342 2594 1432 2628 enim
1455 2598 1508 2628 est
1529 2592 1619 2626 toie-

159 2643 288 2684 rabile,
320 2655 362 2678 ac
395 2655 439 2678 ne
467 2644 564 2677 vobis
589 2643 724 2689 quidem
752 2643 901 2688 expedit.
946 2648 1132 2688 propterea
1153 2641 1331 2688 praecedit
1353 2652 1435 2675 ecce
1456 2638 1619 2673 ultionem

162 2689 395 2733 comminatio,
430 2696 474 2723 ne
496 2690 572 2735 quis
593 2701 672 2724 sero
693 2690 828 2734 sapiat,
860 2689 919 2723 ubi
940 2689 1170 2735 deprehensus
1198 2700 1288 2734 quae
1311 2685 1434 2721 meruit
1455 2683 1618 2730 patietur.

161 2745 235 2768 cum
267 2735 354 2770 enim
386 2735 580 2770 necessario
604 2747 647 2769 ex
671 2736 818 2770 tolerata
840 2734 1013 2780 pravitate
1042 2746 1226 2782 paucorum
1246 2732 1342 2768 musti
1363 2734 1619 2778 pervertantur,

159 2780 235 2823 quis
257 2784 325 2815 tam
347 2781 533 2816 dormitans
555 2781 795 2816 custodiendae
815 2781 1021 2827 reipublicae
1044 2781 1256 2827 praepositus
1271 2790 1338 2813 non
1353 2778 1503 2812 rationes
1526 2775 1620 2809 ineat

161 2831 195 2859 et
218 2832 373 2862 conatum
396 2828 576 2872 adhibeat,
607 2840 694 2874 quo,
730 2828 760 2862 si
781 2828 909 2874 possit,
942 2827 1047 2863 sistat
1066 2827 1227 2874 impetum
1245 2824 1375 2860 ruentis
1396 2823 1431 2858 in
1453 2830 1622 2868 praeceps
