<?xml version="1.0" encoding="UTF-8"?>
<!DOCTYPE html PUBLIC "-//W3C//DTD XHTML 1.0 Transitional//EN"
    "http://www.w3.org/TR/xhtml1/DTD/xhtml1-transitional.dtd">
<html xmlns="http://www.w3.org/1999/xhtml" xml:lang="en" lang="en">
 <head>
  <title>
</title>
<meta http-equiv="Content-Type" content="text/html;charset=utf-8" />
  <meta name='ocr-system' content='tesseract 3.04.00' />
  <meta name='ocr-capabilities' content='ocr_page ocr_carea ocr_par ocr_line ocrx_word'/>
</head>
<body>
  <div class='ocr_page' id='page_1' title='image "./corpusscriptorum17niebuoft_0018.png"; bbox 0 0 1846 3262; ppageno 0'>
   <div class='ocr_carea' id='block_1_1' title="bbox 243 194 1293 244">
    <p class='ocr_par' dir='ltr' id='par_1_1' title="bbox 243 194 1293 244">
     <span class='ocr_line' id='line_1_1' title="bbox 243 194 1293 244; baseline 0.006 -7"><span class='ocrx_word' id='word_1_1' title='bbox 243 210 309 238; x_wconf 85' lang='lat' dir='ltr'><strong>xn</strong></span> <span class='ocrx_word' id='word_1_2' title='bbox 642 194 688 238; x_wconf 93' lang='lat' dir='ltr'><strong>P.</strong></span> <span class='ocrx_word' id='word_1_3' title='bbox 722 194 939 239; x_wconf 84' lang='lat' dir='ltr'>POSSINI</span> <span class='ocrx_word' id='word_1_4' title='bbox 971 195 1293 244; x_wconf 87' lang='lat' dir='ltr'>PRAEFATIO.</span> 
     </span>
    </p>
   </div>
   <div class='ocr_carea' id='block_1_2' title="bbox 234 302 1699 2054">
    <p class='ocr_par' dir='ltr' id='par_1_2' title="bbox 234 302 1699 2054">
     <span class='ocr_line' id='line_1_2' title="bbox 242 302 1698 358; baseline 0.005 -11"><span class='ocrx_word' id='word_1_5' title='bbox 242 304 324 348; x_wconf 85' lang='lat' dir='ltr'><strong>suis</strong></span> <span class='ocrx_word' id='word_1_6' title='bbox 354 302 599 356; x_wconf 84' lang='lat' dir='ltr'><strong>commodis,</strong></span> <span class='ocrx_word' id='word_1_7' title='bbox 639 311 680 345; x_wconf 87' lang='lat' dir='ltr'><strong>et</strong></span> <span class='ocrx_word' id='word_1_8' title='bbox 707 313 918 348; x_wconf 83' lang='lat' dir='ltr'><strong>vereantur</strong></span> <span class='ocrx_word' id='word_1_9' title='bbox 943 305 988 348; x_wconf 83' lang='lat' dir='ltr'><strong>id</strong></span> <span class='ocrx_word' id='word_1_10' title='bbox 1015 306 1205 349; x_wconf 86' lang='lat' dir='ltr'><strong>damnare</strong></span> <span class='ocrx_word' id='word_1_11' title='bbox 1233 307 1360 358; x_wconf 79' lang='lat' dir='ltr'><strong>unde,</strong></span> <span class='ocrx_word' id='word_1_12' title='bbox 1395 308 1472 351; x_wconf 85' lang='lat' dir='ltr'><strong>nisi</strong></span> <span class='ocrx_word' id='word_1_13' title='bbox 1509 308 1698 354; x_wconf 89' lang='lat' dir='ltr'><strong>dissimu-</strong></span> 
     </span>
     <span class='ocr_line' id='line_1_3' title="bbox 243 371 1698 428; baseline 0.006 -14"><span class='ocrx_word' id='word_1_14' title='bbox 243 375 337 425; x_wconf 90' lang='lat' dir='ltr'><strong>lant,</strong></span> <span class='ocrx_word' id='word_1_15' title='bbox 365 387 410 415; x_wconf 89' lang='lat' dir='ltr'><strong>se</strong></span> <span class='ocrx_word' id='word_1_16' title='bbox 435 386 593 428; x_wconf 90' lang='lat' dir='ltr'><strong>quoque</strong></span> <span class='ocrx_word' id='word_1_17' title='bbox 620 371 730 428; x_wconf 88' lang='lat' dir='ltr'><strong>ipsos</strong></span> <span class='ocrx_word' id='word_1_18' title='bbox 752 373 880 416; x_wconf 87' lang='lat' dir='ltr'><strong>iuvari</strong></span> <span class='ocrx_word' id='word_1_19' title='bbox 897 374 1082 418; x_wconf 89' lang='lat' dir='ltr'><strong>sentiunt.</strong></span> <span class='ocrx_word' id='word_1_20' title='bbox 1123 389 1197 416; x_wconf 91' lang='lat' dir='ltr'><strong>nec</strong></span> <span class='ocrx_word' id='word_1_21' title='bbox 1226 389 1275 415; x_wconf 90' lang='lat' dir='ltr'><strong>eo</strong></span> <span class='ocrx_word' id='word_1_22' title='bbox 1304 382 1439 418; x_wconf 88' lang='lat' dir='ltr'><strong>tamen</strong></span> <span class='ocrx_word' id='word_1_23' title='bbox 1466 379 1566 420; x_wconf 89' lang='lat' dir='ltr'><strong>haec</strong></span> <span class='ocrx_word' id='word_1_24' title='bbox 1594 380 1698 422; x_wconf 87' lang='lat' dir='ltr'><strong>trahi</strong></span> 
     </span>
     <span class='ocr_line' id='line_1_4' title="bbox 243 439 1698 498; baseline 0.003 -15"><span class='ocrx_word' id='word_1_25' title='bbox 243 440 366 483; x_wconf 85' lang='lat' dir='ltr'><strong>velim</strong></span> <span class='ocrx_word' id='word_1_26' title='bbox 395 439 506 494; x_wconf 81' lang='lat' dir='ltr'>quasi</span> <span class='ocrx_word' id='word_1_27' title='bbox 532 440 717 496; x_wconf 87' lang='lat' dir='ltr'>nuspiam</span> <span class='ocrx_word' id='word_1_28' title='bbox 745 441 962 484; x_wconf 84' lang='lat' dir='ltr'><strong>offendisse</strong></span> <span class='ocrx_word' id='word_1_29' title='bbox 987 457 1056 483; x_wconf 90' lang='lat' dir='ltr'><strong>me</strong></span> <span class='ocrx_word' id='word_1_30' title='bbox 1086 449 1311 495; x_wconf 82' lang='lat' dir='ltr'><strong>arroganter</strong></span> <span class='ocrx_word' id='word_1_31' title='bbox 1338 456 1586 498; x_wconf 77' lang='lat' dir='ltr'><strong>asseverem,</strong></span> <span class='ocrx_word' id='word_1_32' title='bbox 1628 455 1698 488; x_wconf 87' lang='lat' dir='ltr'><strong>aut</strong></span> 
     </span>
     <span class='ocr_line' id='line_1_5' title="bbox 241 507 1698 566; baseline 0.003 -18"><span class='ocrx_word' id='word_1_33' title='bbox 241 508 311 550; x_wconf 89' lang='lat' dir='ltr'><strong>ubi</strong></span> <span class='ocrx_word' id='word_1_34' title='bbox 339 507 573 558; x_wconf 89' lang='lat' dir='ltr'><strong>meruerim,</strong></span> <span class='ocrx_word' id='word_1_35' title='bbox 610 508 759 566; x_wconf 86' lang='lat' dir='ltr'><strong>culpari</strong></span> <span class='ocrx_word' id='word_1_36' title='bbox 785 511 972 554; x_wconf 85' lang='lat' dir='ltr'><strong>abnuam.</strong></span> <span class='ocrx_word' id='word_1_37' title='bbox 1030 525 1157 551; x_wconf 91' lang='lat' dir='ltr'><strong>unum</strong></span> <span class='ocrx_word' id='word_1_38' title='bbox 1186 509 1399 566; x_wconf 85' lang='lat' dir='ltr'><strong>deprecor,</strong></span> <span class='ocrx_word' id='word_1_39' title='bbox 1428 526 1481 552; x_wconf 91' lang='lat' dir='ltr'><strong>ne</strong></span> <span class='ocrx_word' id='word_1_40' title='bbox 1507 512 1698 556; x_wconf 87' lang='lat' dir='ltr'><strong>iudicium</strong></span> 
     </span>
     <span class='ocr_line' id='line_1_6' title="bbox 238 576 1698 634; baseline 0.005 -19"><span class='ocrx_word' id='word_1_41' title='bbox 238 576 541 632; x_wconf 85' lang='lat' dir='ltr'><strong>praecipitetur,</strong></span> <span class='ocrx_word' id='word_1_42' title='bbox 579 591 683 620; x_wconf 88' lang='lat' dir='ltr'><strong>neve</strong></span> <span class='ocrx_word' id='word_1_43' title='bbox 712 576 764 618; x_wconf 87' lang='lat' dir='ltr'><strong>ad</strong></span> <span class='ocrx_word' id='word_1_44' title='bbox 791 578 964 634; x_wconf 79' lang='lat' dir='ltr'><strong>primam</strong></span> <span class='ocrx_word' id='word_1_45' title='bbox 992 579 1111 621; x_wconf 82' lang='lat' dir='ltr'><strong>naevi</strong></span> <span class='ocrx_word' id='word_1_46' title='bbox 1138 577 1314 633; x_wconf 89' lang='lat' dir='ltr'><strong>speciem</strong></span> <span class='ocrx_word' id='word_1_47' title='bbox 1340 592 1438 620; x_wconf 85' lang='lat' dir='ltr'><strong>veru</strong></span> <span class='ocrx_word' id='word_1_48' title='bbox 1466 592 1512 619; x_wconf 87' lang='lat' dir='ltr'><strong>ac</strong></span> <span class='ocrx_word' id='word_1_49' title='bbox 1539 579 1698 632; x_wconf 89' lang='lat' dir='ltr'><strong>nigrum</strong></span> 
     </span>
     <span class='ocr_line' id='line_1_7' title="bbox 240 635 1699 701; baseline 0.005 -18"><span class='ocrx_word' id='word_1_50' title='bbox 240 644 349 685; x_wconf 84' lang='lat' dir='ltr'><strong>theta</strong></span> <span class='ocrx_word' id='word_1_51' title='bbox 389 645 575 699; x_wconf 87' lang='lat' dir='ltr'><strong>plagosus</strong></span> <span class='ocrx_word' id='word_1_52' title='bbox 609 659 749 686; x_wconf 88' lang='lat' dir='ltr'><strong>censor</strong></span> <span class='ocrx_word' id='word_1_53' title='bbox 776 645 977 701; x_wconf 84' lang='lat' dir='ltr'><strong>expediat.</strong></span> <span class='ocrx_word' id='word_1_54' title='bbox 1035 658 1275 698; x_wconf 85' lang='lat' dir='ltr'><strong>cognoscere</strong></span> <span class='ocrx_word' id='word_1_55' title='bbox 1302 635 1489 701; x_wconf 25' lang='lat' dir='ltr'><strong>prius-ne</strong></span> <span class='ocrx_word' id='word_1_56' title='bbox 1517 655 1699 699; x_wconf 79' lang='lat' dir='ltr'><strong>gravetur</strong></span> 
     </span>
     <span class='ocr_line' id='line_1_8' title="bbox 239 708 1698 769; baseline 0.005 -19"><span class='ocrx_word' id='word_1_57' title='bbox 239 710 282 751; x_wconf 89' lang='lat' dir='ltr'><strong>in</strong></span> <span class='ocrx_word' id='word_1_58' title='bbox 312 708 516 753; x_wconf 87' lang='lat' dir='ltr'><strong>Glossario</strong></span> <span class='ocrx_word' id='word_1_59' title='bbox 542 719 583 753; x_wconf 88' lang='lat' dir='ltr'><strong>et</strong></span> <span class='ocrx_word' id='word_1_60' title='bbox 608 712 744 765; x_wconf 85' lang='lat' dir='ltr'><strong>Notis,</strong></span> <span class='ocrx_word' id='word_1_61' title='bbox 784 727 886 769; x_wconf 89' lang='lat' dir='ltr'><strong>quae</strong></span> <span class='ocrx_word' id='word_1_62' title='bbox 914 728 982 755; x_wconf 89' lang='lat' dir='ltr'><strong>me</strong></span> <span class='ocrx_word' id='word_1_63' title='bbox 1018 712 1070 754; x_wconf 87' lang='lat' dir='ltr'><strong>ad</strong></span> <span class='ocrx_word' id='word_1_64' title='bbox 1097 713 1154 755; x_wconf 90' lang='lat' dir='ltr'><strong>sic</strong></span> <span class='ocrx_word' id='word_1_65' title='bbox 1182 712 1520 768; x_wconf 88' lang='lat' dir='ltr'><strong>interpretandum</strong></span> <span class='ocrx_word' id='word_1_66' title='bbox 1556 728 1698 758; x_wconf 87' lang='lat' dir='ltr'><strong>causae</strong></span> 
     </span>
     <span class='ocr_line' id='line_1_9' title="bbox 237 777 1697 834; baseline 0.003 -16"><span class='ocrx_word' id='word_1_67' title='bbox 237 777 478 834; x_wconf 80' lang='lat' dir='ltr'><strong>impulerint.</strong></span> <span class='ocrx_word' id='word_1_68' title='bbox 534 781 602 823; x_wconf 93' lang='lat' dir='ltr'><strong>vel</strong></span> <span class='ocrx_word' id='word_1_69' title='bbox 629 782 831 833; x_wconf 83' lang='lat' dir='ltr'><strong>absolvet,</strong></span> <span class='ocrx_word' id='word_1_70' title='bbox 868 783 935 823; x_wconf 92' lang='lat' dir='ltr'><strong>vel</strong></span> <span class='ocrx_word' id='word_1_71' title='bbox 962 781 1161 834; x_wconf 83' lang='lat' dir='ltr'><strong>ignoscet,</strong></span> <span class='ocrx_word' id='word_1_72' title='bbox 1188 782 1256 822; x_wconf 93' lang='lat' dir='ltr'><strong>vel</strong></span> <span class='ocrx_word' id='word_1_73' title='bbox 1283 780 1418 822; x_wconf 86' lang='lat' dir='ltr'><strong>mitius</strong></span> <span class='ocrx_word' id='word_1_74' title='bbox 1445 782 1548 821; x_wconf 86' lang='lat' dir='ltr'><strong>forte</strong></span> <span class='ocrx_word' id='word_1_75' title='bbox 1579 782 1697 823; x_wconf 87' lang='lat' dir='ltr'><strong>casti-</strong></span> 
     </span>
     <span class='ocr_line' id='line_1_10' title="bbox 241 847 1698 904; baseline 0.001 -18"><span class='ocrx_word' id='word_1_76' title='bbox 241 847 351 899; x_wconf 89' lang='lat' dir='ltr'><strong>gabit</strong></span> <span class='ocrx_word' id='word_1_77' title='bbox 385 854 595 903; x_wconf 89' lang='lat' dir='ltr'><strong>perspecto</strong></span> <span class='ocrx_word' id='word_1_78' title='bbox 634 847 731 904; x_wconf 85' lang='lat' dir='ltr'><strong>quid</strong></span> <span class='ocrx_word' id='word_1_79' title='bbox 767 848 810 888; x_wconf 90' lang='lat' dir='ltr'><strong>in</strong></span> <span class='ocrx_word' id='word_1_80' title='bbox 846 860 890 889; x_wconf 85' lang='lat' dir='ltr'><strong>re</strong></span> <span class='ocrx_word' id='word_1_81' title='bbox 920 847 983 889; x_wconf 87' lang='lat' dir='ltr'><strong>sit.</strong></span> <span class='ocrx_word' id='word_1_82' title='bbox 1041 848 1281 904; x_wconf 84' lang='lat' dir='ltr'><strong>typographi</strong></span> <span class='ocrx_word' id='word_1_83' title='bbox 1308 847 1456 889; x_wconf 87' lang='lat' dir='ltr'><strong>menda</strong></span> <span class='ocrx_word' id='word_1_84' title='bbox 1484 861 1536 887; x_wconf 91' lang='lat' dir='ltr'><strong>ne</strong></span> <span class='ocrx_word' id='word_1_85' title='bbox 1562 847 1698 904; x_wconf 86' lang='lat' dir='ltr'><strong>impu-</strong></span> 
     </span>
     <span class='ocr_line' id='line_1_11' title="bbox 239 913 1698 972; baseline 0.003 -18"><span class='ocrx_word' id='word_1_86' title='bbox 239 920 370 955; x_wconf 91' lang='lat' dir='ltr'><strong>tentur</strong></span> <span class='ocrx_word' id='word_1_87' title='bbox 407 915 510 955; x_wconf 88' lang='lat' dir='ltr'><strong>mihi</strong></span> <span class='ocrx_word' id='word_1_88' title='bbox 552 930 620 956; x_wconf 90' lang='lat' dir='ltr'><strong>cur</strong></span> <span class='ocrx_word' id='word_1_89' title='bbox 655 917 879 972; x_wconf 84' lang='lat' dir='ltr'><strong>postulem,</strong></span> <span class='ocrx_word' id='word_1_90' title='bbox 916 913 1025 970; x_wconf 86' lang='lat' dir='ltr'><strong>quod</strong></span> <span class='ocrx_word' id='word_1_91' title='bbox 1052 915 1138 971; x_wconf 87' lang='lat' dir='ltr'><strong>ipsa</strong></span> <span class='ocrx_word' id='word_1_92' title='bbox 1166 918 1268 957; x_wconf 86' lang='lat' dir='ltr'><strong>ultro</strong></span> <span class='ocrx_word' id='word_1_93' title='bbox 1299 916 1475 972; x_wconf 86' lang='lat' dir='ltr'><strong>aequitas</strong></span> <span class='ocrx_word' id='word_1_94' title='bbox 1503 914 1698 967; x_wconf 79' lang='lat' dir='ltr'><strong>largitur?</strong></span> 
     </span>
     <span class='ocr_line' id='line_1_12' title="bbox 239 981 1698 1040; baseline 0.001 -19"><span class='ocrx_word' id='word_1_95' title='bbox 239 995 292 1021; x_wconf 93' lang='lat' dir='ltr'><strong>ne</strong></span> <span class='ocrx_word' id='word_1_96' title='bbox 329 982 455 1022; x_wconf 90' lang='lat' dir='ltr'><strong>multa</strong></span> <span class='ocrx_word' id='word_1_97' title='bbox 483 984 696 1040; x_wconf 89' lang='lat' dir='ltr'><strong>graviaque</strong></span> <span class='ocrx_word' id='word_1_98' title='bbox 723 982 1029 1034; x_wconf 86' lang='lat' dir='ltr'><strong>intervenirent,</strong></span> <span class='ocrx_word' id='word_1_99' title='bbox 1073 997 1164 1023; x_wconf 88' lang='lat' dir='ltr'><strong>cura</strong></span> <span class='ocrx_word' id='word_1_100' title='bbox 1193 990 1253 1024; x_wconf 89' lang='lat' dir='ltr'><strong>est</strong></span> <span class='ocrx_word' id='word_1_101' title='bbox 1281 997 1363 1023; x_wconf 91' lang='lat' dir='ltr'><strong>non</strong></span> <span class='ocrx_word' id='word_1_102' title='bbox 1389 981 1582 1024; x_wconf 84' lang='lat' dir='ltr'><strong>mediocri</strong></span> <span class='ocrx_word' id='word_1_103' title='bbox 1611 997 1698 1024; x_wconf 87' lang='lat' dir='ltr'><strong>cer-</strong></span> 
     </span>
     <span class='ocr_line' id='line_1_13' title="bbox 237 1049 1698 1107; baseline 0.001 -19"><span class='ocrx_word' id='word_1_104' title='bbox 237 1054 386 1088; x_wconf 83' lang='lat' dir='ltr'><strong>tatum:</strong></span> <span class='ocrx_word' id='word_1_105' title='bbox 428 1064 480 1090; x_wconf 91' lang='lat' dir='ltr'><strong>ne</strong></span> <span class='ocrx_word' id='word_1_106' title='bbox 519 1053 598 1093; x_wconf 89' lang='lat' dir='ltr'><strong>ulla</strong></span> <span class='ocrx_word' id='word_1_107' title='bbox 632 1053 701 1095; x_wconf 88' lang='lat' dir='ltr'><strong>vel</strong></span> <span class='ocrx_word' id='word_1_108' title='bbox 736 1051 842 1095; x_wconf 86' lang='lat' dir='ltr'><strong>levia</strong></span> <span class='ocrx_word' id='word_1_109' title='bbox 869 1050 1085 1107; x_wconf 89' lang='lat' dir='ltr'><strong>irreperent</strong></span> <span class='ocrx_word' id='word_1_110' title='bbox 1111 1049 1236 1093; x_wconf 88' lang='lat' dir='ltr'><strong>vitare</strong></span> <span class='ocrx_word' id='word_1_111' title='bbox 1262 1051 1362 1091; x_wconf 86' lang='lat' dir='ltr'><strong>ultra</strong></span> <span class='ocrx_word' id='word_1_112' title='bbox 1387 1051 1608 1090; x_wconf 84' lang='lat' dir='ltr'><strong>humanam</strong></span> <span class='ocrx_word' id='word_1_113' title='bbox 1633 1051 1698 1090; x_wconf 87' lang='lat' dir='ltr'><strong>fa-</strong></span> 
     </span>
     <span class='ocr_line' id='line_1_14' title="bbox 242 1116 1698 1175; baseline 0.001 -19"><span class='ocrx_word' id='word_1_114' title='bbox 242 1117 429 1158; x_wconf 88' lang='lat' dir='ltr'><strong>cultatem</strong></span> <span class='ocrx_word' id='word_1_115' title='bbox 464 1117 551 1161; x_wconf 76' lang='lat' dir='ltr'><strong>fuit.</strong></span> <span class='ocrx_word' id='word_1_116' title='bbox 608 1117 732 1160; x_wconf 86' lang='lat' dir='ltr'><strong>index</strong></span> <span class='ocrx_word' id='word_1_117' title='bbox 770 1118 1073 1175; x_wconf 87' lang='lat' dir='ltr'><strong>praecipuorum</strong></span> <span class='ocrx_word' id='word_1_118' title='bbox 1109 1132 1306 1174; x_wconf 87' lang='lat' dir='ltr'><strong>appensus</strong></span> <span class='ocrx_word' id='word_1_119' title='bbox 1345 1117 1398 1159; x_wconf 85' lang='lat' dir='ltr'><strong>ad</strong></span> <span class='ocrx_word' id='word_1_120' title='bbox 1432 1118 1581 1158; x_wconf 88' lang='lat' dir='ltr'><strong>calcem</strong></span> <span class='ocrx_word' id='word_1_121' title='bbox 1606 1116 1698 1160; x_wconf 82' lang='lat' dir='ltr'><strong>Ob-</strong></span> 
     </span>
     <span class='ocr_line' id='line_1_15' title="bbox 240 1184 1698 1242; baseline -0.001 -17"><span class='ocrx_word' id='word_1_122' title='bbox 240 1185 515 1227; x_wconf 90' lang='lat' dir='ltr'><strong>servationum</strong></span> <span class='ocrx_word' id='word_1_123' title='bbox 543 1193 622 1238; x_wconf 88' lang='lat' dir='ltr'><strong>est,</strong></span> <span class='ocrx_word' id='word_1_124' title='bbox 663 1187 774 1228; x_wconf 93' lang='lat' dir='ltr'><strong>cuius</strong></span> <span class='ocrx_word' id='word_1_125' title='bbox 802 1185 1010 1227; x_wconf 87' lang='lat' dir='ltr'><strong>admonitu</strong></span> <span class='ocrx_word' id='word_1_126' title='bbox 1038 1200 1163 1227; x_wconf 89' lang='lat' dir='ltr'><strong>manu</strong></span> <span class='ocrx_word' id='word_1_127' title='bbox 1191 1186 1353 1228; x_wconf 85' lang='lat' dir='ltr'><strong>adiuvet</strong></span> <span class='ocrx_word' id='word_1_128' title='bbox 1380 1185 1448 1242; x_wconf 90' lang='lat' dir='ltr'><strong>qui</strong></span> <span class='ocrx_word' id='word_1_129' title='bbox 1474 1184 1698 1237; x_wconf 87' lang='lat' dir='ltr'><strong>adverterit,</strong></span> 
     </span>
     <span class='ocr_line' id='line_1_16' title="bbox 240 1253 1698 1310; baseline 0 -17"><span class='ocrx_word' id='word_1_130' title='bbox 240 1260 282 1293; x_wconf 91' lang='lat' dir='ltr'><strong>et</strong></span> <span class='ocrx_word' id='word_1_131' title='bbox 306 1253 507 1294; x_wconf 87' lang='lat' dir='ltr'><strong>benefacti</strong></span> <span class='ocrx_word' id='word_1_132' title='bbox 532 1254 667 1294; x_wconf 91' lang='lat' dir='ltr'><strong>locum</strong></span> <span class='ocrx_word' id='word_1_133' title='bbox 694 1262 873 1310; x_wconf 88' lang='lat' dir='ltr'><strong>occupet.</strong></span> <span class='ocrx_word' id='word_1_134' title='bbox 932 1255 1230 1307; x_wconf 87' lang='lat' dir='ltr'><strong>chronologicas</strong></span> <span class='ocrx_word' id='word_1_135' title='bbox 1259 1253 1546 1296; x_wconf 88' lang='lat' dir='ltr'><strong>controversias</strong></span> <span class='ocrx_word' id='word_1_136' title='bbox 1575 1253 1698 1305; x_wconf 90' lang='lat' dir='ltr'><strong>(nam</strong></span> 
     </span>
     <span class='ocr_line' id='line_1_17' title="bbox 239 1315 1698 1376; baseline 0 -16"><span class='ocrx_word' id='word_1_137' title='bbox 239 1327 352 1361; x_wconf 87' lang='lat' dir='ltr'><strong>erant</strong></span> <span class='ocrx_word' id='word_1_138' title='bbox 380 1328 420 1361; x_wconf 87' lang='lat' dir='ltr'><strong>et</strong></span> <span class='ocrx_word' id='word_1_139' title='bbox 448 1321 515 1361; x_wconf 85' lang='lat' dir='ltr'><strong>hic</strong></span> <span class='ocrx_word' id='word_1_140' title='bbox 542 1320 643 1362; x_wconf 88' lang='lat' dir='ltr'><strong>nodi</strong></span> <span class='ocrx_word' id='word_1_141' title='bbox 671 1321 755 1363; x_wconf 91' lang='lat' dir='ltr'><strong>eius</strong></span> <span class='ocrx_word' id='word_1_142' title='bbox 785 1321 939 1375; x_wconf 86' lang='lat' dir='ltr'><strong>generis</strong></span> <span class='ocrx_word' id='word_1_143' title='bbox 977 1315 1086 1374; x_wconf 71' lang='lat' dir='ltr'><strong>dign}</strong></span> <span class='ocrx_word' id='word_1_144' title='bbox 1122 1322 1309 1374; x_wconf 89' lang='lat' dir='ltr'><strong>vindice)</strong></span> <span class='ocrx_word' id='word_1_145' title='bbox 1346 1322 1388 1362; x_wconf 91' lang='lat' dir='ltr'><strong>in</strong></span> <span class='ocrx_word' id='word_1_146' title='bbox 1421 1322 1567 1363; x_wconf 89' lang='lat' dir='ltr'><strong>librum</strong></span> <span class='ocrx_word' id='word_1_147' title='bbox 1601 1334 1698 1376; x_wconf 91' lang='lat' dir='ltr'><strong>pro-</strong></span> 
     </span>
     <span class='ocr_line' id='line_1_18' title="bbox 237 1386 1697 1445; baseline 0.001 -18"><span class='ocrx_word' id='word_1_148' title='bbox 237 1388 371 1444; x_wconf 88' lang='lat' dir='ltr'><strong>prium</strong></span> <span class='ocrx_word' id='word_1_149' title='bbox 399 1388 678 1444; x_wconf 87' lang='lat' dir='ltr'><strong>seposuimus,</strong></span> <span class='ocrx_word' id='word_1_150' title='bbox 718 1388 782 1429; x_wconf 90' lang='lat' dir='ltr'><strong>cui</strong></span> <span class='ocrx_word' id='word_1_151' title='bbox 819 1386 1050 1443; x_wconf 80' lang='grc' dir='ltr'><strong><em>ἐπίμετρον</em></strong></span> <span class='ocrx_word' id='word_1_152' title='bbox 1082 1390 1347 1445; x_wconf 83' lang='lat' dir='ltr'><strong>superiectum</strong></span> <span class='ocrx_word' id='word_1_153' title='bbox 1374 1396 1434 1430; x_wconf 90' lang='lat' dir='ltr'><strong>est</strong></span> <span class='ocrx_word' id='word_1_154' title='bbox 1463 1387 1697 1444; x_wconf 78' lang='lat' dir='ltr'><strong>Specimen</strong></span> 
     </span>
     <span class='ocr_line' id='line_1_19' title="bbox 237 1454 1698 1511; baseline -0.001 -15"><span class='ocrx_word' id='word_1_155' title='bbox 237 1454 491 1511; x_wconf 79' lang='lat' dir='ltr'><strong>sapientiae</strong></span> <span class='ocrx_word' id='word_1_156' title='bbox 518 1455 742 1498; x_wconf 77' lang='lat' dir='ltr'><strong>Indorum</strong></span> <span class='ocrx_word' id='word_1_157' title='bbox 768 1463 970 1498; x_wconf 77' lang='lat' dir='ltr'><strong>veterum</strong></span> <span class='ocrx_word' id='word_1_158' title='bbox 997 1455 1064 1510; x_wconf 89' lang='lat'><strong>*).</strong></span> <span class='ocrx_word' id='word_1_159' title='bbox 1129 1458 1229 1499; x_wconf 91' lang='lat' dir='ltr'><strong>liber</strong></span> <span class='ocrx_word' id='word_1_160' title='bbox 1254 1456 1370 1498; x_wconf 86' lang='lat' dir='ltr'><strong>tertio</strong></span> <span class='ocrx_word' id='word_1_161' title='bbox 1399 1454 1698 1497; x_wconf 89' lang='lat' dir='ltr'><strong>succedentium</strong></span> 
     </span>
     <span class='ocr_line' id='line_1_20' title="bbox 236 1519 1698 1576; baseline -0.001 -13"><span class='ocrx_word' id='word_1_162' title='bbox 236 1522 415 1565; x_wconf 89' lang='lat' dir='ltr'><strong>invicem</strong></span> <span class='ocrx_word' id='word_1_163' title='bbox 441 1523 747 1565; x_wconf 88' lang='lat' dir='ltr'><strong>translationum</strong></span> <span class='ocrx_word' id='word_1_164' title='bbox 784 1523 908 1576; x_wconf 89' lang='lat' dir='ltr'><strong>gradu</strong></span> <span class='ocrx_word' id='word_1_165' title='bbox 937 1538 990 1564; x_wconf 84' lang='lat' dir='ltr'><strong>ex</strong></span> <span class='ocrx_word' id='word_1_166' title='bbox 1015 1523 1154 1566; x_wconf 85' lang='lat' dir='ltr'><strong>Indico</strong></span> <span class='ocrx_word' id='word_1_167' title='bbox 1186 1524 1345 1565; x_wconf 89' lang='lat' dir='ltr'><strong>Persico</strong></span> <span class='ocrx_word' id='word_1_168' title='bbox 1374 1522 1542 1563; x_wconf 89' lang='lat' dir='ltr'><strong>Arabico</strong></span> <span class='ocrx_word' id='word_1_169' title='bbox 1572 1519 1698 1562; x_wconf 86' lang='lat' dir='ltr'><strong>Grae-</strong></span> 
     </span>
     <span class='ocr_line' id='line_1_21' title="bbox 236 1589 1697 1646; baseline -0.001 -15"><span class='ocrx_word' id='word_1_170' title='bbox 236 1604 306 1631; x_wconf 91' lang='lat' dir='ltr'><strong>cus</strong></span> <span class='ocrx_word' id='word_1_171' title='bbox 343 1592 490 1642; x_wconf 86' lang='lat' dir='ltr'><strong>factus,</strong></span> <span class='ocrx_word' id='word_1_172' title='bbox 529 1599 570 1632; x_wconf 90' lang='lat' dir='ltr'><strong>et</strong></span> <span class='ocrx_word' id='word_1_173' title='bbox 596 1592 707 1633; x_wconf 89' lang='lat' dir='ltr'><strong>velut</strong></span> <span class='ocrx_word' id='word_1_174' title='bbox 733 1599 825 1632; x_wconf 86' lang='lat' dir='ltr'><strong>tunc</strong></span> <span class='ocrx_word' id='word_1_175' title='bbox 853 1591 1084 1633; x_wconf 86' lang='lat' dir='ltr'><strong>notissimus</strong></span> <span class='ocrx_word' id='word_1_176' title='bbox 1119 1590 1485 1646; x_wconf 87' lang='lat' dir='ltr'><strong>Constantinopoli,</strong></span> <span class='ocrx_word' id='word_1_177' title='bbox 1530 1589 1581 1630; x_wconf 89' lang='lat' dir='ltr'><strong>ab</strong></span> <span class='ocrx_word' id='word_1_178' title='bbox 1616 1589 1697 1629; x_wconf 90' lang='lat' dir='ltr'><strong>im-</strong></span> 
     </span>
     <span class='ocr_line' id='line_1_22' title="bbox 235 1656 1696 1715; baseline -0.003 -15"><span class='ocrx_word' id='word_1_179' title='bbox 235 1665 420 1714; x_wconf 86' lang='lat' dir='ltr'><strong>peratore</strong></span> <span class='ocrx_word' id='word_1_180' title='bbox 451 1659 510 1700; x_wconf 92' lang='lat' dir='ltr'><strong>ibi</strong></span> <span class='ocrx_word' id='word_1_181' title='bbox 538 1657 646 1715; x_wconf 82' lang='lat' dir='ltr'><strong>apud</strong></span> <span class='ocrx_word' id='word_1_182' title='bbox 672 1659 779 1699; x_wconf 92' lang='lat' dir='ltr'><strong>hunc</strong></span> <span class='ocrx_word' id='word_1_183' title='bbox 813 1666 994 1699; x_wconf 87' lang='lat' dir='ltr'><strong>nostrum</strong></span> <span class='ocrx_word' id='word_1_184' title='bbox 1031 1659 1293 1699; x_wconf 86' lang='lat' dir='ltr'><strong>concionante</strong></span> <span class='ocrx_word' id='word_1_185' title='bbox 1329 1656 1534 1707; x_wconf 86' lang='lat' dir='ltr'><strong>laudatus,</strong></span> <span class='ocrx_word' id='word_1_186' title='bbox 1572 1669 1696 1710; x_wconf 91' lang='lat' dir='ltr'><strong>quae-</strong></span> 
     </span>
     <span class='ocr_line' id='line_1_23' title="bbox 235 1723 1696 1782; baseline -0.002 -15"><span class='ocrx_word' id='word_1_187' title='bbox 235 1724 351 1767; x_wconf 80' lang='lat' dir='ltr'><strong>rendi</strong></span> <span class='ocrx_word' id='word_1_188' title='bbox 379 1724 443 1766; x_wconf 91' lang='lat' dir='ltr'><strong>sui</strong></span> <span class='ocrx_word' id='word_1_189' title='bbox 470 1726 747 1767; x_wconf 90' lang='lat' dir='ltr'><strong>necessitatem</strong></span> <span class='ocrx_word' id='word_1_190' title='bbox 784 1726 975 1782; x_wconf 90' lang='lat' dir='ltr'><strong>imposuit</strong></span> <span class='ocrx_word' id='word_1_191' title='bbox 1004 1724 1114 1766; x_wconf 81' lang='lat' dir='ltr'><strong>haud</strong></span> <span class='ocrx_word' id='word_1_192' title='bbox 1142 1726 1254 1766; x_wconf 89' lang='lat' dir='ltr'><strong>aliter</strong></span> <span class='ocrx_word' id='word_1_193' title='bbox 1278 1723 1532 1765; x_wconf 85' lang='lat' dir='ltr'><strong>intellecturis</strong></span> <span class='ocrx_word' id='word_1_194' title='bbox 1558 1723 1696 1764; x_wconf 90' lang='lat' dir='ltr'><strong>locum</strong></span> 
     </span>
     <span class='ocr_line' id='line_1_24' title="bbox 234 1793 1694 1850; baseline -0.003 -15"><span class='ocrx_word' id='word_1_195' title='bbox 234 1793 279 1835; x_wconf 84' lang='lat' dir='ltr'><strong>in</strong></span> <span class='ocrx_word' id='word_1_196' title='bbox 307 1808 387 1849; x_wconf 88' lang='lat' dir='ltr'><strong>quo</strong></span> <span class='ocrx_word' id='word_1_197' title='bbox 414 1800 674 1834; x_wconf 90' lang='lat' dir='ltr'><strong>memoratur.</strong></span> <span class='ocrx_word' id='word_1_198' title='bbox 728 1793 913 1836; x_wconf 84' lang='lat' dir='ltr'><strong>inventus</strong></span> <span class='ocrx_word' id='word_1_199' title='bbox 939 1794 984 1834; x_wconf 91' lang='lat' dir='ltr'><strong>in</strong></span> <span class='ocrx_word' id='word_1_200' title='bbox 1010 1794 1208 1850; x_wconf 90' lang='lat' dir='ltr'><strong>locuplete</strong></span> <span class='ocrx_word' id='word_1_201' title='bbox 1234 1793 1372 1833; x_wconf 86' lang='lat' dir='ltr'><strong>talium</strong></span> <span class='ocrx_word' id='word_1_202' title='bbox 1395 1805 1526 1848; x_wconf 90' lang='lat' dir='ltr'><strong>penu,</strong></span> <span class='ocrx_word' id='word_1_203' title='bbox 1550 1804 1694 1831; x_wconf 87' lang='lat' dir='ltr'><strong>museo</strong></span> 
     </span>
     <span class='ocr_line' id='line_1_25' title="bbox 235 1858 1694 1915; baseline -0.004 -11"><span class='ocrx_word' id='word_1_204' title='bbox 235 1860 498 1904; x_wconf 86' lang='lat' dir='ltr'><strong>Illustrissimi</strong></span> <span class='ocrx_word' id='word_1_205' title='bbox 532 1861 684 1914; x_wconf 85' lang='lat' dir='ltr'><strong>Allatii,</strong></span> <span class='ocrx_word' id='word_1_206' title='bbox 716 1862 802 1904; x_wconf 91' lang='lat' dir='ltr'><strong>eius</strong></span> <span class='ocrx_word' id='word_1_207' title='bbox 839 1861 1012 1914; x_wconf 86' lang='lat' dir='ltr'><strong>benigna</strong></span> <span class='ocrx_word' id='word_1_208' title='bbox 1040 1861 1163 1914; x_wconf 86' lang='lat' dir='ltr'><strong>gratia</strong></span> <span class='ocrx_word' id='word_1_209' title='bbox 1191 1860 1300 1902; x_wconf 88' lang='lat' dir='ltr'><strong>visus</strong></span> <span class='ocrx_word' id='word_1_210' title='bbox 1329 1874 1354 1900; x_wconf 88' lang='lat' dir='ltr'><strong>a</strong></span> <span class='ocrx_word' id='word_1_211' title='bbox 1379 1874 1447 1899; x_wconf 91' lang='lat' dir='ltr'><strong>me</strong></span> <span class='ocrx_word' id='word_1_212' title='bbox 1475 1858 1694 1915; x_wconf 86' lang='lat' dir='ltr'><strong>Latineque</strong></span> 
     </span>
     <span class='ocr_line' id='line_1_26' title="bbox 236 1926 1693 1981; baseline -0.002 -11"><span class='ocrx_word' id='word_1_213' title='bbox 236 1927 414 1970; x_wconf 82' lang='lat' dir='ltr'><strong>redditus</strong></span> <span class='ocrx_word' id='word_1_214' title='bbox 428 1959 440 1981; x_wconf 91' lang='lat'><strong>,</strong></span> <span class='ocrx_word' id='word_1_215' title='bbox 488 1928 669 1970; x_wconf 85' lang='lat' dir='ltr'><strong>eiusdem</strong></span> <span class='ocrx_word' id='word_1_216' title='bbox 711 1928 860 1970; x_wconf 86' lang='lat' dir='ltr'><strong>iudicio</strong></span> <span class='ocrx_word' id='word_1_217' title='bbox 896 1936 936 1969; x_wconf 89' lang='lat' dir='ltr'><strong>et</strong></span> <span class='ocrx_word' id='word_1_218' title='bbox 969 1929 1129 1969; x_wconf 89' lang='lat' dir='ltr'><strong>hortatu</strong></span> <span class='ocrx_word' id='word_1_219' title='bbox 1166 1926 1294 1968; x_wconf 83' lang='lat' dir='ltr'><strong>editus</strong></span> <span class='ocrx_word' id='word_1_220' title='bbox 1330 1927 1397 1968; x_wconf 89' lang='lat' dir='ltr'><strong>hic</strong></span> <span class='ocrx_word' id='word_1_221' title='bbox 1430 1927 1583 1980; x_wconf 88' lang='lat' dir='ltr'><strong>integer</strong></span> <span class='ocrx_word' id='word_1_222' title='bbox 1619 1933 1693 1976; x_wconf 88' lang='lat' dir='ltr'><strong>est,</strong></span> 
     </span>
     <span class='ocr_line' id='line_1_27' title="bbox 239 1995 1532 2054; baseline -0.002 -16"><span class='ocrx_word' id='word_1_223' title='bbox 239 2011 324 2038; x_wconf 87' lang='lat' dir='ltr'><strong>non</strong></span> <span class='ocrx_word' id='word_1_224' title='bbox 349 1996 584 2050; x_wconf 89' lang='lat' dir='ltr'><strong>invenusta,</strong></span> <span class='ocrx_word' id='word_1_225' title='bbox 609 1996 654 2037; x_wconf 89' lang='lat' dir='ltr'><strong>ni</strong></span> <span class='ocrx_word' id='word_1_226' title='bbox 679 1997 822 2049; x_wconf 86' lang='lat' dir='ltr'><strong>fallor,</strong></span> <span class='ocrx_word' id='word_1_227' title='bbox 848 1996 1124 2054; x_wconf 87' lang='lat' dir='ltr'><strong>peregrinitate</strong></span> <span class='ocrx_word' id='word_1_228' title='bbox 1151 1995 1378 2052; x_wconf 82' lang='lat' dir='ltr'><strong>placiturus.</strong></span> <span class='ocrx_word' id='word_1_229' title='bbox 1429 1996 1532 2039; x_wconf 85' lang='lat' dir='ltr'><strong>vale.</strong></span> 
     </span>
    </p>
   </div>
   <div class='ocr_carea' id='block_1_3' title="bbox 240 2103 516 2111">
    <p class='ocr_par' dir='ltr' id='par_1_3' title="bbox 240 2103 516 2111">
     <span class='ocr_line' id='line_1_28' title="bbox 240 2103 516 2111; baseline 0 0"><span class='ocrx_word' id='word_1_230' title='bbox 240 2103 516 2111; x_wconf 95' lang='lat' dir='ltr'><strong> </strong></span> 
     </span>
    </p>
   </div>
   <div class='ocr_carea' id='block_1_4' title="bbox 239 2163 1740 2443">
    <p class='ocr_par' dir='ltr' id='par_1_4' title="bbox 239 2163 1740 2443">
     <span class='ocr_line' id='line_1_29' title="bbox 334 2163 1690 2213; baseline -0.001 -13"><span class='ocrx_word' id='word_1_231' title='bbox 334 2164 380 2210; x_wconf 83' lang='grc'><strong>*)</strong></span> <span class='ocrx_word' id='word_1_232' title='bbox 426 2165 514 2200; x_wconf 82' lang='lat' dir='ltr'><strong>Eum</strong></span> <span class='ocrx_word' id='word_1_233' title='bbox 535 2164 685 2200; x_wconf 88' lang='lat' dir='ltr'><strong>libellum</strong></span> <span class='ocrx_word' id='word_1_234' title='bbox 713 2165 952 2213; x_wconf 81' lang='lat' dir='ltr'><strong>(Hitopadesa</strong></span> <span class='ocrx_word' id='word_1_235' title='bbox 972 2166 1118 2202; x_wconf 86' lang='lat' dir='ltr'><strong>barbare</strong></span> <span class='ocrx_word' id='word_1_236' title='bbox 1139 2166 1304 2211; x_wconf 82' lang='lat' dir='ltr'><strong>vocatur)</strong></span> <span class='ocrx_word' id='word_1_237' title='bbox 1333 2176 1398 2200; x_wconf 84' lang='lat' dir='ltr'><strong>nec</strong></span> <span class='ocrx_word' id='word_1_238' title='bbox 1419 2166 1492 2201; x_wconf 83' lang='lat' dir='ltr'><strong>tum</strong></span> <span class='ocrx_word' id='word_1_239' title='bbox 1512 2163 1620 2200; x_wconf 76' lang='lat' dir='ltr'><strong>fuisse</strong></span> <span class='ocrx_word' id='word_1_240' title='bbox 1637 2163 1690 2199; x_wconf 85' lang='lat' dir='ltr'><strong>in-</strong></span> 
     </span>
     <span class='ocr_line' id='line_1_30' title="bbox 244 2221 1692 2269; baseline -0.002 -10"><span class='ocrx_word' id='word_1_241' title='bbox 244 2223 412 2269; x_wconf 85' lang='lat' dir='ltr'><strong>cognitum</strong></span> <span class='ocrx_word' id='word_1_242' title='bbox 439 2225 474 2259; x_wconf 83' lang='lat' dir='ltr'><strong>et</strong></span> <span class='ocrx_word' id='word_1_243' title='bbox 504 2222 624 2257; x_wconf 80' lang='lat' dir='ltr'><strong>deinde</strong></span> <span class='ocrx_word' id='word_1_244' title='bbox 657 2223 818 2269; x_wconf 88' lang='lat' dir='ltr'><strong>plurimas</strong></span> <span class='ocrx_word' id='word_1_245' title='bbox 846 2223 882 2258; x_wconf 85' lang='lat' dir='ltr'><strong>iu</strong></span> <span class='ocrx_word' id='word_1_246' title='bbox 913 2223 1044 2269; x_wconf 81' lang='lat' dir='ltr'><strong>linguas</strong></span> <span class='ocrx_word' id='word_1_247' title='bbox 1077 2233 1272 2259; x_wconf 79' lang='lat' dir='ltr'><strong>conversum</strong></span> <span class='ocrx_word' id='word_1_248' title='bbox 1298 2222 1397 2268; x_wconf 77' lang='lat' dir='ltr'><strong>vutgo</strong></span> <span class='ocrx_word' id='word_1_249' title='bbox 1419 2222 1489 2268; x_wconf 83' lang='lat' dir='ltr'><strong>legi</strong></span> <span class='ocrx_word' id='word_1_250' title='bbox 1509 2221 1692 2257; x_wconf 75' lang='lat' dir='ltr'><strong>ostendunt</strong></span> 
     </span>
     <span class='ocr_line' id='line_1_31' title="bbox 245 2274 1692 2326; baseline -0.001 -11"><span class='ocrx_word' id='word_1_251' title='bbox 245 2281 387 2316; x_wconf 86' lang='lat' dir='ltr'><strong>Careius</strong></span> <span class='ocrx_word' id='word_1_252' title='bbox 428 2274 670 2326; x_wconf 80' lang='lat' dir='ltr'><strong>(Hitopadesa</strong></span> <span class='ocrx_word' id='word_1_253' title='bbox 699 2292 738 2316; x_wconf 87' lang='lat' dir='ltr'><strong>or</strong></span> <span class='ocrx_word' id='word_1_254' title='bbox 765 2282 921 2325; x_wconf 76' lang='lat' dir='ltr'><strong>salutm-y</strong></span> <span class='ocrx_word' id='word_1_255' title='bbox 951 2282 1152 2316; x_wconf 76' lang='lat' dir='ltr'><strong>instruction</strong></span> <span class='ocrx_word' id='word_1_256' title='bbox 1181 2281 1220 2314; x_wconf 80' lang='lat' dir='ltr'><strong>in</strong></span> <span class='ocrx_word' id='word_1_257' title='bbox 1250 2279 1309 2315; x_wconf 76' lang='lat' dir='ltr'><strong>the</strong></span> <span class='ocrx_word' id='word_1_258' title='bbox 1340 2280 1493 2325; x_wconf 77' lang='lat' dir='ltr'><strong>original</strong></span> <span class='ocrx_word' id='word_1_259' title='bbox 1524 2278 1692 2322; x_wconf 73' lang='lat' dir='ltr'><strong>Suasorit,</strong></span> 
     </span>
     <span class='ocr_line' id='line_1_32' title="bbox 239 2335 1740 2384; baseline -0.001 -12"><span class='ocrx_word' id='word_1_260' title='bbox 239 2339 379 2384; x_wconf 78' lang='lat' dir='ltr'><strong>printed</strong></span> <span class='ocrx_word' id='word_1_261' title='bbox 402 2343 439 2373; x_wconf 83' lang='lat' dir='ltr'><strong>at</strong></span> <span class='ocrx_word' id='word_1_262' title='bbox 463 2340 664 2384; x_wconf 82' lang='lat' dir='ltr'><strong>Serampore</strong></span> <span class='ocrx_word' id='word_1_263' title='bbox 684 2350 720 2384; x_wconf 81' lang='lat' dir='ltr'><strong>p.</strong></span> <span class='ocrx_word' id='word_1_264' title='bbox 735 2338 785 2376; x_wconf 91' lang='lat' dir='ltr'><strong>IV</strong></span> <span class='ocrx_word' id='word_1_265' title='bbox 801 2343 836 2374; x_wconf 81' lang='lat' dir='ltr'><strong>et</strong></span> <span class='ocrx_word' id='word_1_266' title='bbox 850 2337 913 2383; x_wconf 91' lang='lat' dir='ltr'><strong>X)</strong></span> <span class='ocrx_word' id='word_1_267' title='bbox 937 2341 972 2372; x_wconf 84' lang='lat' dir='ltr'><strong>et</strong></span> <span class='ocrx_word' id='word_1_268' title='bbox 993 2338 1134 2373; x_wconf 82' lang='lat' dir='ltr'><strong>Iacobus</strong></span> <span class='ocrx_word' id='word_1_269' title='bbox 1156 2338 1336 2373; x_wconf 82' lang='lat' dir='ltr'><strong>Grimmius</strong></span> <span class='ocrx_word' id='word_1_270' title='bbox 1358 2337 1556 2383; x_wconf 77' lang='lat' dir='ltr'><strong>(Reinhart</strong></span> <span class='ocrx_word' id='word_1_271' title='bbox 1579 2335 1692 2370; x_wconf 73' lang='lat' dir='ltr'><strong>Fucha</strong></span> <span class='ocrx_word' id='word_1_272' title='bbox 1737 2351 1740 2356; x_wconf 91' lang='grc'><em>·</em></span> 
     </span>
     <span class='ocr_line' id='line_1_33' title="bbox 241 2392 1691 2443; baseline -0.001 -14"><span class='ocrx_word' id='word_1_273' title='bbox 241 2407 277 2441; x_wconf 79' lang='lat' dir='ltr'><strong>p.</strong></span> <span class='ocrx_word' id='word_1_274' title='bbox 294 2395 505 2430; x_wconf 83' lang='lat' dir='ltr'>CCLXXIII</span> <span class='ocrx_word' id='word_1_275' title='bbox 519 2398 635 2443; x_wconf 85' lang='lat' dir='ltr'><strong>sqq.).</strong></span> <span class='ocrx_word' id='word_1_276' title='bbox 680 2396 762 2431; x_wconf 84' lang='lat' dir='ltr'><strong>nihil</strong></span> <span class='ocrx_word' id='word_1_277' title='bbox 781 2395 885 2441; x_wconf 80' lang='lat' dir='ltr'><strong>igitur</strong></span> <span class='ocrx_word' id='word_1_278' title='bbox 908 2406 1030 2430; x_wconf 83' lang='lat' dir='ltr'><strong>causae</strong></span> <span class='ocrx_word' id='word_1_279' title='bbox 1052 2400 1128 2430; x_wconf 76' lang='lat' dir='ltr'><strong>erat</strong></span> <span class='ocrx_word' id='word_1_280' title='bbox 1149 2407 1210 2430; x_wconf 85' lang='lat' dir='ltr'><strong>cur</strong></span> <span class='ocrx_word' id='word_1_281' title='bbox 1232 2396 1357 2430; x_wconf 86' lang='lat' dir='ltr'><strong>diutius</strong></span> <span class='ocrx_word' id='word_1_282' title='bbox 1379 2393 1580 2430; x_wconf 82' lang='lat' dir='ltr'><strong>adhaereret</strong></span> <span class='ocrx_word' id='word_1_283' title='bbox 1600 2392 1691 2428; x_wconf 80' lang='lat' dir='ltr'><strong>libro</strong></span> 
     </span>
    </p>
   </div>
   <div class='ocr_carea' id='block_1_5' title="bbox 244 2451 1614 2545">
    <p class='ocr_par' dir='ltr' id='par_1_5' title="bbox 244 2451 1614 2545">
     <span class='ocr_line' id='line_1_34' title="bbox 244 2451 1614 2501; baseline -0.002 -13"><span class='ocrx_word' id='word_1_284' title='bbox 244 2464 319 2490; x_wconf 90' lang='lat' dir='ltr'><strong>cum</strong></span> <span class='ocrx_word' id='word_1_285' title='bbox 340 2465 403 2490; x_wconf 81' lang='lat' dir='ltr'><strong>sua</strong></span> <span class='ocrx_word' id='word_1_286' title='bbox 426 2454 508 2490; x_wconf 88' lang='lat' dir='ltr'><strong>mole</strong></span> <span class='ocrx_word' id='word_1_287' title='bbox 535 2454 634 2501; x_wconf 83' lang='lat' dir='ltr'><strong>gravi</strong></span> <span class='ocrx_word' id='word_1_288' title='bbox 655 2456 727 2490; x_wconf 79' lang='lat' dir='ltr'><strong>tum</strong></span> <span class='ocrx_word' id='word_1_289' title='bbox 749 2466 771 2491; x_wconf 84' lang='lat' dir='ltr'><strong>a</strong></span> <span class='ocrx_word' id='word_1_290' title='bbox 791 2452 934 2490; x_wconf 79' lang='lat' dir='ltr'><strong>Possino</strong></span> <span class='ocrx_word' id='word_1_291' title='bbox 956 2453 1134 2499; x_wconf 77' lang='lat' dir='ltr'><strong>benignius</strong></span> <span class='ocrx_word' id='word_1_292' title='bbox 1156 2463 1255 2499; x_wconf 79' lang='lat' dir='ltr'><strong>quam</strong></span> <span class='ocrx_word' id='word_1_293' title='bbox 1281 2452 1462 2499; x_wconf 82' lang='lat' dir='ltr'><strong>oportebat</strong></span> <span class='ocrx_word' id='word_1_294' title='bbox 1484 2451 1614 2486; x_wconf 77' lang='lat' dir='ltr'><strong>ornato.</strong></span> 
     </span>
     <span class='ocr_line' id='line_1_35' title="bbox 1374 2508 1472 2545; baseline 0 -1"><span class='ocrx_word' id='word_1_295' title='bbox 1374 2508 1404 2545; x_wconf 91' lang='grc' dir='ltr'><strong>Ι.</strong></span> <span class='ocrx_word' id='word_1_296' title='bbox 1432 2508 1472 2544; x_wconf 87' lang='grc' dir='ltr'><strong>Β.</strong></span> 
     </span>
    </p>
   </div>
  </div>
 </body>
</html>
