1884 3262
426 198 502 240 DE
533 196 807 241 MICHAELE
839 196 1208 241 PALAEOLOGO
1242 197 1290 241 L.
1323 195 1399 241 vl.
1543 194 1644 242 442

193 306 348 365 ταύτην
375 308 553 366 ἔγνωσαν
579 316 665 360 τοῖς
692 314 767 352 τοῦ
793 309 1015 365 βασιλέως,
1043 309 1115 353 τὸν
1127 309 1252 353 Madv
1274 311 1319 354 δὲ
1337 307 1534 366 δεσπότην
1554 310 1642 354 ἐδέ-

192 395 314 433 χοντο
343 380 410 421 καὶ
438 377 501 421 ὅτι
532 379 598 420 καὶ
625 379 669 420 ἐκ
698 382 873 421 παλαιοῦ
901 378 1084 433 προσῆκέ
1111 379 1151 421 οἱ
1180 378 1231 421 τὰ
1256 376 1506 434 Βουλγᾶρων
1534 377 1642 436 πρά-

192 463 343 502 γματα.
410 444 437 501 ἦ
458 447 531 500 μὲν
548 441 621 488 οὖν
640 447 790 500 Μαρία
810 445 1014 501 ἴμφορτος
1031 442 1135 488 οὖσα
1154 450 1213 504 τῷ
1231 445 1312 488 ἀπὸ
1332 451 1404 489 τοῦ
1423 445 1641 503 βαρβάρου

192 512 391 567 κυήματι,
439 512 525 568 ἅμα
558 515 671 555 παιδὶ
703 513 876 567 Μιχαὴλ
901 513 1004 568 πρὸς
1028 514 1201 567 βασιλέα
1246 513 1456 570 (ἐπεδήμει
1483 515 1562 570 γὰρ
1590 519 1642 572 τῇ

160 581 401 636 5Ἀδριανοῦ
421 581 467 623 τὸ
493 579 706 637 δεύτερον)
740 580 856 635 ἤγετο
870 612 883 631 ,
915 582 981 622 καὶ
1011 585 1213 636 φυλακαῖς
1231 588 1323 630 ταῖς
1342 581 1641 637 προσηκούσαις

193 650 372 691 ἐδίδοτο·
412 649 533 691 Ἀσάν
562 650 606 691 δὲ
636 650 702 691 καὶ
730 649 806 690 σὺν
831 646 986 704 Εἰρήνῃ
995 680 1009 699 ,
1047 648 1121 702 οὐχ
1152 647 1260 702 ἅμα,
1297 649 1402 691 ἀλλὰ
1428 650 1531 703 μετὰ
1563 651 1633 693 τὸν
1656 661 1688 696 C

187 715 312 759 Ἀσὰν
341 717 492 770 ἐκείνη,
526 716 855 771 βασιλέωςπρὸς
885 713 1000 758 πόλιν
1030 714 1225 766 ἐλθόντος
1255 715 1401 771 ἀνέδην
1429 718 1639 771 ἐπέβαινον

195 782 404 839 Τερνόβου
436 786 502 826 καὶ
527 788 706 837 βασιλεῖς
726 784 983 840 ἔφημίζοντο.
1049 779 1100 838 ἦν
1121 787 1147 826 δ
1154 783 1166 800 '
1191 785 1232 826 ἓν
1251 791 1336 833 τοῖς
1353 782 1534 838 μάλιστα
1558 790 1639 828 τῶν

193 850 453 908 προυχόντων
479 853 546 894 καὶ
575 856 800 907 Τερτερῆς,
836 845 870 908 ᾧ
902 851 953 906 δὴ
980 853 1047 893 καὶ
1073 850 1256 908 μεγάλως
1283 853 1330 895 τὸ
1359 853 1641 909 Βουλγαρικὸν

139 925 183 959 10
195 926 378 974 προσεῖχε
413 920 480 962 καὶ
507 919 610 976 παρ’
647 919 806 968 ἐκείνοις
835 920 1097 974 ἓμεγαλίζετο.
1167 924 1313 962 τοῦτον
1345 919 1534 973 ἐβούλετο
1565 922 1641 976 μέν

190 987 383 1039 βασιλεὺς
411 991 469 1044 τῷ
493 986 616 1029 Ἀσὰν
634 986 739 1029 κατὰ
759 987 868 1041 γένος
887 988 1077 1041 συνείρειν
1100 988 1166 1028 καὶ
1187 991 1308 1040 τιμᾶν
1328 986 1528 1042 ἀξιώμασι
1543 1003 1554 1013 ⁰
1591 989 1639 1032 τὸ

190 1054 269 1110 γὰρ
286 1052 468 1110 ὗφὲρπον
487 1053 561 1095 ἀπ’
582 1055 730 1097 ἐκείνου
750 1054 853 1109 πρὸς
868 1056 1079 1106 βασιλείαν
1099 1054 1203 1096 πολὺ
1221 1050 1285 1109 ἦν,
1323 1055 1406 1098 ἐπεὶ
1422 1059 1488 1098 καὶ
1509 1074 1638 1114 στρα-

191 1126 325 1177 τηγῶν
359 1123 482 1175 δῆλος
507 1117 556 1176 ἦν
583 1125 656 1163 τοῦ
687 1123 867 1175 μείζονος
897 1122 1112 1178 ἐφιέμενος.
1183 1122 1371 1176 ἐμποδών
1401 1124 1444 1166 δ’
1474 1120 1524 1179 ἦν
1550 1133 1635 1175 τοῖς
1657 1137 1689 1172 D

189 1189 496 1242 βουλευομένοις
518 1186 543 1243 ἡ
561 1186 750 1245 σῦζυγος·
782 1189 829 1232 τὸ
849 1189 926 1246 γὰρ
947 1188 1100 1245 ταύτην
1126 1189 1270 1244 ἔχοντα
1289 1190 1490 1245 τιμᾶσθαι
1508 1194 1637 1248 μηδὲν

137 1259 180 1295 15
194 1261 250 1314 τῷ
279 1256 401 1299 Ἀσὰν
433 1256 537 1299 κατὰ
565 1257 676 1313 γένος
706 1255 964 1300 συνάπτοντα
985 1255 1268 1311 λαμβάνοντος
1284 1263 1442 1312 μᾶλλον
1464 1256 1514 1316 ἦν
1534 1262 1639 1317 πρὸς

188 1324 264 1379 τὴν
293 1329 375 1367 τῶν
405 1322 712 1378 ὖπονοουμένων
735 1324 887 1378 ἄναψιν
911 1329 1097 1368 πλεῖστον
1125 1324 1223 1368 ὅσον
1249 1325 1499 1383 ἕμπῦρευμα.
1569 1329 1638 1372 διὰ

188 1396 310 1436 τοῦτο
342 1393 408 1435 καὶ
443 1390 641 1447 δεσπότην
669 1394 864 1448 προτείνει
891 1400 1037 1445 ποιεῖν,
1074 1395 1110 1436 εἰ
1138 1398 1212 1447 τῆς
1244 1395 1431 1450 γυναικὸς
1454 1395 1641 1448 ἀποστὰς

188 1464 240 1516 τῇ
269 1464 344 1503 τοῦ
365 1459 489 1502 Ἀσάν
517 1459 752 1517 αὗταδίλφῃ
776 1462 831 1509 εἷς
854 1459 983 1516 γάμον
1006 1459 1263 1505 συνάπτοιτο.
1332 1464 1465 1519 γέγονε
1485 1470 1632 1518 ταῦτα,
1659 1479 1692 1514 Ε

190 1529 256 1569 καὶ
285 1525 309 1582 ἦ
337 1527 411 1581 μὲν
441 1531 514 1569 τοῦ
547 1532 590 1569 Τ
587 1533 725 1584 ερτερῆ
757 1526 926 1584 σύζυγος
954 1528 1129 1583 ἀχθεῖσα
1151 1530 1253 1585 πρὸς
1274 1532 1447 1583 βασιλέα
1467 1537 1519 1589 τῇ
1535 1533 1641 1576 κατὰ

134 1596 365 1638 ἓοΝίκαιαν
390 1596 547 1638 ἐδίδοτο
579 1599 741 1653 φυλακῇ
771 1596 847 1639 σύν
881 1597 957 1656 υἱῷ
980 1595 1370 1657 Ὀσφεντισθλάβῳ,
1416 1598 1442 1656 ἦ
1488 1602 1532 1643 δὲ
1564 1606 1639 1645 τοῦ

190 1737 264 1761 cum
284 1726 353 1760 filio
376 1726 518 1761 ducibus
540 1727 710 1762 exercitus
730 1727 960 1774 imperatoris,
991 1730 1205 1776 Asanemque
1227 1730 1263 1764 in
1285 1730 1452 1767 dominum
1474 1732 1638 1778 recipere,

189 1772 243 1806 cui
264 1771 318 1807 ins
340 1777 438 1807 vetus
461 1774 673 1818 competebat
695 1786 735 1808 ex
759 1785 883 1818 genere
903 1774 946 1808 ad
969 1775 1212 1810 successionem
1244 1776 1280 1810 in
1310 1788 1448 1822 regnum
1471 1778 1639 1823 Bulgaro-

187 1828 274 1851 nun.
321 1818 434 1852 Maria
464 1818 569 1862 igitur
599 1824 730 1853 uterum
760 1831 881 1863 gerens
905 1831 945 1854 ex
969 1821 1113 1856 barbaro
1137 1822 1315 1864 Lachana,
1348 1823 1447 1858 simul
1470 1836 1543 1858 cum
1566 1825 1638 1858 Mi-

187 1862 304 1897 cbaEle
334 1874 462 1908 puero,
493 1864 639 1898 deducta
672 1866 715 1899 ad
745 1865 980 1910 imperatorem
1003 1867 1249 1912 Adrianopolim
1282 1872 1334 1902 est
1367 1869 1426 1912 (in
1449 1881 1524 1903 eam
1547 1871 1635 1904 enim

187 1908 305 1942 urbem
334 1909 517 1954 imperator
546 1910 691 1944 secundo
721 1911 958 1955 advenerat),
999 1913 1055 1946 ubi
1098 1913 1271 1947 custodiae
1301 1915 1512 1949 convenienti
1543 1927 1636 1950 com-

186 1952 289 1988 missa
312 1959 375 1988 est.
419 1957 511 1988 Asan
534 1967 614 1989 vero
637 1967 701 1990 non
724 1962 806 1990 tunc
828 1956 925 1990 simul
948 1967 1022 1991 cum
1046 1957 1144 1992 Irene
1174 1958 1259 2002 (illa
1280 1959 1366 1993 enim
1389 1966 1468 2004 post
1490 1963 1635 1996 Asanem

185 2010 227 2033 eo
249 1999 343 2033 venit
363 1999 565 2044 imperatore
586 2000 653 2035 iam
678 2001 999 2047 Constantinopolim
1021 2005 1192 2048 reverso)
1213 2016 1334 2049 magna
1357 2006 1556 2040 celebritate
1581 2008 1635 2042 in-

186 2043 278 2078 vecti
299 2047 377 2078 sunt
399 2046 592 2080 Ternobum
615 2051 651 2081 et
671 2059 769 2092 reges
791 2048 975 2082 acclamati.
1021 2053 1096 2083 erat
1130 2061 1232 2094 porro
1268 2051 1355 2084 inter
1388 2062 1548 2096 proceres
1580 2053 1636 2086 ‹li-

185 2089 316 2132 gnitate
343 2090 377 2124 in
410 2091 569 2135 Balgatia
604 2096 815 2137 praestantes
846 2093 980 2148 quidam
1012 2094 1197 2136 Tenues,
1238 2095 1401 2130 maximae
1435 2097 1526 2141 apud
1559 2108 1634 2132 eam

185 2138 319 2177 gentem
348 2135 602 2172 existimationis
623 2142 660 2172 et
681 2139 812 2182 gratiae
839 2150 911 2181 vir,
942 2139 1143 2185 summisque
1165 2141 1208 2174 ab
1231 2140 1271 2174 iis
1299 2140 1416 2174 efferri
1439 2146 1476 2175 et
1495 2142 1634 2176 honori-

186 2179 251 2213 bus
273 2185 309 2213 et
329 2180 486 2216 laudibus
507 2183 635 2217 solitus.
678 2184 767 2218 hunc
789 2184 970 2230 imperator
991 2185 1097 2219 voluit
1118 2185 1221 2219 Asani
1243 2185 1421 2220 affinitatis
1442 2187 1634 2222 necessitu-

186 2224 264 2258 dine
285 2223 424 2270 iungere
446 2232 483 2261 et
503 2227 725 2272 dignitatibus
756 2230 942 2273 honorare,
972 2241 1227 2275 praeversurum
1256 2243 1295 2265 se
1325 2236 1421 2265 ratus
1444 2232 1507 2266 boc
1528 2238 1630 2277 pacto

185 2269 369 2314 periculum
397 2271 594 2307 insidiarum
624 2274 797 2309 imminens
826 2287 911 2310 novo
941 2277 1014 2320 regi
1037 2277 1079 2310 ab
1103 2276 1236 2310 bomine
1259 2288 1358 2321 quem
1382 2282 1503 2322 potens
1524 2279 1630 2314 factio

185 2325 321 2349 snorum
343 2315 428 2350 clam
450 2317 495 2351 ad
515 2329 653 2362 regnum
676 2321 912 2366 promovebat,
944 2326 980 2355 et
1007 2322 1116 2366 ipsum
1140 2321 1280 2356 bellicae
1302 2322 1447 2367 peritiae
1466 2324 1556 2358 fama
1576 2325 1632 2359 in-

186 2359 331 2404 clytum,
365 2361 489 2406 quique
519 2362 570 2397 ita
603 2364 765 2400 militares
793 2366 957 2410 gessisset
987 2368 1246 2411 praefecturas,
1285 2372 1324 2401 ut
1353 2367 1430 2413 plns
1460 2369 1631 2415 quidpiam

186 2405 323 2450 privato
350 2406 488 2450 fastigio
510 2413 709 2453 spectarea
731 2412 877 2456 penitius
900 2412 1106 2446 intuentibus
1129 2416 1221 2447 esset
1241 2413 1505 2449 animadversus.
1552 2427 1632 2450 cae-

186 2457 296 2484 terum
318 2451 398 2485 huic
418 2451 631 2497 imperatoris
651 2456 764 2490 studio
785 2457 989 2491 incommode
1021 2458 1182 2491 obstabat
1202 2470 1287 2492 uxor
1309 2470 1410 2504 quam
1433 2464 1503 2495 tum
1525 2461 1634 2496 habe-

184 2496 247 2530 bat
269 2496 452 2539 Terteres3
487 2498 540 2532 cui
571 2499 601 2534 si
622 2500 657 2534 in
679 2513 720 2534 eo
744 2502 850 2546 primo
873 2502 1024 2546 coniugio
1051 2503 1217 2547 perstanti
1245 2504 1387 2539 bonores
1410 2509 1446 2539 et
1468 2506 1634 2542 beneficia

183 2539 370 2587 imperator
400 2548 619 2587 congereret,
650 2545 733 2579 nihil
762 2549 907 2581 Asanem
936 2547 1092 2590 iuvaret,
1123 2549 1184 2583 sed
1214 2550 1328 2594 potius
1351 2549 1423 2585 eius
1445 2551 1632 2596 perieulum

184 2594 327 2631 augeret
348 2590 501 2632 potentia
521 2589 598 2632 ‚eins
621 2591 740 2624 aemuli
758 2593 855 2626 novis
884 2604 984 2638 opum
1015 2593 1260 2629 accessionibus
1292 2597 1563 2639 corroboranda,
1595 2602 1633 2632 et

185 2632 283 2676 qnasi
304 2633 541 2669 accumulando
563 2646 650 2670 novo
674 2636 810 2680 fomite,
841 2649 908 2683 quo
930 2638 1063 2673 facilius
1085 2641 1322 2676 exardesceret
1350 2641 1535 2676 incendium
1558 2644 1631 2676 for-

184 2676 355 2712 midatum.
400 2679 507 2724 igitur
545 2682 796 2734 proponendum
826 2683 963 2718 Terteri
1004 2685 1139 2719 curavit
1170 2685 1353 2731 imperator
1382 2699 1422 2721 se
1453 2687 1630 2732 despotam

183 2733 260 2756 eum
282 2727 492 2767 creaturum,
532 2737 562 2760 si
584 2727 782 2771 repudiata,
816 2740 916 2774 quam
937 2729 1101 2773 baberet,
1137 2731 1279 2776 coniuge
1306 2732 1409 2766 vellet
1438 2732 1473 2766 in
1505 2745 1629 2768 novam

182 2777 339 2811 sponsam
361 2770 516 2815 accipere
537 2782 687 2807 sororem
709 2774 842 2810 Asanis.
886 2775 979 2810 facta
999 2776 1084 2811 baec
1105 2781 1196 2819 sunt,
1217 2777 1285 2812 cito
1308 2776 1515 2812 assentiente
1537 2779 1630 2814 Ter-

182 2818 274 2856 tere,
294 2814 391 2851 cuius
412 2816 533 2852 coniux
553 2817 648 2864 prior
670 2830 744 2854 cum
765 2820 859 2864 filio,
883 2820 1181 2868 Ospbentistblabo
1199 2822 1311 2866 dicto,
1334 2823 1378 2859 ad
1392 2823 1628 2871 imperatorem
