1846 3262
251 201 349 248 204
670 199 906 244 GEORGII
939 200 1290 246 PACHYMERIS

250 313 442 372 δυσχερὲς
461 312 590 370 μέγαν
609 310 720 356 οἶκον
735 313 886 371 μικρὰν
909 315 1131 371 δυστυχίαν
1151 314 1345 372 δέχεσθαι
1358 349 1372 371 ,
1406 314 1541 374 ὥσπερ
1561 318 1628 359 καὶ
1645 336 1717 372 μι-

248 384 347 441 κρὸν
374 379 579 439 μεγάλην,
620 381 716 424 ἀλλ’
747 378 821 426 οὖν
853 383 901 426 τὸ
928 384 1003 440 τὴν
1021 382 1201 441 μεγάλην
1223 386 1445 441 δυστυχίαν
1462 389 1521 445 τῷ
1539 387 1717 445 μεγίστῳ

248 453 346 511 οἴκῳ
371 452 691 494 ἕπεισπεσοῦσαν
710 451 767 508 μὴ
791 451 896 495 κατὰ
920 453 968 496 τὸ
990 453 1095 505 εῗκὸς
1115 454 1438 509 ἐκμειλιχθεΐσαν
1467 455 1722 511 καθυφιίναι

243 525 318 576 τῆς
337 519 532 576 ἀπηνείας
550 519 625 563 οὐκ
645 519 759 576 ὀλίγα
778 518 976 576 βλάψειεν
996 521 1061 566 ἄν.
1136 522 1355 573 Οἷδίποδες
1375 527 1509 566 ταῦτα
1530 524 1596 566 καὶ
1617 527 1716 567 θοῖ-

190 602 222 636 Ε
246 607 311 632 ναι
346 589 533 633 Θυέστου
563 590 631 632 καὶ
656 587 804 633 πλάνοι
828 589 1057 634 Ὀδύσσειοι
1085 589 1434 648 μαρτυρήσουσιν.
1507 590 1615 635 οὕτω
1640 593 1749 647 μένὸ

245 653 317 702 οὖν
336 662 411 701 τοῦ
432 655 687 715 πατριάρχου
706 656 981 714 μετελθόντος
1001 660 1049 703 τὸ
1070 664 1144 703 τοῦ
1162 660 1364 714 βασιλέως
1382 657 1591 715 τόλμημα,
1616 658 1720 704 ἑκών

242 726 301 783 μὴ
322 727 458 771 θέλων
476 727 634 782 δέχεται
651 727 726 783 τὴν
747 729 976 783 ἐπιτίμησιν
997 727 1018 772 ὃ
1036 733 1224 786 κρατῶν,
1256 731 1323 772 καὶ
1343 726 1473 772 τόπον
1496 728 1636 780 διδοὺς
1657 733 1717 789 τῷ

243 797 386 855 δικαίῳ
418 799 545 855 θυμῷ
576 793 802 851 ἡσύχαζεν,
839 796 933 841 οὔτε
967 796 1231 855 μεμφόμενος
1266 797 1343 858 (οὗ
1373 795 1452 854 γάρ
1485 797 1525 840 οἱ
1558 797 1716 855 ἄξιον),

243 866 311 908 καὶ
329 865 382 908 τὰ
401 869 476 921 τῆς
492 862 676 921 πράξεως
701 863 757 916 ὥς
776 864 877 921 εἶχεν
901 866 1150 924 ἀπελογεῖτο.
1224 865 1337 923 ὅμως
1356 868 1398 910 ἓν
1417 864 1615 924 ἀφύκτοις
1641 866 1717 910 οὔκ

243 933 401 990 ἀγνοῶν
424 931 691 989 κατεχόμενος
711 934 844 992 ἠρέμα
864 935 1023 993 διέφερε
1044 935 1119 990 τὴν
1140 932 1264 992 ὀργήν
1274 970 1287 990 ,
1325 937 1393 979 καὶ
1420 935 1563 992 καιρὸν
1586 952 1715 991 μετα-
1728 941 1778 979 10

243 1004 357 1053 νοίας
376 999 501 1058 ἐζήτει
520 1002 591 1059 ἐφ’
616 997 649 1063 ᾧ
666 1003 742 1058 τὴν
763 1002 1020 1062 συγχώρησιν
1042 1005 1260 1054 δέξασθαι.
1328 1004 1467 1060 ἤλπιζε
1488 1003 1568 1061 γὰρ
1598 1002 1655 1054 ὥς
1681 1006 1717 1049 εἰ

244 1071 390 1129 μικρὸν
412 1070 638 1127 ἡσυχάσας,
676 1070 762 1115 εἶτα
780 1078 1035 1130 μεταγνῶναι
1054 1071 1178 1125 δόξας
1198 1073 1273 1130 τὴν
1293 1071 1409 1117 λύσιν
1429 1073 1581 1129 ζητοίη,
1617 1073 1726 1128 {ips-¹

244 1142 318 1184 ταί
331 1141 370 1184 οἳ
389 1141 623 1198 παραυτίκα
645 1143 712 1183 καὶ
731 1139 755 1195 ἡ
775 1139 1046 1199 συγχώρησις.

99 1226 129 1261 Ρ
156 1225 225 1261 135
276 1258 290 1274 ι
387 1210 487 1255 15.’
528 1209 684 1264 Ἀμέλει
715 1227 779 1253 τοι
811 1212 878 1253 καὶ
905 1211 1052 1267 μικρὸν
1075 1209 1251 1266 ἐπισχὼν
1273 1208 1325 1252 τὰ
1348 1208 1479 1253 αὐτοῦ
1502 1208 1718 1266 {apamen

243 1277 265 1323 ὅ
300 1277 345 1322 δ’
380 1274 454 1322 οὗν
487 1277 564 1334 σὴς
591 1282 666 1321 τοῦ
693 1276 926 1330 συνειδότος
958 1278 1015 1329 ὥς
1040 1279 1182 1323 ὀστέον
1205 1278 1279 1335 τὴν
1311 1279 1485 1336 καρδίαν
1503 1276 1710 1333 ἐβόσκετο,
1727 1282 1777 1322 15'

245 1349 314 1391 καὶ
351 1346 541 1397 ταπεινὸς
579 1344 707 1390 ἐδόκει
718 1381 730 1400 ,
778 1346 855 1392 κᾶν
882 1352 942 1408 τῷ
973 1352 1143 1407 σοβαρῷ
1175 1352 1249 1404 τῆς
1278 1348 1491 1402 βασιλείας
1519 1346 1718 1404 αἴρεσθαι

244 1422 483 1472 προυνοεῖτο
494 1449 507 1468 ,
556 1415 627 1474 ἐφ’
661 1410 695 1475 ᾧ
738 1416 795 1472 μὴ
825 1415 1214 1475 καταφρονούμενος
1255 1417 1323 1459 καὶ
1360 1420 1444 1459 τῶν
1483 1414 1715 1472 ἀναγκαίων

244 1482 535 1541 ἀποτυγχάνοι.
604 1484 652 1527 τὸ
683 1489 784 1541 γοῦν
803 1486 994 1529 ναυτικὸν
1019 1486 1127 1529 ἔπλει
1137 1519 1151 1539 ,
1189 1486 1256 1528 καὶ
1276 1485 1320 1528 αἳ
1339 1481 1513 1541 τριήρεις
1529 1491 1620 1535 ταΐς
1639 1482 1715 1540 νή-

242 1570 331 1605 σοις
365 1554 663 1612 προσίσχουσαι
687 1553 762 1613 οὐκ
782 1553 922 1612 ὀλίγας
948 1555 1108 1598 ἐκείνων
1133 1553 1288 1613 ᾕρουν,
1325 1555 1393 1597 καὶ
1414 1553 1649 1611 παραυτίκα
1670 1553 1721 1596 αἱ

239 1674 328 1699 mam
350 1662 497 1706 tolerat,
523 1662 600 1709 quis
626 1666 729 1710 neget
751 1663 938 1710 prudenter
959 1665 1087 1699 factum
1113 1666 1153 1699 ut
1175 1663 1219 1698 de
1240 1663 1386 1699 maxima
1406 1662 1441 1697 in
1464 1662 1624 1698 familiam
1647 1673 1714 1708 po-

239 1709 430 1744 tentissime
462 1715 663 1754 regnantem
696 1711 890 1745 necessario
919 1710 1128 1745 immittenda
1151 1709 1366 1752 calamitate,
1398 1713 1562 1755 quantum
1583 1713 1714 1754 posset,

241 1755 500 1796 detraheretur,
524 1761 561 1789 et
583 1756 850 1801 adiungerentur
871 1756 1088 1792 delinimenta
1110 1756 1233 1801 quibus
1254 1754 1428 1790 amarities
1450 1751 1714 1800 temperaretur,

240 1813 285 1841 ne
308 1800 449 1835 stimulis
471 1800 562 1835 iusto
585 1802 796 1837 acutioribus
817 1803 870 1837 ira
893 1804 1063 1837 concitata
1092 1803 1276 1837 efferretur
1298 1802 1333 1836 in
1357 1802 1573 1847 desperatum
1603 1801 1714 1847 impe-

240 1852 312 1881 tum
342 1847 503 1881 universa
533 1859 647 1881 secum
681 1850 816 1894 pessu'm
847 1849 881 1883 in
905 1849 1046 1883 exitium
1068 1849 1236 1883 trahendi.
1283 1851 1390 1882 testes
1413 1847 1511 1881 huius
1531 1846 1583 1880 rei
1606 1846 1715 1881 Oedi-

242 1893 368 1938 podes,
401 1904 528 1927 coenae
550 1894 715 1938 Thyestis
750 1901 787 1928 et
809 1894 948 1938 Ulyssei
973 1906 1131 1936 errores,
1165 1899 1318 1929 extrema
1348 1893 1459 1927 omnia
1481 1892 1644 1937 consilia,
1676 1892 1713 1927 in

242 1950 332 1984 quae
354 1938 488 1983 priscos
512 1939 634 1973 heroas
657 1939 754 1974 nimis
777 1940 911 1975 acribus
942 1940 1186 1986 praecipitatos
1215 1939 1348 1974 iniuriis
1371 1943 1447 1973 tota
1469 1939 1625 1984 queritur
1648 1950 1712 1972 an-

242 1985 396 2031 tiquitas,
421 1986 700 2030 responsantibus
723 1986 891 2031 hodieque
912 1986 1054 2031 tragicis
1075 1987 1197 2021 scenis.
1242 1986 1363 2031 itaque
1382 1984 1600 2031 patriarchae
1621 1995 1712 2018 nune

243 2042 380 2076 quoque
402 2030 499 2065 istius
531 2043 615 2066 suae
636 2032 873 2066 moderationis
895 2032 952 2066 hic
973 2034 1106 2067 fructus
1129 2032 1303 2073 constitit,
1336 2034 1377 2065 ut
1405 2032 1591 2076 imperator
1613 2041 1712 2065 suum

243 2076 376 2111 facinus
406 2078 622 2112 anathemate
650 2078 727 2113 diro
761 2078 969 2113 vindicatum
992 2083 1053 2112 aut
1078 2078 1199 2112 tulerit
1220 2081 1280 2112 aut
1302 2078 1395 2112 ferre
1417 2075 1624 2111 simulaverit
1647 2087 1712 2120 pa·
1728 2103 1735 2111 ,

242 2123 389 2167 tienter,
425 2135 467 2157 ac
495 2125 614 2158 volens
643 2124 760 2159 nolens
793 2125 961 2159 submissa
990 2124 1126 2159 ferienti
1159 2124 1314 2165 cervice,
1348 2123 1433 2157 dans
1466 2123 1576 2156 locum
1597 2122 1712 2157 iustae

242 2169 340 2211 irae,
374 2169 562 2215 quieverit,
595 2181 662 2204 non
690 2181 901 2205 murmurans
923 2170 966 2205 de
987 2182 1120 2216 poena,
1151 2170 1212 2205 sed
1234 2171 1362 2204 factum
1383 2172 1422 2203 ut
1443 2171 1582 2214 poterat
1603 2178 1713 2202 excu-

243 2226 343 2250 sans:
372 2226 449 2249 cum
471 2216 561 2249 enim
583 2227 650 2250 non
671 2216 848 2262 ignoraret
868 2216 947 2251 talis
968 2227 1006 2250 se
1030 2221 1236 2262 compertum
1260 2215 1406 2250 criminis
1424 2214 1516 2261 quod
1537 2213 1630 2248 nulla
1650 2224 1710 2248 sa-

241 2261 288 2295 tis
321 2264 439 2306 posset
469 2261 664 2297 defensione
691 2262 794 2307 dilui,
827 2262 855 2297 si
878 2274 979 2308 quam
1000 2262 1090 2297 intus
1112 2263 1148 2297 in
1171 2263 1281 2297 animo
1304 2262 1470 2296 adversus
1489 2260 1710 2295 ulciscentem

241 2306 327 2341 iram
351 2307 518 2354 concepit,
541 2309 686 2353 prodere
703 2309 822 2344 saltem
842 2308 987 2351 distulit,
1010 2309 1046 2343 in
1069 2319 1231 2354 praesens
1253 2311 1433 2343 contentus
1454 2307 1522 2341 leni
1543 2316 1708 2351 responso

243 2352 393 2398 spatium
418 2354 461 2387 ad
485 2354 726 2399 poenitentiam
750 2366 913 2400 poscere,
947 2367 1015 2401 qua
1037 2354 1227 2401 promereri
1256 2355 1388 2389 veniam
1409 2356 1549 2399 posset,
1579 2352 1629 2386 sic
1651 2362 1710 2387 se-

244 2409 318 2432 cum
342 2399 511 2433 subducta
534 2400 609 2445 spei
631 2413 672 2435 ac
694 2401 860 2435 rationum
883 2413 1021 2443 summa,
1044 2404 1123 2447 post
1144 2401 1284 2435 brevem
1306 2400 1473 2435 obnoxiae
1494 2398 1620 2444 quietis
1634 2409 1710 2432 mo-

243 2455 338 2486 ram,
370 2443 402 2478 si
426 2445 520 2479 velut
541 2446 606 2480 iam
629 2447 719 2481 datis
742 2447 826 2481 satis
849 2447 1035 2481 illustribus
1066 2447 1298 2493 poenitentiae
1319 2457 1402 2481 suae
1423 2445 1532 2490 signis
1553 2442 1710 2478 reconci-

243 2489 417 2524 liationem
441 2494 595 2535 peteret,
618 2492 692 2527 voti
713 2492 828 2527 statim
847 2504 886 2528 se
908 2495 1288 2539 compotem'futurum‚
1310 2492 1436 2539 quippe
1457 2502 1535 2525 mox
1555 2489 1600 2524 ab
1624 2499 1710 2524 exo-

244 2535 330 2571 ratis
353 2536 567 2582 praesidibus
590 2549 761 2573 sacrorum
782 2539 929 2575 libenter
949 2539 1246 2585 redintegrandum
1267 2539 1303 2573 in
1323 2543 1451 2573 statum
1472 2535 1660 2580 pristinum.

335 2581 391 2616 15.
436 2582 514 2618 Hoc
548 2584 688 2618 consilio
719 2596 757 2619 se
786 2585 896 2630 ipsum
925 2585 1083 2620 cohibens
1112 2584 1308 2631 aliquandiu
1336 2593 1417 2619 suas
1449 2581 1518 2617 sibi
1539 2580 1705 2627 privatim

240 2637 298 2662 res
329 2626 470 2672 habuit,
499 2629 607 2663 luctui
637 2629 837 2676 indulgens,
869 2643 953 2666 vero
982 2633 1129 2666 fortasse
1151 2632 1286 2674 dolore,
1317 2640 1415 2676 quem
1437 2627 1557 2674 utique
1577 2626 1705 2662 vermis

241 2673 488 2716 conscientiae,
517 2675 684 2710 teredinis
715 2676 824 2710 instar
846 2688 926 2712 ossa
945 2677 1062 2713 intime
1083 2677 1253 2721 rodentis,
1286 2687 1346 2711 cor
1374 2675 1562 2720 depascens
1594 2672 1706 2707 animo

239 2720 377 2765 penitus
407 2719 578 2766 infigeret.
623 2721 702 2756 inde
731 2722 849 2756 habitu
880 2723 974 2758 tristi
1007 2723 1220 2770 demissoque
1243 2721 1430 2760 maiestatis
1460 2718 1705 2765 imperatoriae

242 2765 455 2811 deprimebat
481 2768 625 2810 fastum,
658 2779 732 2802 cum
763 2779 804 2802 eo
836 2771 950 2803 tamen
979 2774 1020 2805 ut
1050 2770 1146 2806 simul
1179 2771 1318 2805 caveret
1343 2779 1387 2802 ne
1417 2766 1452 2800 in
1474 2767 1703 2810 contemptum

245 2811 470 2856 perniciosum
502 2814 606 2848 rebus
636 2813 705 2848 suis
736 2813 806 2848 ista
835 2814 1023 2850 humilitate
1055 2816 1205 2851 caderet.
1248 2825 1337 2860 quae
1366 2812 1474 2857 igitur
1495 2822 1581 2857 opus
1603 2813 1703 2844 erant

247 2868 314 2892 non
346 2858 504 2894 omittens
535 2861 590 2896 vel
620 2858 682 2895 tali
711 2863 866 2907 tempore
888 2872 1027 2905 curare,
1059 2861 1161 2899 iussit
1182 2861 1318 2908 prodire
1339 2859 1477 2895 navales
1498 2857 1631 2904 copia33
1665 2858 1716 2891 et·
