1846 3262
391 204 467 248 DE
501 202 784 245 MICHAELE
817 198 1194 244 PALAEOLOGO
1230 199 1277 242 L.
1305 197 1384 245 ΠΙ.
1530 197 1623 242 171

156 323 222 366 καὶ
247 319 380 369 ἄλλως
401 319 559 361 δίκαιον
579 314 753 372 πρώτως
773 314 1020 370 εἶσαχθέντα
1041 316 1109 357 καὶ
1130 318 1296 371 πρῶτον
1318 317 1401 357 τῶν
1423 312 1628 367 βασιλέων

156 387 424 447 στέφεσθαι),
465 385 521 436 ὥς
544 389 579 429 εἴ
596 387 729 441 διδοίη
748 388 906 436 ταῦτα,
944 386 1012 426 καὶ
1032 384 1130 426 τάπὶ
1153 382 1316 433 τούτοις
1342 383 1534 434 ἐλπίζειν,
1569 379 1626 431 ὥς
1648 385 1681 420 Ε

157 455 412 517 ἓφησυχιὶσοι
443 455 730 512 πραχθέντων.
799 454 907 509 τρισὶ
942 453 988 495 δ’
1026 452 1128 511 ᾤετο
1171 454 1320 495 πείσειν
1361 456 1536 495 τοιαῦτα
1565 450 1634 492 λε’-

158 546 306 586 γοντα,
344 531 402 585 τῷ
426 544 468 569 τε
484 525 795 580 μεμαλακίσθαι
814 526 963 565 τοῦτον
984 526 1042 580 τῷ
1058 519 1194 580 χρόνῳ
1223 524 1265 564 ἐν
1284 519 1521 576 ὖπερορίαις
1541 517 1635 563 διοί-

126 608 307 654 5γοντα,
346 601 404 654 τῷ
427 613 471 638 τε
490 594 662 637 δεδιέναι
683 593 742 649 μὴ
774 593 842 635 καὶ
872 586 998 641 αὖθις
1030 590 1309 648 ἀντικαταστῇ
1333 590 1482 642 ἄλλος,
1519 606 1636 645 γεγο-

159 667 227 716 νὸς
254 667 329 713 καὶ,
351 664 421 707 ἐπ’
457 664 569 722 ἄλλῳ
596 663 702 718 ἤδη,
741 663 808 704 καὶ
841 662 966 719 τρίτῳ
995 665 1054 718 τῷ
1086 658 1266 716 ἀνάγκην
1291 658 1391 703 εἶναι
1411 661 1480 702 καὶ
1507 658 1636 701 αὐτὸν

161 739 258 791 ε’ρᾶν
290 739 363 790 τῆς
395 735 619 786 πατρίδος,
666 726 715 786 ἧς
749 728 958 773 ἀδύνατον
990 731 1204 784 ἐπιβῆναι,
1252 731 1319 771 καὶ
1357 733 1492 771 ταῦτα
1525 727 1633 782 μεθ’

159 801 394 861 ὗπερτάτης
411 807 532 857 τιμῆς
550 819 592 844 τε
611 802 679 844 καὶ
699 798 836 854 δόξης,
873 799 932 855 μὴ
953 798 1086 842 ταῦθ’
1105 796 1426 853 ὑπισχνούμενον
1449 798 1635 843 ἐκτελεῖν,
1660 801 1691 836 Ρ
1718 797 1786 836 114

162 876 197 917 εἴ
222 874 270 916 δέ
286 890 328 929 γε
345 872 404 927 μὴ
426 873 636 923 πείθοιτο,
675 869 877 924 αὔταρκες
900 868 1002 925 πρὸς
1022 870 1173 911 ἐκεῖνον
1193 866 1299 910 εἷναί
1319 867 1358 910 οἶ
1377 867 1423 910 τὸ
1449 866 1635 917 ἀξιῶσαι.

107 955 152 989 10
166 940 365 996 τοιούτοις
394 944 610 996 τοιγαροῦν
642 937 663 982 ὅ
689 936 921 994 βασιλεύων
952 939 1271 994 συγκροτηθείς,
1320 937 1378 979 ἔτι
1410 936 1482 979 τὸν
1500 935 1638 992 ἀρχιε-

165 1012 267 1068 ρέων
299 1007 642 1068 διαφωνούντων,
688 1010 959 1065 προστίθεται
980 1010 1047 1050 καὶ
1078 1007 1205 1057 αὐτὸς
1225 1014 1310 1057 τοῖς
1330 1007 1478 1049 ἐκεῖνον
1500 1017 1638 1061 ψηφι-

165 1080 367 1134 ζομένοις,
409 1080 476 1121 καὶ
507 1077 752 1135 ἀμφιρρὲπει
784 1076 838 1120 τὰ
863 1079 961 1134 τῇδε
989 1077 1287 1132 προστιθέντος
1313 1079 1388 1118 τοῦ
1419 1076 1639 1127 βασιλέως.

162 1147 345 1206 θάτερον
377 1149 422 1191 δὲ
445 1147 570 1202 μέρος
601 1145 657 1196 ὡς
678 1146 918 1200 ἆσθενῆσαν
936 1147 1127 1188 ἐντεῦθεν
1148 1146 1509 1201 συγκατακλίνεται
1520 1175 1534 1196 ,
1572 1145 1640 1185 καὶ

165 1223 326 1274 μᾶλλον
353 1216 420 1261 ὅτε
451 1218 517 1260 ἐπὶ
543 1217 684 1273 ῥητοῖς
713 1215 815 1271 πρὸς
843 1215 1049 1269 βασιλέως
1071 1216 1234 1268 καὶτῆς
1256 1212 1433 1257 συνόδου
1456 1216 1638 1255 καλοῖτο.

110 1298 154 1335 15
168 1285 216 1343 ἦν
233 1287 313 1344 γὰρ
342 1288 408 1330 καὶ
427 1285 569 1336 αὐτοῖς
595 1287 709 1335 ἰδίως
730 1282 1142 1339 προσαπαιτούμενον
1162 1283 1410 1339 ἀμνημονεῖν
1424 1283 1499 1336 μέν
1520 1298 1637 1339 σφισι
1660 1288 1691 1322 Β

164 1361 240 1412 τῆς
262 1357 338 1399 εἴτε
360 1356 602 1410 προπετείας
621 1354 699 1396 εἴτ’
735 1354 894 1404 ἀδικίας
917 1354 998 1408 χρὴ
1022 1355 1147 1408 λέγειν
1160 1385 1174 1404 ,
1212 1355 1280 1394 καὶ
1298 1353 1535 1406 παραυτίκα
1555 1367 1645 1392 κοι-

166 1432 306 1467 νωνεῖν
327 1427 490 1472 ε’κείνοις
509 1428 592 1464 τῶν
614 1424 733 1479 ἱερῶν
757 1423 824 1463 καὶ
849 1421 946 1471 τοὺς
967 1420 1079 1478 παρὰ
1100 1425 1175 1463 τοῦ
1197 1420 1443 1478 Νικηφόρον
1455 1436 1645 1477 χειροτο-

169 1564 335 1611 quidquid
359 1563 444 1599 alias
466 1564 500 1598 in
524 1564 744 1599 coronatione
767 1566 1013 1610 repugnasset,
1046 1564 1204 1609 quoniam
1226 1575 1330 1599 causa
1353 1575 1443 1599 nunc
1466 1567 1544 1598 erat
1565 1562 1644 1597 ido-

118 1637 120 1639 >
169 1622 254 1652 nea,
277 1616 316 1645 ut
346 1611 404 1656 qui
426 1611 520 1656 prior
550 1610 790 1656 imperatorum
823 1611 858 1645 in
883 1611 999 1644 urbem
1021 1610 1095 1645 suis
1127 1610 1228 1645 unius
1251 1611 1410 1656 auspiciis
1433 1614 1567 1655 captam
1591 1609 1646 1643 in-

168 1663 347 1701 traverat,
371 1657 466 1702 prior
488 1668 626 1702 quoque
648 1657 696 1691 ibi
720 1661 954 1691 coronaretur.
1001 1668 1089 1702 quae
1118 1657 1148 1691 si
1182 1658 1225 1691 ab
1250 1658 1392 1692 Arsenio
1415 1656 1645 1702 impetraren-

169 1708 238 1747 tur,
262 1715 342 1748 spes
365 1708 442 1737 erat
463 1703 498 1736 in
521 1703 599 1737 aliis
621 1715 758 1748 quoque
781 1714 1006 1743 assensurum,
1031 1715 1073 1737 ac
1096 1715 1171 1738 cum
1194 1705 1309 1738 forent
1331 1708 1531 1750 perpetrata
1554 1714 1645 1747 quae

168 1750 356 1796 imperator
394 1749 608 1791 destinarat,
643 1749 748 1784 sactis
783 1750 1031 1795 acquieturum.
1088 1754 1161 1784 tres
1191 1755 1304 1785 autem
1335 1761 1449 1784 secum
1480 1755 1644 1794 reputans

169 1795 364 1842 reperiebat
387 1806 509 1830 causas
525 1821 536 1839 ,
571 1806 660 1841 quae
682 1795 750 1841 ipsi
782 1796 986 1841 sperandum
1016 1796 1201 1831 suaderent
1231 1799 1306 1831 fore
1327 1808 1417 1831 nunc
1440 1795 1645 1831 exorabilio-

168 1854 242 1878 rem
266 1842 302 1876 in
326 1842 379 1876 his
402 1853 503 1888 quam
528 1848 631 1876 antea
652 1841 843 1877 Arsenium.
889 1842 1000 1889 prima
1023 1848 1112 1885 erat,
1136 1843 1227 1889 quod
1251 1848 1343 1878 esset
1363 1843 1547 1878 verisimile
1569 1847 1648 1876 tae-

170 1890 252 1924 dere
273 1889 386 1933 ipsum
410 1887 504 1923 exilii
527 1893 596 1923 tam
620 1888 733 1933 longi,
757 1901 867 1934 eoque
889 1889 1004 1924 taedio
1029 1889 1210 1924 emollitum
1233 1891 1277 1925 ad
1298 1890 1444 1924 libenter
1466 1889 1646 1935 paciscen-

171 1936 250 1970 dum
273 1935 317 1969 de
340 1934 464 1969 reditu.
511 1935 643 1979 altera,
675 1936 769 1980 quod
791 1935 851 1970 vix
874 1941 966 1970 esset
987 1937 1123 1971 dubium
1146 1937 1227 1982 quin
1250 1939 1419 1971 metueret
1439 1948 1481 1970 ne
1504 1936 1589 1970 alius
1611 1935 1647 1968 in

169 1981 405 2029 patriarcham
427 1981 553 2016 iterum
576 1993 615 2016 se
639 1981 716 2016 vivo
741 1982 946 2027 eligeretur,
979 1988 1083 2028 prout
1112 1983 1179 2017 iam
1203 1984 1307 2018 semel
1339 1988 1414 2018 erat
1435 1984 1583 2024 factum,
1607 1986 1644 2016 ct

168 2029 206 2063 id
229 2028 352 2062 malum
386 2028 625 2073 praevertendi
659 2028 774 2062 oblata
798 2028 979 2063 occasione
1008 2031 1100 2064 foret
1124 2029 1314 2074 gavisurus.
1359 2030 1460 2065 tertia
1481 2032 1556 2063 erat
1578 2040 1644 2074 pa-

171 2074 259 2109 triae
286 2074 431 2117 caritas,
455 2086 526 2120 qua
549 2086 624 2109 eum
646 2074 814 2109 solicitari
830 2076 874 2110 ad
897 2075 1158 2110 desiderandum
1182 2076 1216 2110 in
1238 2078 1357 2111 urbem
1379 2077 1446 2111 iam
1468 2082 1644 2120 receptam

172 2121 357 2155 adventum
379 2132 475 2154 suum
500 2127 761 2164 necesseerat3
785 2122 835 2156 uti
865 2127 902 2156 et
932 2123 1139 2165 verisimile,
1172 2124 1222 2158 sic
1245 2124 1405 2157 affectum
1428 2122 1562 2156 minime
1584 2132 1643 2155 re-

174 2173 368 2201 cusaturum
393 2167 543 2201 oblatam
575 2167 800 2203 conditionem
832 2168 1048 2213 regrediendi
1071 2181 1147 2203 cum
1167 2181 1296 2204 summo
1319 2169 1500 2215 splendore
1521 2169 1556 2202 in
1581 2179 1645 2213 pa-

173 2213 276 2247 triam
308 2212 535 2255 carissimam,
567 2215 772 2259 praesertim
801 2227 878 2249 cum
909 2215 1116 2260 intelligeret
1145 2228 1187 2251 ea
1210 2217 1338 2251 reiecta
1361 2216 1426 2251 sibi
1448 2226 1542 2261 spem
1566 2214 1647 2248 nul-

174 2259 242 2294 lam
266 2263 399 2293 restare
421 2259 555 2304 patriae
584 2260 680 2294 urbis
713 2272 859 2307 unquam
881 2262 1092 2296 revisendae.
1138 2266 1167 2297 si
1190 2266 1303 2297 autem
1326 2263 1386 2297 ille
1406 2261 1457 2297 sic
1478 2261 1647 2295 invitatus

156 2304 358 2340 ·admittere
382 2306 498 2339 oblata
521 2310 560 2340 et
579 2306 689 2351 petita
712 2307 869 2352 polliceri
902 2320 968 2342 non
991 2308 1171 2343 induceret
1200 2309 1234 2343 in
1257 2309 1421 2349 animum,
1458 2308 1565 2354 ipsam
1588 2313 1646 2342 ta-

160 2363 252 2387 ,meu
285 2351 386 2385 istam
416 2351 600 2397 supplicem
631 2353 863 2388 invitationem
898 2355 1043 2390 idoneae
1067 2355 1110 2389 ad
1134 2358 1295 2401 populum
1319 2355 1548 2390 excusationis
1571 2354 1645 2389 loco

174 2399 251 2434 fore
275 2400 318 2431 ad
341 2398 559 2432 avertendam
583 2398 627 2432 ab
650 2403 806 2445 Augusto
831 2401 964 2447 culpam
997 2413 1127 2436 omnem
1151 2403 1257 2437 officii
1280 2402 1447 2448 neglecti,
1479 2406 1515 2436 et
1537 2406 1646 2435 totam

174 2443 338 2479 invidiam
360 2443 395 2477 in
412 2455 488 2478 eum
520 2444 580 2490 qui
607 2446 829 2491 compellatus
859 2448 1030 2482 renuisset
1063 2449 1322 2484 exonerandam.
1367 2449 1404 2483 in
1427 2450 1515 2483 hunc
1538 2449 1646 2482 ferme

175 2490 309 2524 modum
333 2490 501 2524 subducta
523 2502 636 2525 secum
657 2492 844 2539 imperator
875 2495 1085 2529 consiliorum
1108 2506 1256 2538 summa,
1286 2496 1460 2541 ingressus
1482 2496 1649 2539 synodum

175 2536 336 2571 bifariam
360 2536 500 2570 scissam
528 2538 705 2572 contrariis
727 2540 924 2583 sententiis,
953 2541 1073 2576 horum
1096 2543 1348 2586 revocantium,
1373 2543 1506 2576 illorum
1530 2541 1648 2576 exclu-

176 2583 326 2636 dentium
348 2583 547 2625 Arsenium‚
571 2583 648 2629 ipse
671 2585 715 2619 ad
739 2592 940 2621 revocantes
963 2599 1002 2622 se
1025 2588 1193 2634 adiungit,
1216 2595 1253 2624 et
1278 2590 1330 2624 sui
1353 2588 1549 2623 accessione
1572 2589 1647 2622 suf-

175 2629 281 2673 fragii
311 2629 411 2674 quasi
441 2636 609 2664 momento
633 2630 732 2666 alteri
759 2633 847 2667 lanei
873 2633 989 2669 addito
1014 2640 1153 2669 eatenus
1189 2635 1368 2680 ambiguae
1390 2634 1649 2669 deliberationis

158 2675 413 2720 aequilibrium
447 2676 634 2722 depressit,
673 2679 914 2714 accedentibus
935 2692 1012 2715 mox
1034 2690 1171 2727 quoque
1201 2682 1259 2728 qui
1290 2681 1468 2716 Arsenium
1492 2681 1647 2714 excluse·-

160 2727 276 2774 ¹rant,
299 2722 500 2775 praesertim
525 2723 584 2757 ubi
607 2735 671 2769 per
692 2725 856 2768 synodum
873 2752 884 2768 ,
907 2731 1086 2773 satagente
1108 2728 1333 2773 imperatore,
1357 2728 1508 2774 ipsorum
1532 2732 1569 2761 et
1591 2738 1648 2761 se-

160 2773 319 2821 *cunt-au
341 2773 378 2802 et
399 2768 520 2803 honori
545 2774 678 2804 cautum
703 2774 756 2804 est
779 2772 914 2808 abunde
937 2774 1078 2809 decreta
1101 2774 1268 2813 oblivione
1293 2786 1402 2819 nuper
1425 2779 1588 2815 actorum,
1613 2776 1651 2807 et

177 2819 310 2848 sancito
342 2826 386 2848 ne
419 2815 575 2860 cuiquam
612 2816 726 2850 fraudi
761 2819 852 2853 foret
876 2819 956 2863 illa,
990 2822 1067 2856 sive
1102 2821 1270 2856 iniustitia
1301 2822 1374 2855 sive
1397 2820 1572 2854 temeritas
1595 2819 1648 2853 di-

159 2892 161 2894 .
178 2859 287 2894 nenda
309 2864 422 2904 esset,
444 2873 514 2908 qua
535 2863 651 2898 fuerat
664 2863 721 2898 vel
743 2870 989 2903 exauctoratus
1008 2868 1173 2904 arsenius
1191 2868 1247 2903 vel
1264 2867 1482 2914 Nicephorus
1505 2866 1648 2902 electus.
