1846 3262
218 210 278 256 16
634 204 871 250 GEORGII
917 204 1270 250 PACHYMERIS

213 328 296 369 τῶν
315 321 527 378 Ῥωμαίων
558 322 739 365 οἶκοῦσιν
758 321 918 365 ἐδίδουν
947 317 1197 378 ἀσφάλειαν,
1236 316 1323 363 εἶτα
1340 323 1452 363 νῶτα
1474 319 1684 376 στρέψαν-

214 410 281 444 τες
311 390 484 435 ἓκόντων
515 387 698 434 ἀκόντων
719 393 898 448 Περσῶν
929 397 1018 440 τοῖς
1053 388 1187 446 ὄρεσιν
1206 386 1480 444 ἐπεβάλοντο,
1519 394 1684 444 συχνοῖς

216 464 262 507 δὲ
306 467 394 511 τοῖς
432 455 696 514 πανταχόθεν
738 460 914 510 ἐποίκοις
954 460 1022 504 καὶ
1057 460 1241 515 ῗσχυροῖς
1279 454 1685 515 κατασφαλισάμενοι

217 529 373 589 ἐρυμνὰ
404 529 514 585 τείχη
549 530 616 571 καὶ
654 525 741 572 οἷον
776 524 1132 586 δυσεπιχειρήτους
1169 525 1367 584 θριγκοὺς
1402 530 1456 583 τῇ
1490 524 1686 582 Ῥωμαΐδι

122 611 149 645 Ρ
174 611 195 646 7
222 603 356 645 ταῦτα
389 597 659 654 κατέστησαν.
731 596 803 657 (4)
840 597 886 641 οὗ
913 597 997 653 μὴν
1016 597 1147 641 δὲκαὶ
1168 593 1451 651 ἀτημελήτους
1470 594 1568 645 τούς
1583 593 1718 652 πρὸςὸ

218 676 305 718 τοῖς
327 666 461 725 ὄρεσιν
486 668 700 718 οἰκοῦντας
717 666 834 720 εἴων,
871 664 928 717 ὥς
952 664 1143 722 ἑτοίμους
1160 662 1522 721 μεταναστάντας,
1551 662 1593 706 εἶ’
1606 680 1686 706 που

221 737 408 794 ἀμηγέπη
428 734 484 786 ὥς
502 736 677 779 ἐναντίοι
699 732 996 794 προσβάλοιεν,
1031 735 1159 791 μηδὲν
1180 733 1348 790 ἔχοντας
1374 733 1422 777 τὸ
1448 736 1596 776 πεῖθον
1612 732 1688 786 με’-

219 825 302 851 νειν
335 806 404 849 καὶ
434 804 548 862 παρὰ
583 803 781 861 δύναμιν,
825 804 867 847 εἶ’
885 822 954 848 ποι
976 804 1187 861 παρείκοι,
1225 802 1330 860 πρὸς
1350 803 1481 846 ἐκεῖνα
1505 801 1689 857 ἀνδρίζε-

221 881 347 920 σθαι·
380 873 476 917 ἀλλ’
508 873 704 925 ἀτελείαις
734 874 809 930 μὲν
842 874 939 924 τοὺς
967 870 1144 926 πάντας,
1173 873 1384 930 προνοίαις
1401 871 1445 915 δ’
1469 873 1513 913 ἐκ
1530 867 1690 914 τούτων

221 944 320 995 τοὺς
350 942 682 1000 ἔπιδοξοτέρους,
729 944 798 987 καὶ
828 940 890 993 οἷς
919 946 1108 997 τολμοῖεν
1135 941 1182 984 τὸ
1207 938 1399 999 φρόνημα
1407 973 1421 994 ,
1452 936 1747 996 γράμμασινω

175 1016 206 1050 Β
231 1014 460 1071 ε’σωροῦντο
486 1016 727 1067 βασιλικοῖς.
799 1013 868 1055 καὶ
897 1011 948 1067 δὴ
981 1015 1056 1054 τοῦ
1085 1008 1237 1068 χρόνου
1271 1007 1488 1067 προϊόντος
1512 1007 1692 1064 ηὔξανον

223 1089 316 1133 ταῖς
342 1082 616 1139 περιουσίαις,
652 1082 719 1124 καὶ
737 1084 917 1131 πλοῦτος
932 1079 1088 1138 ἔπε’ρρει
1111 1080 1228 1136 σφίσι
1251 1077 1413 1134 συχνός.
1466 1077 1572 1135 παρ’
1593 1075 1692 1120 ὅσον

224 1151 270 1196 δ’
305 1152 469 1200 ἐκείνοις
499 1150 814 1206 ἕνευθηνεΐσθαι
843 1149 1049 1204 ξυνέβαινε
1077 1154 1164 1198 τοῖς
1197 1147 1304 1190 κατὰ
1338 1148 1411 1192 τὸν
1426 1147 1545 1202 βίον,
1577 1143 1692 1201 παρὰ

222 1224 425 1264 τοσοῦτον
458 1220 525 1262 καὶ
551 1219 654 1277 πρὸς
693 1217 791 1270 τοὺς
823 1217 1031 1268 ἐναντίους
1063 1215 1296 1274 ἐθάρρουν,
1332 1218 1399 1260 καὶ
1419 1218 1588 1265 πολλοῖς
1608 1218 1697 1263 τοῖς

225 1291 381 1333 ἐκεῖθεν
414 1285 627 1345 ἐτρύφων,
673 1291 1012 1343 νυκτολοχοῧντες
1042 1287 1110 1330 καὶ
1136 1284 1337 1343 ὁσημέραι
1359 1285 1438 1341 τὴν
1460 1288 1544 1328 τῶν
1576 1283 1694 1327 ἔναν-
1707 1291 1749 1327 15

222 1359 321 1402 τίων
348 1354 656 1413 περικόπτοντες
683 1357 751 1399 καὶ
778 1355 833 1399 τὰ
858 1356 992 1399 πολλὰ
1013 1352 1252 1412 ληϊζόμενοι.
1323 1355 1367 1406 ἐξ
1383 1348 1440 1399 ὧν
1458 1352 1696 1407 συνέβαινεν

175 1436 205 1470 C
231 1426 370 1476 αὐτοῖς
390 1426 465 1480 μὲν
487 1423 612 1480 ὁμόσε
631 1432 717 1475 τοῖς
734 1422 971 1476 ἀντιπάλοις
984 1429 1168 1482 χωροῦσι
1184 1423 1501 1482 προβεβλῆσθαι
1519 1425 1603 1466 τῶν
1631 1421 1698 1464 ἒν-

223 1495 404 1553 δοτέρων
415 1526 429 1547 ,
466 1494 566 1545 τοὺς
588 1496 612 1537 δ
620 1493 632 1510 '
655 1494 962 1551 ἐξαρτωμένους
982 1494 1059 1545 τὰς
1078 1494 1248 1544 ἐλπίδας
1263 1494 1422 1538 ἐκείνων
1451 1493 1516 1535 ἐπὶ
1538 1495 1614 1546 τῆς
1633 1491 1698 1533 οῖ·-

221 1566 332 1614 κείας
360 1564 583 1620 διατρίβειν
614 1562 763 1618 ἀνέδην
781 1564 850 1606 καὶ
871 1570 963 1613 ταῖς
995 1563 1160 1612 οῗκείαις
1182 1561 1446 1619 προσανέχειν
1467 1560 1695 1619 φροντίσιν,

223 1633 323 1683 τοὺς
339 1631 479 1688 μέντοι
497 1633 562 1674 ἐπὶ
582 1636 665 1676 τῶν
685 1631 823 1690 ἀρχῶν
852 1635 928 1688 τῆς
956 1634 1206 1689 στρατηγίας
1237 1630 1381 1684 ’σ’ντας,
1418 1635 1501 1674 τῶν
1522 1628 1755 1673 &musaeo

314 1754 351 1808 7..
372 1749 426 1809 οἷς
436 1751 541 1843 ])οὶ’,)
661 1754 716 1789 10.
739 1749 912 1800 τολμῴηὶ)
1039 1753 1094 1789 19.
1117 1751 1326 1799 φροντίζειν
1350 1751 1379 1786 Ρ
1405 1751 1449 1796 (i.
1469 1764 1503 1788 e.
1529 1749 1589 1786 ed.
1610 1751 1699 1786 Pos-

317 1810 453 1834 simana
475 1822 485 1833 .

229 1891 374 1928 navibus
406 1893 504 1926 trans
527 1900 622 1924 mare
644 1889 890 1936 deportarunt,
921 1901 1047 1936 magna
1077 1890 1128 1926 sic
1158 1890 1312 1926 stabilita
1341 1888 1598 1936 tranquillitate
1626 1889 1700 1924 Ro-

231 1939 340 1974 manis
362 1937 432 1971 illic
457 1937 672 1981 degentibus.
718 1936 800 1971 inde
833 1949 854 1972 a
879 1936 1019 1979 Persis,
1050 1937 1183 1972 vellent
1204 1937 1354 1979 nollent,
1379 1937 1603 1978 deficientes,
1625 1946 1700 1971 mu-

233 1984 432 2020 niendorum
456 1983 618 2018 montium
649 1993 732 2017 cura
754 1987 949 2030 resumpta,
984 1983 1099 2018 multis
1123 1987 1159 2018 et
1182 1982 1333 2018 robustis
1355 1982 1508 2028 undique
1531 1993 1701 2018 convoca-

233 2033 282 2066 tis
308 2029 449 2064 advenis
472 2029 571 2063 sedes
593 2028 628 2062 in
652 2028 695 2063 iis
718 2029 860 2064 stabiles
881 2028 1112 2075 assignarunt,
1132 2029 1322 2074 iisdemque
1344 2028 1585 2064 custodiendas
1607 2039 1701 2064 com-

234 2078 402 2112 miserunt
424 2074 684 2117 munitissimas,
716 2086 800 2120 quas
823 2079 1043 2111 extruxerant.
1065 2087 1171 2123 opere
1193 2075 1419 2119 solidissimo,
1441 2086 1484 2110 ac
1505 2075 1580 2110 fere
1602 2075 1701 2110 inex-

234 2122 440 2170 pugnabiles
463 2131 572 2156 arceS.
619 2132 686 2167 quo
703 2121 800 2156 modo
822 2122 1051 2158 Romanorum
1071 2133 1128 2158 res
1146 2123 1275 2168 optimo
1297 2132 1380 2157 sane
1402 2122 1479 2157 loco
1526 2126 1702 2159 osuerunt.

235 2169 296 2214 (4)
329 2174 500 2204 caeterum
523 2167 608 2201 istos
631 2167 681 2201 sic
705 2167 859 2203 obiectos
890 2169 1049 2204 hostibus
1083 2173 1122 2204 et
1152 2168 1197 2203 ad
1221 2178 1404 2215 praesens,
1437 2167 1468 2202 si
1521 2179 1622 2203 ersae
1649 2168 1702 2203 in·

235 2219 423 2261 gruerent,
459 2213 664 2249 defectionis
689 2218 725 2249 et
755 2215 938 2262 transfugii
961 2215 1148 2262 periculum
1170 2214 1364 2260 expositos,
1387 2217 1510 2260 utpote
1531 2214 1616 2248 nihil
1638 2214 1702 2249 ha-

235 2263 357 2296 bentes
389 2261 480 2306 quod
503 2261 539 2294 in
562 2259 632 2294 fide
656 2271 698 2294 ac
718 2261 869 2296 statione
891 2261 1117 2297 constantiam
1140 2262 1322 2303 suaderet,
1356 2261 1615 2307 haudquaquam
1638 2260 1702 2296 im·

234 2311 417 2354 pei-atores
450 2305 644 2341 necessaria
676 2305 711 2340 in
740 2307 804 2342 tali
826 2308 980 2354 periculo
1011 2307 1243 2343 destituerunt
1265 2306 1507 2352 providentia,
1529 2306 1593 2341 sed
1613 2306 1703 2342 tales

235 2354 427 2389 effecerunt
449 2357 491 2388 ut
512 2353 599 2398 ipsis
622 2352 822 2399 expediret,
846 2358 884 2389 et
907 2354 1039 2390 omnino
1066 2354 1214 2395 vellent,
1238 2353 1340 2388 etiam
1363 2364 1470 2399 supra
1491 2353 1589 2388 vires
1614 2353 1702 2388 Per-

237 2401 286 2435 sis
311 2398 494 2435 obsistere.
541 2399 579 2433 id
601 2401 901 2444 consequebantur
923 2400 1028 2447 plena
1059 2399 1273 2435 immunitate
1294 2399 1502 2435 tributorum
1525 2410 1569 2434 ac
1589 2399 1703 2434 vecti-

238 2445 366 2492 galium
397 2445 537 2480 limitem
568 2445 660 2479 hunc
693 2446 922 2482 incolentibus
961 2446 1190 2492 indulgenda,
1221 2446 1345 2482 annuis
1376 2457 1513 2492 quoque
1543 2456 1587 2480 ex
1617 2445 1703 2490 fisco

240 2491 461 2538 pensionibus
493 2491 699 2526 illustriores
732 2491 883 2538 ipsorum
923 2493 1135 2529 honorando.
1187 2493 1279 2527 unde
1310 2492 1520 2539 procedente
1549 2494 1705 2537 tempore

240 2542 345 2572 aucta
378 2537 439 2572 isti
472 2537 654 2583 plurimum
683 2549 723 2574 re
753 2538 913 2574 familiari
954 2550 1094 2585 magnas
1126 2539 1284 2585 plerique
1323 2550 1408 2585 opes
1448 2541 1705 2583 congesserunt.

241 2595 345 2631 porro
368 2595 434 2629 quo
458 2583 589 2618 meliori
613 2595 654 2618 ac
683 2585 904 2620 commodiori
933 2586 1009 2621 loco
1038 2596 1097 2622 res
1120 2586 1330 2621 domesticae
1351 2586 1504 2630 ipsorum
1529 2594 1570 2619 ac
1593 2584 1705 2619 fortu-

242 2642 308 2665 nae
331 2633 442 2672 e'rant,
469 2642 509 2664 eo
533 2629 658 2664 fortius
672 2630 887 2677 alacriusque
903 2631 939 2666 in
958 2633 1076 2668 hostes
1096 2633 1287 2674 irruebant,
1310 2631 1416 2666 illecti
1437 2631 1483 2666 ad
1506 2630 1572 2665 hoc
1593 2628 1707 2676 ipsum

242 2676 524 2722 frequentandum
543 2676 776 2722 audaciusque
798 2678 996 2713 tentandum
1019 2684 1125 2724 gustu
1148 2679 1300 2726 praedae
1322 2689 1389 2713 non
1406 2677 1510 2712 semel
1531 2676 1707 2712 nocturnis

242 2722 379 2757 insidiis
405 2723 569 2765 abactae,
593 2722 811 2769 assiduisque
832 2724 913 2760 inde
935 2725 1186 2761 incursionibus
1208 2725 1338 2760 hostem
1363 2726 1540 2766 vexantes,
1565 2723 1707 2768 eiusque

245 2768 297 2803 sic
328 2768 554 2814 infringentes
587 2768 770 2815 impetum,
801 2774 980 2806 vastantes
1012 2772 1094 2818 quin
1117 2772 1220 2807 etiam
1243 2781 1347 2818 agros
1370 2782 1411 2806 ac
1433 2774 1546 2805 terras
1568 2769 1706 2814 lateque

245 2815 475 2860 populantes,
498 2826 683 2861 manusque
703 2815 823 2851 obvias
845 2817 1049 2861 caedentes,
1072 2830 1113 2853 ac
1135 2818 1212 2863 ipsa
1234 2818 1402 2854 interiora
1423 2815 1578 2852 Persidis
1599 2815 1709 2850 latro-

247 2860 348 2895 ciniis
371 2865 408 2897 et
430 2862 686 2898 excursionibus
708 2862 837 2899 infesta
857 2863 1061 2911 solicitaque
1075 2865 1273 2908 reddentes,
1295 2865 1481 2910 eademque
1503 2872 1612 2910 opera
1633 2862 1709 2897 Ro-
