1884 3262
449 197 525 239 DE
558 178 837 240 nncHAEL'E
871 198 1246 243 PALAEOLOGO
1282 200 1330 243 L.
1361 199 1412 244 v,
1562 200 1658 244 375

190 309 286 353 κατ’
321 310 468 352 ἐκεῖνον
501 308 556 360 ὥς
585 312 715 365 δῆθεν
744 316 863 368 σφῶν
892 309 1079 369 γραφάς,
1109 315 1216 361 πῶς
1248 311 1309 368 μὴ
1340 316 1659 369 κατηγοροῦντες

189 377 294 428 ὅλως
315 378 502 432 ἀσεβείας
523 379 619 428 τοίς
634 380 815 430 Ἰταλοὶ-ς
834 380 975 435 ἠξίουν
988 385 1294 436 παραιροῦντας
1314 380 1389 435 τὴν
1412 380 1659 437 προσθήκην

187 451 263 489 τοῦ
293 446 532 500 συμβόλου,
576 449 617 489 ἐν
647 455 738 497 ταῖς
766 453 926 499 λοιπαῖς
960 456 1139 505 γραφαῖς
1179 447 1441 505 ἀνάγραπτον
1471 450 1654 505 ἔχοντας,

188 516 405 558 συνδιιέναι
426 523 512 565 τοῖς
531 517 829 572 πεφρασμένοις
850 516 1214 573 ἀναγινώσκοντας.
1285 516 1493 574 προύτεινε
1521 520 1566 562 δὲ
1588 522 1656 561 καὶ

153 583 262 641 5ἐφ’
294 583 406 633 ὅσοις
433 589 516 627 τῶν
556 587 754 640 μεγίστων
784 587 1022 640 μυστηρίων
1056 585 1105 628 οὗ
1136 586 1443 629 διαστέλλονται
1482 589 1653 644 Γραικοὶ

185 661 386 695 κοινωνεῖν
412 653 578 702 Ἰταλοῖς
610 653 704 695 οὐδ’
737 651 989 706 ὁπωστιοῦν,
1039 653 1144 696 ἀλλὰ
1172 655 1240 695 καὶ
1263 654 1337 708 τὴν
1368 657 1527 698 ἐκείνων
1550 657 1653 712 πρὸς
1684 669 1712 703 P
1735 671 1802 706 255

183 721 280 771 τοίς
299 719 518 777 ἡμετέρους
534 719 761 775 μετάβασιν
779 720 924 775 ὁμοίαν
950 720 1050 765 εἶναι
1068 724 1105 764 εἴ
1119 725 1308 777 γλῶσσαν
1325 721 1514 779 γλώσσης
1536 724 1653 779 ἤμει-

182 795 261 843 βον
272 823 285 842 ,
317 788 553 845 Ἑλληνικὴν
575 794 648 844 τῆς
667 791 879 846 σφετέρας.
949 793 1041 834 τίνα
1061 790 1103 832 δ’
1126 791 1204 845 ἔχει
1224 791 1506 834 ἅντικανονίαν
1535 791 1561 847 ἦ
1578 794 1648 835 ἐπ’

184 859 396 912 ἐκκλησίας
417 858 607 913 ἀναφορὰ
629 863 702 900 τοῦ
726 857 950 912 ὀνόματος,
986 858 1090 902 ὅπου
1120 876 1162 914 γε
1190 861 1256 901 καὶ
1284 860 1342 914 μὴ
1367 858 1507 910 πάντας
1526 860 1650 912 ὄντας

130 938 174 970 10
187 926 280 975 τούς
300 926 450 976 ἄλλους
471 925 623 982 ἀνάγκη
642 928 820 981 μετέχειν
842 930 1007 970 τοιᾶσδε
1032 932 1105 982 τῆς
1136 930 1348 978 κοινωνίας
1381 936 1468 979 τοῖς
1503 930 1647 986 ἐκκλη-

181 993 388 1047 σιάζουσιν
406 995 746 1048 συνισταμένους,
785 999 1116 1051 λειτουργοῦντος
1139 1001 1214 1038 τοῦ
1235 997 1370 1051 ἱερέως
1393 999 1458 1040 καὶ
1478 998 1555 1052 τὴν
1575 1004 1649 1053 τῆς

178 1061 344 1118 τριάδος
358 1061 477 1118 χάριν
501 1068 599 1105 πᾶσι
623 1061 807 1113 διδόντος
823 1069 989 1119 κοινῶς;
1026 1063 1206 1121 ἀδελφὸν
1225 1066 1270 1107 δὲ
1286 1069 1421 1108 καλεῖν
1439 1068 1505 1108 καὶ
1529 1072 1641 1123 πρῶ·
1667 1078 1696 1111 Β

179 1147 249 1173 τον
272 1133 418 1173 ἐκεῖνον
436 1133 561 1186 μείων
584 1134 719 1185 αἰτία,
756 1131 860 1175 ὅπου
881 1135 947 1175 καὶ
981 1134 1138 1187 πατέρα
1169 1132 1241 1176 τὸν
1259 1133 1448 1190 Ἀβραὰμ
1467 1134 1596 1178 ἐκάλει
1622 1134 1643 1178 ὅ

179 1201 220 1241 ἐν
239 1204 289 1256 τῇ
309 1202 427 1256 φλογὶ
448 1198 664 1252 πλούσιος,
700 1198 824 1243 τόσον
845 1201 1006 1256 ἀπέχων
1032 1203 1131 1251 τοίς
1161 1200 1338 1257 τρόπους
1373 1202 1470 1245 ὅσον
1500 1206 1567 1246 καὶ
1595 1205 1644 1247 τὸ

126 1280 168 1314 15
176 1269 302 1320 μέσον
322 1271 479 1311 ἐκείνων
497 1267 638 1322 χάσμα
661 1273 734 1324 τῆς
767 1270 926 1312 ἐκείνων
953 1268 1204 1320 διαστάσεως
1233 1265 1284 1325 ἦν
1303 1269 1544 1327 μαρτῦριον.
1611 1276 1645 1315 εἲ

178 1338 223 1379 δὲ
245 1340 423 1390 διδοῖμεν
447 1341 512 1379 καὶ
534 1337 750 1391 ἔκκλητον,
784 1342 912 1394 σχολῇ
935 1339 1024 1381 τινὰ
1049 1336 1175 1394 τόσην
1199 1340 1398 1392 τέμνοντα
1419 1338 1644 1383 θάλασσαν

176 1409 259 1447 τῶν
278 1407 444 1448 δικαίων
469 1406 754 1460 ἀμφισβητεῖν.
826 1412 959 1449 ταῦτα
981 1409 1046 1448 καὶ
1066 1412 1236 1449 τοιαῦτα
1257 1412 1332 1450 τοῦ
1349 1409 1552 1460 βασιλέως
1572 1410 1639 1451 λε’-

175 1490 339 1528 γοντος,
386 1471 406 1516 ὅ
441 1474 696 1530 πατριάρχης
721 1474 862 1529 παρών
896 1477 1018 1518 ἐκεῖσε
1056 1477 1123 1517 καὶ
1166 1475 1217 1518 τὰ
1248 1476 1373 1518 πιστὰ
1407 1477 1545 1533 φέρων
1576 1482 1634 1535 τῷ
1660 1497 1690 1530 c

172 1539 457 1600 χαρτοφύλακι
489 1541 543 1593 ὥς
577 1543 723 1585 αὐτίκα
752 1543 947 1599 ἐλέγξοντι
978 1545 1021 1586 ἐκ
1050 1548 1125 1598 τῆς
1159 1543 1236 1586 ἀπ’
1272 1546 1423 1587 ἐκείνου
1444 1547 1540 1599 βίας
1572 1548 1638 1588 καὶ

266 1665 300 1698 8.
325 1660 586 1698 ἀντικανονίαν
605 1663 788 1699 Possinus:
815 1664 949 1699 codices
973 1665 1174 1700 κοινωνίαν
1192 1664 1247 1699 vel
1264 1663 1333 1711 τὴν
1353 1666 1568 1702 κοινωνίαν.

173 1790 246 1813 cum
270 1778 454 1824 praesenti.
500 1779 698 1823 proferebat
720 1778 821 1812 etiam
854 1778 1086 1825 praescriptas
1109 1781 1146 1813 et
1178 1779 1403 1825 chirographo
1426 1779 1574 1814 munitas
1592 1780 1640 1814 de

171 1826 237 1859 hoc
264 1825 454 1858 sententias
483 1824 673 1868 praesulum
709 1823 797 1858 illius
833 1826 1016 1869 temporis,
1050 1837 1136 1871 quas
1166 1829 1261 1859 ratas
1286 1826 1403 1860 haberi
1426 1831 1463 1860 et
1495 1832 1534 1860 ut
1556 1837 1639 1872 pro-

170 1870 265 1916 prias
288 1870 418 1904 censeri
441 1870 484 1903 ab
506 1870 608 1914 ipsis,
639 1870 699 1915 qui
723 1881 811 1904 nunc
847 1872 964 1904 eodem
988 1877 1104 1905 essent
1125 1871 1221 1912 loco,
1246 1872 1372 1905 debere
1395 1872 1637 1915 contendebat,

170 1917 207 1950 in
229 1915 273 1950 iis
297 1915 500 1950 considerari
526 1916 648 1950 iubens
678 1922 717 1950 ut
746 1922 864 1962 patres
896 1917 942 1950 illi
973 1917 1107 1951 omnino
1130 1917 1358 1951 abstinuerint
1381 1919 1425 1952 ab
1450 1918 1635 1963 arguendis

168 1962 264 1996 Italis
287 1962 471 2006 impietatis
494 1968 554 1995 aut
576 1962 758 1996 haereseos
781 1965 923 2008 propter
946 1963 1151 1997 additionem
1173 1963 1208 1997 in
1232 1963 1382 2007 symbolo
1407 1968 1632 2007 attentatam;

168 2019 268 2053 quam
292 2007 366 2041 tolli
387 2008 494 2041 solum
518 2019 539 2041 a
561 2008 713 2052 symbolo
736 2009 923 2053 petebant,
946 2009 1158 2054 indulgentes
1182 2014 1219 2043 ut
1242 2010 1276 2042 in
1302 2010 1448 2043 caeteris
1471 2017 1507 2044 et
1527 2010 1633 2044 habe-

166 2057 263 2088 retur
286 2057 321 2087 et
344 2053 622 2099 quemadmodum
646 2059 784 2088 caetera
805 2054 989 2098 legeretur.
1024 2056 1306 2089 commemorabat
1328 2055 1450 2089 deinde
1472 2057 1634 2090 distincte

166 2110 371 2144 persequens
395 2099 540 2133 maxima
553 2103 719 2145 'quaeque
741 2100 920 2144 mysteria,
945 2100 982 2134 in
1003 2101 1126 2146 quibus
1149 2101 1279 2135 Graeci
1301 2101 1547 2135 communicare
1562 2102 1632 2136 La-

167 2145 248 2179 tinis
270 2156 337 2179 non
358 2145 552 2180 dubitarent
574 2150 634 2179 aut
655 2147 709 2179 vel
733 2146 900 2180 minimum
925 2151 1176 2188 cunctarentur,
1198 2147 1370 2191 iidemque
1393 2158 1477 2191 prae
1500 2158 1537 2180 se
1560 2148 1628 2180 fer-

167 2196 246 2223 rent
266 2191 498 2225 transitionem
521 2193 668 2237 ipsorum
693 2192 734 2226 ad
759 2197 892 2226 nostros
914 2192 1001 2226 ritus
1023 2192 1130 2226 simile
1153 2193 1323 2237 quidpiam
1342 2204 1417 2226 esse
1440 2204 1481 2226 ac
1503 2192 1532 2226 si
1552 2193 1629 2238 quis

167 2237 314 2280 lingnam
346 2247 420 2270 cum
450 2237 565 2281 lingua
596 2242 777 2272 commutet
808 2243 844 2271 et
874 2239 1012 2272 Graece
1042 2239 1136 2283 prius
1166 2239 1294 2272 locutus
1318 2238 1443 2272 Latino
1466 2238 1631 2284 deinceps

168 2281 218 2315 uti
248 2293 403 2315 sermone
436 2283 549 2324 malit,
581 2287 641 2317 aut
672 2296 692 2317 e
717 2295 894 2318 converse.
940 2284 1021 2329 quid
1044 2295 1146 2328 porro
1177 2284 1281 2317 habet
1303 2284 1484 2317 canonibus
1507 2285 1629 2318 adver·

167 2338 241 2361 sum
267 2327 410 2372 prolatio
434 2329 576 2362 nominis
606 2341 717 2374 papae
748 2329 882 2375 publice
905 2329 940 2363 in
969 2329 1115 2363 ecclesia
1138 2329 1378 2374 pronuntiati?
1410 2330 1528 2375 utique
1550 2342 1624 2364 cum

166 2373 289 2406 multos
304 2398 315 2414 ‚
340 2374 397 2418 qui
419 2385 530 2418 papae
553 2385 617 2408 non
637 2380 734 2417 suut,
767 2387 838 2409 mos
861 2375 1050 2409 obtinuerit
1071 2379 1108 2408 et
1130 2385 1172 2408 ex
1195 2386 1258 2409 usu
1280 2375 1419 2410 inducta
1441 2376 1628 2410 necessitas

165 2418 382 2463 impertiendi
417 2419 478 2452 tali
508 2431 634 2463 genere
664 2420 922 2464 communionis,
958 2420 1154 2455 nominatim
1193 2422 1408 2466 exprimendo
1436 2422 1513 2456 illos
1546 2422 1624 2456 dum

163 2469 365 2509 praesentes
386 2464 420 2498 in
443 2466 608 2499 ecclesiae
631 2472 799 2500 conventu
823 2467 947 2500 adsunt
979 2466 1172 2500 celebrante
1194 2467 1372 2502 sacerdote
1395 2479 1437 2502 ac
1457 2467 1624 2502 trinitatis

164 2509 308 2554 gratiam
331 2510 484 2544 omnibus
505 2511 607 2545 dante
642 2511 871 2546 communiter.
917 2514 1056 2546 fratrem
1080 2517 1192 2546 autem
1222 2512 1314 2547 illum
1337 2518 1373 2547 et
1395 2513 1537 2559 primum
1562 2526 1623 2548 vo-

164 2567 246 2590 care
267 2556 378 2590 minus
400 2557 505 2590 habet
527 2557 743 2600 offensionis,
779 2568 852 2591 cum
887 2563 1019 2603 patrem
1043 2558 1212 2591 Abraham
1232 2563 1332 2593 vocet
1354 2559 1388 2593 in
1413 2559 1547 2593 flamma
1571 2560 1620 2593 di-

163 2612 247 2644 ves,
277 2607 409 2636 tantum
441 2603 485 2648 ab
516 2602 572 2637 illo
603 2602 731 2637 distans
762 2602 910 2636 moribus
932 2606 1092 2648 qnantum
1127 2604 1231 2638 chaos
1250 2605 1332 2639 illud
1353 2616 1511 2650 magnum
1532 2605 1623 2639 inter

162 2646 258 2691 ipsos
277 2647 514 2693 interpositum
535 2649 800 2683 demonstrabat.
844 2649 875 2682 si
898 2655 1009 2683 autem
1032 2654 1068 2683 et
1097 2650 1367 2695 provocationem
1400 2653 1516 2685 demus
1524 2676 1543 2694 ,,
1559 2663 1622 2695 pe-

164 2693 303 2728 riculum
331 2694 463 2728 scilicet
487 2699 540 2728 est
561 2706 604 2728 ne
627 2695 701 2740 quis
721 2699 790 2728 tam
812 2697 910 2728 vasto
935 2699 972 2729 et
998 2695 1122 2730 infesto
1153 2696 1239 2730 mari
1267 2697 1360 2731 litem
1381 2697 1462 2731 illuc
1484 2702 1621 2730 secutu-

163 2748 222 2772 rus
245 2739 410 2784 naviget?
440 2741 526 2774 haec
557 2745 592 2774 et
624 2742 696 2774 eius
718 2739 855 2784 generis
877 2740 944 2775 alia
967 2740 1156 2776 disserente
1177 2742 1404 2788 imperatore,
1426 2742 1621 2787 patriarcha

162 2794 339 2828 praesens,
363 2785 423 2819 ubi
445 2786 648 2831 aliquamdiu
671 2788 802 2820 frustra
825 2787 1020 2831 expectavit
1048 2794 1088 2822 ut
1109 2788 1372 2834 chartophylax,
1403 2788 1458 2822 cui
1480 2793 1520 2821 ut
1540 2799 1619 2822 eru-

161 2829 234 2864 dito
256 2835 294 2865 et
314 2832 348 2865 in
369 2831 403 2866 id
428 2839 659 2878 argumentum
682 2836 804 2878 parato
826 2831 957 2868 fidebat
970 2857 986 2876 ,
1015 2845 1079 2880 pre
1101 2833 1236 2869 Latinis
1255 2834 1344 2868 dicta
1368 2833 1538 2879 extemplo
1562 2845 1620 2867 re-
