1884 3262
228 188 326 234 250
648 183 883 230 GEORGII
910 183 1262 228 PACHYMERIS

229 299 454 361 φερομένης
481 302 642 355 πλῆθος
671 298 845 341 ἕπεσθαι
863 301 1088 354 γυναικῶν,
1127 295 1175 348 ἃς
1192 296 1245 353 δὴ
1265 299 1331 341 καὶ
1352 298 1544 356 ε’κφωνεΐν
1566 295 1694 354 ἄναγ-

227 379 342 414 καΐον
370 369 445 423 τὴν
471 368 609 422 δέησιν
648 365 820 409 κατόπιν
848 365 1040 422 ἡκούσας.
1121 364 1278 409 τούτων
1311 363 1383 410 οὖν
1411 367 1693 424 ὀλοφυρτικῶς

227 438 331 481 κατὰ
352 440 528 494 Περσῶν
557 437 623 478 καὶ
647 434 849 493 Τοχάρων
879 439 1218 487 θεοκλυτουσῶν,
1262 435 1366 486 εῗκὸς
1384 435 1437 479 τὰ
1458 440 1533 491 τῆς
1552 440 1693 492 φωνῆς

227 509 425 558 διελθεῖν,
464 505 531 547 καὶ
549 509 756 559 συμβῆναι
788 504 863 554 τὰς
893 505 968 559 μὲν
998 504 1098 547 κατ’
1128 504 1286 546 ἐκείνων
1316 502 1693 561 μεγαλοφωνούσας

226 577 503 626 ποτνιᾶσθαι,
539 573 637 623 τοὺς
660 574 705 616 δὲ
727 572 841 629 πέριξ
858 575 923 616 καὶ
944 573 1099 624 ἔξωθεν
1119 573 1193 628 τὴν
1219 572 1360 629 φωνὴν
1382 573 1621 628 δεχομένους
1639 571 1722 618 τὰό

82 660 110 694 Ρ
136 659 200 694 166
224 642 320 686 κατ’
342 643 502 685 ἐκείνων
526 640 582 692 ὥς
608 644 696 698 περὶ
725 641 882 685 ἐκείνων
908 643 1134 699 ἐρχομένων
1153 639 1451 695 ,ὗποτοπάζειη
1483 642 1550 683 καὶ
1582 639 1692 684 οὕτω

225 713 476 766 διαδοθῆναι
497 708 661 765 συνάμα
684 709 804 769 φόβῳ
829 710 901 753 τὸν
921 709 1065 767 λόγον,
1102 712 1168 753 καὶ
1191 710 1266 760 τὰς
1282 714 1364 753 τῶν
1384 713 1547 752 πολλῶν
1566 708 1695 759 ἀκοὰς

223 784 462 838 πληροῦντα
482 782 724 836 παραθῆξαι
745 781 816 823 τὸν
833 778 1036 836 θόρυβον.
1072 778 1167 822 ἀλλ’
1187 779 1328 822 ἐκεῖνοι
1345 779 1420 834 με’-ν
1441 777 1587 830 οὕτως,
1607 775 1628 820 ὃ
1648 777 1696 820 δέ

225 866 267 906 γε
288 849 480 904 βασιλεὺς
500 849 605 902 μετὰ
627 845 760 892 ταῦτα
786 849 939 903 μαθὼν
963 847 1073 898 ὅπως
1105 848 1259 904 γε’νοιτο
1271 880 1284 899 ,
1331 844 1626 904 ὖπερεπάθησέ
1650 862 1693 888 τε

225 920 293 961 καὶ
314 918 483 972 πέμψας
504 917 570 960 διὰ
586 914 845 975 γραμμάτων
873 917 928 960 τᾶ
955 917 1089 960 πολλὰ
1113 919 1420 972 κατεμέμψατο.
1489 915 1596 971 μηδὲ
1614 913 1692 972 γὰρ
1706 923 1749 958 10

223 986 386 1044 ἀνδρῶν
416 985 515 1029 εἶναι
546 988 758 1044 φρονίμων
791 987 858 1028 καὶ
880 990 977 1029 νοῦν
1004 984 1178 1041 ἐχόντων
1202 985 1304 1042 πρὸς
1337 985 1383 1028 τὸ
1409 990 1693 1044 παρεμπῖπτον

223 1060 297 1110 τῆς
320 1052 461 1113 φήμης
481 1056 819 1111 θορυβουμένους
849 1054 976 1104 εὐθὺς
1001 1059 1222 1111 θορυβεῖν·
1260 1055 1342 1096 δεῖν
1374 1053 1452 1110 γὰρ
1474 1054 1620 1096 ἐννοεῖν
1644 1051 1691 1094 τὸ

224 1128 299 1167 τοῦ
321 1122 562 1180 πράγματος
582 1122 892 1175 ἀνυπόστατον,
931 1125 998 1166 καὶ
1026 1122 1138 1173 ὅπως
1158 1124 1303 1178 ἐχθροὶ
1329 1122 1388 1178 μὴ
1413 1118 1693 1178 περικαθήμε-

172 1209 203 1244 B
228 1210 289 1236 νοι
310 1191 427 1236 πόλιν
445 1192 551 1248 μηδ’
577 1193 618 1235 ἔν
633 1197 721 1250 χρῷ
741 1197 823 1235 τῶν
839 1189 1003 1248 πύργων
1025 1191 1152 1245 ὄντες,
1190 1190 1295 1234 ἀλλὰ
1315 1188 1432 1245 μόλις
1452 1192 1519 1232 καὶ
1541 1186 1693 1232 ἀκουό-

222 1279 336 1315 μενοι
367 1258 574 1317 διάγοντες
606 1263 648 1304 ἕν
679 1262 879 1318 Περσίδι,
916 1260 1063 1303 αὐτίκα
1094 1260 1342 1315 παμπληθὲς
1375 1259 1592 1314 ἀπέχοντες
1619 1275 1691 1300 πε-
1705 1266 1747 1301 15

222 1330 445 1379 τασθέντες
465 1330 631 1384 ἕμβαῖεν
651 1331 745 1383 δίχα
767 1329 946 1383 πολέμου
970 1331 1036 1371 καὶ
1059 1332 1310 1385 προσβολῆς.
1381 1333 1514 1371 ταῦτα
1543 1328 1607 1369 καὶ
1638 1326 1691 1368 τὰ

220 1402 395 1441 τοιαῦτα
421 1396 589 1455 γράψας
618 1400 686 1440 καὶ
720 1398 920 1447 ὀνειδίσας
953 1395 974 1440 ὃ
1003 1397 1197 1452 βασιλεὺς
1227 1398 1283 1446 εἷς
1311 1396 1357 1440 τὸ
1389 1395 1482 1453 ἑξῆς
1508 1397 1692 1439 καθίστα

221 1467 325 1525 πρὸς
346 1467 394 1510 τὸ
417 1465 766 1525 εὐφυλακτότερον
783 1466 855 1510 τὸν
878 1464 992 1510 λαόν.

221 1577 330 1618 tium3
356 1588 397 1611 ac
419 1576 579 1611 videlicet
602 1587 689 1622 quae
712 1578 794 1611 tunc
818 1576 963 1611 maxime
984 1574 1173 1621 timebant,
1198 1575 1359 1611 distincte
1381 1575 1554 1621 poscenda
1576 1585 1691 1608 eorum

220 1623 425 1657 liberatione
449 1623 641 1657 nominatim
663 1623 939 1668 exprimentium,
967 1635 1032 1657 nec
1064 1623 1138 1656 sine
1161 1622 1288 1656 eiulatu
1310 1622 1583 1667 ingeminantium
1605 1621 1692 1654 “de-

222 1670 324 1703 fende
347 1680 410 1703 nos
434 1669 518 1702 deus
541 1681 560 1703 a
587 1668 713 1710 Persis,
737 1680 758 1703 a
781 1669 950 1703 Tocharis
974 1680 1068 1711 erue,
1093 1681 1113 1703 a
1137 1668 1294 1703 barbaris
1317 1679 1378 1702 nos
1402 1669 1486 1702 deus
1509 1668 1694 1712 protege.“

222 1715 308 1748 talia
332 1726 407 1748 cum
431 1715 662 1748 meticulosum
685 1726 792 1758 genus
815 1715 1088 1749 muliercularum
1123 1721 1160 1748 et
1182 1715 1216 1748 in
1239 1715 1284 1747 iis
1308 1713 1596 1748 consternatiores
1619 1712 1695 1746 ani-

224 1760 321 1794 culae
346 1761 513 1805 quaedam
537 1761 809 1794 vociferarentur
832 1761 988 1803 acutius,
1020 1760 1184 1794 credibile
1207 1764 1260 1794 est
1283 1772 1388 1794 voces
1410 1760 1486 1794 illas
1509 1759 1694 1793 Persarum

223 1811 261 1840 et
283 1806 516 1840 Tocharorum
542 1806 752 1851 percussisse
781 1818 882 1840 aures
905 1807 1117 1852 quorundam
1141 1806 1232 1840 aliud
1263 1806 1457 1850 agentium,
1482 1809 1519 1839 et
1540 1806 1693 1839 novitate

222 1852 299 1896 ipsa
330 1863 372 1885 ac
403 1856 485 1886 tono
519 1852 732 1890 formidinem
764 1853 896 1894 ciente,
928 1854 1069 1893 multos,
1103 1853 1291 1886 indiscusso
1321 1852 1437 1886 statim
1468 1850 1592 1884 indicio
1628 1851 1692 1895 gli-

222 1902 351 1939 scente,
374 1897 409 1931 in
433 1898 615 1932 absurdam
637 1898 865 1942 ingressorum
885 1898 1002 1932 urbem
1029 1898 1190 1939 istorum,
1215 1909 1301 1942 quos
1325 1897 1490 1943 appellari
1512 1897 1693 1931 audierant

222 1943 410 1985 nominum,
434 1944 624 1989 opinionem
648 1956 689 1978 ac
711 1944 812 1978 fidem
834 1943 940 1978 fuisse
962 1943 1103 1978 ridicule
1122 1948 1326 1989 pertractos.
1372 1954 1449 1976 nam
1471 1954 1514 1977 ne
1539 1942 1606 1976 cito
1629 1942 1691 1975 de-

221 1989 489 2034 prehenderetur
511 1990 640 2035 primus
663 1999 782 2032 error,
815 1989 1103 2034 perturbationem
1136 2001 1178 2023 ex
1201 1990 1277 2023 dira
1299 1989 1468 2023 mentione
1490 1989 1603 2022 statim
1627 1999 1692 2021 na-

222 2040 302 2076 tam>
318 2035 509 2074 obstitisse,
541 2041 576 2070 et
598 2036 851 2081 persuasionem
886 2048 960 2070 curn
992 2040 1083 2070 metu
1107 2036 1178 2069 late
1200 2036 1448 2069 disseminasse.
1494 2035 1544 2068 ita
1560 2034 1691 2068 vtumul-

221 2085 295 2115 tum
317 2081 413 2115 urbis
436 2086 472 2115 et
494 2081 587 2115 illam
608 2082 760 2116 insanam
783 2081 1044 2126 trepidationem
1068 2086 1176 2115 ortam
1200 2087 1414 2126 auctamque.
1460 2080 1512 2115 sic
1534 2080 1583 2114 illi
1608 2092 1692 2114 con-

221 2126 391 2161 iectantes
427 2127 650 2162 disserebant.
703 2131 875 2162 caeterum
912 2128 1098 2173 imperator
1127 2127 1186 2161 ubi
1218 2139 1261 2161 ea
1293 2133 1372 2172 post
1403 2126 1583 2171 cognovit,
1615 2137 1692 2160 cum

221 2173 415 2207 humaniter
438 2185 633 2219 compassus
656 2173 767 2207 errori
790 2177 854 2215 est,
877 2178 951 2207 tum
973 2174 1081 2208 literis
1104 2173 1242 2218 scriptis
1266 2174 1354 2207 haud
1378 2173 1608 2218 perfunctorie
1628 2173 1692 2206 du-

222 2230 279 2253 ces
310 2219 513 2264 praesertim
544 2220 776 2265 primoresque
805 2219 1042 2265 reprehendit,
1073 2230 1201 2264 negans
1233 2220 1384 2253 virorum
1406 2219 1624 2264 prudentium
1649 2229 1691 2252 ac

221 2275 264 2298 ne
300 2276 403 2299 sensu
436 2266 571 2310 quidem
602 2266 766 2300 communi
797 2267 880 2299 satis
915 2265 1073 2310 expedite
1095 2266 1261 2299 utentium
1283 2265 1413 2307 fuisse,
1445 2265 1561 2300 statim
1581 2274 1691 2310 usque

222 2310 308 2344 adeo
333 2312 465 2344 turbari
492 2312 584 2346 fama
614 2316 743 2346 temere
767 2311 882 2354 illata,
914 2312 1054 2357 primum
1087 2311 1254 2357 siquidem
1285 2312 1464 2357 explorare
1496 2310 1691 2357 oportuisse

223 2367 291 2401 quo
324 2357 543 2391 fundamento
566 2369 680 2392 rumor
702 2359 892 2400 niteretur,
922 2358 1124 2403 praesertim
1156 2358 1243 2391 male
1266 2357 1484 2392 cohaerentia
1506 2357 1688 2391 nuntiansz

221 2405 386 2446 quomodo
410 2402 497 2437 enim
530 2404 646 2437 hostes
679 2404 769 2438 intra
791 2404 911 2438 urbem
943 2407 978 2437 et
1001 2404 1037 2437 in
1059 2404 1180 2438 civium
1203 2404 1346 2449 iugulis,
1380 2404 1424 2437 de
1447 2404 1569 2450 quibus
1592 2402 1690 2436 audi-

222 2451 292 2481 tum
325 2447 468 2482 nondum
503 2455 596 2483 esset
626 2450 710 2484 foris
735 2450 1008 2496 approximasse,
1041 2450 1278 2484 circumsidere
1309 2460 1444 2493 muros,
1476 2449 1627 2485 turribus
1649 2459 1688 2482 se

222 2493 439 2528 admovisse?
473 2495 638 2539 quomodo
673 2495 733 2541 qui
763 2497 864 2541 paulo
904 2501 984 2530 ante
1014 2496 1098 2530 dicti
1133 2501 1247 2530 essent
1280 2497 1424 2530 haerere
1457 2495 1492 2529 in
1524 2494 1689 2534 Perside,

220 2539 332 2574 subito
356 2539 419 2582 alis
448 2541 589 2585 sumptis
620 2541 766 2575 volucris
798 2541 968 2576 exercitus
999 2553 1103 2588 supra
1134 2547 1268 2577 starent
1297 2542 1510 2576 imminentes
1541 2541 1689 2586 desuper

220 2585 434 2625 cervicibus,
464 2590 595 2620 tantum
627 2587 861 2630 intervallum,
894 2587 955 2622 ubi
986 2592 1022 2622 et
1044 2599 1142 2622 arces
1176 2592 1212 2622 et
1233 2588 1407 2634 praesidia
1430 2588 1580 2621 Romana
1602 2589 1685 2628 sint,

221 2631 374 2666 victoriis
407 2637 574 2667 momento
609 2633 791 2667 emensos?
826 2634 911 2667 haec
944 2636 980 2667 et
1015 2634 1068 2668 his
1098 2634 1221 2669 similia
1252 2633 1372 2669 merito
1394 2634 1602 2677 exprobrans
1625 2642 1687 2677 per
1731 2632 1733 2635 '

223 2678 400 2721 epistolam
423 2678 670 2713 Nicaeensibus
692 2679 878 2724 imperator
901 2679 935 2712 id
959 2680 1085 2725 agebat
1107 2686 1147 2715 ut
1169 2681 1205 2715 in
1227 2684 1399 2726 posterum
1423 2679 1592 2714 cautiores
1613 2678 1688 2712 illos

222 2723 383 2758 redderet
405 2723 440 2758 in
464 2736 606 2760 occursu
633 2725 788 2760 similium
813 2736 962 2759 casuum.
