1884 3262
452 227 526 269 DE
561 225 833 270 MICHAELE
867 228 1242 272 PALAEOLOGO
1278 230 1325 271 L.
1362 230 1415 272 V.
1555 229 1650 274 355

201 355 307 392 μναν
329 355 371 381 τε
389 336 626 394 κρούονται,
664 339 710 382 τὸ
738 345 814 384 τοῦ
842 338 986 397 λόγου,
1023 339 1092 384 καῖ’
1114 347 1199 391 τοῖς
1227 339 1401 384 ὄπισθεν
1430 338 1652 383 ἐπεκτεινό-

198 423 311 460 μενοι
335 406 408 456 ἕως
422 407 610 462 Ἀχρίδας
630 406 769 464 ᾔεσαν.
839 409 992 451 ἐκεῖθεν
1012 411 1056 452 δὲ
1077 407 1240 463 συνάμα
1261 414 1313 466 τῇ
1334 411 1513 463 βασιλίδι
1540 411 1644 451 Θεσ-
1670 421 1703 455 D

201 476 417 529 σαλονίκης
436 473 667 528 ἐπιβάντες,
703 478 827 530 κῆδος
853 477 976 519 ἐκεῖνο
1002 479 1068 519 καὶ
1095 475 1307 532 συνθήκας
1335 479 1402 519 καὶ
1421 475 1651 532 συναλλάγ-

199 559 313 596 ματα
332 542 433 599 παρ’
456 542 573 586 οὐδὲν
593 543 757 596 θέμενοι
767 576 780 596 ,
819 544 921 598 πρὸς
941 544 1114 597 βασιλέα
1133 543 1397 601 ὑπέστρεφον.

167 613 190 648 5
337 611 381 655 7.
455 608 560 653 Τότε
591 613 728 654 τοίνυν
756 611 860 665 μετὰ
890 612 1029 668 καιρὸν
1060 614 1126 654 καὶ
1154 612 1206 654 τὰ
1230 614 1318 668 περὶ
1349 612 1397 654 τὸ
1418 609 1653 667 Δυρράχιον
1676 625 1705 660 Ρ
1730 628 1801 663 242

200 676 347 732 ξυνέβη
371 678 516 721 ἐλεεινὰ
536 680 601 721 καὶ
622 676 754 734 πλήρη
779 678 981 735 δακρύων.
1038 681 1218 735 Κρονίου
1239 680 1318 736 γὰρ
1338 678 1554 729 ἐνστάντος
1570 698 1653 734 μη-

198 744 269 794 νὸς
287 744 508 802 ἀσυνήθεις
527 744 659 803 ψόφοι
679 746 754 801 τὴν
771 751 845 802 γῆν
863 746 1090 804 ἐτάρασσον
1113 752 1310 802 συνεχῶς,
1357 746 1429 797 οὓς
1468 747 1519 802 δὴ
1547 752 1654 799 βοα-

201 813 332 866 σμοὺς
361 818 600 870 κοινολογῶν
623 814 725 857 εἷ’ποι
757 831 839 867 τις,
876 817 943 857 καὶ
975 817 1090 869 δῆλοι
1123 811 1228 870 ἦσαν
1249 818 1514 870 σημαίνοντες
1542 815 1652 858 ἐπιὸν

201 879 370 935 ἐγγύθεν
399 880 536 924 κακόν.
603 886 701 936 μιᾶς
729 887 827 937 γοῦν
860 881 1015 940 ἡμέρας
1032 885 1096 925 καὶ
1115 883 1397 939 συνεχέστερον
1417 881 1592 938 ε’πήχουν
1613 884 1653 926 οἶ

146 947 338 1004 1Οκρότοι
370 951 436 991 καὶ
459 951 594 1004 μεῖζον
622 948 647 1004 ἢ
675 948 884 1006 πρότερον.
953 958 1039 1000 τοῖς
1067 952 1140 1003 μὲν
1170 947 1241 993 οὖν
1274 952 1504 1004 ἐμπεσοῦσα
1526 952 1652 994 δειλία

199 1015 277 1066 ἔξω
295 1034 373 1059 που
394 1024 591 1060 κατοικεῖν
612 1021 686 1059 τοῦ
709 1017 852 1066 ἄστεος
874 1018 1055 1070 ἔπειθεν,
1091 1016 1147 1068 ὥς
1173 1021 1208 1060 εἲ
1228 1018 1348 1062 πλέον
1367 1019 1528 1074 γένηται
1546 1018 1647 1061 ἀλυ-
1669 1032 1699 1065 Β

199 1085 385 1134 ξείουσιν.
454 1084 558 1126 ἀλλὰ
577 1085 650 1134 νὺξ
669 1079 719 1138 ἦν
752 1085 1001 1140 ἐπιγινομὲνη
1035 1092 1121 1135 τοῖς
1151 1084 1355 1141 ἧμερινοῖς
1383 1087 1543 1136 ἐκείνοις
1570 1091 1653 1129 θο-

200 1149 362 1206 ρύβοις,
411 1153 477 1193 καὶ
507 1151 670 1204 σεισμὸς
707 1152 890 1206 ἐμπίπτει
917 1153 1050 1208 βαρὺς
1081 1155 1148 1195 καὶ
1178 1158 1260 1196 τῶν
1288 1154 1651 1208 μνημονευομένων

198 1221 356 1272 μείζων.
425 1215 476 1274 ἦν
507 1219 549 1262 δ’
579 1221 725 1270 ἐκεῖνος
758 1219 806 1263 οὐ
834 1219 1009 1275 τρόμος,
1049 1219 1103 1271 ὦς
1124 1221 1174 1264 ἄν
1202 1238 1263 1271 τις
1286 1221 1414 1274 εἴποι,
1451 1227 1523 1277 γῆς
1545 1222 1650 1265 κατὰ

145 1287 247 1329 15τὸ
280 1288 435 1342 λέχριον
458 1288 718 1341 κινουμένης,
758 1287 863 1330 ἀλλὰ
897 1289 1001 1331 κατὰ
1030 1289 1242 1344 σφυγμοὺς
1270 1288 1560 1345 ἀνατιναγμός,
1598 1288 1653 1339 ὥς

199 1356 241 1397 ἐν
261 1355 408 1410 ἀκαρεῖ
423 1360 559 1397 πᾶσαν
577 1355 652 1410 τὴν
670 1354 786 1398 πόλιν
815 1357 964 1409 ἐκείνην
988 1357 1031 1397 ἐκ
1050 1359 1250 1408 θεμελίων
1273 1356 1559 1411 ἀνατραπῆναι
1582 1360 1649 1399 καὶ
1674 1375 1704 1408 0

198 1428 332 1464 πεσεῖν
354 1424 410 1470 εἷς
431 1423 654 1478 τοῦδαφος.
725 1420 826 1465 οἶκοι
847 1425 872 1464 δ
879 1422 892 1438 ’
919 1424 1056 1465 ἐκεῖνοι
1076 1425 1141 1465 καὶ
1161 1422 1403 1473 ἀναστάσεις
1420 1423 1650 1478 κτισμάτων

197 1490 302 1544 μηδὲ
329 1489 375 1532 τὸ
405 1489 540 1545 βραχὺ
574 1487 827 1543 ἀντισχόντες
857 1491 1086 1533 ἐνεδίδοσαν
1106 1493 1171 1533 καὶ
1194 1492 1458 1543 κατέπιπτον,
1498 1494 1649 1535 ἐναπο-

199 1558 520 1612 λαμβανομὲνων
546 1557 658 1607 ἐντὸς
684 1562 765 1599 τῶν
792 1556 1048 1614 ἀνθρώπων,
1082 1559 1255 1614 μηδενὸς
1286 1559 1446 1614 ἔχοντος
1468 1559 1546 1617 ὅπῃ
1568 1559 1649 1617 φύ-

145 1630 273 1681 Ξογοι.
344 1625 391 1667 τὸ
431 1626 508 1682 γὰρ
548 1629 630 1668 τῶν
668 1623 1005 1682 οἰκοδομημάτων
1049 1628 1210 1682 συνεχὲς
1255 1632 1304 1684 τῇ
1344 1629 1500 1671 ἐκείνων
1540 1633 1648 1685 φυγῇ

199 1780 288 1825 qnod
312 1779 429 1822 aiunt,
458 1778 668 1813 incumbendi
690 1779 954 1825 reflectendique
975 1783 1067 1814 retro
1087 1780 1216 1815 itineris
1240 1781 1399 1826 compulsi
1422 1784 1511 1816 sunt.
1557 1784 1648 1817 refe-

198 1830 313 1859 rentes
337 1837 418 1870 ergo
440 1825 558 1870 pedem
582 1836 681 1869 quam
705 1825 846 1859 maxima
868 1826 1047 1860 velocitate
1069 1826 1102 1860 in
1136 1827 1240 1860 tantis
1261 1827 1519 1862 difficultatibus
1541 1828 1647 1870 licuit,

195 1871 374 1905 Achridam
397 1882 435 1905 se
458 1876 683 1915 receperunt,
713 1871 828 1916 ibique
859 1877 1062 1916 resumptam
1097 1872 1225 1917 regiam
1249 1873 1407 1916 virginem
1430 1874 1648 1907 Thessaloni-

197 1928 270 1951 cam
296 1917 518 1957 deducentes,
541 1916 619 1950 inde
643 1916 764 1950 omissa
786 1917 853 1950 iam
878 1918 965 1950 omni
987 1917 1192 1962 cogitatione
1224 1917 1383 1963 indignae
1414 1929 1455 1953 ac
1478 1919 1650 1964 pernicio-

197 1973 256 1996 sae
277 1962 455 1996 affinitatis
478 1961 520 1996 ad
541 1961 777 2006 imperatorem
800 1961 981 1999 redierunt.

288 2009 322 2043 7.
369 2007 470 2041 Circa
492 2008 556 2041 hoc
585 2010 717 2052 tempus
749 2011 808 2041 aut
830 2008 930 2052 paulo
954 2013 1030 2053 post
1053 2008 1196 2053 contigit
1218 2008 1415 2043 miserabilis
1445 2013 1480 2043 et
1503 2010 1645 2044 omnium

197 2053 300 2095 digna
322 2053 466 2088 lacrimis
495 2052 775 2097 Dyrrhachiensis
797 2053 932 2094 clades,
964 2054 1052 2088 hunc
1083 2057 1189 2088 ferme
1210 2055 1245 2088 in
1269 2055 1411 2089 modum.
1459 2067 1571 2089 mense
1594 2057 1647 2089 in-

197 2105 300 2132 eunte
325 2099 449 2133 Martio
473 2098 586 2133 sonori
610 2110 629 2131 e
663 2103 757 2132 terra
787 2099 940 2142 fragores
967 2100 1164 2134 increbuere
1186 2099 1219 2134 in
1242 2100 1418 2144 strepitum
1440 2101 1514 2133 fere
1538 2101 1646 2134 conti-

197 2155 320 2185 nuum3
356 2145 474 2189 quales
508 2145 662 2178 boasmos
694 2143 766 2178 sive
794 2145 918 2178 boatus
940 2156 1013 2178 cum
1037 2146 1136 2189 vulgo
1168 2145 1306 2190 loquens
1329 2145 1405 2189 quis
1428 2145 1562 2180 dixerit.
1610 2146 1646 2179 hi

197 2189 349 2223 nimirum
382 2190 472 2223 clare
495 2189 740 2224 denuntiabant
762 2189 932 2223 imminens
954 2191 1086 2227 maium.
1131 2202 1204 2224 cum
1228 2190 1276 2224 sic
1301 2190 1493 2234 aliquandiu
1515 2191 1645 2225 inferne

198 2234 383 2276 tonuisset,
415 2239 554 2279 repente
580 2235 635 2269 die
669 2235 811 2279 quadam
845 2236 975 2269 acutius
1006 2242 1042 2270 et
1075 2236 1297 2270 continentius
1325 2236 1502 2270 insonuere
1524 2241 1645 2282 coepta

197 2280 366 2321 tonitrua,
389 2290 456 2324 quo
481 2291 593 2313 eorum
616 2284 792 2325 augmento
809 2280 889 2314 moti
912 2281 1047 2326 quidam
1070 2281 1104 2315 in
1128 2280 1334 2315 formidinem
1358 2281 1518 2315 acriorem
1541 2283 1645 2317 tectis

199 2330 437 2368 excesserunt,
475 2325 661 2359 diversorio
696 2331 795 2360 extra
816 2327 933 2360 urbem
964 2326 1139 2372 quaesito,
1161 2331 1199 2359 ut
1221 2325 1251 2360 si
1275 2326 1354 2371 quid
1376 2325 1454 2360 inde
1476 2328 1643 2362 funestius

197 2371 392 2411 ingrueret,
426 2370 567 2404 salutem
600 2370 634 2404 in
667 2374 740 2405 tuto
764 2371 938 2405 haberent.
984 2377 1083 2405 nocte
1106 2382 1206 2416 porro
1237 2372 1493 2416 superveniente
1515 2373 1644 2407 diurnis

197 2415 383 2450 huiusmodi
414 2415 609 2449 tumuitibus
642 2422 756 2450 terrae
789 2421 900 2451 motus
930 2417 1050 2450 incidit
1081 2416 1196 2460 gravis
1225 2421 1262 2450 et
1284 2417 1434 2451 omnibus
1457 2421 1499 2452 de
1519 2418 1641 2463 quibus

198 2466 252 2495 est
274 2461 375 2495 fando
397 2461 544 2495 auditum
567 2461 801 2496 vehementior.
847 2473 913 2495 non
937 2462 1022 2496 enim
1044 2463 1072 2495 is
1094 2467 1170 2495 erat
1185 2466 1311 2495 tremor
1332 2463 1428 2507 quasi
1452 2463 1526 2509 quis
1549 2464 1642 2498 dixe-

198 2506 246 2540 rit
279 2512 391 2541 terrae
421 2506 456 2540 in
489 2505 659 2551 obliquum
687 2505 854 2547 nutantis,
890 2508 949 2540 sed
989 2507 1182 2552 reciprocus
1210 2507 1433 2542 validissimus
1469 2510 1643 2554 impulsus,

198 2563 286 2586 nunc
314 2552 407 2585 velut
437 2552 665 2586 contrahentis
686 2563 781 2594 sese,
812 2562 900 2586 nunc.
921 2552 1048 2598 impetu
1070 2552 1236 2587 contrario
1270 2565 1306 2587 se
1328 2554 1500 2588 dilatantis
1523 2559 1559 2588 et
1581 2554 1644 2587 eii-

199 2597 317 2631 cientis
346 2597 420 2631 soli.
467 2609 533 2642 quo
567 2609 609 2631 ex
639 2597 768 2631 alterno
800 2608 960 2632 succussu
992 2597 1134 2642 contigit
1156 2598 1344 2633 universam
1366 2599 1455 2634 inam
1480 2603 1645 2633 momento

199 2654 221 2677 a
249 2642 470 2676 fundamentis
501 2643 610 2680 everti
638 2643 881 2687 concidereque
917 2643 1104 2678 civitatem..
1144 2643 1260 2678 domus
1291 2645 1399 2686 enim,
1435 2656 1522 2690 quae
1551 2645 1645 2678 illamv

198 2687 411 2729 conflabant,
435 2692 470 2722 et
490 2688 547 2721 ilia
569 2688 750 2732 quantavis
772 2692 929 2722 extructa
949 2688 1155 2723 firmitudine
1177 2695 1450 2735 exaggeratasque
1473 2689 1641 2731 aedificia,

198 2732 287 2766 haud
310 2733 404 2777 paria
425 2733 612 2767 resistendo
633 2738 805 2778 prostrata
828 2738 926 2775 sunt,
959 2734 1177 2779 deprehensis
1197 2735 1288 2770 intus
1312 2735 1498 2770 hominibus
1519 2734 1646 2769 misere

198 2779 388 2823 oppressis,
418 2779 548 2813 nemine
581 2790 647 2824 quo
680 2783 740 2813 aut
770 2790 838 2823 qua
861 2779 1028 2824 effugeret
1049 2780 1204 2815 habente.
1249 2792 1325 2815 nam
1348 2780 1642 2824 erumpentibume

198 2823 334 2869 proprio
357 2824 522 2859 domicilio
545 2824 697 2859 domuum
721 2824 869 2870 undique
890 2824 1030 2860 aliarum
1052 2826 1169 2862 ruinae
1191 2827 1437 2869 occurrebant,
1461 2829 1500 2859 ut
1521 2827 1640 2871 sperass-
