1846 3262
432 211 509 254 DE
543 211 824 254 MICHAELE
861 210 1238 255 PALAEOLOGO
1274 212 1326 254 L.
1366 210 1442 257 111.
1581 209 1677 256 187

199 324 249 368 δέ
264 342 307 382 γε
331 324 378 368 τὸ
400 323 617 381 αὐτάρκως
639 325 740 380 ἔχειν
762 329 846 369 τῶν
863 322 1124 377 ἀνθεξόντων
1153 324 1269 375 ἐντὸς
1289 328 1454 380 πλῆθος
1471 340 1678 381 στρατιω-

199 399 282 438 τῶν
302 394 458 446 ἔξωθεν
477 396 711 447 εἲσοικίζειν,
750 394 856 450 πλὴν
878 396 1071 451 ἐλαφρῶν
1090 392 1147 444 ὥς
1164 394 1278 444 ἐντὸς
1294 392 1501 447 μενόντων
1516 394 1579 435 {ni
1601 397 1676 436 τοῦ

197 462 273 519 τῆς
298 462 437 518 μάχης
465 468 634 519 καιροῦ,
678 463 728 518 ἢν
750 463 799 506 δέ
824 480 867 506 τε
887 463 972 505 δέοι
1002 465 1069 505 καὶ
1091 462 1172 506 ἀπὸ
1192 468 1265 518 γῆς
1281 463 1463 520 ἐκφέρειν
1481 461 1676 516 πόλεμον,

199 531 300 575 εἶναι
322 533 420 583 τούς
436 531 796 587 ὑποστησομένους
816 533 861 575 ἐκ
881 529 1202 589 στρατευμάτων
1229 529 1416 587 μεγάλων
1438 535 1675 583 βασιλικῶν.

166 610 187 644 5
200 601 252 644 τὰ
274 602 322 644 δέ
338 619 380 658 γε
404 606 479 658 τῆς
510 607 670 659 τροφῆς
698 601 840 651 αὐτοῖς
849 634 864 654 ,
897 602 932 643 εἰ
950 601 1014 643 ἐπὶ
1033 598 1235 655 μήκιστον
1255 600 1527 655 παραμένοιεν
1545 616 1678 655 προσ-

196 668 450 726 καθήμενοι,
497 669 672 724 εῗτοίμως
706 669 788 713 ἀπὸ
819 674 894 724 τῆς
916 667 1073 719 πόλεως
1103 666 1420 723 ἑτοιμάζεσθαι·
1458 669 1678 723 εἰσαχθέν-

197 757 281 782 των
301 739 379 796 γᾶρ
406 745 520 794 βοῶν
549 740 700 782 ἱκανῶν
729 741 787 789 εἷς
806 741 1002 795 γεωργίαν
1024 742 1107 781 τῶν
1130 737 1347 794 ἀρουρῶν,
1387 735 1492 781 ὅπου
1519 736 1571 779 ἂν
1590 737 1676 792 εἴη-

197 825 275 851 σαν
302 803 424 851 αὗται
447 811 514 851 καὶ
535 808 639 863 παρ’
662 802 720 851 ὧν
741 807 975 862 κατέχοιντο
986 840 1000 860 ,
1036 811 1118 850 τῶν
1149 806 1262 856 ἐντὸς
1287 806 1391 862 λέγω
1411 810 1486 860 τῆς
1505 804 1675 858 πόλεως,

198 877 351 927 αὐτοὺς
383 884 570 934 γεωργεῖν
600 876 702 931 ἔχειν
729 881 922 926 νεοῦντας
954 878 1020 919 καὶ
1052 876 1293 931 σπείροντας
1315 876 1383 917 καὶ
1417 876 1674 931 θερίζοντας,

144 956 187 989 10
198 944 253 997 ὥς
277 945 376 989 εἶναι
398 948 464 989 καὶ
484 952 571 996 τοῖς
590 943 831 1001 ἀνθρώποις
853 943 1040 1000 αὐτάρκη
1058 942 1241 1001 τροφήν,
1278 943 1383 1000 πρὸς
1411 948 1471 1002 τῷ
1502 945 1569 986 καὶ
1592 961 1670 986 τα-
1694 952 1724 988 Ρ
1752 954 1819 989 125

197 1016 288 1072 ρι’χη
313 1019 640 1071 προεισαχθῆναι
659 1018 783 1056 τοῦτο
800 1014 876 1069 μὲν
893 1013 935 1065 ἕξ
958 1012 1080 1057 ὖείων
1103 1018 1232 1070 κρεῶν
1253 1017 1378 1056 τοῦτο
1403 1012 1451 1054 δέ
1468 1003 1521 1068 >γε
1545 1014 1611 1055 καὶ
1631 1014 1675 1055 ἐκ

194 1088 269 1126 τοῦ
292 1088 375 1126 τῶν
394 1081 617 1139 προβάτων
648 1081 877 1140 γάλακτος,
915 1085 982 1126 καὶ
1006 1082 1124 1138 χιλὸν
1145 1089 1230 1131 τοῖς
1246 1082 1390 1132 ’ίπποις
1408 1082 1677 1137 προσαπομέ-

194 1169 298 1205 νειν,
344 1150 444 1195 εἶναι
476 1154 520 1196 δὲ
547 1154 615 1194 καὶ
647 1157 894 1208 γεωργοῦσιν
925 1152 1040 1202 ἐντὸς
1065 1169 1118 1195 τα
1145 1153 1187 1201 ἐς
1216 1150 1374 1207 τροφὴν
1409 1150 1677 1207 ἀνθρωπίνην

195 1225 281 1264 τῶν
310 1218 422 1273 ζώων
453 1222 496 1273 ἐξ
526 1219 706 1277 ἀνάγκης
738 1218 1046 1278 περιγινόμενα,
1086 1218 1142 1270 ὥς
1174 1219 1334 1276 τρέφειν
1356 1219 1506 1269 ἱκανῶς
1524 1219 1676 1274 ἔχουσι.

142 1298 185 1332 15
198 1288 484 1347 περιβλήματα
515 1291 560 1333 δὲ
593 1291 637 1333 ἐκ
667 1292 814 1344 βοείων
842 1288 1058 1346 δερμάτων
1087 1295 1178 1339 ταῖς
1203 1291 1362 1332 σανίσιν
1380 1289 1674 1341 ἐπιτιθεῖσθαι,

195 1359 254 1413 μὴ
286 1361 353 1401 καὶ
379 1363 461 1416 πιῒρ
493 1356 738 1409 ε’ναύσαντες
771 1359 967 1402 ἐκκαίοιεν
1001 1359 1042 1402 οἱ
1062 1358 1261 1412 πολέμιοι.
1332 1356 1385 1400 τὰ
1404 1358 1479 1411 μὲν
1500 1352 1574 1400 οὖν
1593 1362 1678 1400 τῶν

194 1429 376 1472 σανίδων
391 1430 448 1479 εἰς
468 1427 585 1486 ἔργον
604 1427 723 1484 ἐξέβη
733 1460 748 1482 ,
786 1429 854 1471 καὶ
878 1425 1024 1485 πύργοι
1043 1427 1119 1482 μὲν
1138 1424 1195 1477 ὥς
1217 1427 1282 1469 ἐπὶ
1302 1433 1410 1484 τρεῖς
1427 1425 1666 1482 ἀνυψοῦντο
1689 1435 1718 1469 Β

287 1525 323 1560 3.
349 1525 411 1570 τε]
435 1524 498 1560 tt?

196 1615 301 1662 priori
326 1616 600 1658 committebant,
635 1618 832 1661 suggestum
861 1626 1008 1650 coronae
1030 1613 1196 1649 moenium
1228 1617 1266 1648 et
1294 1613 1514 1658 surgentibus
1537 1625 1600 1658 per
1622 1613 1677 1648 in-

195 1662 343 1697 tervalla
366 1662 520 1697 turribus
543 1662 807 1704 adstruxerunt,
838 1665 1001 1707 quantum
1029 1661 1208 1695 sufficeret
1244 1659 1288 1694 ad
1313 1660 1478 1705 tegendos
1501 1661 1595 1694 intus
1618 1661 1680 1694 de-

195 1710 372 1751 sensores3
405 1719 546 1753 quorum
570 1720 614 1743 ne
640 1708 777 1742 deesset
799 1708 920 1752 copia,
956 1706 1042 1742 foris
1065 1706 1191 1741 accivit
1215 1711 1251 1741 et
1273 1706 1365 1740 intra
1390 1707 1507 1740 urbem
1532 1706 1682 1740 colloca-

195 1754 270 1797 vit,
302 1755 483 1789 domiciliis
505 1755 677 1800 pomoerio
700 1753 842 1796 vicinis,
871 1765 1029 1798 magnum
1052 1763 1226 1787 numerum
1251 1751 1395 1787 militum
1418 1751 1503 1786 levis
1527 1758 1680 1786 armatu-

194 1812 274 1835 raet
299 1812 365 1834 non
390 1801 476 1835 enim
499 1800 613 1834 loricis
637 1806 843 1846 caeteroque
867 1799 965 1845 gravi
1004 1804 1175 1845 apparatu
1198 1809 1284 1844 opus
1308 1803 1384 1832 erat
1406 1798 1611 1844 pugnaturis
1635 1809 1679 1832 ex

193 1852 292 1890 tuto,
328 1847 444 1893 pinnis
474 1858 645 1881 murorum
677 1847 949 1893 protegentibus.
993 1857 1071 1880 nam
1104 1845 1148 1880 ad
1183 1844 1401 1890 eruptiones,
1432 1845 1462 1878 si
1486 1855 1573 1890 quas
1596 1855 1678 1878 usus

193 1892 276 1928 belli
297 1897 476 1938 posceret,
499 1897 536 1927 et
558 1898 699 1938 apertas
720 1893 755 1927 iu
779 1903 898 1937 campo
921 1891 1155 1926 dimicationes
1173 1902 1247 1925 cum
1266 1891 1512 1931 obsessoribus,
1538 1895 1678 1935 praesto

195 1939 374 1974 adfuturos
398 1939 639 1984 cataphractos
662 1951 682 1973 e
705 1938 830 1973 castris
853 1939 1036 1972 maioribus
1059 1937 1286 1983 imperatoris.
1332 1935 1484 1982 providit
1499 1942 1611 1970 autem
1635 1948 1679 1971 ne

194 1985 429 2030 praesidiariis
452 1986 546 2019 hisce
569 1985 709 2020 urbanis
732 1985 892 2020 alimenta
915 1995 1063 2030 unquam
1086 1985 1265 2028 deforent,
1291 1987 1588 2029 quantumcunque
1612 1983 1678 2017 du-

195 2035 290 2066 raret
312 2031 467 2074 obsidio,
497 2031 559 2065 sed
582 2038 676 2066 esset
697 2042 832 2076 semper
863 2030 995 2065 affatim
1019 2030 1108 2064 unde
1130 2030 1216 2075 ipsis
1239 2041 1283 2064 ex
1305 2029 1391 2063 urbe
1413 2029 1677 2074 suppeditaren-

194 2082 253 2112 tur
277 2077 320 2112 ad
341 2077 466 2112 victum
489 2078 703 2119 necessaria3
728 2089 829 2123 quarn
852 2078 896 2111 ad
919 2088 990 2110 rem
1015 2076 1207 2111 introduxit
1230 2076 1264 2110 in
1291 2076 1408 2109 urbem
1432 2076 1532 2109 boum
1555 2087 1674 2109 nume-

195 2135 288 2164 rum,
311 2129 459 2169 quantus
481 2123 657 2158 sufficeret
679 2124 832 2158 culturae
854 2134 1047 2169 camporum
1079 2123 1370 2163 suburbanorum,
1401 2132 1543 2166 quorum
1567 2132 1674 2167 opera

195 2169 356 2204 industrii
381 2170 554 2215 agricolae
586 2171 715 2204 arando
746 2170 893 2204 serendo
914 2169 1139 2215 metendoque
1162 2169 1371 2202 conficerent
1397 2166 1557 2200 frumenti
1581 2166 1674 2212 quod

197 2220 290 2249 esset
312 2227 397 2260 opus
418 2216 461 2250 ad
497 2228 663 2251 annonam
694 2216 732 2250 in
764 2217 849 2250 urbe
884 2215 1101 2260 degentium,
1135 2215 1255 2248 addita
1287 2224 1388 2259 quam
1420 2213 1551 2258 pariter
1582 2213 1675 2247 intro

196 2261 337 2305 congeri
359 2263 506 2296 curabat
528 2262 627 2308 copia
650 2273 772 2306 magna
794 2262 992 2296 duraturum
1019 2261 1092 2296 sale
1115 2272 1156 2295 ac
1179 2261 1271 2294 fumo
1295 2259 1339 2294 ad
1373 2258 1568 2293 diuturnam
1592 2270 1677 2293 con-

195 2307 426 2342 servationem
461 2307 610 2342 ciborum
627 2332 637 2349 ,
669 2309 793 2353 partim
827 2319 870 2342 ex
909 2308 1017 2342 suillis
1049 2307 1207 2341 carnibus
1229 2305 1354 2351 partim
1380 2317 1423 2339 ex
1447 2306 1548 2341 ovino
1572 2305 1676 2339 lacte.

195 2352 290 2388 foeni
314 2364 450 2398 quoque
471 2353 538 2388 vim
560 2354 730 2399 ingentem
751 2355 786 2388 in
814 2354 975 2399 pabulum
1007 2364 1170 2399 equorum
1203 2351 1377 2397 reposuit,
1410 2363 1477 2386 non
1513 2351 1675 2386 defutura

195 2399 280 2444 ipsis
304 2398 464 2444 agricolis
487 2399 577 2434 intra
602 2401 721 2434 urbem
745 2400 947 2445 degentibus
972 2403 1008 2433 et
1031 2410 1074 2434 ex
1099 2410 1141 2433 ea
1163 2398 1198 2432 iu
1222 2399 1389 2432 culturam
1411 2398 1501 2431 ruris
1524 2397 1676 2443 undique

195 2445 302 2479 vicini
324 2445 479 2491 quotidie
503 2445 688 2490 prodituris
711 2447 811 2480 etiam
836 2445 1025 2481 obsidionis
1051 2450 1207 2490 tempore
1229 2444 1377 2490 quadam
1401 2443 1500 2489 copia
1524 2443 1677 2478 carnium

196 2491 302 2526 etiam
334 2491 543 2534 recentium,
576 2492 734 2526 nonnullo
768 2492 887 2537 utique
919 2502 1059 2526 numero
1092 2490 1280 2525 animalium
1305 2489 1511 2524 suburbanis
1538 2489 1677 2536 pascuis

195 2536 339 2580 alendo3
379 2537 469 2572 unde
503 2549 572 2572 non
608 2539 717 2572 solum
747 2540 883 2573 soboles
914 2542 1152 2572 succresceret
1183 2542 1268 2582 apta
1291 2535 1468 2570 laboribus
1493 2536 1602 2571 aratri
1635 2547 1677 2570 ac

194 2583 364 2629 plaustri,
391 2583 451 2618 sed
474 2595 564 2629 quae
585 2583 620 2618 in
643 2584 773 2618 macelli
796 2595 932 2629 quoque
964 2595 1006 2618 ac
1043 2594 1233 2618 mensarum
1257 2594 1354 2616 usum
1377 2582 1544 2616 urbanum
1568 2583 1677 2616 abun-

195 2629 308 2663 daret.
354 2641 456 2676 porro
482 2630 577 2664 coria
599 2630 700 2664 boum
722 2630 774 2664 sic
796 2630 832 2663 in
856 2630 950 2665 cibos
972 2630 1223 2675 absumptorum
1246 2627 1373 2674 imponi
1397 2628 1675 2673 agglutinarique

195 2674 340 2709 iubebat
376 2675 527 2710 exterius
562 2675 605 2710 iis
637 2676 782 2716 tabulis,
813 2687 900 2721 quas
931 2675 1003 2710 dixi
1037 2674 1141 2710 muris
1171 2674 1309 2710 additas
1339 2674 1466 2715 fuisse,
1503 2685 1571 2719 quo
1594 2672 1675 2707 illae

195 2726 463 2775 protegerentur
486 2723 530 2757 ab
562 2722 641 2767 igne
670 2722 803 2764 hostili,
838 2721 866 2756 si
897 2723 989 2756 forte
1010 2721 1221 2756 iniiceretur.
1268 2732 1310 2755 ac
1333 2726 1516 2765 suggestus
1539 2720 1674 2766 quidem

194 2766 253 2800 ille
275 2778 443 2802 murorum
466 2779 510 2802 ex
541 2768 708 2810 materia,
739 2767 793 2802 uti
815 2767 1008 2803 destinatus
1033 2768 1167 2810 fuerat,
1200 2770 1359 2811 peractus
1382 2772 1457 2809 est,
1484 2770 1596 2800 turres
1619 2770 1676 2800 at-

195 2812 319 2847 tollens
341 2823 446 2859 supra
469 2813 588 2848 molem
613 2815 761 2860 priorem
785 2814 830 2848 ad
853 2820 928 2849 tres
951 2813 1107 2856 cubitos,
1131 2817 1168 2848 et
1189 2813 1324 2848 moenia
1347 2812 1522 2854 similiter,
1556 2811 1675 2846 debita

197 2859 416 2904 proportione
434 2861 479 2895 ad
502 2864 629 2896 turres.
677 2865 816 2896 caetera
838 2859 911 2896 eius
933 2861 1093 2906 generis,
1128 2864 1169 2895 ut
1197 2859 1306 2895 minus
1329 2859 1488 2904 urgentia
1510 2859 1547 2892 in
1570 2869 1674 2904 prae—
