1884 3262
243 178 341 226 424
665 178 901 222 GEORGII
935 178 1286 223 PACHYMERIS

243 293 286 336 δ’
310 293 374 335 ἐπὶ
398 294 471 346 τῆς
498 289 595 345 νηὸς
626 288 880 344 κατημέλουν
911 286 967 339 ὥς
995 289 1122 344 μηδὲν
1153 287 1410 335 ἀνυσόντων·
1448 295 1609 347 συχνῶν
1629 292 1707 348 γὰρ

242 356 508 404 ὀϊστευόντων
527 357 624 408 τοὺς
643 355 875 415 φώσσωνας
892 359 959 400 καὶ
979 358 1210 408 πολυοποῦς
1229 356 1454 403 ποιούντων
1472 361 1520 403 τὸ
1540 361 1709 417 στερρὸν

246 429 355 471 ἐνίκα
376 431 450 469 τοῦ
474 423 725 480 πνεύματος,
757 427 823 469 καὶ
845 424 1091 482 προσεχώρει
1112 428 1246 480 μεῖζον
1264 425 1289 481 ἢ
1315 425 1421 470 ὥστ’
1445 429 1710 484 ἐπισχεθῆναι

104 503 132 536 Ρ
157 505 222 540 287
247 502 333 545 τοῖς
360 493 548 538 κάτωθεν
581 494 865 549 ἐμποδίζουσι,
903 496 969 537 καὶ
992 495 1084 538 κατ’
1108 495 1240 550 ὀλίγον
1270 496 1608 540 διολισθαίνουσα
1627 500 1710 540 διε-

249 561 424 620 φύγγανε
445 563 543 613 τοὺς
567 563 870 618 ἐπιτιθεμένους
892 561 1041 620 κύκλῳ,
1078 563 1254 613 πολλοὺς
1273 563 1376 618 πρὸς
1395 563 1551 619 ὀλίγους
1572 564 1706 615 ὄντας.
1720 573 1742 608 5

247 630 268 675 ὃ
290 632 335 674 δὲ
352 631 546 686 βασιλεὺς
569 631 646 683 ἔξω
674 649 753 674 που
785 630 1018 686 καθήμενος
1045 631 1189 688 ἴσφυζε
1213 631 1287 681 τὰς
1309 629 1439 687 ὁρμὰς
1459 633 1609 689 ἐνορῶν
1635 633 1711 684 τὰς

249 697 489 756 ἀποφυγάς,
527 702 593 742 καὶ
615 700 789 754 συχνοὺς
814 700 1012 754 ἔπεμπεν,
1049 699 1197 750 ἄλλους
1226 697 1523 756 ἒπεθοῖρρυνεν,
1562 700 1711 752 ἄλλους

249 765 422 811 κελεύων
444 769 510 810 καὶ
529 765 937 824 προσαπειλούμενος.
1009 768 1051 810 αἱ
1081 770 1257 812 σπουδαὶ
1286 771 1310 810 δ
1320 767 1333 784 ³
1369 764 1475 823 ἦσαν
1503 766 1714 825 ἀνόνητοι,

250 838 317 879 καὶ
341 841 423 879 τῶν
444 834 699 879 σπευδόντων
730 836 803 886 τὰς
832 843 971 893 χεῖρας
989 841 1047 895 τῷ
1067 837 1204 894 4οὐρίῳ
1224 841 1296 879 τοῦ
1317 835 1547 890 πνεύματος
1565 835 1590 893 ἡ
1612 842 1713 888 ναῦς

250 895 557 960 ἀπεδίδρασκεν.
628 903 682 954 ὥς
712 909 811 961 γοῦν
842 906 981 948 ἐκεῖνοι
1010 906 1084 959 μὲν
1113 906 1154 948 ἓν
1187 903 1356 961 ἀπόροις
1381 900 1512 959 ἦσαν,
1546 904 1709 959 ὅβασι-
1725 913 1770 948 10

250 972 342 1023 λεῦς
372 973 415 1015 δ’
451 973 493 1015 ἐν
518 973 682 1032 ἀθυμίᾳ
713 975 848 1030 δεινῇ,
877 972 1022 1028 χλεύην
1053 973 1099 1017 τὸ
1124 978 1291 1029 πρᾶγμα
1310 970 1493 1027 οἰόμενος
1512 976 1578 1016 καὶ
1600 974 1713 1018 ἄντι-

200 1054 231 1089 Β
255 1058 352 1097 κρυς
373 1040 527 1097 γε’λωτα
541 1074 554 1093 ,
593 1040 737 1097 εἰσάγει
754 1058 815 1091 τις
836 1046 918 1084 τῶν
936 1041 1047 1098 ἀμφ’
1070 1041 1196 1084 αὐτὸν
1217 1042 1371 1095 βουλὴν
1393 1044 1595 1085 δοκοῦσαν
1615 1060 1714 1086 συν-

251 1110 386 1152 οίσειν.
457 1106 481 1164 ἦ
512 1109 556 1151 δ’
583 1105 632 1164 ἦν
655 1109 941 1166 χρησαμένους
977 1109 1088 1165 παρὰ
1114 1108 1373 1152 Καταλάνων
1403 1114 1453 1167 τῇ
1487 1115 1606 1167 σφῶν
1632 1115 1711 1167 νηΐ,

249 1179 417 1234 μεγίστῃ
435 1181 516 1220 τῶν
537 1176 672 1220 ἄλλων
694 1177 797 1235 οὔσῃ
809 1210 821 1231 ,
852 1180 1038 1232 ἐπιβῆναι
1060 1178 1156 1227 τοὺς
1175 1176 1388 1233 αὐτάρκεις
1415 1177 1710 1234 πολεμάρχους,

250 1247 317 1287 καὶ
345 1245 476 1295 οὕτως
496 1243 801 1299 ἐπεμβαλόντας
834 1246 930 1295 τοὺς
965 1247 1112 1300 ἐκείνης
1142 1244 1371 1302 φιῦσσωνας
1388 1251 1444 1304 τῷ
1470 1246 1714 1303 προσαράσ-
1726 1255 1768 1290 15

251 1330 363 1356 σοντι
390 1310 588 1367 πνεύματι
620 1311 675 1364 ὥς
698 1312 871 1369 πρώτως
898 1313 1140 1368 μετέχοντας
1169 1315 1265 1364 τοὺς
1288 1315 1388 1363 τέως
1408 1313 1714 1369 ὠργυιωμένους

253 1381 485 1435 ἐπιτειχίσαι
498 1414 511 1434 ,
550 1380 653 1424 ὥστε
679 1383 745 1424 καὶ
769 1382 952 1434 ἀπνοεῖν,
989 1384 1056 1424 καὶ
1079 1381 1186 1425 οὕτω
1206 1388 1278 1437 τῆς
1301 1380 1432 1437 ὁρμῆς
1452 1387 1713 1440 καθυφεῖσαν

252 1449 321 1492 ἐπ’
347 1450 499 1505 ἐκείνην
520 1448 651 1504 ὁρμᾶν
673 1450 769 1499 τοὺς
789 1453 853 1493 ἐπὶ
874 1451 1057 1506 θατέροις
1078 1449 1212 1498 ὄντας.
1282 1455 1404 1493 τοῦτο
1426 1455 1523 1506 γοῦν
1540 1457 1715 1504 βουλευ-

203 1531 233 1566 c
258 1518 332 1559 θεν
353 1516 439 1572 ἅμα
464 1523 523 1575 τῷ
544 1515 649 1576 λόγῳ
672 1518 718 1562 τὸ
741 1519 857 1575 ἔργον
879 1517 1046 1573 ἠνύετο,
1083 1521 1148 1561 καὶ
1172 1519 1222 1573 δὴ
1252 1518 1327 1574 τὴν
1347 1520 1540 1575 ταχίστην
1559 1518 1714 1575 ἐμβάν-

253 1603 319 1635 τες
336 1588 379 1628 ἒκ
400 1583 585 1643 πρύμνης
605 1588 783 1642 γίνονται
797 1592 871 1642 τῆς
894 1588 1189 1643 καταγομένης·
1224 1587 1337 1642 ἔτυχε
1368 1587 1447 1644 γὰρ
1466 1589 1532 1630 καὶ
1560 1587 1585 1644 ἦ
1611 1593 1770 1639 vatis-20

254 1652 369 1710 ἐγγύς
381 1687 394 1706 ,
440 1656 508 1697 καὶ
543 1655 708 1712 εὐχερὴς
754 1651 804 1710 ἦν
846 1660 1137 1712 μετενεχθῆναι
1179 1655 1283 1713 πρὸς
1327 1655 1378 1698 τὰ
1413 1654 1717 1713 προηγούμενα.

346 1797 380 1830 6.
404 1795 470 1841 τῆς
493 1792 718 1841 οἷποφυγῆςῖ
855 1799 889 1833 7.
913 1795 1209 1844 ἕπιθαρρύνωνί)

255 1918 336 1952 vani
359 1917 484 1953 circum
505 1919 776 1954 tumultuantium
791 1920 930 1965 egregie
949 1932 1110 1958 securam.
1156 1922 1312 1956 ridebant
1333 1921 1437 1967 igitur
1457 1923 1532 1958 eius
1560 1928 1716 1959 vectores

256 1969 397 1998 conatus
421 1965 566 1998 hostium
588 1964 728 2008 inanes3
762 1971 797 2001 et
821 1978 894 2001 cum
926 1967 1073 2002 distenta
1095 1972 1195 2002 vento
1220 1970 1362 2003 carbasa
1393 1969 1520 2003 crebris
1542 1970 1716 2004 undecun-

256 2021 324 2056 que
345 2010 481 2054 sagittis
504 2011 776 2055 persorarentur,
801 2012 845 2046 iis
876 2016 1046 2058 utcunque
1078 2014 1226 2058 pertusis
1261 2014 1380 2059 pedem
1402 2014 1506 2049 nihilo
1529 2015 1639 2050 secius
1661 2017 1715 2051 fa-

257 2067 335 2090 cere
358 2057 570 2100 pergebant,
603 2058 794 2092 abundante
816 2057 852 2092 vi
876 2070 980 2092 aurae
1003 2059 1192 2104 propitiae3
1225 2072 1292 2104 qua
1315 2060 1446 2104 longius
1470 2065 1548 2095 ante
1571 2073 1592 2095 a
1615 2066 1715 2106 tergo

257 2108 437 2146 sequentes
471 2100 726 2147 efferebantur,
761 2115 860 2149 quam
893 2110 932 2138 ut
963 2109 1054 2139 esset
1085 2106 1267 2150 periculum
1299 2117 1341 2139 ne
1366 2117 1386 2139 a
1409 2117 1578 2151 quoquam
1600 2119 1716 2142 eorum

256 2158 364 2192 prope
388 2146 499 2189 adiri,
522 2148 641 2183 nedum
665 2149 742 2194 capi
771 2153 831 2184 aut
853 2151 962 2184 teneri
994 2155 1144 2195 possent.
1192 2163 1280 2196 quae
1309 2163 1391 2185 vero
1424 2163 1532 2186 naves
1555 2163 1576 2186 a
1598 2153 1717 2188 lateri-

257 2194 321 2226 bus
344 2192 575 2234 incurrerent,
606 2205 664 2229 eas
695 2200 814 2240 utpote
850 2196 1038 2230 humiliores
1070 2203 1106 2230 et
1138 2196 1280 2231 minores
1312 2197 1495 2231 ludibunde
1527 2199 1718 2243 repellebat

257 2238 377 2282 ingens
399 2238 485 2272 mole
508 2242 543 2273 et
566 2240 673 2286 plenis
700 2241 785 2275 velis
807 2241 962 2276 oneraria
994 2243 1183 2287 pervolans.
1230 2244 1391 2277 cernebat
1412 2244 1497 2277 haec
1529 2243 1716 2289 imperator

258 2295 302 2317 ex
327 2284 417 2317 edito
447 2284 547 2329 longe
580 2286 734 2329 intuens,
772 2287 855 2322 alios
877 2288 1044 2322 missitans
1072 2299 1175 2334 super
1207 2288 1312 2331 alios,
1347 2289 1549 2331 adhortans,
1580 2289 1714 2332 iubens,

258 2328 399 2362 minans.
448 2332 509 2363 sed
533 2335 570 2365 et
590 2331 698 2376 ipsius
728 2332 873 2367 iubentis
896 2339 932 2367 et
964 2334 1152 2379 parentium
1177 2340 1372 2368 cunctorum
1396 2347 1504 2381 aeque
1526 2335 1641 2370 inania
1663 2337 1717 2370 ef-

258 2375 420 2419 fectuque
444 2386 541 2409 cassa
572 2378 685 2411 studia
717 2383 836 2421 erant,
870 2379 1027 2413 evolante
1060 2381 1148 2414 inter
1178 2392 1295 2414 manus
1325 2381 1403 2414 navi
1435 2381 1599 2415 beneficio
1622 2380 1716 2416 venti

259 2419 429 2465 prosperi.
475 2432 550 2454 cum
583 2434 664 2467 ergo
698 2424 822 2459 milites
857 2425 988 2470 quidem
1023 2437 1089 2470 quo
1121 2438 1158 2460 se
1180 2431 1354 2460 verterent
1375 2426 1506 2470 ignari,
1532 2427 1715 2472 imperator

259 2469 371 2499 autem
395 2465 447 2498 sui
471 2471 662 2512 contemptu
688 2469 897 2516 ludibrioque
931 2475 1026 2505 tanto
1058 2471 1200 2505 in'iram
1221 2471 1378 2506 irritatus
1400 2472 1595 2515 maximam,
1618 2471 1715 2506 varie

260 2510 320 2544 sed
342 2511 505 2544 inutiliter
528 2519 750 2557 aestuarent,
786 2517 851 2550 fuit
880 2517 938 2561 qui
971 2518 1123 2560 Augusto
1146 2517 1323 2551 consilium
1355 2530 1374 2551 e
1396 2529 1434 2551 re
1460 2523 1540 2552 nata
1563 2529 1628 2552 non
1650 2518 1715 2550 im-

259 2556 436 2602 probabile
460 2563 671 2602 suggereret.
708 2560 741 2593 id
767 2568 842 2595 erat
872 2567 912 2595 ut
934 2562 967 2596 in
999 2563 1187 2608 quandam,
1212 2574 1300 2608 quae
1323 2575 1444 2607 magna
1467 2567 1502 2597 et
1520 2563 1715 2608 praevalida

258 2603 350 2636 forte
378 2602 448 2636 illic
478 2604 611 2646 stabat,
646 2604 884 2641 Catelanorum
914 2620 1035 2642 navem
1067 2609 1275 2642 commodato
1310 2621 1330 2642 a
1362 2608 1503 2642 dominis
1526 2616 1714 2653 acceptam,

258 2647 407 2681 inductis
440 2655 582 2694 repente
612 2656 695 2694 quot
727 2663 768 2685 ea
799 2658 915 2697 posset
936 2665 1059 2698 capere
1081 2654 1259 2691 militibus,
1294 2654 1425 2689 iuberet
1446 2654 1536 2687 illam
1559 2654 1715 2688 continuo

261 2693 419 2738 expansis
442 2694 549 2728 eidem
581 2701 681 2729 vento
715 2697 799 2731 totis
831 2698 915 2731 velis
946 2699 980 2733 in
1011 2700 1152 2745 puppim
1183 2700 1343 2744 fugientis
1375 2699 1506 2740 invehi,
1530 2704 1566 2734 et
1589 2699 1639 2734 sic
1662 2701 1715 2734 in-

261 2739 373 2772 fracta
407 2739 443 2773 vi
467 2751 572 2774 aurae
601 2741 724 2787 viaque
747 2742 877 2777 Boreae
899 2745 1095 2787 obstructa,
1129 2746 1343 2780 velocitatem
1362 2744 1558 2779 imminuere
1582 2746 1715 2780 ruentis

260 2795 460 2831 cursumque
482 2785 670 2822 retardare.
717 2787 845 2823 dictum
867 2789 903 2822 in
927 2801 1012 2835 opus
1036 2792 1218 2826 confertur.
1267 2797 1430 2826 momento
1453 2801 1492 2825 se
1514 2791 1672 2826 admovet
1692 2803 1714 2826 a
