1884 3262
257 199 354 245 356
678 195 908 239 GEORGll
941 196 1288 239 PACHYMERIS

256 310 527 364 προσίστατο,
563 309 631 350 καὶ
654 311 790 366 πολλῷ
813 302 862 361 ἦν
881 307 981 366 ῥᾷον
1010 306 1122 355 ἐντὸς
1153 307 1288 349 nima-m
1313 306 1339 361 ἢ
1370 305 1548 358 ἐξιόντας
1581 304 1703 359 σώζε-

256 383 382 427 σθαι,
429 374 534 429 πλὴν
564 374 754 417 κάκείνων
777 379 990 418 σωθεισῶν
1018 376 1061 416 ἐκ
1089 373 1260 430 με’ρους’
1305 374 1398 417 οὐδὲ
1426 375 1503 430 γὰρ
1533 370 1582 429 ἦν
1615 373 1704 429 ἥτις

205 458 236 492 1)
259 445 324 486 καὶ
345 443 448 485 κατὰ
466 442 510 485 τὸ
530 441 716 498 ἀκέραιον
747 442 950 498 διεγένετο.
1021 441 1124 495 ἄλλη
1155 441 1232 497 γὰρ
1251 440 1320 483 ἐπ’
1346 441 1449 498 ἄλλῃ
1473 442 1698 492 συνέπιπτε,

257 513 322 555 καὶ
354 509 375 553 ὅ
405 507 557 564 ταύτης
585 507 785 565 πεσούσης
819 510 890 553 τὸν
916 512 1099 552 κίνδυνον
1126 508 1308 564 ἀποδρὰς
1335 506 1438 550 κατά
1460 526 1549 551 τινα
1575 508 1700 563 τύχην

255 575 522 631 ἐπιπεσούσης
543 577 670 632 ἄλλης
701 576 1040 632 συνελαμβάνετο.
1109 579 1176 619 καὶ
1200 571 1249 631 ἦν
1278 573 1436 631 ἀθρόον
1456 577 1528 630 μὲν
1550 576 1596 619 τὸ
1618 579 1732 621 dea-5

253 644 323 689 νόν
341 678 354 698 ,
391 647 580 700 δυσχερὲς
601 647 645 688 δὲ
670 644 696 700 ἢ
721 644 823 688 ὥστε
856 646 946 688 τινὰ
974 641 1156 701 φυγόντα
1189 641 1407 695 σώζεσθαι.
1477 647 1638 693 πολλοῖς
1656 645 1701 686 ὸὲ

254 716 318 756 καὶ
343 712 442 768 ’όναρ
468 712 613 768 ἐπέστη
624 746 636 765 ,
673 713 717 755 οἳ
746 715 812 755 καὶ
841 715 935 766 πρὶν
966 718 1117 766 μαθεῖν
1149 712 1195 754 τὸ
1228 711 1390 766 συμβὰν
1421 709 1494 754 οὒκ
1514 711 1700 767 ἔφθανον

198 795 230 829 13:
254 778 535 835 ἀπολλύμενοι.
605 779 801 835 παιδάρια
832 782 876 823 δὲ
915 782 980 823 καὶ
1007 780 1141 835 βρέφη
1170 779 1271 834 μηδ’
1303 778 1439 833 ἔχοντ’
1472 779 1615 821 εἰδέναι
1651 778 1698 820 τὸ

250 849 426 903 χαλεπὸν
446 855 530 898 τοῖς
550 850 732 904 ἐρειπίοις
750 849 1120 904 συγκατεπνίγοντο.
1190 851 1387 896 τοσοῦτος
1411 845 1452 888 δ’
1479 842 1528 901 ἦν
1551 844 1572 888 ὅ
1594 847 1700 896 ἐξαί-

252 933 358 973 φνης
378 914 530 965 κτύπος
557 918 624 959 καὶ
650 914 857 972 θόρυβος,
895 915 997 958 ὥστε
1015 917 1080 958 καὶ
1111 918 1182 968 τῆς
1200 912 1418 969 θαλάσσης
1437 913 1697 970 ἀναβρασσο·
1711 926 1755 961 10

249 984 373 1038 μένης
406 983 560 1034 ἔξωθεν
591 984 689 1032 τοὺς
725 981 1026 1039 περιγεγονότας
1051 981 1262 1034 ὑπονοεῖν,
1319 981 1395 1036 οὐχ
1429 980 1538 1031 ὅπως
1570 981 1699 1036 ἀρχὴν

110 1071 137 1104 p
161 1071 226 1106 243
253 1052 407 1094 ὠδίνων
430 1053 571 1102 ἐκεῖνα,
607 1050 710 1092 ἀλλὰ
729 1052 796 1092 καὶ
814 1051 940 1103 αὐτὴν
958 1055 1029 1092 τοῦ
1048 1048 1203 1103 κόσμου
1222 1051 1428 1103 ἐπιστῆναι
1448 1049 1697 1092 συντέλειαν·

249 1123 307 1177 τῷ
334 1118 410 1174 γὰρ
449 1120 797 1174 παραθαλασσίαν
823 1119 897 1171 μὲν
925 1117 1001 1172 τὴν
1022 1115 1137 1159 πόλιν
1169 1117 1318 1170 ἐκείνην
1347 1114 1468 1167 εἶναι,
1505 1116 1633 1158 δεινὸν
1655 1117 1699 1158 δὲ

248 1188 316 1229 καὶ
346 1185 537 1241 τιναγμὸν
563 1186 744 1238 ἐμπεσεῖν
771 1187 962 1242 ἐξαίφνης
970 1217 983 1236 ,
1019 1182 1144 1227 τόσου
1169 1184 1242 1237 μέν
1276 1181 1466 1238 θορύβου
1489 1182 1699 1238 γεγονότος

250 1251 508 1309 ἀνθρώπων,
544 1251 668 1295 τόσου
699 1253 744 1295 δὲ
781 1251 933 1294 κτύπου
970 1248 1368 1294 ἐπικαταπιπτόντων
1396 1249 1586 1306 ἀλλήλοις
1614 1257 1695 1294 τῶν
1710 1261 1751 1297 15

250 1318 507 1373 οἷκημάτων,
550 1320 589 1361 οἳ
622 1319 776 1370 ἔξωθεν
806 1317 1036 1374 repe-‘nvnc
1068 1317 1259 1372 μειζόνως
1275 1318 1608 1369 κατασεισθέντες
1625 1319 1699 1369 τὰς

247 1387 374 1437 ἀκοὰς
393 1386 510 1430 οὐδέν
529 1384 633 1441 εἶχον
648 1384 836 1431 ὑπονοεῖν
855 1386 988 1443 ἕτερον
1007 1384 1031 1440 ἢ
1055 1389 1129 1428 τοῦ
1157 1382 1312 1439 κόσμου
1337 1385 1487 1435 παντὸς
1504 1384 1696 1442 ἔξαφάνι-

339 1494 392 1530 15.
418 1491 458 1529 δὲ
481 1494 610 1530 deerat.

247 1574 345 1609 bilior
369 1573 460 1608 salus
493 1573 554 1607 sub
588 1574 680 1607 tecto
704 1571 914 1606 manentibus
947 1582 1048 1616 quam
1073 1569 1315 1624 prodeuntibus
1345 1570 1529 1610 videretur.
1576 1571 1636 1606 sed
1659 1575 1696 1606 et

249 1620 280 1655 si
302 1630 370 1665 qua
392 1629 474 1663 pars
497 1619 651 1653 domuum
674 1622 789 1652 terrae
812 1617 994 1651 assultibus
1017 1618 1197 1650 obsisteret
1227 1617 1336 1659 (nulla
1358 1621 1469 1651 autem
1492 1616 1556 1651 fuit
1578 1618 1695 1653 domus

247 1677 333 1710 quae
362 1675 428 1698 non
455 1663 574 1698 saltem
606 1674 649 1698 ex
705 1667 779 1696 arte
808 1662 851 1696 iis
882 1662 1120 1706 deiiceretm),
1150 1661 1180 1695 si
1212 1661 1326 1703 cuius,
1359 1662 1514 1707 inquam,
1549 1663 1696 1697 aedificii

245 1710 424 1744 membrum
450 1708 578 1742 firmius
600 1719 665 1743 non
680 1674 949 1742 Yabefaetaretur
982 1718 1144 1740 concussu
1167 1711 1300 1748 terrae,
1331 1718 1475 1752 superne
1497 1713 1610 1742 tamen
1632 1709 1695 1743 ob-

245 1755 419 1789 terebatur
441 1754 595 1788 altiornm
617 1753 652 1788 in
674 1753 796 1788 vicinia
821 1764 989 1787 murorum
1013 1763 1105 1786 casu.
1151 1752 1216 1786 alia
1240 1752 1366 1798 quippe
1389 1764 1491 1797 super
1513 1754 1612 1788 aliam
1635 1765 1694 1788 ca-

244 1800 352 1834 dendo
387 1800 616 1833 cumulabatur
646 1798 783 1840 domus,
815 1798 865 1832 ita
898 1803 937 1832 ut
968 1797 998 1831 si
1021 1809 1118 1842 quem
1140 1798 1176 1831 in
1192 1797 1297 1842 prima
1318 1798 1534 1832 suecussione
1556 1801 1693 1834 fortuna

244 1849 415 1880 servasset
434 1845 621 1890 quaedam,
655 1854 719 1877 non
745 1844 877 1887 longum
899 1843 934 1877 id
966 1843 1161 1877 beneficium
1184 1847 1296 1877 esset:
1325 1843 1393 1878 alia
1424 1843 1508 1877 enim
1532 1855 1610 1878 mox
1633 1855 1692 1879 su-

244 1889 455 1936 perincidens
486 1890 602 1923 domus
634 1889 770 1922 exitium
809 1890 936 1922 frustra
965 1893 1103 1922 servato
1135 1889 1424 1932 repraesentabat.
1479 1900 1578 1933 quam
1607 1901 1690 1935 ergo

244 1936 388 1970 subitum
411 1946 452 1969 ac
474 1935 673 1975 vehemens,
704 1938 772 1967 tam
795 1933 1007 1969 ineluctabile
1029 1932 1096 1967 ulla
1129 1933 1187 1976 vi,
1211 1933 1278 1966 ulla
1302 1934 1382 1977 suga
1405 1932 1544 1967 vitabile
1570 1935 1691 1970 malum

245 1983 342 2023 erat,
365 1984 404 2014 ut
425 1978 689 2014 commodissima
710 1989 784 2013 sors
807 1978 1039 2032 plerorumque
1061 1978 1167 2012 videri
1189 1978 1347 2022 potuerit,
1369 1989 1454 2023 quos
1476 1979 1691 2023 dormientes,

243 2027 338 2060 velut
359 2026 458 2060 triste
480 2025 661 2066 somnium,
692 2035 780 2058 mors
813 2023 959 2058 invasit:
992 2023 1232 2057 lucrisecerunt
1265 2022 1352 2057 enim
1382 2024 1556 2068 angustias
1589 2037 1689 2070 prae-

245 2071 397 2113 cessuri,
430 2070 460 2104 si
497 2069 698 2115 vigilarent,
731 2071 835 2103 fatum
859 2074 1050 2103 extremum·
1064 2073 1175 2102 metus
1205 2071 1242 2102 et
1264 2069 1509 2114 desperationis
1532 2070 1692 2105 saevissi-

244 2128 314 2151 mos
350 2117 524 2157 horrores,
556 2115 614 2160 qui
645 2114 837 2149 calamitate
871 2114 1052 2159 improvisa
1084 2113 1172 2148 citra
1194 2125 1325 2148 sensum
1350 2114 1459 2148 hausti
1483 2126 1558 2149 sese
1579 2116 1691 2160 perire

243 2162 445 2196 nescierunt.
491 2172 579 2206 quae
608 2160 789 2206 praecipua
811 2160 955 2194 felicitas
978 2159 1172 2194 lactentium
1202 2165 1262 2193 aut
1284 2160 1425 2193 nondum
1458 2171 1522 2205 per
1543 2164 1691 2196 aetatem

244 2206 384 2241 rationis
414 2211 600 2251 compotum
630 2205 842 2251 puerulorum
875 2205 950 2239 fuit.
996 2206 1083 2238 tales
1117 2204 1200 2238 enim
1224 2204 1341 2239 obtriti
1364 2205 1568 2240 suffocative
1590 2218 1690 2241 unam

244 2252 502 2297 experiebantur
524 2251 691 2286 miseriam
713 2262 907 2297 corporum,
929 2250 1017 2284 nullo
1044 2250 1181 2295 praevio
1206 2251 1442 2285 exacerbatam
1465 2262 1591 2296 angore
1615 2253 1691 2287 ani-

243 2308 380 2331 morum.
427 2297 516 2331 inter
539 2298 623 2330 haec
647 2308 719 2330 cum
751 2298 794 2330 ad
825 2296 967 2331 sonitum
1000 2297 1163 2329 ruentium
1185 2299 1372 2337 tectorum,
1405 2296 1450 2330 ad
1473 2297 1635 2331 clamores
1653 2301 1690 2332 et

243 2343 387 2387 gemitus
412 2342 621 2387 pereuntium
647 2341 810 2376 hominum
832 2342 1009 2376 accederet
1031 2340 1199 2375 horribilis
1229 2342 1381 2375 fremitus
1403 2341 1534 2376 insolito
1555 2353 1690 2388 quoque

243 2387 341 2421 simul
363 2392 459 2422 aestu
480 2387 732 2422 effervescentis
754 2387 877 2429 maris,
899 2386 955 2433 qui
978 2386 1087 2420 adhuc
1107 2392 1307 2431 supererant
1327 2387 1413 2421 haec
1435 2391 1503 2422 tam
1525 2387 1686 2422 atrocium

242 2432 341 2467 initia
363 2432 512 2466 dolorum
534 2443 599 2466 non
622 2432 680 2466 uni
702 2433 883 2478 quantovis
905 2432 1029 2467 usitato
1042 2431 1223 2466 infortunio
1246 2443 1358 2466 rerum
1370 2433 1602 2473 humanarum,
1625 2432 1686 2467 sed

243 2477 379 2512 ultimae
410 2477 680 2512 consummationi
711 2483 852 2513 naturae
885 2490 926 2512 ac
950 2477 1066 2512 mundi
1095 2477 1243 2512 universi
1276 2477 1476 2523 praeludere
1507 2478 1688 2522 putabant.

244 2534 318 2557 cum
341 2522 429 2558 enim
458 2523 502 2556 ad
531 2534 624 2557 mare
654 2524 886 2558 tumultuosius
914 2530 985 2558 tum
1022 2534 1123 2568 quam
1154 2527 1254 2558 antea
1286 2534 1431 2568 unquam
1461 2523 1686 2557 intumescens

243 2570 310 2603 sita
332 2567 607 2613 Dyrrhachiensis
629 2569 711 2603 urbs
739 2573 847 2611 esset,
882 2580 1022 2614 cumque
1055 2579 1097 2602 ex
1129 2567 1223 2603 urbis
1243 2568 1422 2602 universae
1453 2566 1550 2601 varia
1575 2567 1685 2609 ruina,

243 2625 286 2648 ex
308 2613 476 2648 collisione
496 2613 695 2647 caducarum
718 2614 859 2656 molium,
883 2626 925 2648 ex
949 2613 1129 2649 eiulatibus
1152 2617 1438 2648 consternatorum
1460 2617 1520 2647 aut
1541 2613 1685 2647 morien·

242 2659 325 2694 tium
348 2662 528 2694 concentus
556 2658 712 2693 horrifice
740 2659 859 2693 mistus
888 2659 1078 2694 immanium
1108 2669 1262 2694 sonorum
1301 2660 1539 2703 fragon-nuque
1569 2660 1683 2694 aerem

239 2706 442 2748 compleret,
467 2702 526 2749 qui
547 2706 643 2738 extra
659 2704 902 2748 Dyrrhachium
923 2706 979 2739 illa
1003 2709 1101 2739 nocte
1122 2705 1279 2746 fuerunt,
1301 2703 1503 2748 accipientes
1525 2703 1683 2738 attonitis

237 2750 373 2785 aur-ibus
404 2748 728 2784 tumultuosissimum
762 2749 861 2783 istam
897 2751 1122 2784 confusionem
1145 2760 1261 2784 vocum
1289 2753 1325 2782 et
1346 2747 1545 2793 strepituum
1568 2747 1688 2782 horri-

237 2795 489 2838 bilissimorum,
519 2793 600 2829 nihil
629 2805 712 2830 sane
741 2794 906 2841 suspicari
937 2795 1054 2830 mitius
1075 2797 1234 2841 poterant
1254 2804 1354 2840 quam
1376 2793 1556 2829 advenisse
1576 2793 1679 2828 finem
