1884 3262
285 222 384 268 306
706 217 943 261 GEORGII
976 217 1328 261 PACHYMERJS

235 347 266 380 C
290 331 416 378 πάντ’
440 332 669 387 ἐκπληροῦν
688 330 865 390 ῥαδίως,
899 331 990 387 περὶ
1010 328 1118 374 ὅσων
1140 328 1161 373 ὃ
1184 327 1436 386 πατριάρχης
1456 332 1604 374 ἐκεῖνον
1623 330 1758 386 ἠξίου,

285 402 411 446 εὔοδα
434 406 561 443 ποιεῖν
581 399 633 441 τὰ
653 404 727 454 τῆς
747 397 916 449 λύσεως.
986 400 1028 449 ἐς
1046 403 1247 441 τοσοῦτον
1267 399 1346 454 γὰρ
1377 398 1507 453 ἡδέως
1532 400 1662 443 αὐτοῦ
1693 399 1759 442 λε’-

285 486 426 528 γοντος
447 467 590 522 ἤκουεν
602 499 615 520 ,
653 466 757 511 ὥστε
778 470 845 510 καὶ
869 468 918 523 δὴ
943 466 1123 524 ὁρισμῶν
1149 467 1416 520 πεμπομένων
1435 466 1664 523 ἑκασταχοῦ
1686 473 1760 523 τῆς

284 543 368 582 τῶν
391 536 603 591 Ῥωμαίων
631 536 887 592 ἐπικρατείας
915 537 1188 593 προσέταττεν
1220 535 1348 585 αὐτὰς
1377 535 1426 590 δὴ
1462 536 1537 585 τὰς
1565 541 1639 580 τοῦ
1676 554 1759 578 πα-

284 604 480 663 τριάρχου
510 605 676 661 γραφὰς
706 605 796 648 ἀντὶ
826 603 1153 661 προσταγμάτων
1192 605 1307 647 ἷδίων
1339 603 1535 658 δέχεσθαι
1567 605 1663 654 τοὺς
1689 604 1792 653 ἔπ’ς,

286 676 498 727 ἔξουσίας,
544 674 955 729 προσαπειλουμένων
997 677 1063 716 καὶ
1104 671 1312 716 κολάσεων
1360 679 1446 722 τοῖς
1471 672 1530 726 μὴ
1572 673 1678 718 κατὰ,
1707 673 1759 716 τιὶ

286 743 597 800 ἐπιτεταγμένα,
642 741 744 798 ὑπὲρ
777 741 874 785 ὅτου
906 741 956 784 ἂν
987 745 1054 785 καὶ
1080 739 1236 797 γράψοι
1255 774 1268 794 ,
1313 741 1558 784 τελέσουσιν.
1629 740 1761 796 ἤνοιξε

233 819 265 854 D
288 812 427 868 μέντοι
455 813 523 855 καὶ
541 811 729 877 φυλακὰς
750 813 817 854 καὶ
837 810 1015 861 πολλοὺς
1035 815 1116 854 τῶν
1134 810 1464 864 ε’γκεκλεισμένων
1482 810 1651 860 ἐξείλετο
1678 814 1760 852 τῶν

284 883 471 936 δεσμῶν,
507 881 755 930 καταδίκους
773 882 1038 933 συμπαθείας
1059 879 1228 934 ἠξίωσεν
1237 911 1250 931 ,
1289 878 1581 935 ἓξωρισμένους
1613 877 1761 921 ἀνεκα-

286 949 434 994 λέσατο
448 982 461 1002 ,
500 950 568 991 καὶ
591 946 651 998 οἷς
671 948 866 1003 ἀπεχθῶς
888 946 964 1002 εἶχε
988 948 1184 996 κάκείνοις
1205 949 1422 998 ἐξιλεοῦτο,
1462 950 1536 989 τοῦ
1557 943 1759 1003 πατριάρ-
1774 961 1817 994 10

144 1032 172 1066 P
196 1029 264 1066 207
288 1036 362 1074 χου
382 1015 679 1073 μεσιτεύοντος.
751 1016 875 1073 (25)
905 1016 1053 1071 ἐπέστη
1077 1021 1175 1072 γοῦν
1195 1014 1219 1071 ἡ
1245 1016 1375 1071 μηνὸς
1396 1018 1645 1071 Ληναιῶνος
1664 1017 1762 1062 dev-

283 1087 408 1144 τέρα,
443 1085 548 1129 καθ’
571 1084 622 1140 ἣν
643 1086 710 1127 καὶ
737 1083 762 1140 ἦ
787 1086 979 1141 ἐκκλησία
1007 1085 1092 1141 ἄγει
1125 1084 1200 1139 τὴν
1229 1089 1303 1138 τῆς
1324 1082 1569 1138 ὖπαπαντῆς
1601 1081 1759 1139 ἑορτήν.

285 1158 352 1199 καὶ
377 1151 675 1211 ὅπατριάρχης
706 1152 871 1207 συνάμα
903 1158 1026 1197 πᾶσιν
1052 1153 1302 1210 ἀρχιερεῦσιν
1333 1150 1414 1195 ὖπό
1437 1156 1576 1210 πολλῷ
1598 1157 1656 1211 τῷ
1677 1155 1759 1195 τῶν

284 1221 514 1278 λαμπάδων
534 1224 642 1279 φωτὶ
667 1224 733 1265 καὶ
759 1220 901 1277 ὕμνοις
925 1227 974 1278 τῇ
995 1220 1117 1278 ἑορτῇ
1147 1221 1369 1279 πρέπουσιν
1387 1252 1400 1273 ,
1438 1220 1496 1263 ἔτι
1516 1222 1560 1263 δὲ
1584 1223 1651 1263 καὶ
1670 1227 1761 1270 ταῖς

284 1291 387 1349 ὑπὲρ
406 1291 608 1346 βασιλέως
630 1291 734 1347 πρὸς
751 1291 852 1333 θεὸν
872 1291 1054 1340 ἱκετείαις
1069 1323 1082 1342 ,
1119 1288 1176 1339 ῶς
1210 1289 1288 1332 ἔδει
1306 1291 1373 1332 καὶ
1396 1293 1631 1346 περιφανῶς
1653 1307 1758 1334 παν-
1773 1293 1816 1348 15

285 1357 509 1415 νυχεύσας,
547 1359 621 1414 τὴν
646 1359 758 1414 ἱερὰν
775 1360 1026 1415 λειτουργίαν
1059 1360 1240 1401 ἐπιτελεῖ-
1310 1359 1377 1400 καὶ
1408 1357 1489 1414 ἤδη
1516 1355 1571 1407 ὦς
1605 1357 1759 1412 ἤνυστο

238 1439 268 1474 Β
293 1434 431 1481 πᾶσα,
470 1431 546 1470 τοῦ
580 1428 783 1481 βασιλέως
812 1428 853 1470 ἓν
872 1431 1104 1481 βασιλικαῖς
1127 1425 1347 1481 ἱσταμένου
1368 1427 1638 1483 δορυφορίαις
1658 1443 1759 1469 συν-

284 1496 373 1551 άμα
408 1493 622 1554 συγκλήτῳ
657 1494 771 1554 πάσῃ
800 1498 866 1538 καὶ
896 1497 1103 1555 πολιτείᾳ,
1139 1503 1227 1546 τοῖς
1259 1493 1388 1551 ἁγίοις
1406 1496 1652 1551 προσεγγίζει
1675 1499 1761 1538 θυ-

284 1568 408 1623 ρίοις,
447 1569 530 1608 τῶν
551 1563 768 1622 ἀρχιερέων
790 1565 906 1608 ἔνδον
926 1569 1000 1607 τοῦ
1019 1562 1209 1620 βήματος
1236 1563 1477 1618 ἱσταμένων.
1549 1563 1761 1618 ἀποθέμε-

286 1651 357 1684 νος
388 1629 459 1676 οὖν
491 1633 567 1688 τὴν
593 1633 657 1675 ἐπὶ
683 1638 759 1688 τῆς
792 1637 971 1690 κεφαλῆς
1005 1631 1268 1690 καλύπτραν,
1307 1629 1508 1691 ἀκαλύφῳ
1532 1636 1583 1689 τῇ
1605 1636 1817 1689 κεφαλῇ20

287 1703 529 1759 προσπίπτει
556 1705 644 1759 θεῷ
676 1704 743 1745 καὶ
773 1703 870 1744 ποσὶ
898 1701 1214 1758 προηγουμένως
1243 1705 1319 1743 τοῦ
1351 1698 1634 1757 πατριάρχου,
1692 1702 1762 1743 καὶ

282 1770 389 1825 μεθ’
409 1769 472 1814 ὅτι
497 1774 658 1826 θερμῆς
677 1775 752 1825 τῆς
771 1770 1008 1828 προθέσεως
1029 1770 1105 1826 τὴν
1127 1767 1383 1828 συγχώρησιν
1403 1771 1571 1824 ἐξαιτεῖ,
1609 1767 1761 1824 ὁμολο-

286 1937 420 1972 sissime
442 1937 566 1971 cuncta
599 1934 749 1980 exequi,
784 1945 874 1980 quae
902 1935 958 1970 vel
987 1934 1182 1969 necessaria
1214 1934 1270 1968 vel
1301 1935 1492 1979 opportuna
1519 1931 1758 1978 praeparando

287 1983 425 2027 negotio
455 1983 655 2027 suggereret
685 1979 910 2023 Patriarcha,
946 1981 1041 2015 cuius
1073 1991 1196 2026 preces
1233 1991 1347 2014 omnes
1379 1992 1420 2013 ac
1452 1979 1549 2023 signa
1571 1978 1758 2012 voluntatis

285 2028 539 2074 promptissima
574 2027 710 2073 quidvis
739 2026 907 2071 largiendi
938 2027 1106 2061 facilitate
1138 2025 1253 2060 statim
1282 2026 1462 2070 explebat,
1502 2025 1589 2058 adeo
1613 2024 1759 2058 libenter

282 2075 398 2116 illum,
421 2072 586 2119 quidquid
610 2073 654 2106 ad
675 2083 716 2107 se
738 2074 909 2114 referret,
945 2072 1085 2107 audiens
1108 2072 1334 2117 continuoque
1357 2071 1557 2116 indulgens,
1588 2074 1629 2104 ut
1655 2070 1758 2104 etiam

285 2120 398 2155 missis
418 2129 689 2165 quoquoversum
713 2118 832 2152 edictis
856 2130 917 2164 per
940 2129 1054 2153 omnes
1082 2118 1213 2163 imperii
1236 2123 1348 2152 terras
1371 2117 1544 2159 sanxerit,
1576 2120 1615 2150 ut
1638 2116 1760 2150 literae

286 2166 504 2213 patriarchae
527 2165 807 2210 perscriptaeque
830 2166 1024 2199 voluntates
1045 2175 1246 2210 quocunque
1264 2163 1387 2197 missae
1410 2175 1432 2197 a
1454 2162 1586 2197 cunctis
1608 2161 1758 2196 locorum

285 2211 542 2256 magistratibus
564 2210 615 2244 sic
630 2211 870 2256 exciperentur
890 2216 927 2246 et
950 2210 1142 2244 executioni
1169 2210 1422 2252 mandarentur,
1446 2212 1608 2262 tanquam
1624 2208 1654 2243 si
1668 2219 1757 2253 quae

285 2258 327 2292 iis
359 2257 618 2298 indicabantur,
655 2256 903 2302 qualiacunque
937 2258 1072 2298 forent,
1111 2256 1186 2301 ipse
1215 2256 1402 2301 imperator
1440 2254 1622 2296 iusmsset,
1656 2253 1759 2289 minis

285 2308 388 2338 etiam
410 2313 594 2348 poenarum
627 2303 783 2347 gravium
814 2301 994 2348 adscriptis
1027 2302 1061 2336 in
1094 2313 1154 2336 eos
1183 2302 1242 2347 qui
1276 2312 1375 2334 secus
1403 2302 1578 2335 fecissent.
1623 2299 1759 2344 aperuit

284 2349 473 2429 quinetiam
496 2348 665 2382 custodias
687 2349 860 2393 publicas,
893 2355 928 2383 et
955 2348 1076 2383 multos
1108 2347 1179 2382 illic
1211 2348 1425 2382 detentorum
1456 2345 1598 2381 vinculis
1630 2339 1756 2387 solvit3
1793 2387 1797 2390 .

311 2395 456 2429 amnatis
488 2405 626 2439 quoque
658 2393 805 2439 gratiam
836 2394 977 2429 indulsit
1001 2393 1155 2440 supplicii
1178 2393 1332 2434 decreti,
1365 2392 1481 2428 exules
1503 2391 1697 2433 revocavit,
1720 2394 1757 2424 et

284 2441 408 2487 quibus
431 2444 508 2474 erat
529 2439 641 2473 iratus
664 2440 865 2475 condonavit
887 2440 1057 2484 offensas,
1080 2439 1311 2474 intercedente
1335 2438 1543 2484 patriarcha,
1589 2436 1668 2481 (25)
1693 2435 1756 2470 ad-

286 2486 352 2522 fuit
373 2486 512 2520 tandem
534 2485 674 2520 decreta
695 2486 910 2532 imperatoris
932 2485 1138 2521 absolutioni
1161 2485 1252 2528 dies,
1278 2485 1426 2519 secunda
1448 2483 1572 2518 mensis
1598 2482 1756 2516 Februa-

285 2532 350 2574 rii,
377 2543 445 2578 qua
469 2531 613 2565 ecclesia
635 2531 786 2567 celebrat
810 2533 934 2567 festum
957 2533 1205 2578 Hypapantes3
1229 2536 1266 2566 et
1286 2530 1480 2577 patriarcha
1503 2539 1578 2563 cum
1602 2527 1756 2562 omnibus

285 2577 455 2624 episcopis
478 2576 523 2612 ad
546 2576 684 2611 multam
703 2578 891 2624 lampadum
909 2579 1016 2621 lucem
1040 2578 1174 2623 hymnis
1196 2577 1418 2612 decantandis
1441 2574 1650 2610 solemnitati
1672 2585 1756 2608 con-

284 2624 475 2664 sentaneis,
496 2623 704 2668 imperatore
726 2635 861 2669 quoque
883 2636 962 2659 suas
985 2624 1049 2658 deo
1073 2635 1193 2670 preces
1211 2622 1412 2668 suppliciter
1434 2621 1614 2663 offerente,
1638 2619 1755 2666 splen-

285 2670 382 2711 dide,
415 2673 454 2704 ut
484 2668 572 2703 ritus
604 2671 641 2702 et
672 2680 744 2704 mos
769 2670 935 2714 legitimus
959 2671 1143 2715 poscebat,
1173 2675 1275 2704 nocte
1308 2667 1533 2714 pervigilata,
1557 2677 1688 2701 sacram
1713 2665 1755 2699 li-

286 2715 438 2760 turgiam
468 2714 665 2749 celebravit.
712 2726 801 2761 quae
833 2718 872 2749 ut
897 2720 1039 2761 peracta
1072 2718 1146 2750 tota
1177 2719 1255 2758 est,
1283 2714 1492 2759 imperator,
1520 2711 1579 2757 qui
1610 2716 1755 2747 eatenus

286 2773 438 2796 seorsum
468 2764 632 2802 steterat,
665 2761 815 2806 stipante
847 2761 942 2806 regio
973 2761 1156 2803 satellitio,
1187 2772 1255 2796 uua
1291 2771 1366 2794 cum
1388 2758 1546 2792 universo
1570 2762 1693 2792 senatu
1718 2761 1756 2792 et

284 2807 410 2841 civium
433 2817 586 2852 corpore,
613 2807 802 2853 procedens
823 2806 974 2841 admovit
995 2818 1033 2841 se
1052 2807 1159 2841 sacris
1179 2806 1300 2849 valvis,
1325 2803 1496 2850 episcopis
1511 2804 1604 2838 intra
1619 2807 1754 2849 septum

282 2853 402 2888 altaris
424 2853 605 2888 stantibus.
652 2852 699 2887 ibi
729 2852 787 2889 ille
808 2853 945 2888 abiecto
979 2853 1102 2900 capitis
1131 2851 1301 2898 tegmine,
1333 2850 1422 2885 nudo
1457 2850 1608 2893 vertice,
1638 2860 1753 2884 coram
