1884 3262
472 183 547 225 DE
577 183 851 227 MICHAELE
881 184 1252 247 PALAEOLOGO
1280 186 1328 230 L.
1355 187 1433 231 VI.
1556 186 1671 233 '507

215 292 544 351 προσδοκῆσιμος
563 295 618 340 ὢν
639 297 703 339 ἐπὶ
728 301 788 356 τῷ
809 302 952 341 θανεΐν
976 298 1051 349 τὰς
1080 295 1286 354 διαθήκας
1314 297 1499 354 ἐξήνυεν,
1520 313 1523 315 ’
1542 294 1596 356 ἦν
1624 301 1672 343 δὲ

211 364 326 420 χρεία
345 369 582 419 μεμνῆσθαι
604 367 669 407 καὶ
689 365 890 419 βασιλέως
915 368 981 409 καὶ
1010 372 1084 421 τῆς
1103 365 1204 423 ὑπὲρ
1226 369 1375 411 ἐκείνου
1399 368 1530 423 εὐχῆς.
1601 370 1670 410 καὶ

215 429 413 486 ἐμέμνητό
435 442 478 488 γε
497 436 563 475 καὶ
589 433 751 489 ηὔχετο,
787 433 836 476 οὗ
857 434 941 489 μὴν
960 436 1005 477 δὲ
1024 438 1257 490 προσετίθει
1279 437 1326 479 τὸ
1352 435 1484 492 ἅγιος,
1520 435 1544 479 ὃ
1567 433 1668 479 σύν-

211 504 315 554 ηθες
345 499 445 555 ἔχειν
476 499 532 551 ὡς
557 502 804 557 χρισθέντας
827 500 947 561 μύρῳ
975 502 1072 552 τοὺς
1101 507 1294 556 βασιλεῖς.
1362 503 1384 547 ὅ
1415 506 1459 547 δὲ
1474 506 1668 558 βασιλεὺς

166 573 201 609 ’5
214 566 344 624 οὕτως
361 571 617 625 πεμφθείσης
640 571 791 623 ἐκείνην
810 570 909 614 ῗὸὢν
930 571 1103 625 ἔχουσαν
1125 572 1378 626 ἐδυσχέραινε
1390 606 1404 624 ,
1435 575 1502 615 καὶ
1521 571 1667 630 γράφει

209 636 285 690 μὲν
301 636 529 694 πατριάρχῃ
547 636 691 695 γράφει
716 640 761 681 δὲ
780 641 845 681 καὶ
865 643 922 697 τῷ
941 639 1014 694 τὴν
1035 638 1150 682 πόλιν
1169 640 1493 699 ἐπιτετραμμένῳ
1505 673 1519 694 ,
1556 659 1665 695 μαν-

208 701 352 746 θάνειν
373 707 611 761 ἐρωτῶντας
629 711 715 756 πῶς
731 711 852 750 τοῦτο
872 707 1102 764 πέπρακταί
1121 708 1160 750 οἳ
1190 710 1257 750 καὶ
1277 708 1348 765 ἐφ’
1382 707 1405 751 ὅ
1429 726 1467 752 τι
1487 713 1560 764 τῆς
1576 714 1658 763 βα·
1680 712 1714 747 D

210 773 360 822 σιλείας
381 772 537 816 κολούει
553 774 600 818 τὸ
616 774 739 831 ἅγιος.
809 773 869 830 μή
885 793 971 826 πως
990 774 1045 825 ὥς
1064 774 1252 828 ἀνάξιον,
1289 778 1413 833 φησί,
1446 794 1497 831 με
1515 779 1663 834 κρίνων

209 844 283 894 τῆς
312 839 514 897 ἁγιστείας
537 842 646 887 οῧτω
673 841 853 900 γράφει,·
886 844 1105 900 γέγραπται
1137 844 1181 887 δ’
1209 843 1308 900 ὑπὲρ
1338 843 1494 888 τούτων
1515 847 1662 904 καὶτῷ

154 907 445 964 ῙΟἈντιοχείας
465 910 695 969 πατριάρχῃ
715 916 773 971 τῷ
791 914 999 968 Πρίγκιπι.
1070 913 1116 955 οἳ
1131 915 1198 955 καὶ
1226 913 1461 967 πέμψαντες
1480 912 1666 957 ἐπυνθά-

208 993 327 1019 νοντο
348 978 422 1032 τὴν
441 980 574 1038 αἰτίαν
592 984 665 1022 τοῦ
687 979 794 1023 οὕτω
812 978 1000 1036 γράφειν,
1039 979 1094 1030 ὥς
1115 981 1312 1031 θέλοντος
1330 986 1478 1036 γνῶναι
1498 984 1564 1024 καὶ
1581 987 1665 1036 βα-

207 1045 364 1095 σιλέως.
425 1049 492 1089 καὶ
512 1046 557 1096 ὃς
573 1048 776 1101 μετετίθει
799 1048 875 1102 τὴν
890 1047 1047 1091 τούτων
1068 1050 1202 1093 αἰτίαν
1219 1051 1274 1099 εἷς
1293 1050 1390 1099 τοὺς
1407 1050 1516 1107 ἀμφ’
1537 1050 1665 1094 αὐτὸν

191 1110 433 1168 ’μοναχοῦς,
471 1117 538 1157 καὶ
558 1117 613 1165 εἷς
630 1117 764 1160 πίστιν
791 1116 917 1171 ἄλλην
947 1116 1120 1173 προῆγεν
1142 1117 1273 1167 οὕτως
1300 1117 1474 1172 ἔχουσαν
1493 1119 1557 1161 ἐπὶ
1577 1123 1659 1161 πᾶ·
1682 1119 1716 1153 Ε

206 1198 271 1225 σιν
293 1183 398 1239 πλὴν
430 1184 719 1240 προσκειμένης
744 1189 818 1239 τῆς
846 1183 1072 1241 ἁγιότητος.
1142 1185 1297 1242 ταύτην
1317 1191 1415 1242 γοῦν
1433 1189 1664 1243 ἐμφανίζων

151 1256 195 1292 15
205 1249 310 1307 ἔλεγε
328 1249 497 1308 γράφειν
515 1252 561 1294 τὸ
584 1251 804 1308 πρότερον*
840 1254 922 1296 ἐπεὶ
943 1255 987 1296 δὲ
1008 1254 1047 1296 οἱ
1064 1255 1153 1311 περὶ
1172 1254 1298 1297 αὐτὸν
1317 1257 1662 1309 σκανδαλίζοιντο,

203 1317 492 1376 μετεγγράφειν
513 1322 685 1370 ἐσαῦθις
705 1322 779 1376 τὴν
795 1322 836 1371 ἒς
854 1328 994 1376 χεῖρας
1009 1320 1164 1378 ταύτην
1181 1330 1389 1378 γεγονυῖαν
1410 1328 1468 1382 τῷ
1488 1329 1660 1378 βασιλεῖ.

205 1386 338 1438 οὕτως
356 1384 404 1443 ἦν
422 1389 570 1439 ἐκεῖνος
596 1390 792 1446 εἷρηνικῦς
817 1389 888 1446 ἐφ’
921 1389 1085 1434 ἅπασιν.
1157 1390 1262 1433 ἀλλὰ
1292 1391 1390 1441 τοὺς
1414 1394 1504 1449 περὶ
1534 1392 1661 1435 αὐτὸν
1683 1394 1713 1430 Ρ
1736 1395 1806 1431 346

203 1455 442 1500 ὑποπτεύων
474 1454 495 1499 ὃ
519 1455 735 1511 βασιλεύς,
779 1456 865 1511 ἅμα
898 1459 1029 1501 δὲκαὶ
1051 1462 1124 1501 τοῦ
1147 1459 1206 1514 μὴ
1229 1457 1344 1510 δόξαι
1371 1464 1566 1503 συνιστᾶν
1588 1460 1664 1516 τὴν

204 1525 310 1569 καθ’
332 1524 460 1569 αὑτοῦ
481 1527 751 1584 κατηγορίαν,
790 1524 846 1576 ὥς
867 1526 973 1570 κατὰ
986 1524 1138 1584 χλεύην
1162 1529 1230 1571 καὶ
1260 1528 1309 1571 οὗ
1333 1528 1434 1587 πρὸς
1460 1527 1661 1586 ἀλήθειαν

202 1737 427 1774 conficiendas
449 1736 657 1780 censuisset,
685 1737 723 1773 in
753 1737 797 1774 iis
818 1751 862 1774 ex
884 1750 977 1775 more
997 1738 1199 1775 mentionem
1220 1738 1456 1786 imperatoris,
1476 1741 1543 1787 ipsi
1566 1741 1654 1776 bene

201 1785 372 1830 precando
394 1783 547 1827 faciens,
569 1784 691 1818 nomini
714 1785 785 1819 eius
809 1787 1006 1821 vocabulum
1032 1784 1156 1831 ἅγιος,
1184 1786 1247 1820 hoe
1279 1792 1332 1820 est
1354 1792 1491 1822 sanctus
1514 1791 1572 1821 aut
1596 1799 1653 1823 sa-

201 1841 280 1875 cer,
302 1841 369 1864 non
391 1829 566 1871 adiunxit,
596 1842 663 1875 quo
694 1834 806 1866 tamen
828 1832 954 1876 passim
974 1832 1195 1878 imperatores
1217 1832 1373 1867 honorari
1395 1836 1652 1875 consueverunt,

199 1887 245 1911 ex
277 1887 346 1921 quo
381 1876 470 1911 sacri
501 1876 660 1910 unctione
689 1876 755 1910 olei
787 1882 866 1912 sunt
896 1877 1100 1921 inaugurati.
1144 1888 1202 1911 eas
1231 1879 1364 1914 tabulas
1395 1879 1438 1914 ad
1461 1891 1499 1914 se
1520 1879 1653 1913 delatas

198 1922 382 1967 imperator
410 1923 546 1967 legens,
582 1921 724 1957 miratus
745 1922 779 1956 in
811 1923 856 1957 iis
879 1924 1086 1958 omissionem
1110 1936 1249 1967 novam,
1271 1925 1409 1971 scripsit
1432 1925 1475 1959 ad
1500 1925 1648 1971 patriar-

199 1968 296 2002 cham
318 1979 359 2001 ea
389 1967 432 2002 de
462 1979 501 2002 re
532 1979 759 2012 conquerens:
790 1968 927 2014 scripsit
957 1969 1058 2004 etiam
1089 1971 1132 2005 ad
1165 1971 1370 2015 praefectum
1395 1971 1508 2012 urbis,
1530 1971 1649 2004 iubens

198 2013 287 2047 serio
310 2013 483 2059 inquirere
505 2025 571 2059 quo
602 2014 636 2047 id
668 2025 784 2048 errore
807 2025 920 2059 quove
942 2016 1081 2049 consilio
1109 2018 1233 2051 sactum
1265 2017 1315 2050 ita
1339 2023 1447 2058 esset,
1473 2016 1575 2060 vide,
1597 2015 1666 2049 in-‘

197 2058 338 2104 quiens,
367 2070 524 2104 quorsum
547 2059 709 2104 Iosephus
730 2071 784 2093 me
805 2060 840 2095 in
870 2060 1018 2095 ordinem
1041 2061 1214 2106 redegerit
1236 2067 1272 2096 et
1301 2062 1429 2106 imperii
1453 2061 1555 2094 nostri
1580 2072 1654 2095 ma·-

196 2104 351 2139 iestatem
373 2105 576 2139 imminuerit
604 2110 727 2149 negato
758 2105 856 2140 titulo
891 2106 998 2141 sacri:
1024 2119 1067 2141 an
1095 2107 1184 2152 quod
1207 2119 1260 2141 me
1283 2107 1496 2151 peculiariter
1517 2106 1574 2140 illo
1598 2106 1654 2140 in-

198 2149 335 2193 dignum
366 2151 492 2194 putet?
524 2150 661 2196 scripsit
691 2150 795 2184 etiam
818 2151 853 2186 in
876 2153 1076 2187 sententiam
1100 2152 1239 2187 eandem
1270 2152 1420 2196 Principi
1446 2152 1652 2186 Antiocheno

197 2194 442 2240 patriarchae3
472 2195 531 2240 qui
563 2208 636 2230 cum
669 2197 765 2230 ambo
789 2196 955 2232 misissent
988 2199 1032 2231 ad
1055 2198 1252 2242 Iosephum,
1277 2202 1480 2243 quaerentes
1504 2209 1564 2231 cur
1587 2197 1652 2231 hoc

197 2240 356 2280 fecisset,
379 2251 504 2284 cupere
527 2241 615 2275 enim
635 2240 870 2286 imperatorem
903 2243 938 2277 id
963 2243 1074 2287 scire,
1102 2244 1158 2277 ille
1194 2243 1325 2288 utrique
1349 2243 1531 2289 respondit.
1579 2242 1652 2277 cul-

197 2296 276 2331 pam
301 2285 374 2319 eius
397 2286 521 2319 erroris
543 2297 646 2330 penes
669 2288 847 2321 monachos
879 2288 945 2333 ipsi
967 2289 1195 2323 ministrantes
1217 2289 1376 2324 residere.
1423 2293 1460 2323 et
1490 2288 1525 2322 in
1549 2289 1653 2323 fidem

197 2330 279 2365 dicti
311 2331 362 2364 sui
392 2331 536 2375 protulit
565 2333 783 2378 archetypum
815 2334 985 2379 exemplar
1015 2334 1228 2376 testamenti,
1257 2338 1393 2369 caetera
1415 2334 1524 2368 omnia
1546 2334 1652 2368 simile

196 2376 327 2421 perlato
351 2376 394 2410 ad
417 2377 600 2420 Augustum
622 2378 791 2422 exemplo,
814 2378 877 2412 nisi
899 2379 987 2423 quod
1011 2380 1128 2414 titulus
1152 2377 1280 2425 ἅγιος,
1304 2381 1360 2426 qui
1391 2380 1651 2415 desiderabatur

195 2423 230 2456 in
253 2422 466 2466 apographo,
492 2422 583 2455 clare
605 2422 638 2457 in
665 2425 875 2468 autographo
893 2425 1080 2468 legebatur.
1127 2437 1164 2460 se
1186 2426 1290 2470 igitur
1307 2427 1400 2473 prius
1422 2427 1472 2461 ita
1489 2426 1649 2472 scripsis-

197 2478 255 2503 se:
277 2467 434 2512 quoniam
458 2478 539 2500 vero
563 2467 621 2512 qui
643 2468 734 2503 circa
750 2469 859 2514 ipsum
877 2474 974 2503 erant
988 2470 1307 2514 scandalizarentur,
1330 2475 1450 2518 postea
1473 2472 1648 2506 refluxisse

195 2513 231 2547 in
265 2524 336 2546 eam
367 2513 506 2547 formam
542 2524 630 2557 quae
661 2513 859 2558 imperatori
888 2519 980 2550 esset
1011 2516 1134 2550 oblata.
1192 2529 1234 2552 ea
1262 2519 1408 2563 ingenua
1440 2517 1647 2551 consessione

194 2557 359 2603 Iosephus
381 2562 416 2592 et
437 2564 530 2592 suam
557 2558 732 2603 pacificam
761 2559 903 2594 indolem
937 2563 972 2595 et
1001 2573 1135 2596 suorum
1157 2563 1379 2598 ministrorum
1403 2563 1435 2596 in
1459 2565 1645 2607 Augustum

193 2603 353 2638 invidiam
387 2604 597 2643 declaravit3
629 2615 831 2649 causamque
861 2605 937 2640 huic
969 2605 1090 2642 iustam
1122 2610 1276 2653 praebuit
1307 2609 1471 2649 timendi,
1504 2620 1547 2642 ne
1574 2613 1643 2643 tam

194 2650 282 2682 male
305 2649 443 2683 animati
466 2649 499 2683 in
522 2648 630 2693 ipsum
654 2650 802 2684 homines
825 2651 1031 2687 occasionem
1055 2653 1199 2699 aliquam
1233 2655 1424 2699 arriperent
1447 2654 1519 2687 eius
1543 2665 1644 2687 accu-

194 2695 290 2728 sandi
314 2695 409 2740 quasi
437 2695 604 2728 ecclesiae
633 2695 793 2730 illusisset
816 2697 1002 2732 simulanda
1022 2710 1118 2744 -pace
1147 2701 1244 2735 salsa.
1289 2700 1378 2746 quod
1411 2699 1536 2733 crimen
1562 2698 1643 2744 quia

196 2740 396 2774 confirmare
420 2740 607 2783 potuissent
628 2741 772 2785 quadam
794 2742 887 2777 velut
913 2745 1123 2779 confessione
1154 2746 1261 2791 ipsius
1292 2745 1364 2788 rei,
1397 2744 1425 2779 si
1448 2746 1643 2779 revocasset

194 2783 378 2830 imperator
398 2787 488 2821 ultro
509 2786 600 2832 quod
622 2788 772 2834 iecerat,
805 2787 884 2824 ideo
905 2799 945 2824 se
965 2789 1023 2826 ille
1046 2794 1127 2828 tuuc
1146 2793 1191 2828 ab
1222 2803 1262 2827 eo
1295 2790 1448 2827 faciendo
1471 2789 1641 2832 continuit,
