1846 3262
170 228 264 274 128
588 221 826 267 GEORGII
860 221 1214 265 PACHYMERIS

165 341 300 396 ἤθους
320 340 386 381 καὶ
415 334 583 390 πλεόνῆ
617 337 744 392 ἐκείνη
767 336 1050 392 τυρβαζομένῃ
1080 335 1184 392 πρὸς
1210 335 1406 390 βασιλέα,
1446 334 1521 379 οὐκ
1546 333 1640 379 οἶδα

169 411 212 452 δὲ
241 408 272 451 εἰ
305 409 371 450 καὶ
402 406 449 449 τὸ
478 404 704 448 ὖποτείνειν
731 407 898 455 ἐλπίδας
926 405 1109 461 χρηστὰς
1139 406 1202 447 ἐπὶ
1223 409 1274 462 τῇ
1292 403 1559 461 μεγαλοπόλει
1582 408 1640 463 τῷ

168 481 334 533 βασιλεῖ
360 474 412 525 ὥς
444 472 599 529 ταύτην
631 473 843 531 αἱρήσοντι
883 475 926 516 ἒκ
952 475 1174 528 μορσίμου.
1246 474 1294 517 τὸ
1331 475 1375 516 δὲ
1409 472 1639 531 μόρσιμον,

168 547 278 602 μεθὸ
299 546 372 599 μὲν
395 543 417 599 ἦ
442 543 558 594 πόλις
581 542 712 596 ἑάλω,
751 544 877 597 ἐκείνη
897 547 1033 600 τρανῷ
1058 545 1232 597 διηγεῖτο
1250 540 1424 597 στόματι
1455 545 1520 585 καὶ
1541 543 1642 586 ἀπε-

121 615 151 649 Β
175 613 366 668 θαύμαζε
387 614 557 670 λέγουσα
571 646 580 661 ,
618 613 697 655 ἔδει
717 614 761 655 δὲ
781 614 847 655 καὶ
866 612 941 667 τὴν
959 612 1038 668 πρὸ
1058 617 1131 655 τοῦ
1154 612 1351 668 λέγουσαν
1373 613 1545 668 θέλγειν.
1592 611 1639 654 τὸ
1653 619 1675 654 5

171 686 215 728 δὲ
236 680 287 738 ἦν
301 717 314 737 ,
355 681 410 733 ὥς
438 684 764 736 κατακοιμίζοιτο
795 682 869 736 μὲν
897 679 918 724 ὅ
947 682 1140 734 βασιλεὺς
1160 680 1240 724 ὑπὸ
1262 683 1410 737 τίτθης
1426 682 1582 738 βρέφος
1603 683 1644 724 ἓν

172 755 295 811 λίκνῳ
312 753 434 805 ποτέ,
471 750 668 802 πολλάκις
687 751 728 793 δ’
756 750 940 806 ἧγριάινέ
956 768 996 793 τε
1019 753 1084 793 καὶ
1104 749 1401 806 ε’κλαυθμῦριζε
1423 753 1493 794 τὸν
1514 750 1643 794 ὕπνον

172 819 632 875 ἀποδιοπομπούμενον,
670 822 751 863 ἐπεὶ
773 820 815 862 δ’
841 821 990 874 ἐκείνην
1010 820 1087 863 ἔδει
1109 822 1184 863 τινὶ
1203 820 1312 874 με’λει
1332 820 1399 862 διὰ
1418 820 1464 863 τὸ
1486 820 1646 877 ἄγριαῒ-

172 910 242 936 νον
262 895 509 945 κατασιγᾶν,
546 890 680 932 πολλὰ
695 891 775 943 ,μὲν
797 890 838 931 ἐκ
859 889 1029 944 μελέτης
1048 897 1204 944 συνεΐρε
1225 891 1292 931 καὶ
1314 888 1502 947 ἐμελῴδει
1520 922 1532 943 ,
1573 888 1647 932 οὖ-

175 963 258 1004 ὁενὶ
281 961 322 1003 δ’
354 960 495 1015 ἔθελγε
527 959 572 1001 τὸ
608 957 817 1015 παράπαν.
890 957 985 1000 ἀλλ’
1013 957 1113 1001 ὅταν
1130 956 1329 1013 μεμυκόσι
1345 961 1515 1013 χείλεσιν
1539 956 1645 1001 ὖπο-
1658 968 1703 1003 10

121 1039 152 1074 C
177 1029 412 1086 κοριζομένη
433 1029 479 1071 τὸ
501 1030 589 1084 περὶ
611 1028 684 1082 τὴν
705 1026 821 1070 πόλιν
846 1025 990 1084 διεξῄει
1026 1023 1094 1086 (ἦν
1119 1029 1164 1070 δὲ
1186 1028 1232 1070 τὸ
1253 1025 1466 1083 λεγόμενον
1486 1026 1540 1078 ὥς
1562 1023 1647 1082 εὖγε

177 1105 235 1159 τῷ
265 1103 433 1153 βασιλεῖ
453 1102 527 1152 τῆς
560 1095 741 1148 πόλεως,
779 1097 846 1138 καὶ
876 1094 930 1146 ὥς
957 1096 1062 1139 κατὰ
1092 1098 1272 1153 χρυσέαν
1293 1094 1424 1152 πύλην
1449 1099 1648 1139 εἷσελθεΐν

177 1169 341 1226 μέλλοι,
381 1168 448 1210 καὶ
471 1164 526 1216 ὥς
550 1166 595 1209 τὸ
619 1168 684 1208 καὶ
704 1165 751 1208 τὸ
773 1167 895 1207 ἐκεῖσε
918 1164 1243 1220 μεγαλυνόμενος
1264 1164 1531 1222 ἐκτελέσειεν),
1571 1164 1649 1208 αὖ-

179 1240 274 1282 τίκα
296 1234 459 1285 τούτοις
479 1234 613 1292 ὥσπερ
637 1238 800 1291 Σειρῆσι
818 1234 864 1277 τὸ
889 1237 1052 1277 παιδίον
1074 1233 1322 1291 θελγόμενον
1340 1237 1552 1290 κατεσίγα,
1582 1234 1654 1276 καί

181 1324 269 1357 πως
295 1309 493 1361 μαλακῶς
522 1307 588 1347 καὶ
614 1302 743 1359 ἡδέως
773 1304 1082 1358 κατεκοιμίζετο.
1151 1302 1284 1353 οὕτως
1315 1299 1420 1359 ἦσαν
1452 1304 1496 1346 αἶ
1519 1300 1648 1346 aind-
1663 1311 1706 1346 15

183 1379 330 1433 δελφαι
354 1378 412 1433 τῷ
436 1377 604 1427 βασιλεῖ
620 1374 686 1416 καὶ
716 1369 842 1414 πάλαι
861 1373 935 1426 μὲν
957 1375 1012 1422 εἷς
1040 1371 1300 1429 προμήθειαν
1327 1373 1401 1427 τὴν
1416 1371 1651 1429 προσήκου-

188 1463 283 1498 σαν,
323 1445 389 1486 καὶ
409 1440 500 1485 τότε
534 1443 578 1484 δὲ
608 1443 902 1497 πολυωροῦσαί
925 1457 967 1484 τε
996 1443 1061 1484 καὶ
1091 1439 1359 1496 κηδεύουσαι,
1394 1439 1475 1499 ὑφ’
1502 1439 1569 1492 αἷς
1589 1445 1652 1484 λι-

131 1519 163 1555 Ῑ)
188 1511 420 1570 παρούσαις
453 1512 528 1566 μὲν
556 1509 688 1554 πολλά
718 1527 823 1553 τισιν
853 1512 908 1559 εἷς
945 1510 1172 1566 εὐεργεσίας
1210 1510 1408 1567 ἔπραττε,
1465 1516 1654 1565 συμβου-

185 1580 400 1632 λευούσαις
427 1581 471 1625 δὲ
487 1587 673 1639 προσεῖχε
691 1581 757 1623 καὶ
777 1578 1040 1636 συγκατήνυε.
1109 1580 1265 1636 λέγεται
1290 1580 1335 1623 δὲ
1352 1581 1420 1622 καὶ
1445 1577 1500 1630 ὥς
1520 1583 1654 1637 βουλῇ

571 1652 592 1672 0

275 1751 308 1786 2.
333 1747 400 1794 τὸ]
426 1747 502 1796 τῷῖ)
527 1759 570 1783 an
595 1746 659 1784 διοὶ
686 1743 757 1783 τὰ.)

188 1904 266 1936 erat
289 1911 449 1945 germana
479 1897 695 1944 imperatoris
718 1896 886 1941 Eulogia,
921 1895 1127 1931 suavissimis
1151 1900 1187 1931 et
1207 1896 1282 1942 ipsa
1305 1897 1471 1942 moribus,
1495 1899 1658 1944 frequen·-

192 1948 331 1992 tiusque
355 1946 455 1981 solita
478 1945 566 1979 itare
590 1945 632 1978 ad
656 1944 839 1990 principem
862 1944 1000 1978 fratrem
1018 1954 1161 1988 seseque
1182 1943 1371 1978 immiscere
1386 1944 1544 1989 negotiis,
1570 1945 1659 1979 haud

195 1994 265 2028 scio
291 2004 334 2027 an
358 2004 424 2027 non
449 1991 478 2026 ei
503 1990 723 2036 peculiariter
746 1990 916 2031 iucunda,
950 1990 1042 2035 quod
1073 1990 1214 2033 augurio
1238 1990 1304 2035 ipsi
1328 2002 1492 2037 prospero
1515 2003 1661 2037 recupe-

195 2039 366 2074 rationem
398 2049 540 2083 magnae
572 2037 664 2071 urbis
697 2036 797 2071 fratri
832 2037 1040 2071 ominaretur
1063 2039 1101 2069 ut
1124 2037 1196 2070 fato
1228 2036 1387 2070 debitam.
1435 2038 1524 2072 unde
1547 2045 1661 2073 autem

194 2086 229 2120 in
252 2096 327 2119 eam
350 2096 444 2130 spem
469 2087 560 2118 esset
589 2084 741 2129 ingressa
758 2110 767 2127 ,
792 2081 842 2117 sic
868 2083 945 2125 illa,
978 2086 1158 2127 postquam
1177 2087 1230 2117 est
1252 2082 1372 2117 deinde
1396 2084 1663 2130 capta'civitas‚

195 2143 340 2166 narrare
375 2134 616 2173 consueverat,
650 2130 821 2164 admirans
857 2128 1004 2163 divinam
1035 2128 1071 2162 in
1104 2140 1145 2163 eo
1175 2129 1434 2174 providentiam.
1481 2131 1664 2176 oportebat

196 2177 311 2213 autem
337 2188 395 2211 eos
427 2177 485 2222 qui
504 2177 567 2210 boc
591 2175 708 2211 audire
731 2187 773 2211 ex
802 2176 878 2221 ipsa
899 2176 1036 2216 vellent,
1059 2174 1199 2209 delinire
1221 2175 1327 2220 ipsam
1351 2176 1446 2221 prius
1468 2182 1506 2211 et
1527 2187 1662 2220 rogare.

196 2224 374 2258 referebat
395 2234 497 2268 porro
521 2223 556 2257 in
587 2223 676 2257 hunc
707 2223 864 2264 modum,
897 2233 970 2256 cum
993 2221 1177 2266 imperator
1199 2222 1310 2256 adhuc
1336 2221 1446 2256 infans
1469 2223 1532 2257 sub
1556 2224 1664 2258 ubere

198 2271 329 2304 iaceret
350 2269 386 2303 in
410 2269 504 2304 cunis
517 2294 527 2310 ‚
550 2269 655 2303 fuisse
680 2268 770 2303 illum
794 2280 897 2314 saepe
919 2267 1162 2302 rabiosiuscule
1183 2268 1359 2313 querulum
1383 2273 1419 2303 et
1439 2268 1548 2303 somni
1569 2269 1664 2303 diffi-

199 2316 275 2350 cilis
291 2341 300 2356 ‚
325 2326 363 2350 se
386 2326 469 2349 vero
493 2315 623 2350 sororia
649 2316 795 2350 caritate
826 2314 1016 2360 saporando
1039 2314 1226 2349 fraterculo
1258 2314 1395 2348 dantem
1418 2326 1556 2361 operam
1578 2314 1666 2350 mul-

198 2365 253 2396 tas
286 2367 322 2395 et
353 2362 466 2395 varias
496 2361 628 2396 solitam
653 2362 696 2396 ad
725 2373 800 2396 eum
822 2361 1074 2395 demulcendum
1098 2360 1276 2395 cantillare
1300 2360 1467 2401 naenias,
1491 2362 1582 2395 nulla
1603 2371 1665 2395 et-

199 2419 272 2442 rum
296 2412 442 2452 pacante
464 2407 727 2451 inquietudinem
750 2407 906 2453 pueruli,
942 2407 1050 2442 donec
1080 2407 1295 2452 semiapertis
1327 2406 1432 2441 labris
1454 2407 1538 2442 data
1559 2418 1666 2452 opera

199 2453 392 2488 balbutiens
415 2453 580 2488 modulari
604 2454 775 2499 coepisset
789 2453 987 2488 cantilenam
1002 2454 1045 2487 de
1067 2454 1153 2488 urbe
1176 2453 1274 2488 huius
1295 2454 1370 2488 fere
1393 2453 1521 2488 formae
1551 2455 1667 2497 “euge

201 2499 389 2544 imperator
411 2500 504 2534 urbis
518 2525 528 2542 ‚
552 2499 586 2534 in
610 2512 684 2534 eam
708 2512 813 2536 aurea
835 2500 1004 2534 inveheris
1027 2504 1151 2545 porta,
1181 2511 1306 2545 resque
1327 2500 1389 2534 has
1412 2504 1449 2534 et
1470 2500 1532 2534 has
1562 2499 1666 2534 isthic

201 2545 402 2590 magnificas
441 2546 543 2591 plane
585 2546 754 2592 perficies.
765 2546 785 2563 ''
848 2547 892 2581 ad
934 2557 976 2580 ea
1018 2547 1145 2592 quippe
1186 2547 1302 2581 statim
1341 2545 1449 2579 verba
1488 2546 1666 2592 puerulum

201 2591 298 2626 velut
320 2592 475 2626 Sirenum
498 2593 641 2637 quodam
658 2596 759 2627 cantu
779 2591 953 2627 delinitum
967 2592 1118 2635 siluisse,
1142 2593 1302 2638 mollique
1321 2602 1362 2626 ac
1376 2591 1474 2626 suavi
1497 2591 1668 2637 quievisse
1699 2614 1701 2617 -

204 2650 332 2672 somno.
380 2639 467 2673 tales
484 2643 519 2671 et
541 2638 592 2672 sic
614 2638 648 2673 in
670 2639 780 2684 ipsum
802 2639 949 2674 affectae
970 2638 1187 2684 imperatoris
1210 2648 1344 2674 sorores
1367 2642 1486 2680 erant3
1519 2648 1608 2683 quae
1631 2639 1669 2671 et

205 2684 316 2729 ipsum
340 2684 437 2727 olim,
469 2695 543 2718 cum
566 2684 640 2719 eius
664 2686 718 2719 vel
741 2690 837 2720 aetas
860 2685 915 2719 vel
937 2687 1073 2720 fortuna
1096 2687 1246 2732 ipsarum
1269 2684 1392 2719 auxilio
1417 2683 1531 2728 eguit,
1553 2682 1668 2717 studio

206 2742 248 2764 ac
280 2730 425 2765 caritate
460 2730 754 2776 providentissima
784 2731 953 2766 fovissent
982 2737 1019 2766 et
1041 2744 1130 2766 nunc
1151 2731 1299 2766 eiusdem
1320 2729 1519 2777 imperantis
1539 2729 1669 2763 securi-

207 2776 275 2810 tati
309 2788 349 2811 ac
381 2776 628 2812 conservationi
659 2777 817 2823 pervigili
839 2789 921 2812 cura
943 2778 1194 2823 prospicerent3
1218 2788 1359 2824 quarum
1381 2775 1669 2811 commendatione

209 2834 250 2856 ac
274 2822 432 2867 precibus
456 2822 561 2858 multa
582 2822 618 2857 in
652 2823 815 2869 quosdam
837 2824 1004 2859 beneficia
1025 2825 1187 2866 contulit,
1218 2822 1359 2859 consilia
1380 2834 1462 2858 vero
1494 2832 1610 2856 earum
1633 2824 1671 2854 et

207 2868 351 2904 libenter
388 2869 529 2905 audivit*
554 2872 590 2904 et
627 2869 828 2916 plerumque
862 2877 999 2906 secutus
1022 2876 1086 2906 est.
1132 2870 1258 2905 dicitur
1279 2870 1382 2905 etiam
1404 2869 1523 2904 harum
1545 2878 1671 2912 sugge-
