1884 3262
424 199 500 243 DE
528 198 809 242 MICHAELE
835 197 1209 243 PALAEOLOGO
1240 198 1287 243 L.
1315 198 1393 243 VI.
1508 252 1510 255 .
1547 197 1646 244 529

189 310 376 371 κειμένῳ,
415 311 481 356 ὅτε
508 313 576 355 καὶ
608 312 681 356 τὸν
709 311 950 368 Νοὲμβριον
969 308 1249 369 ὗπογρᾶφοντι
1266 311 1445 366 ῖσυμβιὶν
1468 311 1543 363 τὰς
1566 316 1642 356 τοῦ

187 384 233 424 Ν
247 382 412 435 κεραίας
433 384 656 436 συμμῖξαι,
694 382 880 424 ἐπελθεῖν
897 382 1021 423 εἰπεῖν
1036 381 1190 435 λέγεται
1210 379 1268 430 ὥς
1287 380 1378 423 ἲδοῦ
1397 381 1642 424 συνέκλεισεν

187 447 210 493 ὃ
238 449 485 506 Νοέμβριος.
554 449 602 492 τὸ
630 451 655 491 δ
663 448 676 465 ’
709 445 759 504 ἦν
787 447 1021 503 ὑπονοηθὲν
1050 447 1106 499 ὥς
1132 450 1390 492 συνέκλεισαν
1411 444 1455 491 αἶ
1476 447 1641 505 πράξεις

187 522 246 576 τῷ
260 522 446 571 βασιλεῖ,
485 522 561 572 τῆς
576 522 715 572 ψυχῆς
733 518 781 561 τὸ
799 518 948 570 με’λλον
963 515 1261 572 ὖποδηλούσης.
1329 512 1380 572 ἦν
1399 513 1471 560 οὖν
1492 522 1542 575 τῇ
1563 521 1641 561 τοῦ

153 585 328 643 5ῥαΐσαι
346 591 421 641 τῆς
438 584 560 628 νόσου
581 587 805 645 προσδοκίᾳ
831 587 888 635 εἷς
909 584 1119 638 ἀναβολὰς
1139 588 1270 634 τιθεὶς
1287 584 1334 627 τὸ
1354 586 1529 640 ἐντυχεῖν
1549 585 1642 629 ἔπι-ι

183 658 305 697 στᾶσι
333 662 419 704 τοῖς
449 651 674 709 Τοχάροις·
716 654 800 696 ἐπεὶ
833 654 877 696 δὲ
899 651 926 708 ἦ
955 651 1077 702 νόσος
1102 655 1367 707 ἐκραταιοῦτο
1389 655 1533 710 καὶτῷ
1554 654 1639 698 ἀπὸ

183 721 337 777 ταύτης
355 723 431 765 δέει
451 725 517 765 καὶ
536 720 562 777 ἦ
582 722 662 765 ἀπὸ
682 726 757 765 τοῦ
780 721 929 771 ἔθνους
946 720 1125 776 ὀρρωδιά
1146 726 1348 776 συνῆπται
1377 720 1454 775 (οὗ
1481 721 1558 779 γὰρ
1584 718 1640 777 ἦν
1654 735 1686 771 Β

183 790 320 841 ἄλλως
351 790 517 843 ἐλπίζειν
546 790 570 846 ἢ
595 789 836 844 κινηθέντας
870 789 1076 846 ἀφανίζειν
1104 790 1152 833 τὸ
1178 789 1281 844 πρὸς
1309 791 1451 842 ποσίν,
1488 790 1641 841 εἶωθός

183 858 320 909 ἄλλως
339 860 541 917 λῃστείαις
560 858 735 913 ἀποζῆν,
770 862 845 901 τοῦ
873 858 1074 912 βασιλέως
1090 856 1472 915 μεταλλάξαντος),
1508 858 1638 916 ἀναγ-

129 939 173 973 10
183 929 354 978 κασθεὶς
383 927 433 982 δὴ
461 927 529 970 διὰ
558 931 692 969 ταῦτα
716 924 739 970 ὅ
765 926 958 980 βασιλεὺς
976 928 1043 969 καὶ
1065 925 1141 969 ἀπ’
1166 925 1298 969 αὐτοῦ
1318 927 1543 980 σκίμποδος
1561 932 1638 983 τῆς

182 994 331 1051 ὀδύνης
359 993 508 1049 ὁμιλεῖν
532 996 672 1051 σφίσιν
691 994 813 1050 ἔγνω,
849 996 916 1036 καὶ
934 1001 1021 1044 τοῖς
1038 995 1113 1048 μὲν
1131 993 1330 1049 πλήθεσιν
1349 994 1483 1045 ἄλλως
1500 997 1541 1046 ἐς
1552 995 1639 1051 χά-

182 1082 246 1119 ριν
263 1070 402 1116 ποιεῖν,
422 1062 519 1113 τούς
536 1063 584 1105 δέ
599 1062 640 1118 y'
664 1062 866 1118 ἄρχοντας
882 1066 999 1119 σιγῶν
1018 1064 1239 1118 εἰσαγαγεῖν
1257 1079 1300 1105 τε
1318 1063 1384 1105 καὶ
1404 1062 1456 1105 τὰ
1474 1061 1635 1120 προσή-

179 1150 304 1175 κοντα
327 1133 446 1175 εἷπεΐν
464 1148 506 1174 τε
527 1132 594 1173 καὶ
614 1130 800 1174 ἀκοῦσαι.
867 1128 960 1173 τότε
981 1132 1116 1174 τοίνυν
1137 1132 1203 1174 καὶ
1222 1130 1635 1187 παρασκευασάμενος

179 1199 236 1251 ὥς
265 1198 369 1251 εἰκός
378 1233 391 1252 ,
430 1201 501 1242 καί
527 1216 570 1254 γε
596 1199 694 1249 τοὺς
712 1199 882 1249 οἰκείους
902 1199 974 1256 ἐφ’
995 1197 1166 1254 ἑκάτερα
1184 1198 1475 1254 παραστήσας,
1507 1200 1632 1252 αὐτὸς
1653 1212 1684 1248 c

125 1278 168 1314 15
181 1271 247 1312 καὶ
277 1270 352 1327 βίᾳ
382 1266 615 1323 καθήμενος
644 1269 708 1310 ἐπὶ
738 1269 987 1321 σκίμποδος,
1023 1265 1078 1317 ὥς
1109 1265 1130 1310 ὅ
1160 1268 1299 1322 καιρὸς
1325 1268 1460 1309 ε’ὸίδου
1488 1270 1553 1310 καὶ
1578 1269 1637 1312 τοὶ·

178 1336 273 1382 κατ’
296 1336 422 1379 αὐτὸν
443 1334 665 1392 πράγματα
682 1333 902 1391 ἔνεχῶρουν
912 1368 925 1388 ,
959 1335 1105 1391 ὀλίγοις
1126 1338 1206 1378 τισὶ
1227 1334 1360 1391 λόγοις
1380 1335 1452 1390 τῆν
1472 1337 1631 1381 ἐκείνων

177 1406 414 1462 οἷφωσιοῦτο
447 1406 695 1460 θεραπείαν,
722 1401 844 1460 χάριν
871 1405 946 1457 μὲν
977 1403 1077 1458 ἔχειν
1110 1405 1308 1461 ε’κφαίνων
1333 1405 1400 1445 καὶ
1431 1409 1488 1462 τῷ
1509 1408 1630 1465 Νογᾷ

176 1474 230 1518 τὰ
249 1473 343 1517 κατ’
364 1473 529 1524 ἀξίωσιν
544 1472 791 1515 ε’κτελίσαντι
800 1505 813 1525 ,
844 1470 967 1529 χάριν
988 1471 1030 1514 δ’
1054 1471 1154 1527 ἔχειν
1174 1472 1370 1522 κάκείνοις
1390 1469 1445 1522 ὥς
1464 1472 1630 1530 προθύ-

174 1673 299 1717 solita,
332 1684 475 1708 mensem
498 1672 555 1719 qui
578 1675 648 1708 tum
669 1672 705 1707 in
728 1682 830 1707 cursu
853 1673 944 1714 erat,
967 1669 1215 1712 Novembrem,
1236 1669 1337 1704 litera
1359 1669 1397 1705 N
1417 1669 1626 1716 designaret,

174 1721 329 1774 apicibus
355 1719 552 1765 quibusdam
582 1719 748 1753 adiunctis
777 1717 837 1763 qui
868 1717 1072 1762 reliquorum
1104 1716 1178 1750 eius
1208 1716 1366 1750 vocabuli
1387 1717 1625 1752 elementorum

173 1776 286 1800 vicem
310 1765 504 1810 explerent,
537 1777 579 1800 ac
602 1766 752 1799 chartam
773 1763 825 1798 ita
847 1763 1011 1808 signatam
1034 1762 1181 1797 reddens
1201 1762 1330 1796 diceret
1352 1765 1467 1796 “ecce
1488 1763 1626 1798 conclu-

173 1823 233 1846 sus
268 1810 464 1845 November
496 1817 558 1845 est.
571 1810 592 1826 ’'
636 1810 758 1856 quibus
793 1809 905 1844 altiori
937 1819 1037 1854 quam
1069 1819 1136 1854 quo
1157 1807 1230 1853 ipse
1252 1807 1393 1854 loquens
1415 1813 1625 1854 penetraret,

173 1856 364 1902 significatu
395 1856 608 1891 indicabatur
634 1862 712 1891 acta
741 1854 937 1901 imperatori
968 1858 1088 1889 cuncta
1120 1853 1294 1895 conclusa,
1329 1854 1566 1898 praesagiente
1586 1854 1645 1889 id'

171 1903 279 1949 ipsius
309 1902 439 1943 anima,
476 1906 512 1936 et
542 1901 634 1936 istud
656 1902 765 1947 ipsum
788 1900 963 1945 augurium
986 1900 1027 1934 iis
1048 1899 1162 1933 verbis
1185 1899 1360 1933 efferente.
1403 1899 1537 1934 interim
1560 1906 1646 1934 ex-‘

171 1948 366 1995 pec-‘tatione
397 1947 544 1983 melioris
574 1947 747 1982 rediturae
781 1945 981 1981 valetudinis
1010 1946 1236 1980 differebatur
1257 1955 1455 1989 congressus
1477 1946 1623 1980 affatus-

173 2006 240 2040 que
263 1994 506 2031 Tocharorum.
550 2005 664 2028 verum
694 1992 868 2027 imminuta
899 1992 972 2026 eius
1002 1991 1054 2026 rei
1076 2002 1137 2037 spe
1158 1995 1298 2036 propter
1330 1990 1620 2034 ingravescentem

171 2039 207 2074 in
230 2039 304 2074 dies
326 2041 499 2082 morbum,
531 2044 566 2074 et
587 2045 678 2073 metu
698 2038 817 2073 maiori
840 2038 1041 2079 accedente,
1065 2049 1107 2072 ne
1128 2048 1212 2091 gens
1234 2036 1340 2070 effera
1360 2037 1541 2081 desperata
1563 2045 1622 2070 sa-

171 2085 244 2120 lute
274 2085 456 2139 principis,
490 2086 662 2130 regiones,
693 2085 727 2119 in
757 2095 843 2130 quas
866 2087 962 2118 erant
984 2083 1056 2118 eius
1078 2086 1189 2117 accitu
1210 2081 1375 2126 ingressi,
1408 2081 1508 2115 solita
1534 2081 1622 2126 ipsis

171 2135 362 2176 rapacitate
383 2132 692 2176 depraedarentur,
715 2135 852 2164 coactus
874 2129 1057 2174 imperator
1079 2135 1132 2162 est
1153 2127 1331 2161 admittere
1353 2126 1396 2160 ad
1419 2127 1619 2161 audientiam

170 2177 274 2211 duces
304 2187 345 2210 ac
368 2176 530 2220 primores
559 2176 813 2218 Tocharorum,
845 2186 970 2219 eosque
1005 2186 1025 2208 e
1051 2173 1176 2208 lectulo
1205 2171 1341 2217 alloqui.
1388 2183 1470 2216 ergo
1495 2172 1619 2216 vulgus

170 2220 305 2267 quidem
336 2221 475 2255 rnilitum
506 2222 648 2255 nationis
681 2222 754 2255 eius
783 2220 952 2255 donativis
982 2219 1114 2254 curavit
1136 2217 1291 2252 deliniri:
1323 2228 1483 2262 proceres
1505 2223 1617 2252 autem

170 2267 207 2301 in
228 2266 437 2307 cubiculum,
457 2267 514 2300 ubi
536 2278 639 2311 aeger
661 2267 900 2309 decumbebat,
925 2266 1052 2300 accitos
1075 2263 1192 2299 audire
1213 2273 1324 2296 coram
1347 2262 1515 2308 affarique
1536 2275 1617 2298 con-

170 2312 295 2348 stituit.
340 2311 376 2345 id
405 2323 505 2358 quam
535 2312 788 2354 decentissimo,
819 2324 883 2358 pro
906 2316 998 2345 statu
1021 2308 1344 2355 praesentiarum,
1375 2313 1542 2353 apparatu
1564 2308 1616 2343 sic

171 2365 285 2393 actum
314 2362 378 2392 est.
425 2357 686 2392 circumstabant
714 2358 872 2403 utrinque
902 2355 1084 2390 necessarii
1112 2366 1153 2390 ac
1185 2354 1368 2388 familiares
1389 2354 1616 2399 imperatoris.

170 2404 245 2458 ipae
268 2403 422 2444 connisa,
455 2408 615 2448 quantum
642 2403 796 2437 debilitas
817 2402 969 2448 corporis
990 2402 1144 2443 ferebat,
1174 2403 1309 2434 erectus
1343 2404 1379 2434 et
1405 2399 1530 2434 lectulo
1559 2399 1616 2434 in-

169 2450 306 2490 sidens,
330 2449 524 2494 obsequium
549 2449 782 2483 benevolorum
802 2450 966 2482 sociorum
989 2447 1031 2480 ad
1054 2446 1193 2480 amicam
1214 2444 1443 2479 invitationem
1463 2445 1614 2480 studiose
1635 2456 1638 2457 ’

169 2494 416 2530 occurrentium
436 2494 586 2539 impense
605 2494 866 2534 commendavit,
889 2499 1022 2537 gratum
1043 2492 1077 2526 id
1099 2491 1166 2526 sibi
1187 2495 1223 2526 et
1241 2490 1378 2525 memori
1399 2489 1509 2525 animo
1531 2502 1614 2525 con-

169 2541 312 2574 dendum
342 2539 491 2574 officium
524 2540 697 2584 profitens.
740 2539 773 2572 in
798 2538 912 2584 primis
936 2549 974 2572 ae
997 2537 1117 2582 Nogae
1137 2536 1268 2582 gratias
1289 2547 1392 2580 agere
1420 2536 1614 2580 habereque

169 2586 332 2632 plurimas
362 2589 572 2621 contestatus
602 2590 670 2627 est,
701 2584 790 2630 quod
820 2584 866 2618 is·
882 2588 953 2618 tam
982 2587 1137 2628 prompte
1157 2589 1225 2617 tam
1246 2582 1376 2627 prolixe
1397 2581 1527 2627 petenti
1547 2581 1615 2615 sibi

169 2632 260 2677 quod
289 2635 427 2676 optarat
457 2631 649 2672 annuisset3
677 2642 744 2675 quo
776 2629 926 2670 nomine,
957 2635 998 2662 ut
1026 2628 1112 2673 ipsis
1134 2639 1219 2674 quos
1242 2628 1421 2673 spectabat
1440 2637 1615 2673 praesens,

170 2677 230 2722 qui
251 2682 321 2710 tam
343 2680 481 2711 strenue
502 2676 627 2710 auxilio
650 2675 839 2717 venissent,
868 2675 919 2709 sic
939 2674 988 2708 illi
1009 2675 1067 2720 qui
1089 2675 1232 2719 benigne
1253 2673 1418 2715 misisset,
1439 2677 1612 2706 aeternum

171 2733 211 2756 se
240 2722 440 2757 obstrictum
469 2723 554 2757 fore.
595 2721 899 2767 perincommodum
928 2720 990 2755 tali
1021 2719 1163 2755 articulo
1192 2718 1258 2754 sibi
1278 2719 1428 2753 morbum
1449 2718 1536 2751 hunc
1557 2716 1613 2750 in-

171 2768 380 2809 tervenisse,
411 2768 488 2814 plus
518 2768 595 2812 ideo
618 2767 791 2809 molestum
818 2767 908 2813 quod
928 2766 1050 2814 quibus
1071 2765 1303 2802 destinaverat
1325 2762 1449 2798 officiis
1466 2761 1615 2798 indiciis-

227 2820 401 2865 Georgt'us
430 2820 653 2866 Pachymeres
680 2820 711 2854 Ι.
1287 2810 1343 2852 34
