1884 3262
271 209 372 257 688
449 205 760 253 OBSERVAT.
787 201 1240 249 ‹PAcnYnfflR-f-Lm.
1256 202 1314 248 Π.
1342 203 1546 249 NOTAE.

270 318 424 359 laudati
456 315 646 365 auctoris,
694 312 909 353 orthodoxi
936 313 1082 366 quippe
1126 313 1377 363 confessoris,
1415 316 1484 366 qui
1525 318 1678 353 tetrum
1702 325 1727 352 a

273 372 526 414 schismaticis
549 385 747 411 carcerem
767 385 840 424 pro
857 370 937 409 fide
956 369 1167 422 apostolica
1185 370 1363 408 Romana
1377 371 1509 409 multis
1526 371 1638 409 annis
1655 383 1728 408 us-

273 444 349 482 que
367 430 419 468 ad
444 434 612 467 mortem
637 429 787 467 invicta
813 427 1033 466 constantia
1061 426 1269 476 sustinuit,
1308 432 1467 465 mortuo
1493 426 1727 479 imperatori

272 493 408 526 nostro
432 500 506 538 pro
533 485 691 524 funebri
718 484 944 524 laudatione
965 483 1245 535 impendimus,
1293 482 1348 520 sic
1375 488 1498 534 prout
1519 497 1727 535 possumus

272 541 577 595 ἆντισηκοῦντες
604 549 899 593 compensante-s·
931 540 1199 579 conviciorum
1227 539 1425 591 plaustra,
1463 552 1562 590 quae
1582 540 1727 591 passim

270 600 312 639 in
331 613 421 638 eum
439 599 647 637 effundunt
665 599 804 637 Graeci
827 597 1062 636 schismatici
1081 602 1121 634 et
1138 596 1267 634 Latini
1283 595 1482 645 haeretici,
1513 597 1727 647 perfectam
1782 635 1785 638 ,

272 657 322 694 ab
351 669 396 694 eo
421 656 672 694 ecclesiarum
706 655 923 697 Orientalis
949 666 1041 693 cum
1072 653 1248 692 Occidua
1269 652 1583 691 conciliationem
1600 651 1728 693 livore

270 713 452 752 Satanico
470 712 731 764 indignantes.

128 828 160 863 P
179 827 249 863 483
382 839 422 878 p.
452 825 535 867 532
562 837 602 864 v.
623 828 664 867 2.
719 825 906 876 sigillum
933 820 1048 876 quod
1069 821 1257 862 adhibere
1284 818 1534 873 obsignando
1558 834 1729 859 consue-

275 889 400 923 verat.
459 881 586 919 codex
614 882 852 921 Barberinus
879 881 1048 920 formam
1084 879 1234 932 effingit
1266 878 1388 918 huius
1422 877 1659 917 characteris
1684 877 1729 915 in

273 939 384 978 hunc
402 936 579 979 modum.

272 1843 430 1890 praeter
444 1849 531 1874 eam
550 1844 671 1885 porro
690 1843 809 1881 quam
828 1829 940 1876 affert
962 1827 1030 1867 hic
1047 1827 1305 1882 Pachymeres
1330 1829 1448 1871 huius
1470 1835 1533 1875 Πῖ
1542 1832 1733 1885 triplicati

275 1895 470 1933 rationem
486 1922 497 1941 ,
527 1904 577 1929 ex
595 1887 730 1926 divina
746 1886 1004 1937 praenotione
1024 1886 1154 1924 exitus
1174 1887 1373 1926 Michaelis
1394 1889 1610 1941 Palaeologi
1628 1891 1734 1942 peti-

275 1956 379 1998 tam,
417 1949 534 1988 fuisse
562 1944 676 1982 aliam
704 1943 883 1994 oportuit
903 1942 946 1980 in
961 1948 1092 1979 mente
1111 1943 1186 1994 ipsi
1205 1943 1411 1994 Michaeli,
1440 1946 1577 1998 utique
1595 1946 1733 1998 ignaro

278 2006 356 2044 diei
373 2018 418 2043 ac
435 2004 514 2043 loci
526 2013 619 2042 suae
633 1999 792 2048 mortis,
822 2012 919 2038 cum,
930 2011 1016 2035 eam
1036 1998 1144 2037 ultro
1165 2012 1219 2037 ,ac
1236 2000 1360 2038 libens
1378 2003 1599 2054 assumpsit.
1653 2016 1735 2055 pu-

276 2064 396 2101 tarim
415 2061 593 2112 equidem
611 2070 700 2095 eum
716 2069 788 2108 per
806 2055 916 2093 istud
933 2055 1052 2093 tertio
1073 2056 1283 2107 repetitum
1298 2059 1362 2097 Πῖ
1372 2059 1541 2098 voluisse
1557 2058 1734 2098 indicare

279 2118 322 2157 id
343 2118 451 2169 quod
468 2117 581 2155 initio
607 2113 727 2151 huius
753 2112 844 2150 libri
869 2111 1129 2162 monuimus„
1142 2125 1222 2151 esse
1239 2126 1279 2151 se
1296 2113 1569 2167 Palaeologum
1585 2130 1667 2155 non
1683 2129 1734 2154 ex

279 2180 394 2227 patre
416 2174 544 2212 solum
561 2171 629 2209 sed
651 2169 769 2208 etiam
788 2182 838 2207 ex
855 2174 1002 2217 matre,
1031 2181 1076 2206 ac
1089 2175 1300 2220 propterea
1321 2170 1460 2210 maiori
1481 2172 1596 2211 litera
1616 2175 1681 2214 Πῖ
1690 2172 1733 2210 in

280 2231 411 2269 medio
432 2231 557 2282 posita
579 2240 619 2265 se
635 2227 763 2279 ipsum
781 2230 1111 2276 repraesentasse,
1142 2226 1224 2264 aliis
1245 2227 1399 2265 duabus
1416 2242 1439 2265 a
1457 2228 1600 2267 dextra
1620 2234 1661 2267 et
1676 2230 1733 2266 si·-

280 2288 403 2326 nistra
421 2293 625 2339 parentem
651 2289 864 2333 utrumque
893 2281 1210 2332 significantibus.
1267 2297 1361 2322 nam
1384 2284 1653 2338 Palaeologum
1677 2285 1734 2324 si-

279 2344 463 2394 gnificare
483 2344 558 2383 ista
575 2345 659 2393 Πῖ,
686 2340 835 2379 indicat
851 2338 965 2379 litera
981 2337 1017 2377 Λ
1035 2339 1077 2378 in
1095 2345 1236 2380 ventre
1256 2340 1374 2380 medii
1395 2342 1533 2395 posita.
