1884 3262
665 216 770 261 Llss.
803 215 841 258 1.
892 201 1260 262 Gnossimum.
1590 220 1686 266 565

232 330 271 363 et
292 328 474 377 χωρῖται,
505 325 645 376 (]1111)110
665 326 761 364 istos
780 327 874 364 alias
892 328 1092 366 vocabulis
1108 328 1290 380 indigitat
1307 335 1454 378 nostor,
1482 329 1687 369 manifeste

229 388 342 451 patet
363 396 413 420 ex
430 382 509 420 fine
529 383 666 435 capitis
697 387 769 432 13,
798 384 865 421 ubi
894 385 950 422 sic
980 385 1124 436 legum
1142 388 1184 424 111
1199 386 1413 425 Allatiano:
1450 389 1573 426 ταῦτα
1592 388 1685 440 περὶ

228 453 323 486 τους
337 441 412 479 τοῦ
433 437 552 492 ζύγου
581 436 906 493 διαπραξάμενοι.
974 454 1024 479 011
1050 456 1148 492 quos
1176 439 1390 507 gvynvove
1398 443 1576 492 dixerat,
1604 444 1682 483 iam

227 492 326 543 τοὺς
345 498 419 535 τοῦ
435 493 554 549 ζύγου
582 503 724 546 vocat,
753 495 832 535 1100
857 504 936 546 est,
968 498 1102 549 iugum
1123 499 1338 537 incolentes
1361 499 1443 540 sive
1463 506 1684 541 montanos.

225 551 464 591 Barberinus
491 558 626 591 tamen
655 559 695 593 et
725 553 935 593 Vaticanus
961 568 1099 594 vocem
1126 552 1323 611 ζυγήνους
1346 556 1412 595 1110
1439 569 1596 607 quoque
1623 571 1687 595 re-

224 609 366 647 tinent.

337 682 365 717 η
356 660 620 718 ’μιᾰνδριο
634 681 649 707 ι
685 680 726 718 p-
749 666 826 708 351
851 680 893 711 v.
917 666 980 708 15.
1027 668 1123 719 quid
1141 667 1251 706 aliud
1270 662 1536 732 ἧμὶιανὸρίους
1554 668 1682 708 inter-

221 727 424 773 pretemur
452 721 494 759 in
528 722 719 761 comitatu
744 723 903 773 virginis
940 724 1066 774 regiae
1091 738 1208 775 quam
1238 724 1442 763 semiviros
1466 726 1681 776 eunuchos,

221 778 443 816 ministrare
460 778 503 817 in
519 779 678 819 Oriente
694 779 936 831 principibus
951 781 1104 819 feminis
1131 782 1292 819 solitos?

333 837 593 887 θεραπεία
631 850 671 887 p.
694 839 772 878 211
794 850 832 875 v.
857 841 923 879 13.
982 845 1067 877 orat
1065 835 1298 909 imperator
1317 837 1678 876 excommunicatus

218 890 489 943 patriarcham
515 895 590 934 τοῦ
619 893 769 944 δεσμου
793 890 864 933 τόν
893 893 1026 946 ἱκέτην
1049 910 1161 935 ανει1
1165 911 1206 935 αι
1233 894 1302 934 καὶ
1327 891 1586 947 μετεγνωκότι
1603 892 1679 947 τὴν

219 949 441 1001 θεραπείαν
457 947 618 1001 ἐπάγειν
635 946 690 1000 ἡν
711 949 860 997 ἐκεῖνος
878 948 1074 1000 βούλεται.
1129 950 1198 988 1110
1218 951 1416 1003 θεραπεία
1435 951 1677 1001 peculiarem

219 1009 260 1042 et
284 1004 581 1042 ecclesiasticam
607 1004 728 1043 habet
746 1006 969 1069 notionem,
1006 1007 1225 1058 significans
1259 1020 1377 1058 opera
1400 1020 1502 1056 quae
1528 1014 1675 1046 vocant

217 1063 521 1111 satisfactoria,
559 1067 658 1112 puta
682 1062 825 1099 ieiunia
846 1061 1137 1102 humiliationes
1166 1070 1207 1102 et
1232 1063 1369 1101 similia
1386 1064 1463 1101 reis
1488 1065 1617 1115 magni
1635 1071 1675 1102 et

214 1117 364 1168 publici
387 1117 559 1155 criminis
584 1118 636 1156 ad
666 1118 928 1170 expiationem
965 1120 1192 1159 canonicam
1221 1120 1370 1171 iniungi
1407 1120 1519 1158 solita
1546 1122 1675 1159 veteri

215 1174 396 1212 ecclesiae
413 1173 628 1226 disciplina.
686 1188 807 1226 quare
823 1177 1019 1228 θεραπεία
1037 1176 1102 1214 1110
1117 1177 1160 1215 id
1182 1177 1313 1228 ipsum
1333 1181 1391 1214 est
1415 1176 1523 1227 quod
1545 1178 1675 1215 Latini

214 1230 460 1270 ecclesiastici
476 1231 687 1283 scriptores
705 1234 994 1283 poenitentiam
1026 1240 1191 1284 vocant3
1223 1234 1284 1272 uti
1308 1235 1575 1285 poenitentes,
1605 1235 1674 1283 qui

214 1287 349 1340 culpas
367 1288 530 1339 expiant
553 1288 772 1339 suppliciiS‚
806 1290 1054 1340 θεραπευταί
1078 1289 1252 1339 Philoni,
1288 1291 1327 1328 S.
1350 1290 1495 1327 Basilio
1522 1296 1562 1328 et
1588 1291 1672 1328 aliis

213 1343 374 1383 Graecis
393 1344 596 1382 dicuntur.
655 1345 775 1382 talem
793 1345 897 1396 apud
917 1345 1197 1396 Pachymerem
1214 1358 1295 1384 esse
1312 1345 1571 1397 significatum
1587 1346 1669 1385 hu-

211 1401 274 1439 ius
290 1401 422 1450 vocis,
454 1381 657 1439 demonstr
659 1407 700 1438 at
718 1401 826 1451 quod
841 1401 943 1440 infra
963 1402 1099 1440 eodem
1118 1403 1245 1455 eapite
1258 1402 1510 1454 patriarcha
1498 1416 1671 1454 111111010-

210 1457 292 1495 tori
311 1458 532 1509 θεραπείαν
546 1472 733 1510 πραττειν
764 1457 1008 1508 προσέταττε.
1066 1465 1106 1496 et
1128 1459 1248 1511 paulo
1269 1464 1358 1510 post
1381 1458 1479 1497 haec
1496 1461 1670 1510 patriar-

211 1512 309 1554 chae
337 1514 385 1551 ad
417 1514 693 1565 imperatorem
729 1514 851 1552 verba
886 1514 1132 1553 recitantur:
1166 1515 1388 1580 θεραπείαν
1426 1517 1533 1556 ποίει
1548 1545 1560 1564 ,
1599 1516 1668 1556 καὶ

210 1569 393 1621 δέξομαιε
423 1570 474 1607 ad
501 1570 667 1608 verbum
685 1570 766 1621 Jc'zc
782 1572 1071 1621 poenitentiam
1101 1579 1136 1608 et
1162 1573 1375 1623 accipiam.
1437 1571 1544 1609 unde
1571 1585 1667 1610 mox

207 1632 377 1665 vocatui
395 1622 625 1674 οἷντίποινος
642 1627 859 1678 θεραπεία,
892 1633 932 1664 et
951 1627 1115 1666 additur
1140 1640 1224 1667 eam
1243 1626 1414 1679 quadam
1432 1628 1666 1679 aequalitate

206 1682 482 1735 responderbe
463 1683 645 1721 (ιι-01111011
665 1683 837 1722 criminis
857 1683 1009 1723 debere.

323 1712 590 1792 tsqofoyioe
626 1753 665 1791 p-
689 1740 771 1782 225
798 1753 838 1779 v.
859 1744 923 1782 13.
992 1740 1088 1791 quid
1117 1741 1167 1779 sit
1187 1740 1372 1779 hocloco
1404 1740 1601 1793 ἴερολογία
1622 1747 1662 1779 et
1684 1749 1712 1783 P
1735 1750 1802 1785 388

208 1794 424 1848 ἰερολογεῖν
447 1795 589 1834 merito
615 1796 830 1846 quaeritur.
895 1797 960 1835 vir
987 1797 1192 1844 eruditus,
1230 1797 1361 1835 editor
1387 1803 1426 1836 et
1442 1797 1662 1836 illustrator

207 1850 437 1903 Euchologii
465 1852 547 1890 sive
575 1852 744 1890 Ritualis
774 1853 1037 1902 Graecorum,
1087 1854 1304 1907 ΐερολογίας
1338 1867 1459 1891 sacra
1487 1856 1660 1906 registra

204 1908 493 1972 interpretatur
513 1914 555 1946 et
573 1909 788 1964 ἴερολογεῖν
809 1911 854 1947 in
875 1912 1050 1962 registra
1074 1924 1280 1949 recensere.
1309 1909 1532 1953 describens
1554 1911 1657 1949 enim

204 1964 248 2005 in
281 1964 518 2016 Euchologio
542 1979 583 2018 p.
604 1968 687 2007 268
718 1971 759 2004 et
787 1968 1036 2017 sequentibus
1070 1967 1302 2019 opuscul-um
1333 1966 1398 2005 0111
1428 1967 1568 2005 titulus
1598 1975 1656 2006 est

203 2015 315 2069 ταξις
334 2024 407 2072 τῆς
423 2021 539 2075 ἁγίας
559 2018 730 2076 μεγαλης
754 2021 983 2074 ἐκκλησίας,
1012 2024 1108 2062 haee
1127 2036 1178 2062 ex
1210 2037 1255 2062 eo
1278 2023 1401 2063 verba
1418 2023 1466 2061 (10
1491 2022 1654 2061 charto-

203 2076 408 2129 phylace’¹
386 2093 490 2130 εχων
502 2076 545 2118 δὲ
572 2094 643 2127 τας
667 2079 886 2144 ἱερρλογίας
916 2096 997 2120 των
1024 2093 1265 2133 μνηστειων,
1301 2080 1512 2133 ἱερολογῶν
1529 2076 1654 2128 αυτᾶς

203 2132 260 2170 010
276 2133 396 2172 latine
410 2134 562 2172 reddit:
590 2149 710 2173 sacra
726 2138 890 2188 insuper:
906 2139 1079 2189 registra
1105 2137 1457 2175 matrimoniorum
1469 2150 1590 2186 penes
1611 2151 1652 2173 00

201 2189 341 2238 lzabet,
371 2204 474 2240 qaae
490 2198 709 2243 postquam
738 2194 782 2230 in
810 2195 983 2244 registra
1002 2194 1248 2232 recensuerit.
1305 2191 1400 2229 huic
1415 2192 1652 2242 expositioni

202 2258 313 2283 meus
336 2258 400 2283 1110
422 2252 532 2283 vetat
562 2253 700 2286 auctor
738 2249 1002 2299 acquiescere,
1048 2249 1143 2287 dum
1169 2248 1236 2286 hic
1259 2247 1399 2286 scribit
1430 2244 1650 2299 προνόμιον

202 2302 322 2340 fuisse
341 2301 656 2353 chartophylacis
677 2310 723 2342 ut
751 2311 856 2344 nutu
882 2306 1151 2355 arbitratuque
1180 2305 1389 2345 dumtaxat
1411 2304 1531 2355 ipsius
1550 2305 1649 2343 istae

201 2370 468 2409 quaecumque
497 2359 652 2398 demum
675 2360 752 2401 sint
777 2362 1040 2414 Hierologiae
1062 2362 1212 2400 fierent.
1266 2360 1485 2412 Hesychius
1503 2359 1648 2412 προνό-

201 2430 274 2467 μια
296 2427 377 2452 0000
396 2415 512 2452 docet
527 2430 574 2455 τα
599 2412 840 2468 ὄφειλόμενα
864 2420 922 2472 τῷ
943 2392 1157 2471 α’ξιώματι,
1187 2417 1330 2456 decora
1358 2424 1426 2456 aut
1447 2418 1650 2470 privilegia

201 2484 302 2522 quae
322 2470 463 2509 eximie
490 2471 683 2511 debentur
715 2473 830 2511 alicui
858 2459 1050 2525 dignitati.
1106 2474 1342 2526 splendidus
1361 2473 1405 2513 in
1437 2475 1574 2526 primis
1604 2489 1648 2513 ac

198 2528 436 2579 praecellens
462 2518 771 2580 chartophylacis
795 2531 1043 2580 magistratus
1069 2537 1146 2579 est3
1187 2531 1251 2569 0111
1265 2536 1474 2583 propterea
1491 2531 1561 2570 vix
1585 2537 1644 2568 est

198 2589 246 2622 ut
269 2583 377 2622 credi
394 2584 517 2636 possit
534 2585 769 2625 attributum
784 2586 870 2624 vice
888 2587 1107 2640 προνομίου
1127 2593 1165 2625 et
1180 2587 1414 2627 honora-tae
1429 2600 1640 2639 praeroga-

198 2640 305 2679 tivae
330 2653 495 2692 pensum
526 2655 572 2679 ac
597 2641 770 2681 laborem
796 2656 875 2680 non
910 2644 1038 2682 solum
1063 2657 1180 2696 penes
1208 2658 1248 2683 se
1274 2644 1446 2683 habendi
1465 2645 1638 2694 registra

197 2698 571 2746 matrimoniorum,
608 2701 678 2737 sed
709 2699 829 2736 etiam
856 2712 977 2737 manu
1009 2699 1170 2752 propria
1197 2700 1450 2750 conficiendi,
1478 2699 1639 2737 nomina

197 2752 430 2792 nubentium
461 2755 505 2792 in
529 2754 704 2806 registra
726 2755 977 2806 recensendo,
1016 2763 1064 2795 ut
1089 2757 1194 2795 idem
1225 2758 1415 2809 interpres
1448 2756 1637 2804 loquitur,

195 2809 363 2847 reddens
398 2810 636 2850 vocabulum
675 2811 911 2864 ἱερολογων,
962 2826 1040 2862 quo
1085 2814 1286 2866 propriam
1323 2811 1637 2862 chaitophylacis

195 2864 434 2906 functionem
448 2867 622 2908 Graecus
646 2869 813 2922 scriptor
838 2867 1065 2910 declaravit.
1122 2871 1232 2924 atqui
1256 2870 1352 2910 haec
1370 2867 1529 2920 quidem
1545 2882 1637 2907 mu·-
