1884 3262
614 212 718 256 LIB.
742 212 780 256 Ι.
832 212 1196 259 GLOSSARIUM.
1532 215 1631 261 613

176 329 283 362 eram
311 322 522 362 maximam
551 328 590 361 et
619 322 906 375 presbyterium
933 322 982 360 ab
1012 321 1193 374 ingressu
1211 322 1472 375 inspectaque
1486 323 1628 376 populi

175 380 351 431 tegebat3
382 386 581 418 extensam
603 393 761 431 quoque
778 379 1083 431 appellationem
1099 380 1230 419 soleae
1245 380 1295 419 ad
1312 380 1484 431 spatium
1503 380 1629 431 quod-

175 436 266 475 dam
292 436 360 474 isti
387 435 674 474 substructioni
707 436 936 487 contiguum
955 435 1251 486 designandum.
1309 436 1450 474 addam
1469 436 1535 475 hic
1554 436 1630 474 lm-

173 492 374 531 munitatis
416 492 549 531 officio
595 492 809 531 instinctus
851 505 932 531 non
958 492 1284 544 ,intempestivam
1314 493 1629 532 vindicationem

173 548 268 588 boni
300 549 528 600 scriptoris,
557 548 653 587 dum
681 549 731 587 de
758 549 865 586 solea
891 561 975 586 non
996 549 1140 587 inscite
1167 561 1242 586 nec
1271 555 1418 587 temere
1436 550 1629 601 disputat,

173 603 226 644 ab
253 605 330 643 alio
360 605 482 656 magis
511 605 670 643 erudito
693 617 811 656 quam
835 604 1008 643 humano
1026 604 1264 643 incomitiati
1285 618 1423 656 parum
1442 606 1629 645 civiliter.

172 662 445 700 coniecturam
479 660 527 699 de
560 661 665 700 solea
692 674 804 699 suam
834 661 1059 700 verecunde
1088 667 1206 712 atque
1237 661 1410 700 obnoxie
1437 661 1629 714 proponit
1649 668 1679 702 Ρ
1700 666 1768 703 424

172 717 402 757 Ludovicus
433 717 622 756 Gellotius
653 723 790 756 noster
820 718 847 758 1.
874 720 901 759 6
934 718 983 756 de
1011 717 1240 756 Hierarchia
1270 731 1304 756 c.
1333 721 1360 759 6
1385 732 1426 769 p.
1446 719 1553 767 435,
1581 718 1626 757 in

170 773 283 812 huno
312 774 474 813 modum
504 774 698 813 scribens:
729 773 837 826 quid
861 775 900 811 si
930 773 1085 812 divinet
1112 775 1270 825 aliquis
1299 775 1344 811 in
1377 788 1426 811 ea
1447 775 1627 826 planitie

171 830 284 868 altori
307 831 446 882 ampla
467 837 502 867 et
520 831 730 882 aequabili
747 830 936 869 eductum
955 837 1034 871 aut
1056 833 1100 868 in
1121 830 1252 868 medio
1272 838 1346 868 aut
1369 829 1430 868 ad
1452 831 1625 869 alterum

171 887 286 924 latus
325 887 504 925 nobilius
543 886 719 938 aliquod
745 888 878 925 solum
910 890 1020 926 omni
1049 888 1251 938 elegantia
1266 886 1522 939 >adornatum
1555 895 1625 926 etc.

170 946 309 995 sicque
335 944 484 981 soleam
511 958 539 982 a
560 945 647 981 solo
681 943 835 981 dictum
855 951 894 981 et
906 946 1163 995 pavimento,
1197 945 1263 983 ml
1278 945 1317 980 si
1335 946 1468 982 mavis·
1484 944 1537 982 ab
1554 958 1626 981 ex·-

164 1014 303 1052 pansa
331 1000 596 1052 aequabiliter
618 1006 656 1037 et
666 1000 772 1051 fuse
797 1008 1024 1052 exporrecta
1036 1002 1204 1049 forma,
1233 1000 1372 1052 qualis
1394 1001 1524 1038 soleae
1553 1008 1625 1039 est.

169 1056 268 1094 haec
297 1056 509 1104 Cellotius3
536 1069 637 1107 quae
656 1056 815 1094 confido
840 1070 987 1107 aequos
1004 1069 1139 1095 omnes
1155 1069 1382 1094 assensuros
1400 1056 1508 1094 haud
1527 1057 1625 1095 adeo

170 1125 254 1150 esse
282 1112 471 1161 absurda,
500 1119 545 1151 ut
569 1126 592 1150 a
617 1113 814 1164 scriptore
838 1113 1022 1164 religioso
1047 1118 1128 1150 tam
1153 1113 1343 1151 atrociter
1365 1118 1404 1150 et
1426 1112 1626 1151 invidiose

167 1168 486 1207 traducerentur.
538 1170 734 1220 gravius,
762 1169 914 1220 inquit,
939 1169 1224 1207 hallucinatur
1246 1169 1454 1219 Cellofius,
1481 1171 1556 1220 qui
1571 1169 1625 1207 ab

169 1239 348 1276 expansa
373 1233 411 1262 et
433 1233 661 1277 exporrecta
689 1227 778 1263 eius
787 1227 954 1275 forma,
985 1226 1124 1277 qualis
1139 1233 1196 1263 est
1215 1227 1360 1274 soleae,
1389 1227 1452 1262 sic
1468 1226 1625 1263 dictum

165 1289 309 1333 putat,
346 1283 468 1333 quasi
491 1282 682 1335 profanis*
708 1283 829 1319 soleis
854 1289 891 1319 et
912 1296 994 1319 non
1018 1282 1168 1319 solutis
1198 1283 1480 1321 calceamentis
1515 1290 1623 1320 terra.

168 1345 314 1376 sancta
330 1337 530 1376 calcanda
536 1339 663 1387 foret.
701 1337 770 1376 hic
787 1351 884 1377 vero
902 1351 1036 1376 merus
1054 1344 1113 1376 est
1128 1351 1271 1376 succus
1286 1338 1472 1388 loliginis.
1511 1338 1624 1389 quid,

170 1394 334 1445 amabo,
363 1395 492 1433 soleae
512 1395 640 1433 forma
656 1394 704 1432 ad
723 1394 823 1433 sacri
840 1394 919 1433 loci
938 1394 1313 1433 contaminationem
1332 1394 1531 1446 pertinet?
1572 1408 1624 1433 an

171 1464 306 1490 omnes
335 1452 463 1489 soleae
488 1451 706 1503 profanae?
736 1451 852 1488 etiam
881 1450 973 1489 illae
1000 1450 1145 1502 quibus
1160 1450 1367 1502 pontifices
1383 1451 1504 1488 sacris
1522 1464 1623 1502 ope-

168 1514 303 1547 rantes
321 1509 397 1546 rite
416 1514 581 1546 utuntur
603 1507 865 1546 ecclesiastica
882 1507 1156 1545 benedictione
1175 1506 1368 1546 sacratis?
1398 1507 1532 1545 videat
1550 1520 1623 1545 au..

167 1571 247 1602 tem
267 1564 335 1615 qui
354 1564 555 1616 piaculum
575 1570 691 1616 putat
715 1564 763 1601 ad
787 1564 1062 1616 explicandam
1079 1563 1245 1614 figuram
1263 1563 1344 1601 loci
1359 1563 1461 1601 sacri
1478 1563 1537 1600 uti
1559 1563 1622 1601 si-

167 1620 394 1659 militudine
416 1621 566 1670 soleae,
593 1620 692 1672 quid
711 1633 801 1658 eum
822 1626 992 1659 statuere
1008 1620 1060 1658 sit
1082 1633 1326 1672 consequens
1346 1619 1394 1658 de
1413 1620 1621 1659 Innocen-

166 1677 227 1715 tio
247 1677 382 1715 Tertio
406 1683 521 1730 pont.
539 1691 669 1725 max.‚
701 1677 768 1728 qui
791 1677 819 1714 l.
842 1682 865 1719 1
887 1676 1169 1728 Mysteriorum
1197 1676 1356 1724 Missae,
1387 1690 1423 1716 c.
1442 1675 1517 1726 35,
1547 1689 1621 1727 per

96 1754 103 1761 ·
168 1733 474 1771 calceamentum
492 1734 638 1785 pedum
656 1733 866 1784 significari
887 1733 1002 1772 docet
1020 1739 1315 1771 sacrosanctum
1337 1731 1627 1771 incarnationis

166 1789 280 1827 verbi
298 1790 552 1841 mysterium,
581 1803 655 1842 per
671 1790 775 1840 quod
794 1789 850 1827 ait
867 1788 983 1827 deum
1004 1791 1049 1827 in
1067 1789 1223 1828 Iudaea
1247 1796 1410 1838 notum,
1439 1796 1474 1826 et
1498 1790 1621 1830 cuius

167 1848 212 1884 in
235 1846 367 1884 Israel
387 1860 581 1898 magnum
614 1860 772 1896 nomen,
803 1849 847 1883 in
870 1845 1111 1884 Idumaeam
1135 1844 1349 1884 extend-'sse
1371 1846 1621 1883 calceamen-

166 1909 255 1940 tum
283 1916 414 1944 suum.
472 1909 513 1941 at
539 1903 654 1941 etiam
685 1916 735 1941 ex
765 1903 956 1941 modestia
985 1901 1143 1940 cellotii
1173 1915 1314 1940 censor
1335 1902 1463 1952 idem,
1499 1914 1620 1952 quem

164 1958 329 1997 honoris
355 1973 471 1997 causa
493 1959 612 1997 modo
632 1973 711 1998 non
733 1961 920 2009 nomino,
949 1972 999 1998 ex
1023 1958 1235 2007 modestia,
1264 1958 1446 2009 inquam,
1474 1957 1620 1996 lauda*

164 2015 236 2053 bili
255 2016 409 2053 Cellotii
429 2016 674 2054 occasionem
697 2016 836 2068 arripit
858 2016 892 2054 ei
910 2015 1158 2055 acerbissime
1174 2015 1415 2063 insultandi,
1443 2014 1536 2052 dum
1556 2013 1615 2051 sic

165 2071 326 2110 scribit}
346 2071 450 2123 quid
467 2074 598 2125 igitur
615 2072 752 2111 solea?
779 2074 1002 2123 interrogat
1018 2086 1060 2108 se
1078 2074 1211 2123 ipsum
1228 2071 1448 2109 e‘elhatcizw.
1477 2069 1616 2106 haeret

165 2127 265 2166 mihi
291 2141 410 2178 aqua,
439 2127 669 2180 respondet:
698 2128 864 2167 turbida
884 2136 942 2169 est
960 2135 1081 2178 certe,
1111 2141 1229 2165 coeno
1249 2134 1284 2164 st
1302 2127 1387 2164 solo
1408 2133 1445 2163 et
1473 2123 1615 2163 serdi-

167 2182 235 2221 dis·
263 2185 350 2221 eius
373 2185 492 2221 soleis
509 2187 753 2236 profanata.
806 2184 904 2224 haec
930 2183 1148 2222 catholicus
1173 2189 1212 2221 et
1236 2182 1444 2233 religiosus
1472 2194 1612 2220 sacer—

166 2241 239 2278 dos
269 2239 318 2277 de
346 2239 543 2279 catholico
571 2248 609 2279 et
631 2242 818 2292 religioso
843 2239 1223 2287 sacerdote-scribit3
1253 2252 1352 2290 quae
1372 2239 1404 2277 si
1421 2238 1614 2276 adversus

165 2296 413 2334 Haereticum
438 2302 508 2335 aut
532 2297 853 2337 Mahumetanum
881 2298 1162 2345 scriberentur,
1189 2309 1261 2347 U}
1278 2294 1458 2334 excusari
1474 2295 1524 2332 ab
1545 2294 1615 2332 in-

165 2353 410 2390 humanitate
444 2360 614 2404 possent.
670 2360 865 2393 caeterum
903 2360 1059 2406 praeter
1090 2358 1231 2392 votum
1259 2351 1342 2390 tam
1365 2350 1614 2389 stomachose

166 2409 318 2447 censori
343 2410 507 2461 contigit
531 2416 580 2448 ut
603 2423 706 2461 quae
727 2412 895 2449 Iesuitae
917 2411 1085 2449 libenter
1107 2408 1304 2460 infligebat
1319 2408 1432 2446 haud
1444 2419 1613 2459 parcens

165 2465 354 2516 verbera,
380 2466 424 2507 in
441 2479 532 2504 eum
546 2480 662 2519 quem
680 2467 974 2507 minimevellet
989 2465 1206 2515 resilirent,
1231 2465 1502 2504 amicissimum
1522 2464 1608 2510 sibi,

166 2522 279 2561 nobis
307 2529 348 2561 et
372 2523 525 2562 cunctis
548 2523 688 2562 merito
713 2537 784 2562 suo
815 2529 958 2575 caput,
982 2522 1284 2561 ilhistdssimum
1304 2521 1510 2568 Allatium,
1539 2519 1611 2569 qui

166 2579 386 2617 doctissima
407 2580 678 2619 dissertatione
697 2579 746 2618 de
765 2581 866 2618 solea
879 2609 891 2629 ,
918 2593 968 2618 ex
986 2592 1064 2630 qua
1086 2578 1297 2631 plurimum
1319 2577 1527 2631 profecisse
1544 2587 1608 2612 me

163 2635 278 2673 initio
305 2650 391 2674 sum
416 2636 635 2687 professus,
663 2636 746 2675 eius
763 2637 947 2688 originem
970 2635 1138 2674 nominis
1155 2648 1361 2686 quaerenS,
1389 2648 1468 2672 non
1490 2631 1610 2678 male,

165 2691 315 2742 inquit,
345 2694 466 2730 etiam
493 2706 521 2729 a
547 2695 682 2742 solea,
712 2707 794 2731 non
819 2701 866 2731 ut
892 2692 1095 2744 crepidam
1118 2700 1261 2742 sonat,
1287 2703 1536 2744 quamquam
1557 2687 1614 2725 ab

166 2761 214 2785 ea
237 2762 392 2801 quoque
417 2763 497 2787 non
522 2751 754 2790 inconcinne
780 2749 864 2788 diei
888 2751 1096 2803 quispiam
1113 2756 1357 2788 autumaret.
1411 2745 1511 2784 haec
1523 2744 1614 2793 ille3

166 2804 308 2854 quibus
340 2805 471 2844 omnia
499 2805 567 2845 illa
597 2807 758 2858 quaein
778 2807 985 2846 cellotium
1006 2806 1156 2858 pariter
1169 2805 1281 2854 loqui
1299 2818 1437 2843 ausum
1458 2805 1611 2840 intorta

165 2860 335 2907 vidimus
363 2862 549 2914 fulmina,
577 2863 617 2902 in
645 2877 759 2903 suum
786 2870 906 2916 caput
934 2863 1142 2903 attraxisse
1172 2862 1301 2902 videri
1328 2866 1508 2914 poterat,
1534 2858 1612 2896 nisi
