1884 3262
261 201 356 247 354
675 199 907 243 GEORGII
941 200 1287 245 PACHYMERIS

257 308 288 370 ᾧ
307 311 364 366 μὴ
385 310 503 352 πλέον
524 313 747 364 προβῆναι·
781 310 886 364 μηδὲ
902 309 978 366 γὰρ
999 310 1154 354 ἀνυστά
1171 315 1237 354 καὶ
1262 315 1503 358 ἐπικίνδυνα.
1570 310 1702 363 οὕτως

257 378 429 433 ε’χόντων
450 378 602 433 γίνεταί
622 394 660 419 τι
682 379 748 420 καὶ
777 377 876 420 ἄλλο
908 376 1065 431 δεινόν,
1112 378 1134 422 ὃ
1167 380 1218 435 δὴ
1249 383 1314 422 καὶ
1344 384 1398 431 εἰς
1424 381 1608 436 ὑποψίαν
1629 383 1704 435 ἒμ-

253 445 392 499 βᾶλλει
426 449 536 501 σφᾶς
571 449 643 488 τοῦ
673 447 739 488 καὶ
769 444 951 501 πρόσθεν
988 446 1126 496 ι’όντας
1156 452 1305 490 παθεῖν
1336 449 1386 491 τὰ
1401 451 1595 505 χείριστα.
1664 449 1703 492 οἱ

253 514 329 569 γὰρ
351 513 424 568 τὴν
445 510 584 567 χώραν
605 513 854 572 ἕπῳκημένοι
880 513 983 556 κατὰ
1004 515 1143 568 στίχας
1171 513 1298 565 ἰόντες
1329 516 1544 572 ἐφίσταντο
1566 521 1700 570 καθη-

252 581 387 635 μένοις
412 578 630 633 πολλάκις,
668 583 735 623 καὶ
757 579 893 636 ἑώρων
911 580 964 631 ὥς
987 581 1163 624 ἄλλοθέν
1179 601 1256 625 που
1278 582 1473 637 ἣκοντας·
1509 586 1623 639 σφίσι
1645 584 1690 626 δ’
1707 591 1727 625 5

255 645 304 703 ἦν
344 649 494 698 σκοπὸς
521 656 768 706 παρατηρεῖν
797 649 847 691 τὰ
881 650 1063 701 ἐκείνων,
1108 650 1179 705 ἐφ’
1205 645 1311 709 ᾧπερ
1332 654 1398 693 καὶ
1420 651 1562 701 νυκτὸς
1585 652 1701 694 ἔπελ-

205 722 235 756 Β
259 715 404 766 θόντες
423 714 652 771 συλήσειαν.
723 715 744 759 ὃ
773 717 821 772 δὴ
850 719 914 759 καὶ
943 717 1037 770 μετ’
1076 717 1208 772 ὀλίγον
1237 717 1434 772 λαμβάνει
1461 721 1595 769 τέλος·
1631 737 1703 761 νυ-

254 785 347 834 κτὸς
367 785 444 840 γὰρ
466 782 637 834 ἐπιόντες
661 782 817 843 ἀψόφῳ
847 786 939 827 ποδὶ
960 784 1055 834 τούς
1075 786 1232 829 ἐκείνων
1255 788 1405 837 ἵππους
1430 791 1605 839 συλῶσι,
1636 789 1702 829 καὶ

254 848 437 910 ᾗποδῶν
474 850 601 906 εἶχον,
640 852 901 908 ἀφανίζουσιν
935 851 1119 902 ἑαυτούς.
1189 854 1226 897 οἳ
1253 854 1295 896 δ’
1334 853 1415 908 ἅμ’
1447 856 1499 912 ἕῳ
1533 856 1598 897 καὶ
1624 851 1698 896 ὕπ’

256 921 382 976 αὐγὰς
401 922 636 975 γνωρίζουσι
658 921 731 974 μὲν
752 920 799 963 τὸ
822 920 1029 976 πραχθέν,
1069 923 1230 975 ζητοῑσι
1259 923 1303 964 δὲ
1321 923 1415 972 τοὺς
1442 919 1700 978 δεδρακότας.
1716 931 1757 963 10

257 988 360 1031 ἀλλὰ
385 990 545 1043 ζητοῦσι
561 986 736 1041 μάταιος
755 983 804 1042 ἦν
823 986 846 1042 ἦ
869 986 1026 1042 σπουδή
1040 999 1050 1008 ”
1089 988 1180 1031 οὔτε
1199 989 1275 1044 γὰρ
1297 988 1401 1044 εἶχον
1419 996 1574 1043 μαθεῖν
1593 989 1699 1044 παρ’

257 1057 414 1098 ἐκείνων
432 1055 527 1104 τοὺς
545 1055 763 1111 σφετέρους
782 1053 1043 1097 ἕπειλυόντων
1056 1087 1069 1106 ,
1109 1059 1175 1097 καὶ
1197 1057 1242 1098 τὸ
1264 1060 1490 1111 δραστικῶς
1512 1055 1702 1108 ἐξετάζειν

254 1126 319 1166 καὶ
355 1123 539 1166 ἀπαιτεῖν
569 1122 616 1165 οὐ
644 1120 877 1177 συνῦνεγκε,
913 1121 968 1176 μὴ
999 1124 1064 1164 καὶ
1087 1123 1206 1165 πλέον
1226 1124 1496 1179 ἐπισυμβαίη,
1535 1123 1703 1179 ἀνθρώ-

213 1206 242 1239 c
266 1209 354 1240 ποις
371 1192 443 1244 μὲν
463 1190 536 1245 τὴν
553 1190 662 1232 ἰδέαν
683 1191 844 1246 θηρίοις
860 1190 903 1231 δὲ
921 1189 990 1232 τὸν
1009 1188 1159 1244 τρόπον
1177 1191 1526 1247 παρεμπεσόντων.
1593 1192 1704 1244 ὅμως

257 1266 341 1307 τοῖς
373 1259 528 1300 ἐκείνων
557 1257 726 1313 ἄρχουσι
753 1255 1002 1312 χρησάμενοι
1032 1259 1088 1306 εἷς
1114 1257 1315 1311 βοήθειαν
1352 1259 1573 1317 (μηδὲγὰρ
1603 1259 1701 1313 ἔχειν
1715 1267 1757 1305 15

258 1326 368 1374 ὅπως
389 1327 456 1366 καὶ
477 1324 716 1379 κινηθεῖεν),
755 1329 836 1366 τῶν
870 1322 1106 1377 κρειττόνων
1127 1326 1262 1368 ἵππων
1292 1325 1562 1370 ἀπολωλότων
1591 1327 1704 1370 ἄντι-

258 1391 495 1448 σηκούμενοι
514 1398 598 1441 τοῖς
619 1396 692 1446 τῆς
706 1388 845 1445 χώρας
862 1391 934 1433 οὐκ
955 1391 1024 1432 ἐπ’
1049 1391 1171 1445 ἴσων,
1207 1392 1300 1434 ἀλλ’Ὶ
1334 1394 1428 1435 οὐδ’
1462 1393 1596 1449 ἐγγύς,
1629 1411 1704 1446 με-

258 1458 515 1504 ταναστεύειν
539 1461 593 1508 εἷς
624 1458 846 1502 τοῦπισθεν
883 1457 1157 1511 ἐβουλεύοντο.
1238 1462 1304 1502 καὶ
1333 1460 1382 1515 δὴ
1422 1459 1598 1516 δοξάσης
1630 1465 1705 1514 τῆς

257 1534 411 1585 βουλῆς
429 1527 592 1583 ἀγαθῆς
613 1529 679 1569 καὶ
705 1525 971 1582 συνοισούσης
1001 1527 1119 1570 πλέον
1140 1526 1164 1582 ἢ
1193 1527 1274 1582 μὴν
1294 1526 1561 1585 βλαψούσης,
1599 1526 1704 1586 πρύ-

352 1661 404 1695 12.
429 1657 651 1695 ἐπιλυόντων
672 1659 711 1694 Ρ.
851 1660 903 1694 18.
928 1656 1000 1704 δὴ]
1024 1657 1075 1705 μή
1101 1659 1142 1694 Ρ.

259 1760 378 1797 fraude
401 1761 517 1806 pedem
539 1761 653 1795 statim
675 1761 826 1803 referre,
850 1762 1052 1806 tandemque
1073 1760 1204 1806 imperii
1227 1760 1357 1802 honori,
1378 1760 1612 1807 imperatoriae
1633 1760 1704 1796 vit-

259 1807 347 1852 ginis
371 1806 524 1851 dignitati
540 1806 709 1851 salutique
733 1807 931 1841 consulere?
953 1807 1035 1841 talia
1057 1806 1125 1840 illis
1147 1806 1410 1841 deliberantibus
1436 1811 1472 1840 et
1494 1808 1604 1841 adhuc
1626 1817 1704 1840 sen-

259 1852 388 1887 tentiae
420 1851 558 1885 incertis
588 1851 784 1896 supervenit
819 1852 1008 1897 quidpiam,
1037 1863 1103 1897 quo
1134 1852 1340 1898 suspiciones
1373 1851 1408 1885 in
1440 1857 1562 1886 metum
1584 1855 1621 1886 et
1642 1862 1705 1886 ex-

260 1899 484 1944 pectationem
509 1900 722 1931 verterentur
745 1901 873 1931 certam
905 1908 1008 1940 grave
1039 1897 1198 1942 quiddam
1228 1902 1264 1931 et
1296 1897 1434 1931 exitiale
1465 1896 1642 1942 patiendi,
1674 1896 1704 1931 si

261 1954 361 1989 porro
395 1946 597 1987 pergerent,
625 1941 788 1986 siquidem
818 1942 948 1976 incolae
979 1943 1125 1986 regionis
1146 1953 1208 1987 per
1238 1947 1365 1976 turmas
1387 1943 1585 1976 accedentes
1606 1953 1704 1976 rece-

262 1989 465 2033 dentesque,
489 1988 546 2021 ubi
569 1987 714 2021 cominus
736 1992 937 2031 aspexerant
958 1987 1090 2021 minime
1111 1987 1266 2021 familiari
1287 1988 1400 2029 vultu,
1423 1999 1464 2022 ac
1486 1987 1535 2021 sic
1556 1987 1703 2032 speciem

263 2035 461 2087 praebentes
483 2033 629 2066 euntium
651 2038 932 2077 praeoccupatum
953 2032 1082 2066 insidiis
1104 2033 1232 2074 locum,
1255 2033 1343 2066 unde
1366 2038 1468 2067 noctu
1490 2037 1704 2078 erumpentes

262 2084 424 2124 unpetnm
447 2079 597 2112 facerent
617 2078 651 2111 in
677 2078 891 2122 peregrinos,
913 2089 1053 2123 quorum
1076 2078 1143 2112 iter
1172 2078 1403 2123 explorassent
1433 2082 1468 2112 et
1497 2090 1597 2124 quam
1619 2078 1705 2112 mul·
1724 2084 1727 2085 ’

263 2130 333 2159 tum
356 2123 504 2170 praedae
525 2124 700 2157 traherent
719 2123 889 2168 praesenti
912 2126 1093 2168 conspectu
1125 2124 1385 2165 observassent,
1414 2124 1620 2158 formidinem
1644 2134 1706 2158 no-

264 2170 344 2204 stris
367 2170 603 2210 admoverunt,
625 2180 712 2214 quae
736 2168 803 2202 cito
825 2169 860 2202 in
883 2168 1030 2203 dolorem
1052 2168 1196 2203 transiit.
1242 2181 1318 2203 nam
1339 2180 1404 2203 non
1425 2170 1478 2203 ita
1500 2169 1603 2203 multo
1627 2171 1706 2214 post

263 2215 418 2249 nocturni
438 2218 650 2258 grassatores
676 2214 759 2248 clam
781 2214 932 2259 appulsi,
962 2214 1049 2259 pede
1081 2226 1242 2259 suspenso
1275 2226 1402 2249 summa
1434 2226 1515 2248 cura
1542 2218 1613 2249 stre
1636 2215 1704 2248 itus

263 2260 416 2300 vitandi,
439 2271 542 2305 equos
565 2265 754 2294 nostrorum
777 2261 987 2294 abduxerunt
1018 2263 1053 2293 et
1086 2271 1159 2293 cum
1192 2260 1232 2293 iis
1265 2272 1363 2305 quam
1395 2260 1584 2304 longissime
1620 2271 1705 2304 uge-

265 2310 352 2339 runt.
397 2305 539 2339 Romani
565 2306 627 2339 sub
651 2316 804 2339 auroram
824 2306 915 2339 furto
937 2305 1051 2350 agnito
1074 2310 1240 2351 quaerunt
1261 2309 1416 2339 auctores
1438 2306 1542 2346 facti,
1577 2305 1621 2339 de
1642 2305 1704 2340 ob-

263 2350 327 2384 viis
350 2354 587 2394 percontantes
610 2350 728 2395 ecquid
752 2350 866 2385 horum
889 2355 1034 2385 nossent.
1081 2351 1140 2384 sed
1163 2362 1283 2385 vanum
1305 2351 1436 2385 scilicet
1456 2350 1598 2385 studium
1629 2352 1705 2385 erat

265 2395 380 2430 indicii
402 2396 650 2440 testimoniique
673 2396 871 2440 corrogandi
893 2407 913 2430 a
943 2396 1085 2431 consciis
1107 2397 1217 2430 furum
1239 2396 1274 2431 in
1297 2407 1375 2442 suos
1396 2396 1542 2441 ipsorum
1565 2395 1705 2442 popula-

265 2451 321 2476 res
353 2440 546 2485 sociosque‚
579 2452 718 2485 quorum
749 2441 971 2487 rapacitatem
1000 2442 1087 2476 haud
1111 2442 1210 2486 paulo
1242 2441 1402 2476 imitaturi
1425 2441 1582 2476 libentius
1603 2451 1702 2486 quam

267 2486 459 2520 accusaturi
480 2486 682 2522 viderentur.
729 2486 845 2532 itaque
873 2488 1019 2532 prudens
1050 2487 1222 2521 consilium
1254 2487 1319 2521 fuit
1350 2499 1420 2521 rem
1442 2487 1542 2522 istam
1563 2497 1630 2520 non
1650 2485 1705 2520 ni-

267 2531 365 2566 mium
386 2541 530 2575 urgere,
561 2543 603 2566 ne
634 2531 701 2565 ista
721 2531 797 2575 ipsa
819 2532 978 2567 instantia
998 2533 1134 2567 irritata
1155 2544 1238 2576 gens
1259 2533 1423 2574 barbara,
1452 2530 1629 2566 belluinam
1649 2531 1704 2566 fe-

266 2577 403 2612 ritatem
444 2577 585 2611 humana
624 2578 736 2610 celans
769 2578 882 2622 specie
898 2602 909 2619 ‚
949 2578 1046 2624 peius
1079 2578 1203 2623 aliquid
1242 2578 1470 2623 funestiusque
1498 2575 1703 2621 designaret.

267 2628 381 2656 tamen
411 2632 454 2655 ne
484 2621 563 2667 quid
592 2621 790 2656 intentatum
823 2623 1067 2669 relinquerent,
1105 2623 1320 2668 magistratus
1349 2623 1493 2657 locorum
1525 2621 1703 2665 adierunt,

267 2672 427 2711 rogantes
449 2670 488 2701 nt
509 2677 612 2711 equos
634 2666 698 2701 sibi
722 2668 854 2702 restitui
878 2674 1054 2711 curarent,
1080 2669 1151 2704 sine
1172 2669 1293 2714 quibus
1315 2667 1502 2703 institutum
1524 2667 1568 2700 ad
1590 2678 1704 2711 regem

267 2712 414 2758 ipsorum
435 2712 504 2746 iter
525 2712 689 2758 perficere
711 2713 899 2757 nequirent.
942 2726 1057 2749 verum
1081 2715 1124 2749 ab
1155 2714 1208 2748 his
1232 2714 1312 2748 nihil
1334 2713 1422 2748 aliud
1445 2713 1619 2758 impetrari
1641 2723 1704 2759 po-

266 2757 335 2792 tuit
355 2757 419 2792 nisi
440 2762 479 2792 ut
499 2769 603 2803 equos
623 2757 706 2802 ipsis
729 2757 875 2802 regionis
907 2759 998 2803 eius,
1030 2760 1120 2795 nulla
1151 2762 1251 2804 parte
1283 2769 1356 2794 cum
1379 2757 1507 2792 amissis
1530 2769 1704 2803 compara-

265 2803 374 2849 biles,
406 2803 581 2839 ofl'errent.
621 2814 709 2849 quae
732 2803 886 2838 videntes
914 2805 1021 2840 nostri
1049 2806 1093 2840 ad
1125 2805 1296 2840 consilinm
1325 2803 1460 2839 tandem
1489 2802 1526 2838 in
1556 2814 1702 2850 proram,
