1846 3262
245 210 310 256 28
658 210 895 255 GEORGII
935 211 1286 256 PACHYMERIS

243 324 400 369 τελέσαι
421 325 722 381 μυσταγωγίαν.
795 324 852 376 ὥς
869 330 967 381 γοῦν
990 324 1218 383 ἐπέφωσκεν
1248 324 1274 381 ἦ
1304 324 1436 382 ἡμέρα
1452 326 1519 368 καὶ
1538 325 1612 375 τὰς
1634 342 1704 368 νο-

242 395 460 449 μιζομένας
493 392 604 449 ὥρας
637 397 814 437 διελθεῖν
845 395 1005 449 ἔμελλεν
1037 393 1057 437 ὁ
1081 394 1286 451 ἀρχιερεὺς
1314 394 1386 452 ἐφ’
1410 388 1443 453 ᾧ
1467 391 1704 450 λειτουργή-

243 480 345 514 σειε,
384 462 498 517 σιγὴν
528 463 601 517 μὲν
632 462 866 518 ἐπισκήπτει
891 470 976 514 τοΐς
1010 464 1188 515 ἔξωθεν,
1229 463 1352 513 αὐτὸς
1383 465 1428 506 δὲ
1448 464 1552 506 κατὰ
1573 461 1705 516 μόνας

242 530 381 585 ὡμίλει
401 535 487 589 θεῷ
502 565 513 583 ,
551 534 617 574 καὶ
639 533 714 582 τὰς
734 531 927 588 συνήθεις
943 535 1009 575 καὶ
1030 531 1339 588 προτελεστικὰς
1366 532 1485 586 εὐχὰς
1503 532 1606 586 μεθ’
1641 530 1703 574 ὅτι

242 601 434 655 πλείστης
454 599 646 644 ἀπεδίδου
675 606 749 656 τῆς
776 601 960 657 ἡσυχίας.
1030 600 1121 645 τότε
1155 601 1205 656 δὴ
1233 600 1324 645 τότε
1351 602 1503 656 λέγεται
1532 600 1739 643 ἀκοῦσαι5

240 674 380 726 φωνῆς
404 673 478 723 τῆς
495 669 623 725 αὐτῆς
644 671 792 714 ἐκεῖνον
814 674 856 714 ἐκ
876 673 1040 726 τρίτου,
1070 671 1145 725 οὐχ
1164 670 1251 725 ἅμα
1282 669 1378 713 ἀλλ’
1405 671 1446 711 ἐν
1473 673 1531 727 τῷ
1551 667 1704 723 μεταξὺ

120 749 149 782 Ρ
178 748 219 783 15
244 742 389 795 καιροῦ
421 740 710 789 διαλείποντος.
781 743 847 782 καὶ
881 739 906 794 ἡ
935 740 1051 797 φωνὴ
1082 741 1224 790 λέξεως
1249 739 1297 782 οὗ
1329 736 1564 793 συνήθους,
1609 737 1704 780 οὔτε

239 807 321 864 μὴν
343 807 416 861 οὐχ
436 805 544 857 ὅπως
566 806 798 864 Ἑλληνική,
835 808 931 852 ἀλλ’
956 809 1054 852 οὐδέ
1067 827 1143 852 τινι
1166 808 1283 868 ἑτέρᾳ
1302 804 1467 864 γλώσσῃ
1487 804 1704 862 προσήκειν

243 879 448 920 δοκοῦσα·
485 887 684 916 ΜΑΡΠΟΓ
701 878 777 934 γὰρ
801 879 979 934 ἐλέγετο,
1018 880 1084 921 καὶ
1105 878 1226 920 πλέον
1262 877 1335 920 οὐκ
1362 871 1427 931 ἦν.
1498 875 1571 932 ἐφ’
1593 869 1626 933 ᾧ
1648 874 1700 929 δὴ

240 943 523 999 θαυμάσαντα
551 948 623 989 τὸν
646 945 833 1003 ἀρχιερέα
864 946 991 996 εὐθὺς
1020 951 1262 1002 προσελθεῖν
1292 949 1350 1004 τῷ
1394 946 1698 998 Θεσσαλονίκης
1712 951 1760 986 10

243 1013 285 1073 (ὅ
305 1012 547 1065 Δισύπατος
569 1012 619 1071 ἧν
642 1015 868 1072 Μανουὴλ)
900 1018 967 1058 καὶ
998 1015 1233 1072 ἀπαγγεῖλαι
1257 1014 1369 1063 ὅπως
1385 1031 1426 1055 τε
1455 1014 1629 1067 σταθειή
1648 1013 1705 1061 εἲς

242 1083 317 1139 τὴν
340 1084 434 1138 μετ’
470 1087 718 1142 ψαλμῳδίας
751 1087 936 1139 ἐντυχίαν
964 1089 1091 1138 θεοῦ,
1130 1086 1196 1127 καὶ
1217 1083 1324 1133 ὅπως
1345 1079 1587 1137 ἀπροόπτως
1605 1081 1702 1136 ἀφί-

242 1170 354 1195 κοιτο
383 1150 408 1208 ἦ
441 1151 583 1209 φωνή,
625 1155 866 1211 λογιζομένῳ
896 1156 985 1209 περὶ
1015 1148 1071 1196 ὧν
1103 1154 1336 1208 λογίζεσθαι
1370 1151 1463 1206 ἔφη.
1534 1151 1602 1192 καὶ
1630 1148 1700 1205 ἐφ’

192 1228 223 1263 Β
249 1221 385 1264 ἱκανὸν
404 1221 478 1276 τὴν
499 1222 603 1273 λέξιν
632 1221 911 1277 σκεψάμενον,
961 1221 1008 1264 τὸ
1037 1222 1201 1276 συμβὰν
1222 1223 1284 1263 ἐπὶ
1304 1220 1350 1263 τὸ
1372 1217 1498 1262 πάλαι
1516 1226 1705 1257 ΒΕΚΛΑΣ

243 1294 382 1343 λαβεῖν
413 1292 476 1332 ἐπὶ
509 1296 737 1347 λογισμῶν,
772 1293 842 1333 καὶ
873 1291 925 1333 τὰ
954 1298 1132 1345 στοιχεῖα
1160 1295 1235 1345 τῆς
1254 1290 1397 1339 λέξεως
1414 1286 1703 1338 &marusa-rw
1715 1293 1759 1329 15

242 1358 448 1415 ἅριδήλως
478 1357 606 1416 φάναι
637 1360 711 1414 τὴν
739 1361 951 1413 βασιλείαν
974 1358 1184 1413 Ῥωμαίων
1214 1363 1273 1416 τῷ
1306 1354 1580 1414 Παλαιολόγῳ
1598 1374 1706 1411 μνη-

243 1426 488 1470 στεύεσθαι·
533 1429 708 1484 Μιχαὴλ
754 1429 832 1486 γὰρ
857 1427 981 1479 Ἄναξ
1006 1427 1216 1481 Ῥωμαίων
1243 1424 1530 1481 Παλαιολόγος
1558 1425 1706 1475 Ὀξέως

239 1493 575 1552 “Υμνηθήσεται,
608 1496 662 1548 ὥς
681 1497 808 1554 ἔλεγε,
846 1497 921 1552 τὴν
941 1497 1045 1548 λε’ξιν
1073 1499 1238 1552 δηλοῦν.
1309 1498 1384 1539 εἶσὶ
1403 1494 1444 1536 δ’
1475 1496 1616 1543 οἵτινες
1637 1493 1705 1535 λέ-

241 1581 357 1621 γουσι
383 1564 486 1619 μήτε
504 1567 575 1609 τὸν
594 1569 832 1624 Δυρραχίου
851 1570 1024 1608 τοιαῦτα
1043 1565 1216 1609 ἀκοῦσαι
1236 1562 1339 1620 μήτε
1360 1563 1431 1606 τὸν
1453 1562 1705 1606 Θεσσαλονί-

243 1651 316 1688 κης
338 1639 510 1676 τοιαῦτα
531 1634 846 1692 φοιβάσασθαι,
885 1635 988 1678 ἀλλὰ
1009 1634 1139 1691 σοφὸν
1170 1635 1318 1677 ἐκεῖνον
1348 1633 1471 1684 ὄντα,
1517 1633 1584 1674 καὶ
1612 1631 1760 1687 mulso

195 1707 225 1741 O
249 1700 443 1752 τοιαύτας
469 1703 640 1758 βίβλους
666 1705 715 1746 αἳ
740 1704 791 1760 δὴ
830 1705 896 1746 καὶ
926 1705 1138 1757 βασιλείας
1169 1705 1210 1752 ἐς
1242 1702 1409 1745 τούπιὸν
1437 1702 1704 1743 διατυποῦσιν

243 1771 513 1826 ἐπτοημένου,
551 1771 877 1829 φιλοπονώτερον
899 1774 1124 1829 ἐρευνῶντα
1147 1772 1237 1828 περὶ
1263 1768 1460 1814 τοιούτων
1481 1768 1705 1824 ἐγνωκέναι.

335 1878 369 1915 4.
392 1875 475 1924 ὅτι]
501 1879 582 1917 οἷον
604 1882 647 1918 P.
787 1883 841 1918 19.
865 1879 952 1926 τὸν]
977 1882 1046 1919 τοῦ
1068 1881 1110 1916 Ρ.

243 1974 284 2005 ut
306 1971 415 2016 igitur
445 1971 666 2008 illucescente
696 1974 752 2008 die
785 1977 895 2009 statas
917 1986 957 2008 ac
983 1975 1149 2008 solemnes
1170 1973 1274 2007 horas
1297 1983 1520 2017 percurrere,
1551 1970 1701 2005 divinam

245 2019 402 2052 facturus
426 2030 508 2061 rem,
534 2021 660 2064 coepit,
685 2021 854 2055 silentium
878 2021 1000 2055 indicit
1024 2021 1163 2066 populo,
1186 2019 1344 2063 solusque
1367 2029 1479 2052 secum
1502 2019 1578 2062 ipse
1601 2017 1702 2050 deum

243 2063 472 2099 intentissime
495 2065 679 2110 alloquens,
705 2078 791 2111 quae
814 2072 894 2102 ante
919 2066 1121 2101 sacrificium
1145 2066 1211 2099 rite
1235 2064 1334 2098 fundi
1351 2068 1598 2098 consueverunt
1622 2075 1704 2108 pre-

245 2121 305 2143 ces
329 2122 455 2145 summa
477 2112 727 2156 tranquillitate
749 2113 928 2148 recitabat.
976 2118 1046 2147 tum
1069 2112 1239 2146 enimvero
1261 2122 1378 2144 vocem
1401 2110 1574 2144 inaudisse
1596 2109 1702 2143 tertio

244 2155 386 2190 eandem
410 2157 600 2192 intermisso
625 2163 778 2203 tempore
809 2158 946 2194 dicitur.
995 2163 1070 2193 erat
1102 2165 1212 2192 antem
1237 2168 1303 2190 vox
1325 2156 1460 2191 insueta
1483 2156 1603 2201 plane,
1627 2155 1702 2189 nul·

243 2202 311 2236 lius
335 2203 447 2237 affinis
470 2208 571 2237 notae
595 2203 749 2247 linguae,
774 2205 896 2239 nedum
917 2206 1084 2239 Graecae.
1134 2214 1276 2237 Mnu‘ov
1300 2203 1453 2236 nimirum
1487 2200 1702 2247 pronuntiari

245 2248 429 2291 audiebat,
453 2253 489 2283 et
514 2250 597 2283 nihil
621 2250 724 2284 aliud.
771 2250 861 2295 quod
885 2251 1020 2296 praesul
1044 2250 1249 2290 admiratus,
1273 2248 1388 2283 statim
1413 2247 1702 2282 Thessalonicen·

246 2304 317 2327 sem
342 2295 504 2328 convenit
526 2296 576 2340 (is
599 2301 675 2330 erat
694 2296 880 2341 Disypatus
904 2297 1082 2340 Manuffl),
1119 2296 1221 2341 eique
1246 2295 1381 2329 nuntiat
1403 2293 1519 2339 agenti
1537 2293 1605 2327 sibi
1626 2303 1701 2327 cum

245 2339 311 2374 deo
336 2351 398 2384 per
422 2352 552 2375 sacram
577 2342 816 2387 psalmodiam,
846 2348 882 2377 et
905 2355 947 2378 ea
969 2349 1082 2377 mente
1104 2341 1255 2376 versanti
1278 2353 1367 2386 quae
1388 2351 1426 2376 se
1450 2339 1622 2385 cogitasse
1645 2350 1702 2373 re-

244 2387 399 2427 ferebat,
423 2386 557 2421 missam
581 2393 618 2422 et
649 2388 738 2424 clare
762 2389 927 2433 prolatam
951 2401 1051 2434 quam
1076 2388 1252 2423 retulimus
1274 2399 1402 2422 vocem.
1449 2397 1521 2421 eam
1545 2396 1619 2419 cum
1642 2384 1701 2419 ille

244 2430 303 2465 diu
328 2437 528 2477 attenteque
562 2434 832 2476 considerasset,
867 2434 995 2480 aliquid
1019 2435 1054 2468 in
1088 2447 1129 2469 ea
1148 2434 1257 2468 simile
1281 2434 1476 2478 suspicatus
1498 2435 1551 2465 est
1577 2442 1616 2464 ac
1639 2430 1702 2464 de—

243 2479 447 2523 prehensum
470 2479 592 2514 fuisset
616 2480 700 2514 alias
722 2481 757 2515 in
781 2481 946 2515 vocabulo
971 2480 1134 2515 divinitus
1158 2480 1289 2526 pariter
1312 2479 1405 2513 edito
1429 2488 1584 2518 nnuman
1610 2476 1701 2510 unde

245 2524 397 2568 singulas
421 2524 496 2558 eius
520 2525 630 2569 ignoti
655 2526 797 2561 nominis
821 2527 996 2561 excutiens
1019 2527 1138 2561 literas
1154 2552 1164 2568 ‚
1190 2525 1384 2571 planissime
1408 2522 1553 2558 asseruit
1575 2521 1702 2556 Roma-

246 2581 365 2603 norum
399 2570 573 2615 imperinm
607 2572 812 2617 Palaeologo
846 2573 1012 2618 promitti.
1060 2574 1121 2607 has
1156 2574 1243 2606 enim
1282 2572 1374 2606 hisce
1394 2569 1504 2604 literis
1528 2568 1702 2612 designari

246 2627 369 2650 voces:
394 2616 544 2650 Michael
569 2619 744 2662 Augustus
763 2619 986 2653 Romanorum
1006 2619 1232 2663 Palaeologus
1257 2618 1373 2662 Ocyus
1396 2614 1595 2661 Vocabitur.
1624 2617 1704 2648 sunt

247 2664 361 2695 tamen
385 2662 443 2707 qui
468 2663 585 2696 dicant
608 2665 693 2698 llaec
717 2676 826 2709 neque
850 2676 870 2699 a
897 2665 1164 2710 Dyrrhachiensi
1188 2665 1304 2698 audita
1328 2673 1437 2707 neque
1461 2673 1483 2695 a
1513 2659 1703 2695 Thessalo-

246 2707 376 2742 nicensi
400 2708 506 2742 fuisse
530 2709 642 2750 dicta,
665 2709 726 2743 sed
750 2711 840 2744 hunc
861 2710 998 2755 ingenio
1023 2716 1128 2756 atque
1151 2716 1226 2744 arte
1245 2721 1313 2744 rem
1338 2713 1442 2742 totam
1465 2710 1700 2741 commentum.

247 2758 323 2787 erat
347 2753 500 2788 nimirum
523 2755 837 2790 Thessalonicensis
869 2757 951 2790 mire
974 2756 1113 2791 deditus
1135 2756 1272 2791 lectioni
1303 2767 1343 2789 ac
1367 2751 1578 2788 meditationi
1596 2751 1703 2785 libro-

245 2809 319 2832 rum
354 2800 413 2843 qui
447 2806 554 2835 artem
584 2801 788 2846 profitentur
821 2802 996 2836 divinandi
1027 2803 1164 2837 futuras
1193 2801 1412 2848 quorumdam
1437 2798 1636 2834 evectiones
1656 2796 1703 2830 ad

244 2843 401 2891 imperia,
426 2850 567 2893 totoque
588 2847 625 2882 in
647 2847 714 2883 isto
737 2847 964 2894 qualicunque
987 2848 1135 2883 artificio
1160 2846 1415 2894 praeodorandi
1435 2850 1603 2881 eventura
1625 2843 1702 2890 plu-
