1846 3262
217 239 280 287 34
631 237 869 282 GEORGII
920 234 1278 282 PACHYMERIS

219 361 328 408 θας,
366 350 492 412 κόρην
528 349 776 410 Θεοδώραν,
812 351 864 409 ἣν
880 356 939 412 τῷ
964 349 1258 410 Ταρχανειώτῃ
1279 347 1442 412 μεγάλῳ
1465 349 1692 410 δομεστίκῳ

219 426 346 479 ε’κείνη
367 423 595 480 γεγέννηκεν
609 455 621 472 ,
656 424 711 472 εἷς
729 419 861 479 γάμον
882 420 1054 478 νόμιμον
1075 421 1320 478 ἀγαγέσθαι.
1372 423 1439 464 καὶ
1462 417 1513 477 ἦν
1534 419 1555 464 ὅ
1574 417 1694 476 λόγος

220 497 297 536 τοῦ
325 491 528 545 βασιλέως
560 491 701 542 αὐτοῖς
725 493 877 545 βεβαία
911 508 973 542 τις
1003 489 1289 548 κατεγγύησις,
1328 489 1574 542 κάντεῦθεν,
1611 490 1695 531 ἐπεὶ

222 563 288 605 καὶ
313 561 416 617 πρὰς
439 560 512 603 τὸν
531 558 663 617 γάμον
686 560 736 603 τὰ
755 559 859 617 μέρη
881 555 988 616 ἦσαν
1009 558 1277 617 συγκάταινα,
1316 556 1372 609 ὥς
1391 559 1577 616 γαμβρὸς
1598 557 1694 601 ἀνέ-

165 646 197 681 1>
224 633 299 686 δην
330 629 405 686 τὴν
433 634 508 684 τῆς
543 626 668 686 κόρης
700 630 831 672 οῗκίαν
863 628 1086 686 εἰσήρχετο.
1164 628 1271 672 ἀλλὰ
1305 626 1517 685 παρερρύη
1544 625 1726 684 χρόνοςό

222 700 358 756 ὀλίγος
382 697 403 743 ὃ
424 698 498 755 τὴν
519 699 740 754 μνηστείαν
758 699 911 754 ἐκείνην
931 700 1157 756 ἐπιμετρῶν
1167 731 1180 751 ,
1211 699 1279 741 καὶ
1301 696 1376 740 οὐκ
1403 695 1486 740 οἶδ’
1511 694 1532 740 ὅ
1554 713 1592 739 τι
1612 713 1695 738 πα-

221 768 316 812 θών
338 766 358 811 ὃ
382 772 568 825 κρατῶν,
607 767 712 822 πλὴν
731 767 826 810 ἀλλ’
849 765 873 823 ἦ
898 769 1066 819 ’ἐξουσία
1097 774 1283 824 κρεῖσσον
1312 767 1471 809 δικαίου
1484 799 1498 819 ,
1533 769 1593 824 τῷ
1619 767 1694 807 τοῦ

223 838 525 894 Καβαλλαρίου
558 836 635 895 υἱῷ
673 837 876 895 Βασιλείῳ
906 837 1054 893 εὐγενεῖ
1080 854 1122 879 τε
1157 836 1242 880 ὄντι
1274 837 1453 887 ἐξεδίδου
1485 829 1527 878 εὖ
1555 834 1698 890 γένους

223 906 398 963 ἴτ’χουσαν
417 905 490 962 τὴν
512 904 726 963 ῥηθεῖσαν.
801 904 894 949 δ’δ’
928 907 970 949 ἓν
1002 906 1229 962 εὐεργεσίας
1255 905 1367 962 μέρει
1390 904 1546 959 δέχεται
1569 903 1697 958 ἀσμέ-

224 993 305 1026 νως
322 975 370 1019 τὸ
395 975 586 1033 δωρηθέν
606 977 674 1017 καὶ
694 975 913 1031 κατεπείγει
932 974 1029 1026 τοὺς
1048 973 1220 1031 γάμους.
1288 981 1378 1024 ταῖς
1395 973 1534 1029 μέντοι
1555 989 1597 1029 γε
1620 987 1694 1027 γυ-
1709 980 1753 1014 10

223 1046 329 1096 ναιξὶ
351 1044 454 1102 πρὸς
473 1043 520 1086 τὸ
539 1047 703 1101 πρῶτον
726 1041 946 1102 ῥεπούσαις
965 1042 1248 1101 συνάλλαγμα,
1280 1041 1699 1100 προκατειλημμέναις
1727 1041 1730 1043 ’

226 1113 374 1168 ἄτιμον
414 1110 603 1168 ἐχούσαις
648 1113 696 1156 τὸ
741 1114 1024 1168 μεταβαίνειν,
1075 1112 1330 1168 ἅπόστοργος
1365 1110 1386 1154 ὃ
1418 1112 1597 1168 νυμφίος
1632 1105 1694 1163 ἦν.

172 1198 206 1232 Ε
230 1183 330 1232 τέως
349 1182 393 1225 δὲ
426 1180 465 1241 (ὃ
500 1182 578 1239 γὰρ
609 1186 772 1238 κρατῶν
799 1181 1092 1240 προσέταττεν)
1122 1181 1302 1225 ἕκουσῶν
1333 1180 1521 1224 ἇκουσῶν
1539 1178 1719 1243 ἐκείνων

226 1251 278 1295 τὰ
302 1250 545 1306 νομιζόμενα
568 1252 737 1294 ἐτελεῖτο
759 1253 827 1294 καὶ
847 1255 1081 1308 περιφανῶς
1097 1252 1134 1294 οἱ
1153 1250 1338 1307 ὗμέναιοι
1361 1249 1524 1306 ἤγοντο.
1596 1246 1696 1291 ἀλλ’
1770 1259 1772 1265 ’

227 1319 250 1364 ὃ
280 1321 456 1378 νυμφίος
487 1319 558 1377 ἐφ’
599 1318 771 1376 ἡμέραις
799 1320 872 1363 οὔκ
907 1318 1086 1378 ἐπλήρου
1116 1325 1166 1378 τῇ
1199 1318 1301 1378 κόρῃ
1328 1319 1381 1362 τὰ
1409 1323 1493 1363 τῶν
1519 1316 1695 1374 ἀνδρῶν.
1710 1322 1753 1358 15

226 1391 295 1433 καὶ
314 1388 629 1443 πυνθανομένου
650 1393 724 1432 τοῦ
747 1389 949 1443 βασιλέως
972 1389 1082 1440 ὅπως
1100 1394 1223 1433 τοῦτο
1253 1389 1431 1446 γε’νοιτο,
1470 1385 1491 1430 ὃ
1516 1387 1560 1430 δὲ
1583 1389 1699 1443 πρῶ-

227 1476 299 1514 τον
316 1459 391 1514 μὲν
413 1456 626 1510 ὕπεσκίαζε
647 1457 719 1501 τὸν
741 1456 943 1515 ἀπόλογον
978 1456 1034 1509 ὥς
1058 1459 1117 1515 μὴ
1145 1458 1283 1502 θέλων
1306 1454 1602 1502 ἀνακαλύπτειν
1623 1458 1699 1511 δῆ-

226 1532 331 1581 θεν,
369 1525 456 1570 εἷθ’
482 1524 538 1577 ὥς
559 1528 627 1570 καὶ
649 1525 977 1586 δραστικώτερον
1003 1527 1254 1585 ἀνεκρίνετο,
1289 1527 1535 1584 μαγγανείαν
1557 1524 1603 1569 τὸ
1625 1525 1701 1579 ἔμ-

227 1596 367 1640 ποδὼν
392 1595 513 1651 ἔλεγε.
571 1597 638 1639 καὶ
659 1596 786 1647 εὐθὺς
807 1594 1080 1653 ὖποψίαπερὶ
1109 1596 1242 1657 ἑαυτῷ
1263 1601 1337 1640 τοῦ
1360 1598 1610 1654 κρατοῦντος
1631 1595 1701 1637 καὶ

109 1677 138 1710 P
168 1674 209 1710 19
236 1664 374 1719 θυμὸς
403 1663 536 1707 πολλὰ
565 1662 718 1719 δεινός,
756 1667 824 1708 καὶ
851 1665 970 1709 οὐδὲν
990 1663 1153 1723 ὖφεΐναι
1175 1669 1307 1709 δοκῶν
1328 1665 1436 1720 εἰμὴ
1460 1663 1698 1720 ὃμολογοΐτο
1709 1668 1756 1703 20

229 1733 256 1791 ἦ
279 1733 519 1790 μαγγανεία.
589 1733 717 1784 εὐθὺς
744 1730 817 1777 οὖν
847 1732 999 1785 σάκκος
1030 1734 1255 1793 ἀχυρμιᾶς,
1283 1736 1352 1778 καὶ
1373 1733 1504 1791 γυμνὴ
1534 1730 1699 1788 συνάμα

230 1799 423 1861 γαλαΐςῆ
450 1801 612 1859 εὐγενὴς
639 1807 768 1862 γραῦς
795 1803 909 1855 ἐντὸς
930 1806 1257 1861 συναπείληπτο,
1294 1798 1351 1847 ὧν
1383 1801 1521 1861 λύγοις
1543 1801 1700 1855 ἔξωθεν

233 1926 350 1962 doram
372 1925 534 1961 Marthae
556 1924 660 1961 filiam
683 1926 811 1963 sororis
831 1925 1045 1972 Palaeologi,
1070 1938 1090 1961 e
1112 1937 1236 1973 magno
1260 1925 1444 1962 domestico
1468 1926 1703 1962 Tarchaniota

233 1974 408 2019 genitam,
433 1972 637 2018 desponderi
660 1973 772 2009 iussit.
818 1975 990 2009 celebrata
1014 1984 1180 2007 consensu
1214 1974 1360 2019 partium
1388 1975 1546 2009 mandato
1571 1973 1702 2018 princi-

233 2020 289 2066 pis
311 2021 381 2054 rite
404 2019 575 2065 sponsalia
598 2023 696 2062 sunt,
728 2025 763 2054 et
786 2021 962 2067 aliquanto
985 2019 1064 2054 inde
1088 2020 1200 2065 spatio
1222 2021 1253 2054 is
1277 2019 1413 2054 iuvenis
1435 2020 1551 2065 sponsi
1575 2019 1702 2054 fiducia

234 2065 340 2100 aedes
363 2065 506 2111 puellae
541 2066 842 2111 frequentaverat,
878 2078 951 2100 cum
976 2077 1058 2099 ecce
1082 2067 1195 2100 nescio
1219 2078 1288 2112 qua
1313 2066 1491 2111 repentina
1515 2066 1702 2101 mutatione

233 2111 443 2158 imperator,
475 2112 550 2145 iure
573 2123 614 2145 ac
638 2113 747 2156 pactis
776 2113 933 2148 absoluta
956 2117 1132 2157 potestate
1155 2123 1282 2158 susque
1305 2113 1416 2157 deque
1439 2113 1565 2147 habere
1587 2112 1703 2152 iussis,

234 2157 507 2204 inopinatissima
538 2156 685 2203 imperat
715 2158 970 2195 Tarchaniotae
1000 2158 1320 2203 magnidomestici
1348 2159 1452 2193 filiam
1484 2159 1559 2193 viro
1595 2158 1702 2194 nobili

236 2204 366 2239 Basilio
391 2203 578 2238 caballarii
607 2204 678 2238 filio
714 2206 851 2241 nubere.
899 2206 936 2239 in
956 2216 1115 2249 magnae
1142 2204 1218 2240 loco
1250 2205 1386 2251 gratiae
1408 2206 1445 2239 id
1469 2204 1618 2239 Basilius
1641 2205 1704 2239 ha-

235 2250 329 2294 buit,
354 2254 390 2284 et
422 2261 484 2295 pro
509 2261 550 2297 se
579 2261 651 2285 rem
684 2252 844 2296 urgebat.
888 2250 1041 2293 seminis,
1075 2251 1174 2285 matri
1204 2251 1386 2298 filiaeque,
1417 2252 1564 2286 caritate
1585 2250 1703 2298 sponsi

237 2296 365 2343 prioris
387 2296 555 2342 illigatis,
578 2302 614 2331 et
636 2297 831 2332 indecorum
855 2297 1101 2333 arbitrantibus
1130 2298 1267 2332 resilire
1290 2310 1312 2332 a
1336 2298 1513 2332 conventis
1537 2309 1579 2332 ac
1601 2297 1703 2332 fidem

238 2343 381 2386 fallere,
415 2341 588 2388 negotium
611 2343 744 2379 omnino
775 2355 842 2379 non
865 2345 1045 2390 placebat3
1080 2354 1188 2389 quare
1211 2345 1303 2390 apud
1326 2345 1402 2378 illas
1426 2344 1540 2390 gratia
1563 2345 1704 2379 carebat

239 2389 395 2424 intrusos
418 2400 555 2435 procus·
601 2395 716 2424 tamen
736 2389 954 2425 incumbente
976 2389 1114 2424 iteratis
1135 2390 1238 2425 iussis
1269 2391 1305 2425 in
1328 2390 1415 2425 idem
1440 2390 1616 2437 principe.
1632 2400 1706 2424 'vo-

239 2435 390 2471 lentibus
413 2435 605 2469 nolentibus
641 2441 752 2470 matre
775 2437 922 2482 ‘filiaque
942 2436 1084 2483 nuptiae
1109 2437 1219 2482 palam
1244 2448 1286 2471 ac
1308 2437 1487 2483 splendide
1510 2438 1706 2471 celebratae

239 2484 330 2517 sunt.
377 2484 415 2515 at
436 2481 548 2516 multis
571 2481 654 2516 inde
677 2482 796 2517 diebus
816 2482 989 2529 'nuptialis
1019 2483 1195 2528 coniugum
1219 2494 1422 2528 congressus
1445 2483 1706 2529 haudquaquam

241 2527 459 2574 sequebatur.
503 2527 600 2563 cuius
622 2528 676 2562 rei
698 2530 792 2564 forte
812 2527 972 2574 cognitae
1005 2534 1225 2575 percontatus
1258 2542 1302 2564 ex
1326 2530 1454 2564 Basilio
1477 2540 1613 2564 causam
1642 2529 1708 2563 im-

242 2577 414 2621 perator,
445 2573 490 2608 ab
517 2585 557 2608 eo
589 2574 732 2620 primum
765 2576 966 2611 eludebatur
999 2576 1167 2620 ambiguis
1200 2576 1394 2622 responsis=
1417 2575 1553 2611 tandem
1575 2575 1708 2610 instans

243 2619 421 2659 efficacius
444 2618 579 2654 audivit
600 2620 721 2656 nodum
746 2620 889 2656 Veneris
913 2621 1044 2666 magico
1070 2622 1236 2657 maleficio
1259 2622 1355 2657 novis
1379 2622 1513 2668 sponsis
1535 2621 1707 2656 iniectum.

245 2667 311 2701 hac
334 2665 502 2707 mentione
523 2667 785 2712 praestigiarum
807 2668 844 2702 in
878 2668 1065 2702 familiares
1092 2668 1302 2715 suspiciones
1328 2669 1505 2704 revolutus
1529 2668 1705 2714 princeps,

244 2718 282 2747 et
304 2725 343 2748 se
366 2722 502 2758 quoque
523 2713 634 2758 ipsum
658 2713 804 2748 infernis
827 2714 959 2749 artibus
981 2715 1172 2760 appetitum
1196 2721 1373 2750 autumans
1405 2715 1450 2750 ab
1472 2715 1591 2750 eodem
1614 2713 1707 2748 indi-

246 2759 317 2793 cati
352 2758 477 2798 fascini
508 2764 671 2802 auctore,
700 2761 922 2795 vehementer
954 2761 1160 2804 excanduit,
1191 2767 1343 2797 extrema
1368 2760 1521 2807 experiri
1551 2771 1709 2807 quaeque

245 2808 362 2839 certus
386 2805 430 2839 ad
454 2805 619 2840 artificem
641 2806 800 2841 veneficii
819 2806 1037 2841 noscendum.
1084 2818 1204 2843 saccus
1225 2808 1406 2855 expeditur
1428 2807 1518 2842 illico
1540 2813 1710 2841 stramen-

245 2850 364 2892 titius‚
398 2855 435 2885 et
461 2850 497 2886 in
527 2863 604 2886 eum
636 2862 721 2887 anus
743 2851 868 2887 misera
892 2852 1102 2888 nobilissima
1131 2858 1286 2890 matrona
1316 2854 1406 2889 nuda
1430 2853 1610 2888 coniicitur
1632 2862 1708 2887 cum

245 2895 389 2942 felibus,
421 2897 481 2943 qui
508 2897 673 2934 videlicet
706 2899 835 2934 acubus
857 2898 1014 2935 immissis
1037 2911 1101 2948 per
1122 2903 1253 2937 textum
1274 2900 1404 2947 tegetis
1425 2898 1623 2947 compuncti
1643 2909 1714 2934 un-v

834 2960 846 2992 l
