1846 3262
409 226 486 270 DE
518 223 798 268 MICHAELE
831 221 1209 269 PALAEOLOGO
1244 223 1291 266 L.
1326 222 1382 266 Π.
1533 221 1625 267 161

155 339 258 398 μεθ’
283 339 347 384 ὅτι
370 340 564 395 πλείστης
581 343 657 394 τῆς
675 339 779 395 πρὸς
795 337 901 386 4θεὸν
920 335 1292 394 ἀνθομολογήσεως
1310 336 1385 392 τὴν
1403 332 1521 379 πόλιν
1542 339 1625 380 εἷσ-
1650 345 1683 381 E'

156 411 338 468 ε’ρχεται,
373 411 471 467 πεζῇ
492 410 673 463 βαδίζων
690 410 757 451 καὶ
776 407 823 450 τὸ
846 411 920 461 τῆς
946 408 1158 460 βασιλείας
1176 406 1359 461 σοβαρὸν
1387 403 1442 455 ὦς
1462 406 1522 461 μὴ
1543 423 1632 449 τοι-

158 478 267 537 αύτῃ
300 482 440 536 τελετῇ
472 477 627 535 πρέπον
656 474 838 526 συνόλως
865 475 1173 531 ἀποτιθέμενος.
1240 470 1291 530 ἦν
1311 475 1356 518 δὲ
1376 472 1468 517 τότε
1490 477 1557 517 καὶ
1581 476 1630 519 τὸ

157 553 235 604 τῆς
263 545 420 603 ἡμέρας
446 546 726 602 μεσημβρινὸν
753 548 830 588 τοῦ
858 544 1027 601 μετρίου
1055 544 1178 587 πλέον
1207 545 1388 596 ε’κκαῖυν,
1418 548 1493 587 τοῦ
1515 542 1630 599 ἡλίου

127 616 267 660 5κατᾶ
302 616 489 674 κορυφὴν
519 615 762 670 ἱσταμένου,
806 615 875 656 καὶ
908 611 935 669 ἦ
965 617 1047 656 τῶν
1077 612 1388 668 συνειλεγμένων
1415 615 1633 669 προθυμία

160 685 267 742 πρὸς
295 684 342 728 τὸ
373 692 514 742 πνῖγος
533 684 804 741 διεφιλονείκει
815 715 829 734 ,
857 680 912 732 ὥς
935 682 976 724 εἶ’
989 699 1027 724 τι
1047 684 1114 724 καὶ
1133 683 1317 736 συμβαίη
1339 682 1636 737 καταληψομέ-

161 772 245 798 νων
265 751 431 808 συνσῖμα
449 757 507 812 τῷ
526 756 692 808 βασιλεῖ’
706 751 754 794 τὸ
771 751 875 807 με’γα
894 749 1109 794 παλάτιον.
1177 750 1226 794 τὸ
1244 750 1322 806 γὰρ
1343 755 1426 794 τῶν
1447 753 1637 809 Βλαχερ-
1659 756 1689 792 Ρ
1714 760 1780 797 104

162 827 247 867 νῶν
274 822 350 866 οὒκ
384 823 593 879 εὐπρεπῶς
625 816 678 876 ἦν
709 820 810 876 ἔχειν
833 819 936 876 πρὸς
955 819 1030 875 τὴν
1049 824 1131 863 τῶν
1147 820 1352 873 βασιλέων
1379 821 1637 874 κατοίκησιν·

166 891 386 948 ἴγεμεγὰρ
420 894 580 935 καπνοῦ
609 891 676 932 καὶ
709 887 870 945 λιγνύος
886 889 1108 944 Ἰταλικῆς,
1144 887 1196 943 ἣν
1216 888 1352 931 οἷτοῦ
1377 891 1637 934 Βαλδουῖνου

111 970 158 1004 10
169 961 430 1004 δαιταλευταὶ
455 961 499 1002 ἐκ
519 963 674 1013 πολλῆς
696 962 772 1013 τῆς
793 959 994 1008 ῗδιωτείας
1012 958 1163 1001 ἐκείνου
1184 965 1271 1008 τοῖς
1292 962 1376 1001 τῶν
1401 957 1641 1014 ἀνακτόρων

166 1031 319 1084 τοίχοις
338 1029 624 1084 προσέπαττον
638 1060 650 1079 ,
687 1025 744 1077 ὥς
768 1027 885 1083 ἔργον
905 1025 1005 1070 εἶναι
1025 1026 1102 1082 τὴν
1120 1027 1278 1070 ἐκείνων
1294 1024 1515 1084 κάθαρσιν.
1552 1026 1642 1081 ἅμα

167 1098 213 1142 δ’
247 1096 311 1140 ὅτι
341 1100 408 1141 καὶ
441 1099 496 1147 εἷς
528 1094 755 1153 ἀσφάλειαν
782 1096 933 1146 ἱκανῶς
952 1094 1029 1150 εἶχε
1048 1099 1263 1148 βασιλεῦσι
1284 1093 1455 1151 πρώτως
1475 1098 1644 1151 ἐπιβᾶσι

166 1164 323 1216 πόλεως
340 1171 422 1210 τῶν
441 1163 694 1222 πραγμάτων
715 1165 1026 1222 τεταραγμένως
1044 1162 1230 1219 ἐχούσης.
1283 1164 1330 1207 τὸ
1350 1166 1425 1219 μὲν
1446 1161 1519 1208 οὗν
1539 1163 1643 1221 ἥσυ-

166 1237 239 1296 χίᾳ
260 1241 408 1292 χαῖρον
435 1240 510 1278 τοῦ
537 1232 672 1289 δήμου
682 1267 698 1288 ,
735 1233 830 1290 ἄρτι
859 1231 1032 1288 πρώτως
1061 1234 1235 1287 βασιλέα
1262 1231 1473 1288 Ῥωλιιαίων
1494 1235 1536 1277 ἓν
1556 1242 1643 1286 τοῖς
1664 1242 1695 1277 Β

117 1308 160 1345 15
173 1302 417 1360 ἀνακτόροις
436 1301 670 1358 θεώμενον,
708 1302 946 1357 μεταβαλὸν
967 1302 1041 1357 τὴν
1065 1302 1253 1358 ἔκπληξιν
1277 1304 1333 1352 εἷς
1351 1302 1490 1358 χαρὰν
1511 1304 1554 1346 ἓν
1579 1305 1648 1346 ε’λ-

171 1375 283 1417 πίσιν
313 1370 363 1428 ἧν
391 1378 466 1416 τοῦ
499 1376 645 1415 λοιποῦ
673 1371 886 1428 εὐπραγεῖν
905 1369 986 1414 ὕπὸ
1007 1369 1142 1428 τούτῳ
1168 1369 1503 1426 βασιλευόμειόν.
1573 1374 1649 1415 δο-

174 1446 292 1485 κοῦσι
313 1440 362 1484 δέ
377 1459 450 1496 μοι
471 1441 576 1495 πρὸς
594 1441 747 1496 ἐκείνην
769 1440 842 1495 τὴν
867 1439 966 1492 ὄψιν
981 1441 1049 1481 καὶ
1070 1439 1112 1481 οἷ
1131 1439 1237 1482 κατὰ
1265 1440 1342 1495 τὴν
1367 1437 1486 1482 πόλιν
1498 1439 1649 1484 Ἰταλοὶ

174 1509 490 1566 μεταβαλέσθαι
511 1508 562 1552 ἂν
583 1510 652 1551 καὶ
670 1508 836 1564 ἀγαπᾶν
857 1507 968 1551 οὕτω
986 1508 1258 1565 πραχθέντων
1293 1509 1426 1564 (μηδὲ
1443 1508 1522 1566 γὰρ
1545 1509 1656 1552 ‹2150-

176 1582 258 1631 ξεῖν
288 1576 464 1639 τοιούτῳ
493 1575 791 1634 δουλεύοντας)
800 1610 815 1631 ,
853 1579 890 1620 εἴ
920 1574 980 1633 μή
1013 1594 1056 1634 γε
1085 1574 1113 1633 ἦ
1140 1577 1246 1621 κατὰ
1276 1579 1390 1634 γένος
1415 1575 1565 1637 κόρυζα
1592 1581 1649 1630 εἷς

272 1713 306 1748 1.
327 1711 394 1755 τῆς
415 1708 558 1752 πόλεως
577 1710 619 1745 P.

176 1827 216 1864 in
246 1827 346 1862 deum
376 1825 512 1872 penitus
542 1825 696 1868 intenta,
729 1824 966 1861 demississima
998 1827 1211 1873 professione
1239 1837 1390 1862 summae
1413 1827 1548 1872 gratiae
1570 1837 1591 1862 a
1614 1840 1653 1863 se

207 1885 244 1908 ro
266 1878 337 1908 tam
359 1873 537 1919 insperata
558 1873 724 1908 felicitate
746 1873 873 1908 numini
897 1872 1055 1915 debitae,
1087 1873 1259 1908 civitatem
1281 1875 1454 1920 ingressus
1477 1880 1532 1909 est
1554 1875 1653 1921 pedi-

178 1886 245 1956 {us
277 1919 475 1962 ambulans,
510 1919 599 1954 omni
631 1919 751 1965 regiae
781 1920 969 1954 maiestatis
1000 1921 1099 1954 fastu
1127 1920 1221 1955 velut
1253 1921 1315 1954 tali
1345 1921 1555 1956 ceremoniae
1585 1933 1652 1956 non

163 1968 392 2011 'congruente
421 1977 559 2011 prorsus
590 1965 758 2011 deposito.
806 1971 882 2000 erat
911 1971 992 2000 tunc
1020 1967 1107 2001 hora
1136 1966 1322 2001 meridiana
1344 1970 1380 2001 et
1401 1978 1549 2002 summus
1583 1967 1654 2002 diei

179 2014 318 2054 fervor,
351 2011 422 2046 sole
446 2024 550 2057 supra
573 2013 733 2046 verticem
758 2011 919 2046 altissimo
942 2012 1068 2057 ignitos
1091 2013 1208 2047 radios
1230 2013 1397 2047 vibrante.
1444 2017 1557 2048 tamen
1589 2014 1653 2048 de-

179 2064 266 2093 vota
302 2069 462 2104 pompam
499 2058 744 2092 celebrantium
785 2058 946 2092 alacritas
981 2070 1056 2093 cum
1087 2062 1203 2094 aestus
1244 2059 1452 2093 incommodo
1483 2060 1652 2101 certabat,

181 2115 386 2151 unoquoque
415 2104 586 2149 ipsorum,
622 2109 659 2138 et
689 2105 844 2149 Augusto
875 2116 960 2150 prae
991 2104 1136 2147 ceteris,
1169 2105 1286 2140 subire
1307 2105 1455 2139 libenter
1476 2110 1598 2150 parato
1622 2105 1652 2139 si

181 2151 264 2195 quid
295 2150 491 2184 detrimenti
521 2151 684 2186 valetudo
716 2156 894 2196 pateretur
926 2162 970 2185 ex
1001 2152 1238 2186 ardentissimo
1269 2151 1354 2185 coeli
1383 2151 1545 2186 verticem
1567 2151 1652 2185 insi-

184 2195 298 2230 dentis
331 2195 474 2230 meridie
504 2197 586 2231 solis
618 2208 748 2242 vapore
777 2197 947 2238 toletam,
979 2196 1059 2232 dum
1081 2198 1133 2232 sic
1154 2198 1247 2232 lento
1279 2208 1400 2239 gressu
1430 2198 1473 2232 ad
1497 2208 1653 2242 magnum

182 2242 349 2289 palatium
371 2243 553 2285 feruntur,
580 2243 726 2277 nondum
751 2248 834 2289 apta
855 2243 898 2277 ad
921 2243 1163 2289 imperatorem
1185 2243 1419 2288 excipiendum
1452 2244 1547 2287 regia
1570 2244 1653 2278 Bia-

185 2289 384 2322 chen-narum
415 2294 604 2334 propterea
636 2289 727 2334 quod
759 2290 845 2324 haec
873 2289 1036 2323 sordebat
1057 2290 1168 2324 adhuc
1197 2290 1288 2323 sumo
1311 2291 1412 2335 plena
1434 2289 1654 2335 nidoremque

186 2335 283 2369 olens
306 2333 474 2375 Italicum,
499 2334 689 2378 parietibus
710 2335 781 2369 illic
804 2334 930 2382 passim
952 2335 1097 2380 fuligine
1118 2335 1301 2382 inquinatis
1323 2347 1388 2381 per
1407 2334 1567 2370 Balduiui
1590 2347 1652 2369 co-

185 2390 272 2426 quos
295 2379 383 2413 illita
414 2379 517 2425 (ipso
540 2379 579 2414 id
601 2381 691 2415 haud
714 2382 817 2427 digna
840 2381 996 2427 principe
1017 2381 1225 2427 negligentia
1247 2381 1323 2414 fieri
1346 2381 1525 2426 sinente),
1562 2393 1652 2427 quae

169 2425 328 2472 ‘purgari
350 2424 415 2459 nisi
436 2425 578 2469 longiori
599 2430 751 2472 tempore
775 2433 812 2462 et
831 2427 1044 2462 laboriosiori
1066 2439 1171 2474 opera
1190 2427 1356 2473 nequiret.
1403 2432 1580 2473 praeterr-a
1595 2428 1654 2462 illa

170 2471 301 2517 ‘magni
321 2470 444 2517 palatii
465 2472 540 2506 visa
561 2476 615 2506 est
636 2474 790 2509 securior
811 2473 945 2508 interim
967 2474 1067 2509 sedes
1098 2475 1216 2509 futura
1245 2473 1453 2519 principibus
1474 2473 1509 2508 in
1532 2474 1653 2508 urbem

187 2518 336 2553 nondum
367 2517 470 2563 plene
499 2523 658 2563 pacatam
682 2531 724 2554 ex
748 2523 816 2554 tam
840 2520 999 2555 diuturna
1021 2520 1138 2554 hostili
1167 2519 1386 2565 oppressione
1407 2523 1489 2554 tunc
1511 2520 1654 2563 primum

185 2564 363 2609 ingressis,
408 2564 506 2609 plebs
528 2575 630 2609 porro
653 2565 770 2611 quiete
792 2566 968 2610 gaudens,
992 2566 1064 2600 viso
1085 2571 1158 2600 turn
1181 2565 1322 2612 primum
1343 2565 1380 2600 in
1401 2566 1533 2600 urbano
1557 2565 1654 2610 pala-

189 2610 240 2644 tio
263 2610 416 2644 Romano
438 2610 665 2655 imperatore,
695 2616 833 2658 stupore
862 2612 898 2646 in
928 2612 1090 2657 gaudium
1112 2623 1214 2647 verso
1238 2612 1324 2646 bene
1348 2612 1391 2646 de
1413 2616 1550 2646 caetero
1572 2622 1654 2656 spe-

176 2657 319 2696 ‘rabats
343 2660 551 2702 proventura
573 2669 617 2691 ex
640 2657 720 2692 talis
742 2658 903 2703 principis
938 2658 1109 2703 praesenti
1139 2658 1302 2702 regimine
1325 2659 1418 2692 laeta
1442 2656 1507 2691 sibi
1531 2662 1654 2691 cuneta

191 2702 380 2736 confidens.
427 2702 508 2736 mihi
538 2714 674 2748 qnoque
703 2703 863 2738 videntur
891 2703 958 2750 ipsi
990 2705 1050 2750 qui
1080 2709 1283 2750 supererant
1315 2704 1350 2738 in
1380 2704 1467 2738 urbe
1499 2702 1578 2736 Itali
1609 2702 1652 2737 ad

176 2748 280 2782 'hanc
310 2747 460 2794 speciem
491 2749 596 2783 multo
628 2750 836 2793 augustioris
868 2751 1056 2785 maiestatis
1087 2751 1293 2797 aliquantum
1327 2749 1462 2783 deliniri
1487 2747 1652 2792 potuim-5

191 2805 234 2828 ac
255 2805 322 2827 non
345 2794 445 2836 longe
466 2795 573 2828 futuri
596 2795 704 2829 fuisse
725 2797 769 2830 ab
791 2797 1036 2842 acquiescendo
1060 2797 1235 2842 praesenti
1254 2798 1426 2837 fortunae,
1448 2795 1538 2828 haud
1553 2793 1654 2838 igno-

190 2839 368 2874 miniosum
391 2839 456 2874 sibi
478 2840 641 2875 ducentes
663 2841 723 2874 tali
745 2842 891 2888 principi
915 2843 1068 2885 subesse,
1091 2843 1155 2877 nisi
1177 2853 1301 2876 rancor
1324 2842 1491 2886 ingenitus
1514 2841 1549 2874 in
1573 2852 1654 2874 con·

189 2889 356 2929 temptum
386 2887 568 2930 potestatis
598 2887 721 2922 homini
745 2900 810 2924 non
833 2893 886 2924 sui
907 2889 1046 2936 generis
1069 2889 1264 2925 commissae
1289 2889 1443 2923 traheret
1451 2911 1462 2931 ,
1495 2897 1657 2933 praeser-

245 2938 420 2985 Georgt‘us
449 2939 676 2986 Pachymeres
705 2941 735 2975 Ι.
1324 2940 1374 2979 11
