1884 3262
308 195 409 241 570
710 192 1019 237 OBSERVAT.
1054 192 1365 239 PACHYMER.

304 314 534 354 nuncupare
578 300 765 354 potuisse.
831 301 902 341 sed
951 302 1001 340 de
1038 300 1107 340 lu's.
1137 302 1216 341 iam
1250 302 1340 354 plus
1377 303 1501 343 satis:
1540 303 1616 342 alia
1651 302 1759 342 enim>

303 365 461 401 vocant.
1390 363 1392 365 ’

417 414 514 466 καβ
527 407 652 452 αλλᾶ
667 428 689 463 ρ
702 428 745 453 ιο
758 428 773 453 ι
810 426 848 464 p.
878 415 958 455 328
986 426 1027 455 v.
1051 411 1113 454 14.
1169 414 1318 452 retinui
1338 415 1557 453 caballarii
1577 415 1756 453 vocabu-

304 472 387 510 lum
409 470 450 508 in
470 469 649 508 versione
677 469 825 507 idcirco
856 469 964 519 quod
991 469 1212 508 existimavi
1241 469 1350 509 haud
1368 471 1450 508 sine
1469 484 1583 509 causa
1599 470 1756 522 Pachy-

302 539 450 566 merem
475 526 551 563 ista
574 537 672 564 voce
697 525 764 563 1110
791 538 904 563 usum
934 527 1067 577 potius
1100 539 1216 576 quam
1242 527 1317 578 ipsi
1344 526 1550 565 notissima
1580 534 1621 565 et
1638 527 1755 565 obvia

303 582 471 624 ἱππέων.
527 593 668 632 nempe
686 581 941 620 caballarius
962 582 1243 621 consuetudine
1259 583 1336 621 iam
1363 590 1450 621 tum
1474 582 1576 621 illius
1595 589 1754 634 tempo-

301 640 358 679 ris
381 652 462 677 non
491 638 704 688 quemlibet
733 638 904 688 equitem
935 638 1004 676 sed
1033 638 1220 689 insignem
1245 645 1285 677 et
1306 639 1538 690 primarium
1565 639 1752 688 sonabat3

303 701 467 746 eratque
490 694 549 746 (id
573 694 682 744 quod
698 693 894 745 hodieque
912 694 955 732 in
974 694 1107 732 Italica
1123 695 1255 746 lingua
1282 695 1374 733 inde
1393 696 1554 734 ductum
1569 707 1754 746 perseve-

301 751 381 804 rat)
406 749 447 788 in
479 763 524 789 eo
549 751 671 789 verbo
699 751 916 789 nobilitatis
947 751 1138 801 quaedam
1163 751 1388 803 emphasis,¹
1417 752 1575 790 minime
1606 763 1752 790 conve-

301 809 413 848 niens
437 807 559 857 equiti
575 807 760 858 gregario,
812 808 943 858 itaque
961 820 1050 845 cum
1070 814 1204 853 noster
1223 808 1396 847 eiusdem
1413 807 1532 846 huius
1549 807 1663 846 initio
1685 820 1752 845 ca-

301 865 393 917 pitis
408 863 546 903 1111110
534 877 577 901 111
598 862 761 901 modum
780 864 938 912 scribit,
969 862 992 904 ὁ
1011 860 1274 917 καβοιλλᾶριος
1291 860 1513 912 Ἀλ-’έξιος
1488 865 1593 917 ανὴρ
1608 860 1754 917 γεννά-

301 922 374 968 δας
391 935 459 960 και
484 915 694 984 avdpimig,
731 920 1004 971 intelligendus
1034 926 1091 958 est
1121 920 1203 958 eius
1230 920 1306 959 viri
1328 920 1570 959 nobilitatem
1591 919 1751 958 clarita-

298 983 458 1027 temque
486 976 559 1013 isto
584 976 741 1014 nomine
764 978 942 1027 signasse.
997 989 1072 1014 nec
1098 976 1193 1014 mihi
1227 982 1285 1014 est
1306 976 1534 1015 incredibile
1554 982 1749 1015 trecentos

297 1033 395 1071 istos
413 1045 462 1070 ex
481 1044 526 1070 eo
545 1032 720 1082 equitum
740 1045 879 1083 genere
897 1031 1032 1081 fuisse,
1064 1034 1131 1082 qui
1152 1046 1226 1071 usu
1253 1032 1372 1070 hodie
1389 1034 1549 1073 militiae
1577 1032 1749 1070 Gallicae

297 1091 488 1128 Maistres
506 1088 682 1139 magistri
700 1087 776 1126 dici
793 1088 939 1137 solent;
970 1101 1138 1139 quorum
1158 1089 1341 1129 videlicet
1366 1089 1633 1140 unusquisque
1650 1089 1748 1126 alios

296 1146 447 1197 equites
465 1145 538 1183 sub
554 1157 594 1182 se
613 1151 807 1183 merentes
827 1145 977 1183 ductat.

407 1202 569 1252 καδδη
582 1198 643 1240 νά
657 1204 703 1240 λι
716 1216 736 1241 ο
750 1217 764 1241 ι.
791 1215 830 1253 p.
856 1203 937 1244 209
956 1213 995 1239 v.
1020 1203 1088 1242 21.
1144 1201 1198 1239 ita
1217 1207 1443 1240 constanter
1462 1201 1647 1239 scribitur
1668 1200 1746 1238 1100
1801 1243 1803 1246 .

296 1257 531 1297 vocabulum
558 1257 600 1295 in
628 1256 754 1295 tribus
782 1257 897 1295 codd.
923 1257 965 1294 in
994 1255 1072 1294 hoc
1103 1262 1141 1294 et
1167 1257 1249 1295 aliis
1277 1257 1395 1296 huius
1422 1257 1607 1295 historiae
1637 1257 1744 1306 locis,

294 1314 403 1353 unde
425 1327 506 1352 non
523 1313 683 1352 videtur
702 1312 964 1351 dubitandum
982 1312 1078 1362 quin
1101 1326 1235 1351 vocem
1257 1314 1370 1352 nobis
1391 1314 1576 1351 usitatam
1601 1311 1751 1351 Gardt--

291 1371 405 1408 nalia
433 1370 489 1407 sic
518 1375 615 1407 tunc
642 1369 781 1406 Graeci
810 1369 888 1407 suis
909 1368 1030 1406 literis
1057 1369 1335 1419 exprimerent.
1391 1382 1464 1407 nec
1482 1369 1524 1407 id
1539 1370 1743 1420 imputan-

295 1427 391 1464 dum
406 1425 641 1477 ignorationi
657 1425 738 1463 eius
755 1425 914 1475 originis
933 1437 983 1461 ex
1001 1425 1194 1463 vocabulo
1223 1425 1361 1466 cardo.
1408 1439 1499 1463 nam
1518 1425 1620 1463 hanc
1633 1424 1744 1463 haud

293 1484 468 1534 ignotam
506 1482 578 1519 sibi
615 1481 787 1519 declarat
814 1480 1072 1531 Pachymeres
1096 1481 1122 1519 1.
1155 1482 1181 1523 5
1209 1495 1241 1519 0.
1261 1484 1308 1530 8,
1344 1481 1414 1519 ubi
1443 1482 1498 1520 de
1506 1482 1742 1533 imperatore

296 1539 432 1576 scribit
460 1537 528 1578 καὶ
549 1534 696 1590 χρυσον
715 1536 883 1590 πέμπων
900 1537 1200 1605 καδδηναλίοις,
1231 1534 1460 1591 στρόφιγξιν
1488 1554 1509 1578 ο
1524 1534 1672 1589 Ἕλλην
1688 1537 1742 1577 εἷ’·-

293 1610 364 1634 ποι
391 1610 446 1642 ως
476 1590 611 1643 θύρας
637 1591 760 1646 ουσης
786 1596 860 1634 τοῦ
883 1589 1011 1635 noina.
1066 1593 1136 1632 ubi
1159 1593 1269 1634 vides
1299 1606 1436 1634 vocem
1464 1593 1645 1632 cardinis
1665 1606 1738 1631 ex-

292 1650 409 1702 primi
433 1650 582 1688 Graeco
600 1650 793 1688 vocabulo
814 1646 1059 1702 στρόφιγγος.

407 1721 432 1746 κ
445 1711 511 1747 αθ
524 1721 544 1746 ο
558 1706 606 1746 σί
618 1718 738 1754 ωσις
785 1719 824 1757 Ρ.
846 1705 929 1747 284
948 1719 988 1744 v.
1010 1708 1072 1747 16.
1139 1701 1422 1753 καθοσιώσεως
1450 1703 1621 1758 ἔγκλημα
1655 1708 1739 1752 τοῖς

292 1761 385 1815 περὶ
403 1759 474 1803 τόν
494 1758 815 1816 Φραγγόπουλου,
871 1761 915 1798 hi
933 1762 1102 1799 accusati
1124 1768 1237 1811 sunt,
1266 1768 1314 1800 ut
1335 1762 1437 1800 clare
1461 1761 1576 1800 docet
1598 1767 1747 1805 auctor,

292 1819 334 1856 in
366 1818 713 1869 consequentibus,
749 1817 1030 1856 coniurationis
1055 1817 1097 1855 in
1124 1818 1420 1870 imperatorem,
1449 1830 1563 1867 quem
1581 1816 1735 1855 interfi-

292 1887 379 1912 cere
400 1874 673 1923 decreverant,
702 1879 750 1912 ut
767 1874 839 1925 ipsi
855 1874 944 1910 fassi
963 1879 1068 1911 sunt.
1125 1873 1219 1911 hinc
1234 1874 1466 1924 intelligitur
1477 1873 1648 1926 ἔγκλημα
1666 1888 1736 1912 κα-

291 1927 525 1978 θοσιώσεως
545 1930 623 1968 dici
641 1930 787 1968 crimen
804 1930 927 1968 laesae
946 1929 1155 1967 maiestatis
1170 1958 1182 1978 ,
1211 1936 1251 1967 et
1279 1929 1435 1980 quidem
1453 1929 1496 1967 111
1519 1928 1646 1980 primo
1667 1942 1736 1967 ca-

290 1986 387 2038 pite,
424 1992 472 2024 ut
499 1986 626 2024 solent
650 1986 769 2036 loqui.
827 1985 879 2023 ad
909 1985 987 2023 hoc
1011 1985 1266 2024 indicandum
1298 1986 1388 2023 ideo
1416 1983 1735 2024 accommodatur

287 2039 569 2090 καθοσιώσεως
597 2042 857 2091 vocabulum,
895 2041 985 2092 quia
1010 2043 1116 2080 vitae
1140 2054 1405 2093 personaeque
1433 2042 1655 2094 principum
1669 2053 1734 2080 res

288 2111 422 2137 sacrae
449 2105 563 2148 sunt,
593 2111 688 2148 quas
714 2098 863 2138 violare
885 2097 1124 2149 sacrilegium
1152 2098 1319 2136 immane
1346 2098 1410 2138 sit.
1465 2098 1572 2136 unde
1589 2097 1738 2149 passim

287 2155 479 2192 maiestati
493 2156 774 2206 imperatorum
797 2154 1004 2206 copulatur
1025 2154 1254 2193 adiunctum
1274 2167 1425 2203 saorae3
1457 2160 1497 2192 et
1525 2167 1662 2192 eorum
1679 2153 1732 2192 li-

287 2217 396 2249 terae
415 2225 552 2249 sacrae
573 2212 656 2249 sine
679 2211 814 2249 addito
832 2211 1100 2262 appellantur,
1129 2211 1321 2250 vocabulo
1338 2211 1454 2249 etiam
1473 2210 1630 2248 Graecis
1647 2210 1732 2248 usi-

287 2272 384 2305 tato.
441 2273 608 2319 usurpat
628 2273 666 2305 et
688 2268 778 2305 alibi
795 2274 929 2306 noster
950 2268 1196 2307 καθοσίωσιν
1219 2267 1295 2307 1130
1317 2267 1490 2306 notione.
1517 2267 1544 2305 l.
1560 2269 1587 2310 5
1623 2267 1729 2307 0.19

287 2322 357 2363 καὶ
385 2320 430 2363 τὸ
459 2325 590 2375 μεῖζον
620 2324 821 2378 ἐκρίνοντο
847 2322 911 2364 καὶ
943 2324 999 2371 εἰς
1022 2324 1305 2364 καθοσίωσιν·
1294 2353 1306 2373 ,
1342 2329 1382 2362 et
1409 2336 1442 2362 0.
1473 2326 1526 2366 20
1566 2317 1656 2362 ἀλλ’
1676 2317 1729 2362 ου’

288 2382 435 2419 πεῖθον
454 2377 580 2419 πολλοὶ
599 2383 876 2446 λιπαροῦντες,
906 2375 996 2420 ἄλλ’
1018 2377 1204 2431 α’ντικρυς
1225 2380 1427 2433 ἐκρίνοντο
1446 2381 1518 2431 τῆς
1536 2374 1637 2430 πρὸς
1653 2379 1728 2430 βα·-

289 2433 398 2475 σιλὲα
432 2432 726 2484 καθοσιώσεως.
784 2436 949 2486 denique
979 2441 1026 2474 ut
1055 2436 1129 2473 alia
1159 2436 1338 2475 omittam
1364 2436 1470 2484 loca,
1507 2435 1532 2474 l.
1559 2437 1584 2476 6
1593 2447 1640 2504 0,
1670 2433 1726 2476 24

288 2488 506 2560 ὖπαγαγων
525 2489 776 2546 (Μακαριον)
795 2493 885 2549 δίκη
900 2488 1184 2541 καθοσιώσεως
1199 2508 1253 2541 ως
1271 2507 1364 2541 τους
1386 2487 1570 2539 δυτικοῦς
1587 2487 1726 2544 αρχον-

288 2561 358 2596 τας
378 2544 476 2587 και-οἳ
495 2547 685 2599 βασιλέως
703 2533 955 2601 διεγείραντα.

399 2600 474 2642 K&
485 2618 543 2654 νη
556 2602 622 2654 3*)
653 2618 688 2654 p-
709 2607 787 2646 231
810 2618 853 2645 v.
877 2607 939 2646 14.
995 2618 1076 2643 non
1097 2604 1258 2643 dubium
1278 2604 1370 2655 quin
1386 2603 1463 2642 hoc
1480 2603 1566 2641 loco
1584 2595 1725 2652 Κανης

288 2671 431 2698 nomen
449 2658 499 2697 sit
517 2658 726 2711 principis,
757 2673 780 2696 a
804 2673 881 2710 quo
906 2661 1030 2711 Nogas
1057 2675 1146 2709 cum
1172 2661 1357 2701 Tocharis
1381 2660 1519 2698 missus
1535 2658 1666 2696 suerat
1683 2663 1733 2700 el:³

287 2728 312 2752 a
330 2715 440 2754 cuius
457 2714 647 2766 dominio,
676 2721 722 2754 ut
750 2716 866 2767 paulo
885 2722 974 2755 ante
996 2717 1096 2758 dixit
1126 2717 1352 2768 historicus,
1382 2713 1570 2755 deficere
1559 2713 1722 2767 incipie-

376 2839 406 2882 ·)
430 2840 473 2874 cf.
498 2841 649 2873 Glossar.
674 2838 768 2872 alter.
796 2850 829 2874 v.
856 2837 980 2881 Κᾶνις.
