1846 3262
188 205 254 252 96
614 204 848 250 GEORGII
880 206 1234 251 PACHYMERIS

188 322 229 366 εἶ’
245 339 313 364 ποι
325 320 392 362 καὶ
415 317 436 362 ὃ
461 320 551 370 νέος
571 319 665 363 κατ’
688 319 818 364 αὐτοῦ
838 320 1065 378 μελετήσας
1084 319 1366 379 διαπράξοιτο,
1394 321 1450 373 ὥς
1471 323 1514 374 ἐξ
1532 321 1660 380 ἀνάγ-

186 408 260 446 κης
294 394 378 439 τοῖς
411 388 551 439 αὐτοῖς
582 388 804 444 ἐνέχεσθαι.
882 394 1094 448 προβαίνει
1124 396 1282 445 ταῦτα,
1320 394 1388 435 καὶ
1418 399 1598 450 γραφαῖς
1618 393 1658 436 οἱ

190 458 304 517 ὅρκοι
331 460 719 514 κατασφαλίζονται.
786 460 852 502 καὶ
876 458 1085 517 ὃγράφων
1105 458 1126 503 ὃ
1151 462 1206 510 εἷς
1227 465 1567 517 πρωτασηκρῆτις
1591 478 1659 504 τε-

69 536 98 570 Ρ
122 536 165 571 61
193 527 388 583 ταγμὲνος
407 527 549 576 Κακός
572 523 634 583 ἦν.
707 527 797 585 (3)
833 526 1024 572 τάττεται
1042 530 1087 571 δὲ
1106 531 1172 571 καὶ
1193 529 1290 579 τοὺς
1309 527 1566 586 ὁπουδήποτε
1585 534 1659 585 τῆς

184 596 412 651 Ῥιιῃιαΐδος
437 594 598 651 ὀμνύειν
621 596 691 639 ἐπ’
717 597 964 654 ἀμφοτέροις
986 597 1106 655 ὅρκον
1127 599 1313 648 δουλείας
1332 598 1437 641 κατὰ
1460 598 1506 641 τὸ
1531 596 1657 654 σύνη-
1671 605 1693 640 5

187 671 287 716 θες·
316 665 423 720 πλὴν
444 665 700 722 προσέκειντο
723 674 809 716 τοῖς
829 667 1153 722 συντεθειμένοις
1171 666 1238 709 ἐπ’
1265 666 1469 727 ἀσφαλείᾳ
1487 668 1554 710 καὶ
1578 667 1659 721 ἀμ-

188 735 375 794 φοτέρων
395 736 568 789 μείζονι,
601 730 626 790 ἦ
646 735 729 790 μὴν
750 736 910 790 ἕτοιμον
933 734 1033 779 εἶναι
1057 736 1103 779 τὸ
1127 734 1307 791 ὑπήκοον
1327 735 1394 779 ἐπ’
1417 737 1565 779 ἐκεῖνον
1586 733 1660 792 ὅρ-
1694 785 1695 790 ¹

187 809 272 861 μᾶν
301 801 471 861 φονώσῃ
495 805 624 859 χειρί,
663 803 708 854 ὃς
739 803 789 847 ἂν
820 803 1100 859 ἐπιβουλεύσω
1127 804 1311 863 θατέρῳ.
1383 802 1659 861 ὦρκωμότουν

189 874 268 931 γὰρ
290 873 395 929 μετὰ
417 877 498 916 τῶν
520 872 654 916 ἄλλων
683 875 750 915 καὶ
773 878 919 926 τοῦτο,
958 875 1064 917 κατὰ
1091 871 1249 930 φόβον,
1269 882 1273 889 ’
1290 871 1427 928 οἶμαι,
1464 873 1489 928 ἢ
1521 874 1660 930 χρείαν

137 957 168 992 Β
192 939 411 999 ἀληθινήν.
482 943 517 984 εἷ
544 941 585 984 δ’
619 937 715 995 οὖν,
755 942 850 985 ἀλλ’
885 943 1001 986 οὐδὲν
1026 942 1076 986 ἂν
1102 944 1320 998 καταγνοίη
1342 959 1403 992 τις
1421 945 1557 998 μεῖζον
1576 945 1659 985 τῶν
1673 951 1718 986 10

191 1016 325 1056 ταῦτα
344 1008 611 1068 πραττόντων
631 1009 657 1065 ’ἢ
682 1011 729 1053 τὸ
748 1012 969 1068 ἐμφυλίους
997 1011 1199 1066 πολέμους
1222 1017 1279 1070 τῷ
1302 1015 1422 1068 κοινῷ
1443 1013 1661 1068 προξενεῖν,

192 1082 234 1125 εἷ’
256 1097 353 1124 ποτε
381 1084 504 1123 τοῦτο
535 1081 733 1135 συμβαίη.
806 1078 917 1134 ὅμως
948 1079 1075 1123 ἐδόκει
1100 1085 1256 1133 ταῦτα,
1294 1082 1360 1122 καὶ
1387 1082 1443 1130 εἲς
1469 1080 1586 1136 ἔργον
1609 1078 1662 1121 τὰ

191 1146 474 1205 βουλευόμενα
508 1147 773 1205 προύβαινον.
838 1157 956 1206 χεῖρα
993 1154 1212 1206 τοιγαροῦν
1253 1150 1442 1202 ἐτίθουν,
1493 1149 1560 1191 καὶ
1598 1149 1662 1190 ἐπὶ

193 1223 278 1262 τῶν
307 1216 431 1274 ἁγίων
459 1216 697 1274 εὐαγγελίων
726 1217 887 1272 ὤμνυον
919 1214 946 1274 ’ἦ
976 1218 1060 1273 μὴν
1088 1219 1155 1261 καὶ
1188 1217 1437 1275 ἀμφοτέροις
1459 1213 1663 1260 δουλεύειν

142 1301 173 1335 c
197 1289 265 1331 καὶ
289 1286 412 1330 ταῦτ’
437 1287 620 1330 ἐκτελεῖν.
691 1286 778 1346 (4)
815 1286 915 1336 τέως
934 1287 974 1329 δ’
998 1286 1022 1343 ἡ
1047 1288 1166 1343 κυρία
1186 1291 1345 1343 παρῆν,
1382 1284 1473 1342 ἣτις
1492 1281 1567 1341 ἦν,
1606 1283 1661 1335 ὥς
1675 1292 1717 1328 15

194 1353 355 1414 ἐρρήθη
367 1389 380 1408 ,
411 1353 767 1410 Ἑκατομβαιῶνος
784 1356 997 1412 νουμηνία.
1050 1357 1117 1398 καὶ
1134 1360 1297 1413 πρῶτος
1318 1355 1444 1405 αὐτὸς
1462 1353 1483 1398 ὃ
1504 1356 1560 1405 εἷς
1577 1358 1663 1409 βα-

194 1426 348 1468 σιλείαν
377 1422 727 1482 προβιβαζόμ-ενος
757 1423 915 1478 ὤμνυεν
941 1422 1043 1480 ὖπέρ
1075 1429 1148 1467 τοῦ
1182 1424 1331 1474 παιδὸς
1359 1424 1411 1467 τὰ
1442 1420 1576 1466 εἲκότα
1595 1423 1664 1465 καὶ

193 1492 422 1550 βασιλέως,
459 1493 565 1548 πλὴν
594 1492 670 1547 οὐχ
696 1491 751 1543 ὥς
771 1491 1003 1536 δουλεύσων
1025 1492 1120 1536 ἀλλ’
1143 1491 1199 1543 ὥς
1221 1490 1541 1547 συμβουλεύσων
1563 1491 1663 1534 ἑκεί-

195 1581 253 1623 νῳ
277 1564 343 1606 καὶ
364 1562 492 1618 μηδὲν
517 1559 736 1617 ἀνήκεστον
762 1560 994 1618 μελετήσων
1015 1561 1111 1605 κατ’
1133 1559 1367 1616 ἐπιβουλήν.
1436 1559 1600 1616 ὤμνυον
1618 1559 1664 1602 δὲ

195 1634 264 1676 καὶ
291 1632 331 1675 οἳ
360 1635 620 1689 μεγιστᾶνες,
667 1632 735 1674 καὶ
772 1629 828 1682 ὥς
871 1629 1160 1682 δουλεύσαντες
1197 1629 1469 1689 ἀμφοτέροις,
1507 1630 1576 1673 καὶ
1608 1626 1721 1679 ὦς20

199 1777 239 1800 re
261 1766 337 1799 tota
358 1763 393 1798 in
415 1764 568 1810 publicas
590 1764 658 1799 rite
680 1764 814 1799 tabulas
837 1764 948 1799 relata
971 1763 1015 1799 ad
1038 1764 1229 1799 memoriam
1252 1762 1515 1808 firmitatemque
1535 1760 1668 1795 irrevo-

198 1811 361 1852 cabilem,
393 1810 565 1845 scribente
600 1811 669 1845 ista
700 1816 736 1845 et
769 1811 970 1845 authenticis
1003 1810 1251 1845 commentariis
1275 1809 1456 1843 mandante
1479 1806 1572 1842 Malo
1595 1806 1666 1850 illo,

198 1868 298 1904 quem
330 1856 497 1899 diximus,
536 1857 713 1902 antiquato
745 1857 840 1902 prius
870 1861 905 1890 et
939 1856 1013 1890 eius
1045 1868 1149 1891 causa
1183 1856 1333 1902 reposito
1357 1854 1458 1900 primi
1480 1865 1502 1888 a
1525 1853 1666 1888 secretis

199 1903 316 1938 officio
341 1903 512 1938 donatum.
559 1904 637 1948 (3)
663 1903 807 1938 edictum
831 1914 966 1949 quoque
990 1906 1043 1937 est
1065 1906 1104 1937 ut
1126 1914 1189 1949 per
1212 1912 1326 1936 omnes
1348 1901 1500 1935 Romano
1522 1898 1666 1944 imperio

199 1949 373 1985 subiectas
397 1949 550 1994 regiones
575 1960 688 1983 omnes
711 1949 849 1995 utrique
870 1949 1004 1994 pariter
1027 1948 1174 1994 principi
1205 1950 1416 1982 sacramento
1440 1945 1542 1980 fidem
1566 1945 1667 1978 obse-

201 1995 384 2041 quiumque
408 2007 502 2030 suum
525 1995 568 2029 de
591 2007 682 2029 more
704 1995 902 2040 obligarent.
950 1994 1011 2029 sed
1040 1995 1083 2029 ad
1112 1993 1274 2028 maiorem
1297 1992 1476 2047 utriusque
1500 1990 1665 2025 securita-

202 2046 273 2076 tem
295 2046 477 2076 consuetae
509 2041 625 2076 talium
649 2041 811 2075 formulae
842 2041 1026 2085 adiungere
1047 2045 1128 2075 tunc
1150 2041 1279 2082 visum,
1314 2039 1379 2074 deo
1403 2037 1557 2072 similiter
1578 2039 1669 2071 teste

203 2088 394 2128 firmatam,
425 2088 665 2134 professionem
699 2091 734 2121 et
763 2087 1020 2133 promissionem
1051 2086 1204 2121 universi
1225 2085 1362 2131 populi,
1393 2084 1484 2119 bello
1512 2087 1548 2117 et
1570 2082 1669 2116 inex-

204 2133 322 2179 piabili
352 2132 429 2167 odio
460 2132 684 2180 persequendi
715 2144 789 2167 eum
821 2145 840 2167 e
871 2133 1020 2176 duobus,
1057 2133 1151 2166 cuius
1184 2136 1298 2166 essent
1319 2130 1355 2165 in
1378 2130 1531 2174 collegae
1559 2129 1669 2165 vitam

205 2179 264 2213 vel
287 2179 420 2213 nefaria
442 2180 493 2214 vis
515 2182 570 2214 vel
593 2179 735 2214 insidiae
758 2179 998 2225 deprehensae.
1044 2179 1104 2212 tali
1135 2177 1406 2212 extraordinario
1437 2176 1668 2210 additamento

203 2225 369 2271 populare
399 2225 622 2260 iuramentum
654 2226 857 2259 cumulatum
881 2230 971 2259 metu
994 2225 1120 2269 magis,
1155 2230 1195 2258 ut
1217 2224 1356 2269 opinor,
1386 2222 1487 2256 nimio
1512 2219 1670 2267 proclivis

203 2272 239 2305 in
262 2271 358 2316 regni
379 2272 543 2306 societate
566 2271 802 2314 dissensionis,
826 2283 926 2316 quam
949 2271 1016 2305 ulla
1039 2270 1123 2305 satis
1146 2281 1268 2315 magna
1290 2269 1440 2303 utilitate
1461 2266 1600 2308 remedii
1624 2265 1669 2300 ad

204 2322 337 2351 tantum
372 2317 451 2352 mali
481 2317 761 2363 praevertendum
786 2317 952 2362 ancipitis.
1001 2328 1076 2351 nam
1101 2317 1130 2350 si
1153 2322 1247 2350 recte
1270 2316 1346 2361 quis
1370 2314 1546 2356 aestimet,
1577 2311 1669 2347 istud

205 2363 406 2409 profitentes
429 2363 510 2397 belli
530 2364 596 2398 iam
618 2370 688 2398 tum
712 2363 819 2398 civilis
842 2369 878 2397 et
899 2362 1099 2397 internecini
1122 2362 1255 2407 signum
1278 2362 1463 2404 tollebant,
1495 2370 1538 2394 ex
1560 2369 1670 2405 prona

207 2414 244 2443 et
266 2410 322 2442 vix
346 2409 498 2444 evitabili
520 2409 713 2455 suspicione
734 2410 835 2444 facile
857 2420 898 2443 ac
922 2409 989 2443 cito
1013 2408 1179 2442 exarsuri.
1229 2412 1400 2442 caeterum
1431 2405 1670 2453 qualicumque

206 2455 369 2498 consilio,
391 2455 460 2489 ista
486 2455 537 2489 sic
559 2460 640 2489 tunc
663 2455 803 2490 decreta
825 2467 868 2489 ex
891 2454 1079 2489 executioni
1105 2454 1265 2488 mandata
1288 2456 1384 2497 sunt,
1409 2451 1570 2486 Romanis
1593 2449 1670 2484 ubi-

207 2512 274 2545 que
298 2501 428 2535 viritim
451 2502 640 2543 universis,
673 2501 832 2546 imposita
854 2501 963 2536 sacris
996 2500 1182 2545 evangeliis
1206 2511 1326 2542 manu,
1359 2497 1550 2534 iurantibus
1573 2507 1611 2531 se
1635 2498 1672 2537 et

207 2546 309 2580 fidem
332 2547 469 2592 utrique
491 2547 637 2593 principi
660 2547 872 2582 concorditer
893 2546 1076 2592 imperanti
1099 2546 1410 2590 subiectionemque
1431 2542 1671 2589 praestituros,

208 2597 246 2627 et
269 2593 299 2626 si
320 2592 396 2638 quis
418 2593 566 2638 ipsorum
588 2593 624 2626 in
647 2594 791 2627 alterum
813 2593 1025 2637 insurgeret,
1059 2596 1229 2626 auctorem
1252 2590 1395 2625 iniuriae
1417 2589 1553 2635 publice
1579 2590 1672 2622 ultu-

207 2649 276 2673 ros.
325 2638 396 2683 (4)
418 2639 552 2684 iamque
575 2640 696 2673 aderat
717 2639 969 2683 inaugurationi
991 2638 1161 2683 designati
1184 2637 1327 2684 Augusti
1350 2636 1443 2671 dicta
1466 2634 1559 2676 dies,
1583 2645 1673 2680 quae

209 2684 294 2728 fuit,
318 2690 358 2719 ut
379 2685 503 2719 dictum
527 2690 596 2727 est,
619 2685 784 2719 kalendae
807 2685 1005 2727 Ianuariae,
1030 2685 1164 2730 quando
1186 2684 1216 2718 is
1239 2683 1297 2730 qui
1319 2683 1365 2716 ad
1387 2680 1566 2727 imperium
1590 2691 1672 2714 eve-

210 2731 358 2765 hebatur
390 2730 598 2773 iuramenta,
634 2731 678 2764 de
702 2731 825 2776 quibus
849 2734 1076 2774 convenerat,
1110 2731 1238 2777 primus
1261 2728 1433 2774 conceptis
1456 2726 1571 2761 verbis
1592 2736 1674 2771 pro-

211 2777 310 2818 tulit,
343 2777 446 2811 fidem
477 2789 540 2822 per
563 2788 604 2811 ea
626 2775 775 2820 obligans
800 2788 905 2821 puero
930 2776 1093 2822 principi,
1126 2788 1194 2811 non
1216 2779 1255 2810 ut
1289 2775 1320 2808 ei
1343 2773 1499 2809 subditus
1526 2773 1674 2812 futurus,

211 2823 272 2857 sed
295 2827 334 2856 ut
358 2823 570 2857 consulturus
593 2834 634 2857 ac
656 2827 877 2868 suggesturus
901 2828 1090 2868 opportuna
1104 2848 1115 2865 ,
1149 2821 1300 2867 nihilque
1322 2819 1358 2854 in
1380 2820 1491 2866 ipsum
1514 2816 1675 2852 insidiose

213 2868 398 2907 moliturus.
444 2869 599 2904 iurarunt
620 2873 701 2916 post
722 2868 831 2916 ipsum
855 2869 1036 2914 optimates
1059 2879 1097 2903 se
1121 2867 1257 2916 utrique
1279 2866 1432 2902 subditos
1454 2866 1608 2904 futuros,
1639 2864 1677 2903 et
