1884 3262
483 227 560 269 DE
594 226 872 270 MICHAELE
906 224 1278 274 PALAEOLOGO
1314 231 1360 272 L.
1396 230 1472 274 IV.
1622 229 1716 276 291

252 336 448 388 τοιαύτας
463 338 711 393 ὗποβάλλων
728 346 787 399 τῷ
807 345 971 395 βασιλεῖ
987 340 1008 385 ὃ
1027 344 1230 397 δηλωθεὶς
1251 347 1292 386 Γ
1289 344 1460 399 αλησίου
1477 338 1528 400 ἦν
1548 343 1713 401 Ἰωσήφ,

255 406 302 456 ὃς
334 407 381 448 οὗ
413 406 536 451 τόσον
566 408 815 465 ὖπερεπάθει
840 414 916 452 τοῦ
939 409 1145 466 Ἀρσενίου
1175 410 1273 454 ὅσον
1298 417 1356 470 τῷ
1381 415 1421 454 Γ
1417 417 1581 472 ερμανῷ
1606 412 1714 469 ἀπη-
1736 418 1766 452 Β

251 474 432 529 χθάνετο
453 477 521 520 διὰ
540 478 614 533 τὴν
632 480 676 521 ἐκ
694 476 851 534 θρόνου
868 483 1059 520 ταπεινοῦ
1085 481 1141 529 εἷς
1170 479 1242 521 τὸν
1267 472 1717 537 ὗπέρτατονέπιπῆδη-

255 560 332 587 mr.
403 549 462 603 τῷ
483 563 548 588 τοι
571 548 639 588 καὶ
659 547 831 601 ἐσχίζετο
857 547 1123 600 μέν·ἔκεῖνος,
1159 545 1338 590 ὖπέτεινε
1359 550 1405 607 δὲ
1425 551 1491 591 καὶ
1511 554 1569 608 τῷ
1590 554 1715 604 βασι-

217 619 243 656 6
255 615 326 653 λεΐ·
344 612 394 655 οὗ
426 614 554 664 καλὰς
583 615 741 664 ἐννοίας
768 615 858 670 περὶ
888 615 1039 657 ἐκείνου
1068 613 1126 665 ὥς
1157 614 1205 657 οὗ
1239 613 1457 669 Manum,
1492 616 1544 659 ἄν
1571 634 1615 673 γε
1647 620 1715 662 καὶ

252 678 369 722 λύοι·
412 681 506 724 οὔτε
541 683 618 739 γὰρ
663 682 802 725 ἱκανὸν
842 680 941 724 εἶναι
970 687 1094 726 τοῦτο
1131 682 1246 738 παρὰ
1282 688 1370 742 θεῷ
1399 687 1467 726 καὶ
1497 684 1711 742 αὔταρκες,

255 747 346 790 ὀὔτ’
378 748 778 810 ἄκατάγνωστοντῷ
804 755 974 804 βασιλεῖ.
1047 750 1104 801 ὥς
1131 755 1229 806 γοῦν
1261 752 1383 795 ταῦτ’
1418 752 1547 809 ἔλεγεν
1585 752 1643 803 ὥς
1672 755 1715 797 ἐν

253 816 492 874 ἀνθρώποις
518 821 574 868 εἷς
601 819 757 875 πατέρα
778 819 1019 874 τεταγμένος
1038 819 1171 878 αὐτῷ,
1208 821 1274 861 καὶ
1299 822 1454 863 πείθειν
1482 816 1535 877 ἦν
1557 821 1707 866 ἐκεῖνον
1731 831 1761 865 C

255 887 298 927 ἐκ
314 890 388 928 τοῦ
408 888 622 942 προχείρου
643 889 709 929 καὶ
728 887 786 930 δι’
807 887 913 929 ἄλλα
931 888 1006 940 μὲν
1024 888 1128 944 πρὸς
1145 886 1192 930 τὸ
1210 890 1342 931 δοκεῖν
1361 887 1481 932 ἱκανά
1489 922 1504 942 ,
1534 887 1715 944 μάλιστα

203 966 246 998 10
257 955 301 996 δὲ
319 956 386 996 καὶ
406 953 466 997 ὅτι
487 955 552 997 ἐπ’
578 956 711 1013 ἐκείνῳ
736 953 1076 1012 πεπληροφόρητο
1105 955 1159 999 τὰ
1189 957 1322 999 πολλὰ
1347 959 1478 1013 πατρί
1489 975 1531 1014 γε
1552 961 1715 1013 νομιζο-

254 1021 387 1080 μένῳ,
428 1023 470 1065 ἓν
499 1024 670 1073 ἔννοιάις
699 1021 720 1066 ὅ
751 1029 913 1079 κρατῶν
942 1019 1017 1078 ἦν,
1039 1026 1115 1066 -καὶ
1143 1028 1302 1078 μᾶλλον
1322 1024 1384 1068 ὅτι
1405 1028 1473 1068 καὶ
1494 1025 1540 1069 τό
1561 1028 1714 1082 σχίσμα

255 1092 377 1133 πλέον
405 1091 555 1146 ἐγένετο
585 1091 652 1134 διὰ
681 1092 757 1147 τὴν
781 1089 1028 1146 μετάθεσιν,
1058 1091 1135 1135 κᾶν
1163 1094 1311 1143 ἐκεῖνος
1339 1091 1609 1151 κατωλιγῶρει
1641 1100 1716 1150 τῆς

255 1160 311 1208 εἷς
333 1158 461 1202 αὐτὸν
475 1158 634 1215 ὕβρεως
651 1161 724 1203 καί
744 1177 786 1216 γε
811 1160 930 1203 οὐδὲν
948 1160 1082 1203 οὐδενὶ
1098 1159 1292 1216 ἠνώχλει,
1324 1161 1400 1204 κᾶν
1420 1160 1569 1213 πάντες
1584 1180 1716 1220 προσ-

253 1225 456 1283 ήγγελλον.
513 1228 759 1283 μεταβαλών
774 1233 872 1285 γοῦν
890 1233 965 1285 τῆς
978 1227 1142 1285 γνώμης
1162 1227 1182 1272 ὃ
1198 1230 1394 1284 βασιλεῦς
1412 1227 1607 1286 πολὺς-ἦν
1626 1231 1713 1289 ‹²291-
1736 1248 1768 1281 1)

202 1307 244 1342 15
255 1293 456 1352 γνώμενός
477 1297 546 1338 διὰ
565 1302 698 1339 ταῦτα
719 1298 905 1353 ἐκστῆναι
922 1302 997 1340 τοῦ
1017 1296 1175 1354 θρόνου
1197 1298 1270 1340 τὸν
1287 1302 1328 1340 Γ
1325 1298 1500 1355 ερμανόν
1508 1332 1523 1352 ,
1556 1299 1632 1343 κᾶν
1655 1301 1714 1355 μὴ

254 1366 298 1415 ἐξ
325 1363 473 1407 ἑαυτοῦ
492 1365 644 1418 μαθών
663 1363 908 1420 ὗπεκσταίη,
941 1365 1037 1408 ἀλλ’
1063 1361 1136 1410 οὖν
1164 1365 1289 1409 ἄλλον
1307 1369 1584 1423 ἒπιθαρρῆσαι
1608 1385 1714 1423 συμ-

254 1431 461 1487 βουλεύειν
488 1435 623 1491 ἔκείνῳ
653 1434 728 1488 τήν
749 1432 1024 1490 ὕποχώρησιν.
1092 1435 1252 1488 ἕτοιμος
1282 1435 1323 1477 δ’
1359 1430 1410 1490 ἦν
1438 1438 1494 1485 εἰς
1519 1440 1642 1480 τοῦτο
1665 1437 1712 1480 τὰ

256 1503 486 1558 παραυτίκα
515 1500 535 1545 ὃ
559 1501 736 1560 Ἰωσήφ,
768 1502 873 1558 πλὴν
903 1499 1165 1560 ἀνεμφάτως,
1203 1505 1269 1545 καὶ
1296 1501 1351 1554 ὥς
1377 1503 1427 1546 ἂν
1460 1505 1622 1561 οἰηθείη
1653 1523 1715 1555 τις

254 1634 434 1677 suggestor
462 1632 650 1667 huiusmodi
681 1633 928 1668 solicitudinum
958 1634 1113 1678 Augusto
1136 1635 1203 1669 fuit
1232 1645 1336 1679 supra
1359 1637 1563 1669 memoratus
1587 1635 1711 1680 Ioseph

255 1679 388 1712 Galesii
416 1679 628 1724 praefectus,
661 1691 727 1714 non
749 1685 817 1714 tam
848 1681 905 1714 iile
937 1681 1072 1724 quidem
1097 1680 1131 1714 in
1154 1682 1218 1715 hoc
1241 1681 1456 1714 miseratione
1477 1680 1512 1714 in
1535 1683 1713 1715 Arsenium

253 1725 399 1770 quadam
431 1730 542 1758 motus
574 1737 674 1770 quam
709 1726 885 1771 indulgens
915 1726 1049 1760 minime
1081 1726 1287 1760 dissimulato
1319 1726 1481 1760 adversus
1505 1728 1712 1762 Germanum

254 1770 343 1812 odio,
366 1782 464 1816 quern
486 1772 597 1816 palam
621 1771 782 1816 culpabat
804 1771 899 1817 quasi
923 1784 942 1805 e
964 1772 1046 1806 sede
1070 1772 1236 1806 humiliori
1256 1772 1292 1806 in
1315 1783 1504 1818 supremam
1527 1773 1616 1807 saltu
1639 1785 1712 1807 am-

254 1815 378 1850 bitioso
410 1827 474 1849 nec
505 1828 568 1861 per
599 1828 715 1851 sacras
737 1818 830 1862 leges
853 1829 1013 1852 concesso
1043 1818 1321 1852 transcendisset.
1367 1818 1458 1852 unde
1480 1829 1555 1852 cum
1577 1830 1616 1853 se
1637 1819 1712 1864 ipse

212 1902 215 1903 ⁷
255 1862 298 1895 ab
333 1862 405 1895 eius
435 1863 662 1896 communione
694 1863 907 1908 segregavit,
941 1867 1013 1897 tum
1043 1863 1128 1898 istas
1151 1875 1236 1909 quas
1259 1864 1331 1897 dixi
1354 1864 1516 1898 adversas
1539 1866 1713 1899 Germano

257 1907 477 1952 cogitationes
500 1912 603 1953 atque
625 1910 822 1943 formidines
853 1909 1069 1954 imperatoris
1091 1909 1200 1943 animo
1224 1910 1385 1954 subiecit,
1416 1910 1629 1944 metuendum
1652 1911 1715 1944 de-

254 1953 410 1988 nuntians
433 1965 476 1988 ne
508 1966 573 1987 non
604 1955 758 2001 idoneam
781 1954 838 1989 ille
859 1956 1004 1989 haberet
1024 1956 1174 1989 solvendi
1197 1962 1421 2001 potestatem,
1457 1968 1498 1990 ac
1521 1959 1612 2002 quod
1635 1961 1713 1990 erat

254 1999 334 2034 inde
368 2011 598 2044 consequens,
633 2000 662 2035 si
694 2012 716 2035 a
747 2001 812 2034 tali
837 2001 1012 2035 absolutus
1033 2001 1155 2036 fuisset
1176 2002 1379 2046 imperator,
1412 2013 1474 2035 nec
1497 2002 1588 2047 apud
1613 2002 1712 2036 deum

255 2057 319 2079 nec
349 2045 439 2090 apud
468 2046 618 2080 homines
649 2058 732 2081 vere
763 2047 848 2081 liber
871 2059 892 2081 a
915 2047 989 2080 diro
1011 2047 1143 2081 vinculo
1175 2054 1382 2082 censeretur.
1428 2056 1517 2092 quae
1539 2049 1713 2091 Augustus

254 2091 396 2126 audiens
419 2092 464 2126 ab
487 2104 529 2126 eo
551 2104 649 2138 quem
673 2092 782 2139 patris
803 2093 951 2127 habebat
980 2093 1076 2135 loco,
1110 2093 1165 2127 cui
1185 2098 1221 2127 et
1243 2097 1281 2127 ut
1304 2092 1531 2127 conscientiae
1551 2104 1633 2127 suae
1657 2104 1715 2126 ar·-

254 2138 344 2171 bitro
375 2141 411 2171 et
439 2142 479 2171 ut
509 2138 651 2172 omnium
681 2150 773 2184 quae
790 2139 1124 2184 ad'procurationem
1152 2144 1351 2184 spectarent
1373 2139 1555 2172 animarum
1579 2139 1712 2172 consul·

255 2183 383 2217 tissimo
404 2183 530 2228 passim
552 2184 669 2219 habito
693 2185 775 2219 fidei
796 2184 974 2230 plurimum
996 2185 1292 2230 venerationisque
1314 2184 1506 2224 tribuebat,
1539 2185 1712 2218 anxietate

257 2229 461 2262 constrictus
494 2234 548 2263 est
575 2230 740 2273 maxima,
771 2242 872 2276 quam
894 2231 1036 2264 subinde
1058 2231 1166 2274 magis
1189 2230 1365 2274 magisque
1386 2229 1585 2263 intendebat
1606 2241 1712 2275 auge·

257 2285 355 2308 scens
382 2273 417 2307 in
451 2274 526 2308 dies
554 2276 697 2310 schisma
728 2277 905 2310 multorum
927 2278 971 2310 ob
992 2277 1154 2311 invidiam
1184 2275 1413 2309 translationis
1438 2275 1600 2309 Germani
1621 2287 1713 2310 com-

251 2319 444 2353 munionem
474 2322 717 2363 aversantium,
747 2322 822 2367 ipso
855 2333 975 2356 secure
997 2322 1092 2356 nimis
1124 2322 1345 2355 indormiente
1365 2320 1507 2355 iniuriae
1528 2333 1611 2355 suae
1633 2326 1710 2356 tan-

255 2371 326 2406 tae,
349 2376 412 2399 nec
434 2372 666 2410 purgare-aut
684 2367 826 2402 delinire
847 2368 979 2402 omnino
1000 2368 1197 2412 gliscentem
1218 2367 1377 2400 invidiam
1401 2366 1469 2400 ulla
1490 2378 1531 2401 re
1554 2372 1709 2402 conante.

234 2414 239 2418 “
255 2423 333 2445 nam
355 2411 491 2445 tametsi
513 2423 627 2446 omnes
646 2411 693 2445 illi
715 2414 911 2447 nuntiarent
931 2425 1020 2459 quae
1041 2419 1161 2447 eontra
1180 2413 1272 2446 illum
1295 2412 1493 2447 dicebantur
1510 2417 1547 2447 et
1567 2413 1710 2456 fiebant,

255 2457 380 2491 nemini
402 2457 612 2499 succensuit,
641 2459 767 2493 nullum
790 2460 1015 2504 compescuit,
1047 2459 1172 2492 nullum
1194 2459 1251 2492 vel
1272 2458 1461 2500 minimum,
1486 2463 1526 2493 ut
1547 2459 1711 2504 oportuit,

256 2502 408 2537 nascenti
439 2509 476 2536 et
504 2504 699 2547 augescenti
727 2505 815 2538 malo
849 2505 1031 2538 remedium
1060 2504 1199 2538 obiecit.
1245 2508 1374 2539 mutata
1405 2505 1508 2549 igitur
1538 2505 1710 2539 sententia

255 2549 440 2594 imperator
461 2548 590 2583 multus·
606 2548 674 2583 iam
696 2555 772 2584 erat
791 2550 826 2583 in
847 2550 1064 2595 disquirendo
1085 2561 1198 2584 secum
1220 2562 1289 2596 qua
1311 2551 1454 2586 maxime
1473 2551 1607 2585 ratione
1629 2562 1711 2596 pos-

255 2595 492 2639 setconsequi
514 2600 553 2628 ut
573 2607 594 2628 e
615 2595 738 2636 throno
762 2596 952 2630 Germanus
973 2599 1198 2630 amoveretur.
1243 2596 1404 2640 cupiebat
1426 2597 1598 2631 consilium
1621 2597 1709 2630 ultro

255 2640 333 2674 inde
366 2640 548 2674 recedendi
575 2651 638 2685 per
660 2652 697 2675 se
718 2641 814 2675 illum
836 2652 972 2686 capere.
1007 2642 1108 2688 ,quod
1138 2653 1214 2676 αισι
1234 2642 1267 2675 ei
1289 2653 1475 2686 suggerere
1496 2640 1606 2687 pudor
1627 2652 1710 2675 suus

255 2697 324 2720 non
353 2685 504 2728 sineret,
519 2687 675 2731 ·optabat
702 2687 856 2721 alicunde
880 2687 1026 2732 aliquem
1056 2687 1204 2722 existere
1231 2688 1373 2722 liberum
1404 2688 1619 2726 monitorem,
1652 2687 1711 2732 qui

257 2731 402 2777 suadere
424 2731 545 2766 homini
566 2732 707 2766 auderet
728 2737 768 2766 ut
791 2733 881 2778 quod
903 2744 1024 2767 omnes
1047 2734 1283 2768 desiderarent
1311 2738 1497 2779 occuparet
1517 2733 1634 2767 volens
1654 2734 1709 2766 fa-

257 2787 336 2811 cere
357 2789 399 2812 ac
421 2777 487 2811 vim
503 2775 654 2812 'arbitrio
677 2781 923 2823 praeverteret.
970 2780 1175 2814 commodum
1196 2779 1308 2814 adfuit
1327 2779 1362 2813 in
1384 2780 1418 2813 id
1442 2779 1544 2812 officii
1568 2782 1710 2824 paratus

258 2822 332 2867 ipse
350 2822 479 2867 primus
501 2824 663 2857 tricarum
687 2825 812 2869 artifex
831 2824 948 2858 talium
970 2825 1155 2871 Iosephus,
1188 2826 1332 2859 monitus
1355 2831 1488 2866 tamen,
1520 2830 1557 2858 et
1586 2824 1709 2868 instiu-

259 2872 315 2901 ctu
347 2879 472 2913 pronus
503 2869 538 2903 in
568 2869 676 2914 idem,
715 2871 869 2915 periculo
896 2872 990 2905 velut
1020 2872 1159 2917 proprio
1183 2871 1378 2906 tentandum
1399 2871 1438 2904 id
1460 2882 1613 2913 sumere,
1647 2881 1711 2905 nec
