1884 3262
403 236 406 238 ·
440 222 517 266 DE
551 222 831 266 MICHAELE
864 221 1236 267 PALAEOLOGO
1271 222 1318 265 L.
1353 220 1430 266 VI.
1567 221 1663 267 515

203 330 504 391 σωθήσεσθαι,
539 341 627 385 τοῖς
657 335 702 378 δὲ
725 339 801 379 τοῦ
829 335 1030 389 βασιλέως
1048 334 1124 386 τὰς
1143 335 1206 378 ἐπὶ
1223 333 1296 378 τὸν
1310 334 1498 390 ποταμὸν
1524 334 1661 381 αὐτῶν
1681 343 1711 380 P
1735 345 1803 381 350

203 401 336 459 ὁρμὰς
356 404 565 447 διακλείειν
585 402 891 461 προφθᾶνουσι.
936 405 1011 459 μέν
1031 404 1107 447 δέει
1127 407 1202 446 τοῦ
1219 403 1277 459 μὴ
1298 405 1666 460 κωλυθῆναιήπαν-

201 470 383 514 τᾶπασιν
395 504 406 525 ‚
442 472 586 522 αὐταῖς
611 479 774 522 σκευαῖς
793 474 859 515 καὶ
878 474 1058 528 γυναιξὶν
1087 470 1351 526 ἔνειλούμενοι
1361 504 1376 526 ,
1412 474 1478 515 καὶ
1499 471 1521 516 ὅ
1540 473 1664 518 ἕπιών

196 539 278 582 ψτόν
295 538 491 596 προϊόντα
512 545 760 584 καταπατῶν
774 557 818 584 τε
837 542 903 583 καὶ
922 542 1208 592 κατασποδῶν,
1245 539 1362 583 αὐτοὶ
1379 541 1483 597 παρ’
1505 539 1662 586 ἑαυτῶν

170 609 258 651 ὃτὰ
283 613 454 650 πλεῖστα
484 607 762 664 ἐσφάλλοντο,
798 609 975 658 πολλοῦς
1006 609 1051 651 δὲ
1080 610 1146 650 καὶ
1174 606 1443 662 ὗπετίμνοντο
1469 610 1508 652 οἱ
1530 610 1663 662 ἱππεΐς

202 677 300 731 πρὶν
321 675 486 733 φθάσαι
509 676 580 720 τὸν
600 675 808 730 ποταμόν,
846 679 912 719 καὶ
934 677 1048 733 ἔργον
1074 674 1246 728 εὖζιῦνου
1269 678 1388 728 πεζοῦ
1413 677 1555 728 ἱππεὺς
1578 680 1664 735 ἐγέ-

201 761 292 786 νετο
317 743 518 800 σοβαρός,
557 743 613 795 ὥς
630 744 871 788 ἁλίσκεσθαι
885 746 959 800 μὲν
980 746 1217 797 πλείστους,
1252 743 1339 799 ἅμα
1362 743 1406 788 δ’
1429 743 1660 798 ἑαλωκότας
1681 753 1712 787 Β

205 810 439 868 ἀπάγεσθαι
468 813 572 868 πρὸς
594 813 642 856 τὸ
670 811 891 870 φρούριον,
929 815 995 856 καὶ
1014 811 1136 855 πάλιν
1154 812 1305 863 ἄλλους
1323 815 1390 855 καὶ
1410 813 1477 856 ἐπ’
1500 816 1664 868 ἐκείνοις

203 879 378 932 ἄλλους,
416 883 482 924 καὶ
504 880 634 931 οὕτως
653 883 795 938 ἐφεξῆς
813 882 910 931 τοὺς
926 883 1000 936 μὲν
1022 879 1272 938 φονεύεσθαι
1293 881 1390 931 τοὺς
1407 881 1662 936 ὀνομαστοὺς

149 956 193 991 10
204 949 250 991 δὲ
274 947 665 1003 συλλαμβάνεσθαι,
699 950 840 1006 μέχρις
870 944 918 992 οἷ)
948 951 1014 992 καὶ
1039 948 1112 992 τὸν
1132 944 1319 1004 ποταμὸν
1344 947 1520 1006 Roaiam·
1543 950 1663 1008 φθά-

201 1022 348 1066 σαντες
379 1017 418 1059 οἱ
447 1018 522 1071 μὲν
550 1016 680 1060 ἑκοντὶ
702 1016 873 1067 ἑαυτοὺς
892 1019 1107 1074 ἐρρίπτουν
1127 1017 1232 1059 κατὰ
1257 1021 1332 1060 τοῦ
1353 1016 1576 1072 ῥεύματος,
1613 1020 1659 1064 ‘td

202 1084 497 1135 ἐξαπολωλέναι
526 1089 803 1140 προτιμῶντες
835 1090 909 1129 τοῦ
941 1085 1033 1140 μετ’
1066 1083 1261 1140 αι’σχῦνης
1293 1092 1424 1128 πεσεῖν
1448 1086 1504 1136 εἷς
1521 1095 1662 1144 χεῖρας

197 1150 429 1207 Ῥωμαίων,
468 1153 507 1196 οἱ
524 1154 569 1196 δὲ
586 1154 660 1213 βίᾳ
679 1153 750 1196 τόν
771 1154 958 1208 ποταμὸν
988 1155 1260 1203 διεκπαίοντες
1280 1154 1324 1196 ἐκ
1342 1157 1504 1197 πολλῶν
1534 1156 1661 1212 ὀλίγοι

200 1221 306 1278 πρὸς
324 1221 372 1264 τὸ
392 1226 474 1264 τῶν
491 1224 683 1265 Κανίνων
703 1221 902 1279 φρούριον
922 1221 1159 1274 διεσώζοντο
1180 1220 1418 1278 φεύγοντες,
1452 1226 1601 1277 γυμνοί
1615 1243 1658 1268 τε
1680 1233 1710 1267 C

146 1297 190 1332 15
202 1291 268 1331 καὶ
289 1289 433 1332 ἄοπλοι
455 1292 522 1332 καὶ
541 1292 650 1342 πεζοὶ
674 1291 712 1333 οἳ
732 1291 810 1346 πρὸ
831 1295 979 1346 μικροῦ
998 1294 1218 1343 σοβοῦντες
1236 1292 1303 1333 καὶ
1323 1288 1380 1340 ὥς
1398 1291 1566 1335 νοσσιὰν
1586 1294 1661 1348 τὴν

195 1356 404 1413 Ῥωμαῖδα
429 1362 676 1412 καταλαβεῖν
700 1359 796 1401 κατ’
816 1358 1011 1413 ἓλπισμόν
1032 1358 1202 1413 ἔχοντες.

338 1450 418 1495 33.
477 1448 612 1501 ’Άξιον
633 1449 677 1492 δὲ
694 1450 800 1506 μηδὲ
823 1449 894 1492 τὸν
917 1448 1066 1492 ἐκεῖνον
1093 1450 1305 1505 θρίαμβον
1324 1447 1395 1491 τὸν
1414 1447 1456 1490 ἓν
1476 1452 1528 1506 ’τῇ
1547 1448 1658 1494 πόλει
1680 1457 1709 1494 Ρ
1732 1461 1795 1499 35]

200 1515 394 1575 γεγονότα
426 1519 723 1576 παραδραμεῖν.
794 1517 932 1574 ἐπειδὴ
960 1516 1039 1576 γὰρ
1067 1517 1173 1562 κατὰ
1190 1515 1340 1575 κράτος
1359 1516 1499 1560 ἐνίκων
1521 1518 1560 1560 οἱ
1576 1522 1659 1572 βα-

291 1697 325 1731 2.
351 1693 439 1742 μὲν]
461 1693 525 1732 καὶ
546 1693 583 1732 οἱ
604 1692 697 1741 dev?

198 1855 320 1892 ratorii
343 1867 476 1891 cursum
496 1855 598 1892 istum
621 1854 796 1891 retardare
818 1857 889 1890 tum
912 1866 934 1890 a
954 1858 1052 1899 tergo
1074 1853 1290 1897 lacessendo,
1313 1857 1384 1889 tum
1407 1856 1657 1901 praecurrendo

198 1903 356 1948 viamque
381 1903 611 1943 obstruendo,
633 1901 729 1936 varie
751 1902 941 1936 certabant.
986 1900 1077 1934 inter
1098 1912 1187 1945 quae
1208 1900 1289 1934 Itali
1310 1901 1452 1945 confusi,
1475 1913 1542 1947 qua
1563 1909 1656 1937 metu

184 1959 244 1984 ‚ne
266 1948 527 1993 prohiberentur
548 1948 583 1982 in
607 1953 716 1982 tutum
738 1947 908 1989 evadere,
930 1958 998 1992 qua
1021 1946 1181 1980 mixtione
1202 1945 1483 1982 inordinatissima
1505 1948 1656 1983 sarcina-

199 2005 275 2029 rum
295 1998 330 2028 et
353 1993 528 2028 mulierum
550 2005 636 2039 quas
658 2005 725 2027 una
745 2005 860 2028 secum
881 1993 1064 2026 trabebant
1091 1992 1280 2037 quibusque
1303 1991 1454 2037 impliciti
1477 1993 1657 2028 conflicta-

199 2040 344 2082 bantur,
373 2039 559 2074 trudebant
579 2039 850 2085 deiiciebantque
870 2050 947 2072 sese
968 2041 1103 2079 mutuo,
1134 2042 1262 2071 temere
1283 2036 1426 2071 invicem
1447 2037 1658 2072 incurrentes

200 2097 244 2121 ac
274 2085 531 2126 conculcantes,
565 2084 616 2119 ita
638 2091 678 2120 ut
699 2097 814 2120 eorum
836 2084 929 2118 multi
959 2083 1163 2124 currentium
1187 2083 1229 2116 ad
1253 2082 1377 2116 flumen
1408 2094 1568 2127 equorum
1591 2095 1657 2118 un-

200 2131 290 2175 gulis
315 2134 592 2173 contererentur;
625 2135 661 2165 et
692 2130 815 2165 afflicti
839 2130 935 2175 lapsu
959 2130 1106 2174 superbe
1137 2127 1348 2172 cataphracti
1371 2128 1503 2172 equites
1525 2130 1655 2173 praeda

199 2176 314 2211 facilis
333 2182 431 2210 erant
453 2177 603 2220 peditum
626 2177 872 2221 expeditorum.
915 2175 1034 2209 horum
1055 2173 1187 2219 plurimi
1209 2173 1306 2207 simul
1327 2173 1572 2218 capiebantur,
1604 2173 1654 2208 si-

200 2221 272 2256 mul
293 2222 337 2256 ad
360 2232 471 2255 arcem
495 2221 703 2256 custodiendi
727 2222 967 2261 trahebantur,
997 2218 1218 2253 redeuntibus
1247 2228 1323 2252 mox
1349 2218 1410 2263 *qui
1433 2219 1654 2262 deduxerant,

201 2274 240 2303 et
262 2266 338 2301 aliis
359 2266 445 2301 alios
469 2267 622 2312 aliosque
641 2267 821 2309 similiter,
855 2266 969 2301 statim
991 2265 1049 2299 ubi
1070 2264 1324 2308 corripuerant,
1346 2263 1380 2297 in
1403 2267 1479 2298 tuta
1500 2265 1655 2299 custodia

198 2312 409 2354 locantibus,
444 2323 486 2346 eo
519 2312 556 2346 in
585 2313 637 2346 bis
664 2312 856 2347 discrimine
885 2315 1041 2351 servato,
1074 2314 1112 2344 ut
1146 2309 1267 2353 vulgus
1288 2308 1422 2353 quidem
1445 2313 1480 2344 et
1504 2310 1656 2355 gregarii

199 2362 426 2402 necarentur,
449 2357 690 2402 insignioribus
711 2363 747 2392 et
769 2357 938 2403 primariis
960 2354 1154 2390 reservatis.
1200 2365 1263 2399 per
1285 2355 1374 2388 hunc
1394 2355 1570 2390 tumultum
1593 2355 1654 2401 qui

199 2404 341 2440 tandem
372 2415 393 2438 e
422 2402 558 2437 Latinis
589 2403 632 2437 ad
665 2403 788 2444 Boosis
818 2403 910 2448 ripas
942 2399 1122 2447 pervenire
1144 2405 1346 2445 potuerunt,
1381 2412 1419 2434 se
1441 2401 1594 2435 volentes
1616 2401 1652 2435 in

199 2450 326 2485 flumen
360 2448 652 2494 praecipitabant,
688 2453 827 2482 mortem
859 2450 1098 2492 praeoptantes
1127 2445 1366 2490 ignominiosae
1394 2446 1459 2480 sub
1490 2447 1653 2481 Romanis

201 2495 406 2542 captivitati.
454 2495 549 2528 fuere
571 2499 684 2528 tamen
706 2494 827 2539 quibus
849 2496 990 2526 conatus
1012 2491 1244 2526 transnatandi
1264 2491 1475 2527 succederet.
1522 2492 1554 2526 hi
1572 2503 1652 2537 per-

199 2541 303 2588 pauci
328 2553 347 2574 e
369 2539 520 2585 plurimis
542 2539 578 2573 in
600 2539 802 2573 Caninarum
824 2538 957 2572 tandem
990 2548 1101 2572 arcem
1123 2542 1231 2571 tutum
1253 2548 1295 2570 ex
1316 2537 1425 2571 effusa
1447 2539 1529 2581 suga
1553 2549 1651 2571 rece·-

199 2593 296 2633 ptum
321 2587 530 2627 habuerunt,
559 2585 658 2626 nudi,
690 2585 850 2626 inermes,
882 2583 1031 2628 pedites,
1057 2582 1115 2628 qui
1137 2583 1238 2627 paulo
1258 2587 1339 2616 ante
1359 2579 1501 2616 fastuosi
1525 2594 1566 2616 ac
1589 2582 1652 2615 mi-

199 2643 304 2667 naces
337 2632 527 2666 universum
560 2630 737 2664 Orientale
767 2629 943 2674 imperium
975 2641 1014 2663 se
1042 2634 1202 2673 tanquam
1223 2629 1429 2662 avicularum
1450 2628 1565 2662 nidum
1586 2627 1651 2661 ini-'-

201 2678 362 2725 plumium
383 2678 518 2723 impune
538 2682 715 2722 rapturos,
738 2676 910 2710 ablaturos
933 2674 1135 2718 ludibunde,
1155 2678 1388 2720 speraverant.

293 2747 351 2781 33.
398 2745 546 2790 Dignum
569 2755 670 2790 porro
691 2743 798 2778 fuerit
818 2755 882 2777 nec
901 2742 992 2777 illum
1012 2741 1215 2789 triumphum
1238 2739 1444 2786 praeterire,
1472 2738 1530 2784 qui
1552 2738 1650 2772 huius

201 2791 429 2838 gratulatione
447 2801 623 2827 successus
648 2791 840 2825 celebratus
859 2789 896 2823 in
916 2789 1002 2824 urbe
1022 2793 1085 2824 est.
1128 2794 1307 2834 postquam
1327 2785 1412 2820 enim
1426 2784 1650 2831 plenissimam
