1884 3262
320 225 418 271 502
734 221 969 266 GEORGII
999 219 1347 268 PACHYMERIS

182 343 211 378 P
234 343 302 380 342
460 334 538 380 29.
608 332 811 383 Βασιλεὺς
826 334 870 376 δέ
889 334 954 375 καὶ
972 328 1098 384 αὖθις
1115 332 1309 390 ἀγγελθὲν
1329 334 1462 393 ἐκείνῳ
1490 332 1546 385 ὥς
1565 335 1618 378 τὰ
1639 334 1766 390 πέραν

318 406 394 447 τοῦ
412 399 653 457 Σαγγάρεως
668 401 856 453 ἀσθενεῖ,
884 402 1046 457 Πέρσαι
1072 419 1114 445 τε
1144 409 1311 456 συχναῖς
1330 403 1596 457 ἐπιτιθέμενοι
1613 405 1769 459 πείραις

321 470 427 514 κατὰ
454 469 607 524 πολλὴν
633 467 774 512 ι’ίδειαν
794 467 1141 526 διαπεραιούμενοι
1161 475 1293 519 κακῶς
1311 474 1472 513 ποιοῦσι
1497 473 1562 512 καὶ
1579 471 1630 513 τὰ
1651 473 1768 513 ἐνδο-

322 539 428 594 τέρω
449 542 521 580 τοῦ
541 541 752 591 ποταμοῦ,
788 535 978 591 δυνάμεις
995 539 1275 594 συναθροίσας
1303 536 1402 587 ὅσας
1432 536 1454 580 ὃ
1476 537 1614 591 καιρὸς
1633 539 1767 580 ἐδίδου

325 607 392 649 καὶ
420 602 600 661 ἐνεχώρει
620 602 710 647 τότε
738 605 833 647 κατ’
864 605 990 648 αὐτὸν
1021 604 1242 662 πράγματα
1252 639 1266 658 ,
1300 605 1461 663 ἀπτέρῳ
1487 603 1597 660 τάχει
1613 606 1800 651 τᾶκεῒσε5

325 671 630 727 καταλαμβάνει
664 674 974 726 διαπεραιωθεὶς
1001 673 1073 716 τὸν
1106 671 1324 729 Σάγγαριν.
1392 672 1484 716 τότε
1513 674 1647 715 τοίνυν
1674 674 1772 727 βλέ-

274 754 305 790 Β
329 759 414 785 πων
433 742 507 796 τὴν
528 744 720 794 Σκυθῶν,
757 740 859 783 εἷ’ποι
875 758 958 794 τις,
997 742 1166 797 ἐρημίαν
1188 742 1270 784 ἐκεῖ
1280 740 1456 796 μονονοὺ
1474 741 1615 797 τρίχας
1633 740 1771 783 ἴτιλλε.

328 811 589 868 κατῳκτίζετο
609 809 683 863 μὲν
702 808 779 865 γὰρ
810 807 987 859 ἐκτόπως
1014 809 1085 852 τὸν
1105 806 1254 862 τόπον,
1283 811 1350 851 καὶ
1373 809 1448 864 τὴν
1469 807 1617 863 χλεύην
1638 824 1773 852 κατω-

329 876 474 932 δύρετο
501 881 582 920 τῶν
611 877 738 919 ῗδίων.
806 877 908 933 πρὸς
933 877 981 919 δέ
1011 894 1053 933 γε
1080 877 1152 919 τὸν
1175 876 1475 933 Ἀλεξανδρείας
1501 874 1771 933 πατριάρχην,

328 946 450 988 ἐκεῖσε
469 944 572 987 κατὰ
592 945 861 1000 παραμυθίαν
878 949 936 1004 τῷ
955 948 1120 999 βασιλεῖ
1134 943 1402 1001 συνδιάγοντα
1411 977 1425 998 ,
1462 944 1537 999 τὴν
1555 948 1629 987 τοῦ
1650 942 1772 987 ταῦτ’
1785 955 1829 990 10

328 1013 581 1070 ἠρημῶσθαι
598 1014 731 1054 αἰτίαν
750 1014 919 1068 καρδίας
937 1020 1171 1068 στεναγμοῖς
1193 1015 1428 1070 ἰσχυρίζετο,
1465 1015 1539 1055 τοῢ
1554 1010 1681 1054 τόπου
1700 1011 1775 1066 μὲν

328 1081 581 1136 μεμνημένος
609 1078 665 1129 ὥς
694 1078 770 1134 εἶχε
800 1081 845 1123 τὸ
873 1078 1067 1136 πρότερον
1087 1113 1100 1132 ,
1144 1079 1209 1123 ὅτε
1242 1080 1337 1123 κατ’
1380 1080 1614 1136 ἐπιτροπίαν
1651 1078 1776 1129 αῧτός

331 1145 587 1204 ἐστρατήγει,
624 1149 664 1198 ἐς
680 1145 829 1191 ὁπόσον
851 1149 895 1191 δὲ
921 1151 1136 1205 συμφορᾶς
1156 1145 1394 1204 κατηντήκει
1412 1152 1470 1206 τῷ
1486 1145 1578 1190 τότε
1597 1147 1773 1201 βλέπων,

282 1228 314 1263 C
339 1214 394 1266 ὥς
412 1217 516 1270 μηδὲ
535 1215 665 1268 βατὸν
689 1213 925 1271 ἀνθρώποις
942 1213 1055 1268 εἶναι,
1093 1215 1296 1272 δένδρεσιν
1320 1214 1540 1270 ὗψικόμοις
1556 1219 1776 1270 κατειλημ-

329 1284 464 1340 μένον.
533 1283 580 1325 τὸ
601 1283 644 1325 δ’
667 1283 796 1327 αἴτιον
813 1316 825 1335 ,
864 1284 987 1340 φησίν
1000 1316 1013 1336 ,
1050 1280 1077 1338 ἦ
1094 1287 1174 1326 τῶν
1193 1286 1381 1339 ζηλωτῶν
1400 1285 1604 1335 ἐπίθεσις,
1640 1284 1707 1325 καὶ
1727 1281 1773 1326 τὸ
1788 1291 1832 1328 15

331 1352 578 1405 ἐκπολεμοῦν
596 1354 758 1405 βασιλεῖ
773 1351 818 1394 τὸ
842 1349 1022 1406 ὑπήκοον
1047 1349 1256 1404 σπεύδειν,
1295 1349 1349 1401 ὥς
1369 1351 1421 1394 τὰ
1439 1352 1506 1394 καὶ
1534 1350 1587 1393 τὰ
1619 1350 1777 1407 πέπρα-

334 1437 428 1464 κται
450 1419 654 1476 λέγοντας,
677 1421 758 1462 ’καὶ
779 1417 832 1470 ὥς
842 1421 1098 1478 παρανομοίη
1119 1417 1139 1463 ὅ
1156 1417 1362 1475 βασιλεύς,
1398 1421 1465 1464 καὶ
1484 1413 1614 1462 τᾶλλα
1633 1416 1693 1469 οἷς
1703 1418 1779 1468 τὰς

423 1515 459 1552 5.
479 1511 586 1562 κατ’]
611 1511 660 1551 τὰ
681 1512 795 1551 και-’7

425 1607 481 1643 29.
528 1607 574 1642 At
593 1605 775 1652 imperator
793 1617 910 1642 rursus
939 1618 1005 1642 non
1037 1606 1147 1642 dubiis
1175 1606 1300 1642 nuntiis
1323 1606 1447 1642 certior
1467 1606 1579 1640 sactus
1601 1603 1780 1640 ulteriores

334 1652 484 1697 Sangari
507 1653 661 1697 regiones
687 1653 860 1696 laborare,
890 1654 1016 1687 Persae
1046 1653 1210 1698 siquiden}
1240 1665 1338 1699 opum
1369 1652 1662 1693 ibi,Romanarum
1684 1651 1782 1684 infir-

332 1698 455 1733 mitate
477 1697 605 1732 crebris
627 1698 848 1735 incursionum
866 1699 1108 1743 (experimentis
1129 1699 1262 1733 abunde
1284 1703 1456 1744 comperta
1485 1700 1613 1732 tentum
1634 1695 1782 1730 fiduciae

332 1743 400 1778 iam
429 1748 642 1787 sumpserant
669 1747 708 1777 ut
740 1755 836 1778 amne
865 1744 1076 1779 securissime
1114 1745 1255 1778 traiecto
1288 1745 1389 1778 etiam
1427 1743 1603 1778 citeriores
1635 1740 1783 1785 Sangari

333 1792 467 1822 tractus
490 1800 593 1832 agere
614 1789 774 1834 ferreque
802 1789 930 1834 rapinis
952 1794 988 1823 et
1009 1790 1253 1824 vastationibus
1274 1801 1340 1824 non
1361 1790 1573 1830 dubitarent,
1601 1786 1783 1821 contractis

335 1844 377 1867 co
401 1833 442 1868 iis
465 1838 609 1878 quantas
631 1845 692 1879 pro
714 1839 866 1880 tempore
888 1846 1017 1880 proque
1039 1835 1211 1880 praesenti
1234 1836 1331 1880 copia
1355 1834 1466 1881 potuit
1488 1844 1631 1878 cogere,
1653 1842 1782 1870 summa

335 1889 378 1912 ce
391 1879 512 1912 eritate
530 1879 610 1913 illuc
629 1890 668 1915 se
691 1880 854 1924 contulit,
878 1881 1022 1924 Sangari
1044 1879 1249 1914 transmisso.
1295 1885 1376 1914 tunc
1398 1889 1538 1914 cernens
1555 1878 1622 1912 illic
1644 1876 1784 1922 Scythi-

336 1935 411 1958 cam
437 1925 614 1969 quamdam
644 1925 701 1969 (ut
730 1925 829 1970 vulgo
861 1925 991 1969 dicunt)
1024 1926 1236 1959 solitudinem
1257 1929 1325 1960 tam
1360 1926 1431 1960 acri
1465 1923 1588 1958 doloris
1618 1923 1783 1957 urebatur
1843 1948 1847 1952 .

336 1980 462 2012 sensu,
484 1981 601 2014 parum
622 1976 662 2003 ut
684 1970 820 2004 abesset
842 1970 921 2015 quin
944 1971 1027 2014 pilos
1049 1971 1124 2015 ipse
1153 1970 1221 2005 sibi
1256 1970 1379 2015 capitis
1400 1970 1551 2005 velleret.
1595 1968 1784 2003 miseraba-

336 2019 396 2048 tur
427 2014 511 2048 enim
542 2015 779 2049 incredibiliter
811 2015 1032 2050 calamitatem
1061 2017 1207 2050 locorum
1236 2015 1386 2059 illorum;
1417 2019 1452 2050 et
1481 2020 1550 2049 tam
1579 2013 1715 2058 impune
1735 2011 1785 2047 ibi

338 2069 420 2095 suos
441 2060 580 2094 ludibrio
609 2071 683 2095 esse
713 2061 867 2095 barbaris
899 2061 942 2095 ad
974 2061 1142 2107 propriam
1173 2060 1280 2106 ipsius
1303 2061 1472 2106 pertinere
1492 2058 1704 2104 ignominiam
1727 2068 1785 2092 re-

339 2105 484 2150 putabat
505 2116 668 2140 moerens.
713 2107 832 2140 aderat
851 2106 883 2140 ei
903 2105 999 2140 huius
1023 2106 1242 2152 expeditionis
1265 2106 1307 2141 ad
1329 2106 1483 2141 solatium
1506 2115 1616 2140 comes
1639 2104 1785 2138 Alexan-

340 2149 458 2184 drinus
482 2151 684 2194 patriarcha.
731 2152 820 2197 apud
843 2152 931 2186 hunc
952 2163 1138 2186 exonerans
1160 2152 1323 2196 animum,
1355 2163 1422 2186 non
1442 2152 1514 2185 sine
1537 2149 1616 2185 altis
1639 2161 1659 2184 e
1682 2149 1786 2184 corde

339 2194 515 2240 suspiriis,
537 2196 728 2231 affirmabat
749 2203 953 2243 compertam
973 2208 1050 2231 sero
1081 2197 1144 2232 sibi
1171 2209 1283 2232 veram
1305 2209 1439 2232 causam
1470 2194 1680 2231 obversantis
1702 2205 1787 2229 ocu-

339 2238 384 2274 lis
415 2241 652 2284 desolationis,
685 2254 773 2288 quae
814 2247 941 2289 quanta
980 2253 1146 2289 quamque
1186 2243 1384 2278 miserabilis
1415 2246 1506 2277 esset
1545 2241 1620 2321 ipse
1659 2240 1786 2286 optime

343 2286 486 2320 omnium
509 2292 643 2330 nosset,
672 2288 809 2322 adiutus
832 2289 874 2323 ad
897 2288 931 2322 id
955 2289 1113 2323 memoria
1134 2288 1287 2323 florentis
1309 2288 1474 2334 quondam
1497 2299 1538 2322 ac
1583 2285 1652 2321 eati
1672 2285 1785 2331 regio-

342 2341 422 2364 num
444 2331 567 2366 harum'
583 2337 716 2375 status,
740 2333 870 2379 qualem
893 2346 930 2368 se
952 2340 1122 2380 spectasse
1144 2335 1398 2377 recordabatur,
1430 2344 1504 2368 cum
1533 2336 1611 2367 ante
1629 2342 1728 2378 qnam
1749 2330 1785 2364 in

343 2374 517 2420 imperium
539 2378 758 2422 eveheretur,
790 2378 948 2414 Romanis
970 2380 1073 2425 copiis
1095 2379 1141 2414 ibi
1163 2384 1347 2425 praeesset.
1393 2389 1587 2424 comparans
1608 2388 1689 2421 ergo
1711 2375 1786 2411 ani-

343 2430 399 2455 mo
422 2432 524 2467 quam
545 2423 684 2466 uberes,
707 2435 806 2469 quam
827 2426 1020 2471 frequentes
1049 2425 1126 2459 olim
1147 2425 1301 2459 felicibus
1322 2425 1442 2460 incolis
1463 2430 1596 2466 terrae,
1619 2423 1654 2456 in
1677 2431 1786 2468 quau-

345 2469 416 2500 tam
438 2478 546 2511 nunc,
569 2480 657 2513 quae
679 2476 890 2512 cerneretur,
929 2470 1151 2505 calamitatem
1183 2471 1420 2512 devenissent,
1453 2475 1492 2504 ut
1514 2480 1580 2503 non
1601 2468 1786 2503 exhaustae

312 2531 318 2555 3
346 2510 476 2545 civibus
505 2513 696 2558 colonisque
729 2515 851 2556 solum,
884 2517 944 2550 sed
976 2527 1019 2550 ne
1048 2516 1186 2562 perviae
1216 2517 1348 2562 quidem
1370 2517 1433 2550 iam
1455 2515 1638 2549 hominibus
1659 2517 1786 2554 essent,

346 2555 437 2610 nullo
457 2557 582 2602 passim
605 2559 748 2604 vestigio
771 2561 900 2595 viarum
913 2587 924 2605 ,
954 2562 1114 2606 stirpibus
1145 2567 1247 2608 atque
1279 2563 1425 2596 arbustis
1448 2560 1560 2595 densis
1581 2563 1685 2603 atque
1708 2556 1786 2591 altis

347 2605 458 2636 enatis
490 2603 613 2648 ubique
644 2609 782 2639 temere.
828 2618 947 2648 causa,
977 2607 1172 2651 inquiebat,
1205 2608 1282 2642 mali
1320 2608 1406 2642 tanti
1435 2607 1520 2641 haec
1558 2604 1686 2637 demum
1719 2607 1786 2642 est,

348 2647 482 2691 eruptio
503 2648 681 2683 inconsulti
712 2650 776 2684 zeli
808 2651 960 2686 subditos
995 2652 1140 2687 efferens
1169 2653 1204 2687 in
1234 2657 1372 2687 conatus
1400 2651 1542 2686 rebelles
1571 2647 1788 2694 impugnandi

346 2692 553 2771 principemg
574 2694 633 2727 ubi
664 2695 798 2739 prodire
829 2697 927 2730 aliter
957 2697 992 2731 in
1023 2709 1094 2731 rem
1124 2710 1189 2732 non
1212 2704 1375 2752 possunt,
1405 2696 1579 2732 maledicas
1606 2693 1788 2728 incitantes

363 2736 478 2781 inguas
500 2738 544 2773 ad
565 2739 723 2774 seditiose
742 2743 1008 2777 murmurandum
1030 2743 1194 2778 adversus
1214 2747 1448 2788 imperantem,
1471 2742 1555 2775 haec
1577 2743 1612 2773 et
1632 2740 1691 2773 illa
1713 2738 1787 2772 eius

349 2787 429 2817 acta
457 2790 712 2828 percensentes,
746 2797 834 2830 quae
863 2798 969 2832 prava
995 2800 1070 2823 esse
1103 2789 1334 2831 contendunt,
1359 2791 1395 2822 et
1416 2798 1508 2821 reum
1528 2785 1619 2819 illum
1643 2783 1787 2818 violata-

348 2837 421 2862 rum
448 2829 560 2875 legum
591 2834 626 2865 et
655 2830 863 2876 reipublicae
894 2833 1038 2876 pessime
1069 2834 1323 2869 administratae
1355 2831 1572 2868 licentissime
1600 2831 1787 2876 peragunt3
