<?xml version="1.0" encoding="UTF-8"?>
<!DOCTYPE html PUBLIC "-//W3C//DTD XHTML 1.0 Transitional//EN"
    "http://www.w3.org/TR/xhtml1/DTD/xhtml1-transitional.dtd">
<html xmlns="http://www.w3.org/1999/xhtml" xml:lang="en" lang="en">
 <head>
  <title>
</title>
<meta http-equiv="Content-Type" content="text/html;charset=utf-8" />
  <meta name='ocr-system' content='tesseract 3.04.00' />
  <meta name='ocr-capabilities' content='ocr_page ocr_carea ocr_par ocr_line ocrx_word'/>
</head>
<body>
  <div class='ocr_page' id='page_1' title='image "./corpusscriptorum17niebuoft_0242.png"; bbox 0 0 1884 3262; ppageno 0'>
   <div class='ocr_carea' id='block_1_1' title="bbox 219 181 1274 253">
    <p class='ocr_par' dir='ltr' id='par_1_1' title="bbox 219 181 1274 253">
     <span class='ocr_line' id='line_1_1' title="bbox 219 181 1274 253; baseline 0.005 -28"><span class='ocrx_word' id='word_1_1' title='bbox 219 184 318 233; x_wconf 78' lang='lat'><strong>224</strong></span> <span class='ocrx_word' id='word_1_2' title='bbox 643 181 881 253; x_wconf 84' lang='lat' dir='ltr'>GEORGH</span> <span class='ocrx_word' id='word_1_3' title='bbox 917 181 1274 230; x_wconf 82' lang='lat' dir='ltr'><strong>PACHYMERIS</strong></span> 
     </span>
    </p>
   </div>
   <div class='ocr_carea' id='block_1_2' title="bbox 167 291 1686 423">
    <p class='ocr_par' dir='ltr' id='par_1_2' title="bbox 167 291 1686 423">
     <span class='ocr_line' id='line_1_2' title="bbox 167 291 1686 357; baseline -0.001 -12"><span class='ocrx_word' id='word_1_4' title='bbox 167 314 198 349; x_wconf 88' lang='grc' dir='ltr'>Β</span> <span class='ocrx_word' id='word_1_5' title='bbox 222 319 306 345; x_wconf 91' lang='grc' dir='ltr'><strong><em>νον.</em></strong></span> <span class='ocrx_word' id='word_1_6' title='bbox 374 293 601 354; x_wconf 85' lang='grc' dir='ltr'><strong><em>μαρτύριον</em></strong></span> <span class='ocrx_word' id='word_1_7' title='bbox 621 296 667 339; x_wconf 81' lang='grc' dir='ltr'><strong>δὲ</strong></span> <span class='ocrx_word' id='word_1_8' title='bbox 686 299 762 339; x_wconf 79' lang='grc' dir='ltr'><strong>τοῦ</strong></span> <span class='ocrx_word' id='word_1_9' title='bbox 781 291 904 352; x_wconf 84' lang='grc' dir='ltr'><strong><em>λόγου</em></strong></span> <span class='ocrx_word' id='word_1_10' title='bbox 933 298 1000 340; x_wconf 82' lang='grc' dir='ltr'><strong>καὶ</strong></span> <span class='ocrx_word' id='word_1_11' title='bbox 1025 295 1073 340; x_wconf 85' lang='grc' dir='ltr'><strong><em>τὸ</em></strong></span> <span class='ocrx_word' id='word_1_12' title='bbox 1101 294 1316 354; x_wconf 81' lang='grc' dir='ltr'><strong><em>λεγόμενον</em></strong></span> <span class='ocrx_word' id='word_1_13' title='bbox 1351 302 1385 324; x_wconf 84' lang='grc'><strong>“</strong></span> <span class='ocrx_word' id='word_1_14' title='bbox 1400 299 1533 351; x_wconf 77' lang='grc' dir='ltr'><strong><em>οὐδεὶς</em></strong></span> <span class='ocrx_word' id='word_1_15' title='bbox 1554 297 1686 357; x_wconf 80' lang='grc' dir='ltr'><strong><em>κομή-</em></strong></span> 
     </span>
     <span class='ocr_line' id='line_1_3' title="bbox 221 363 1684 423; baseline 0.003 -14"><span class='ocrx_word' id='word_1_16' title='bbox 221 386 296 423; x_wconf 84' lang='grc' dir='ltr'><strong><em>τ-ης</em></strong></span> <span class='ocrx_word' id='word_1_17' title='bbox 317 364 429 415; x_wconf 82' lang='grc' dir='ltr'><strong><em>ὅστις</em></strong></span> <span class='ocrx_word' id='word_1_18' title='bbox 458 364 531 408; x_wconf 72' lang='grc' dir='ltr'><strong><em>οὕ·</em></strong></span> <span class='ocrx_word' id='word_1_19' title='bbox 545 365 570 385; x_wconf 85' lang='grc'><strong><em>”</em></strong></span> <span class='ocrx_word' id='word_1_20' title='bbox 606 369 866 421; x_wconf 73' lang='grc' dir='ltr'><strong><em>προστιθεῖσι</em></strong></span> <span class='ocrx_word' id='word_1_21' title='bbox 886 364 963 422; x_wconf 78' lang='grc' dir='ltr'><strong><em>γὰρ</em></strong></span> <span class='ocrx_word' id='word_1_22' title='bbox 984 368 1050 409; x_wconf 85' lang='grc' dir='ltr'><strong>καὶ</strong></span> <span class='ocrx_word' id='word_1_23' title='bbox 1069 365 1115 409; x_wconf 83' lang='grc' dir='ltr'><strong><em>τὸ</em></strong></span> <span class='ocrx_word' id='word_1_24' title='bbox 1139 366 1281 409; x_wconf 84' lang='grc' dir='ltr'><strong><em>λοιπὸν</em></strong></span> <span class='ocrx_word' id='word_1_25' title='bbox 1301 367 1339 410; x_wconf 80' lang='grc' dir='ltr'><strong><em>οἱ</em></strong></span> <span class='ocrx_word' id='word_1_26' title='bbox 1364 363 1408 411; x_wconf 78' lang='grc' dir='ltr'><strong><em>εὗ</em></strong></span> <span class='ocrx_word' id='word_1_27' title='bbox 1427 367 1578 420; x_wconf 75' lang='grc' dir='ltr'><strong><em>εἰδότες</em></strong></span> <span class='ocrx_word' id='word_1_28' title='bbox 1601 374 1684 413; x_wconf 85' lang='grc' dir='ltr'><strong>τῶν</strong></span> 
     </span>
    </p>
   </div>
   <div class='ocr_carea' id='block_1_3' title="bbox 223 431 1684 493">
    <p class='ocr_par' dir='ltr' id='par_1_3' title="bbox 223 431 1684 493">
     <span class='ocr_line' id='line_1_4' title="bbox 223 431 1684 493; baseline 0.002 -13"><span class='ocrx_word' id='word_1_29' title='bbox 223 433 443 487; x_wconf 82' lang='grc' dir='ltr'><strong><em>τοιούτων,</em></strong></span> <span class='ocrx_word' id='word_1_30' title='bbox 480 433 528 477; x_wconf 84' lang='grc' dir='ltr'><strong><em>τὸ</em></strong></span> <span class='ocrx_word' id='word_1_31' title='bbox 566 431 727 491; x_wconf 55' lang='grc' dir='ltr'><strong><em>((φύσει</em></strong></span> <span class='ocrx_word' id='word_1_32' title='bbox 758 431 882 484; x_wconf 86' lang='grc' dir='ltr'><strong><em>κακός</em></strong></span> <span class='ocrx_word' id='word_1_33' title='bbox 891 435 945 488; x_wconf 85' lang='grc'><strong>,”</strong></span> <span class='ocrx_word' id='word_1_34' title='bbox 982 433 1038 485; x_wconf 82' lang='grc' dir='ltr'><strong><em>ὥς</em></strong></span> <span class='ocrx_word' id='word_1_35' title='bbox 1057 435 1244 491; x_wconf 84' lang='grc' dir='ltr'><strong><em>γίνεσθαι</em></strong></span> <span class='ocrx_word' id='word_1_36' title='bbox 1264 435 1311 479; x_wconf 88' lang='grc' dir='ltr'><strong><em>τὸ</em></strong></span> <span class='ocrx_word' id='word_1_37' title='bbox 1334 435 1501 492; x_wconf 85' lang='grc' dir='ltr'><strong><em>σύμπαν</em></strong></span> <span class='ocrx_word' id='word_1_38' title='bbox 1516 438 1684 493; x_wconf 73' lang='grc' dir='ltr'><strong><em>ἴαμβον.</em></strong></span> 
     </span>
    </p>
   </div>
   <div class='ocr_carea' id='block_1_4' title="bbox 78 500 1748 1455">
    <p class='ocr_par' dir='ltr' id='par_1_4' title="bbox 223 500 1721 766">
     <span class='ocr_line' id='line_1_5' title="bbox 328 500 1688 561; baseline 0.004 -16"><span class='ocrx_word' id='word_1_39' title='bbox 328 556 332 560; x_wconf 93' lang='lat'><em>.</em></span> <span class='ocrx_word' id='word_1_40' title='bbox 364 500 471 546; x_wconf 85' lang='grc' dir='ltr'><strong><em>Τότε</em></strong></span> <span class='ocrx_word' id='word_1_41' title='bbox 500 503 636 546; x_wconf 79' lang='grc' dir='ltr'><strong><em>τοίνυν</em></strong></span> <span class='ocrx_word' id='word_1_42' title='bbox 670 500 793 554; x_wconf 81' lang='grc' dir='ltr'><strong><em>δόξαν</em></strong></span> <span class='ocrx_word' id='word_1_43' title='bbox 822 507 881 561; x_wconf 81' lang='grc' dir='ltr'><strong><em>τῷ</em></strong></span> <span class='ocrx_word' id='word_1_44' title='bbox 902 508 1068 558; x_wconf 74' lang='grc' dir='ltr'><strong><em>βασιλεῖ</em></strong></span> <span class='ocrx_word' id='word_1_45' title='bbox 1083 508 1165 546; x_wconf 82' lang='grc' dir='ltr'><strong>τῶν</strong></span> <span class='ocrx_word' id='word_1_46' title='bbox 1191 505 1368 547; x_wconf 85' lang='grc' dir='ltr'><strong><em>δυσικῶν</em></strong></span> <span class='ocrx_word' id='word_1_47' title='bbox 1387 507 1454 548; x_wconf 83' lang='grc' dir='ltr'><strong>καὶ</strong></span> <span class='ocrx_word' id='word_1_48' title='bbox 1478 502 1604 557; x_wconf 71' lang='grc' dir='ltr'><strong><em>αὖθις</em></strong></span> <span class='ocrx_word' id='word_1_49' title='bbox 1624 524 1688 549; x_wconf 85' lang='grc' dir='ltr'><strong>κι-</strong></span> 
     </span>
     <span class='ocr_line' id='line_1_6' title="bbox 223 569 1721 630; baseline 0.002 -14"><span class='ocrx_word' id='word_1_50' title='bbox 223 570 457 627; x_wconf 71' lang='grc' dir='ltr'><strong><em>νουμένων,</em></strong></span> <span class='ocrx_word' id='word_1_51' title='bbox 496 569 552 622; x_wconf 82' lang='grc' dir='ltr'><strong><em>ὥς</em></strong></span> <span class='ocrx_word' id='word_1_52' title='bbox 582 572 650 614; x_wconf 81' lang='grc' dir='ltr'><strong>καὶ</strong></span> <span class='ocrx_word' id='word_1_53' title='bbox 676 576 983 628; x_wconf 85' lang='grc' dir='ltr'><strong><em>παρασπᾶσθαι</em></strong></span> <span class='ocrx_word' id='word_1_54' title='bbox 1014 572 1120 630; x_wconf 77' lang='grc' dir='ltr'><strong><em>παρ’</em></strong></span> <span class='ocrx_word' id='word_1_55' title='bbox 1144 573 1304 616; x_wconf 77' lang='grc' dir='ltr'><strong><em>ἐκείνων</em></strong></span> <span class='ocrx_word' id='word_1_56' title='bbox 1323 572 1375 616; x_wconf 79' lang='grc' dir='ltr'><strong><em>τὰ</em></strong></span> <span class='ocrx_word' id='word_1_57' title='bbox 1397 571 1577 630; x_wconf 85' lang='grc' dir='ltr'><strong><em>τούτων,</em></strong></span> <span class='ocrx_word' id='word_1_58' title='bbox 1613 575 1721 620; x_wconf 79' lang='grc' dir='ltr'><strong><em>οὗκό</em></strong></span> 
     </span>
     <span class='ocr_line' id='line_1_7' title="bbox 225 638 1686 699; baseline 0.001 -14"><span class='ocrx_word' id='word_1_59' title='bbox 225 642 364 698; x_wconf 77' lang='grc' dir='ltr'><strong><em>ὀλίγας</em></strong></span> <span class='ocrx_word' id='word_1_60' title='bbox 397 638 587 695; x_wconf 80' lang='grc' dir='ltr'><strong><em>δυνάμεις</em></strong></span> <span class='ocrx_word' id='word_1_61' title='bbox 614 640 853 697; x_wconf 79' lang='grc' dir='ltr'><strong><em>συναγαγὼν</em></strong></span> <span class='ocrx_word' id='word_1_62' title='bbox 882 645 955 696; x_wconf 78' lang='grc' dir='ltr'><strong>τῆς</strong></span> <span class='ocrx_word' id='word_1_63' title='bbox 985 643 1049 684; x_wconf 74' lang='grc' dir='ltr'><strong>ἐπὶ</strong></span> <span class='ocrx_word' id='word_1_64' title='bbox 1083 646 1159 697; x_wconf 76' lang='grc' dir='ltr'><strong>τῆς</strong></span> <span class='ocrx_word' id='word_1_65' title='bbox 1191 643 1495 697; x_wconf 77' lang='grc' dir='ltr'><strong><em>Θεσσαλονίκης</em></strong></span> <span class='ocrx_word' id='word_1_66' title='bbox 1519 641 1686 699; x_wconf 76' lang='grc' dir='ltr'><strong><em>ἥπτετο,</em></strong></span> 
     </span>
     <span class='ocr_line' id='line_1_8' title="bbox 225 706 1691 766; baseline 0.001 -12"><span class='ocrx_word' id='word_1_67' title='bbox 225 709 281 762; x_wconf 80' lang='grc' dir='ltr'><strong><em>ὥς</em></strong></span> <span class='ocrx_word' id='word_1_68' title='bbox 308 712 465 753; x_wconf 75' lang='grc' dir='ltr'><strong><em>ἐκεῖθεν</em></strong></span> <span class='ocrx_word' id='word_1_69' title='bbox 483 706 749 766; x_wconf 85' lang='grc' dir='ltr'><strong><em>συναρτύσων</em></strong></span> <span class='ocrx_word' id='word_1_70' title='bbox 769 709 822 752; x_wconf 83' lang='grc' dir='ltr'><strong><em>τὰ</em></strong></span> <span class='ocrx_word' id='word_1_71' title='bbox 843 714 916 753; x_wconf 84' lang='grc' dir='ltr'><strong>τοῦ</strong></span> <span class='ocrx_word' id='word_1_72' title='bbox 938 710 1133 765; x_wconf 69' lang='grc' dir='ltr'><strong><em>πολέμου.</em></strong></span> <span class='ocrx_word' id='word_1_73' title='bbox 1203 712 1259 760; x_wconf 82' lang='grc' dir='ltr'><strong>εἷς</strong></span> <span class='ocrx_word' id='word_1_74' title='bbox 1285 708 1499 759; x_wconf 75' lang='grc' dir='ltr'><strong><em>Ξάνθειαν</em></strong></span> <span class='ocrx_word' id='word_1_75' title='bbox 1517 707 1590 756; x_wconf 72' lang='grc' dir='ltr'><strong>οὖν</strong></span> <span class='ocrx_word' id='word_1_76' title='bbox 1613 729 1691 755; x_wconf 82' lang='grc' dir='ltr'><strong><em>κα·-</em></strong></span> 
     </span>
    </p>

    <p class='ocr_par' dir='ltr' id='par_1_5' title="bbox 172 776 1748 1247">
     <span class='ocr_line' id='line_1_9' title="bbox 172 776 1690 836; baseline 0 -13"><span class='ocrx_word' id='word_1_77' title='bbox 172 784 203 818; x_wconf 86' lang='lat' dir='ltr'>C</span> <span class='ocrx_word' id='word_1_78' title='bbox 225 776 432 835; x_wconf 82' lang='grc' dir='ltr'><strong><em>ταντήσας</em></strong></span> <span class='ocrx_word' id='word_1_79' title='bbox 458 780 582 822; x_wconf 76' lang='grc' dir='ltr'><strong><em>ἐκεῖσε</em></strong></span> <span class='ocrx_word' id='word_1_80' title='bbox 609 785 827 833; x_wconf 77' lang='grc' dir='ltr'><strong><em>κατασχεῖν</em></strong></span> <span class='ocrx_word' id='word_1_81' title='bbox 855 778 956 835; x_wconf 67' lang='grc' dir='ltr'><strong><em>ἔγνω</em></strong></span> <span class='ocrx_word' id='word_1_82' title='bbox 987 776 1337 836; x_wconf 79' lang='grc' dir='ltr'><strong><em>διαχειμεριούσας</em></strong></span> <span class='ocrx_word' id='word_1_83' title='bbox 1367 779 1444 830; x_wconf 77' lang='grc' dir='ltr'><strong>τὰς</strong></span> <span class='ocrx_word' id='word_1_84' title='bbox 1467 778 1690 832; x_wconf 80' lang='grc' dir='ltr'><strong><em>συντάξεις.</em></strong></span> 
     </span>
     <span class='ocr_line' id='line_1_10' title="bbox 221 846 1692 906; baseline 0 -14"><span class='ocrx_word' id='word_1_85' title='bbox 221 853 297 892; x_wconf 84' lang='grc' dir='ltr'><strong>τοῦ</strong></span> <span class='ocrx_word' id='word_1_86' title='bbox 329 851 474 903; x_wconf 78' lang='grc' dir='ltr'><strong><em>καιροῦ</em></strong></span> <span class='ocrx_word' id='word_1_87' title='bbox 504 851 602 904; x_wconf 77' lang='grc' dir='ltr'><strong><em>γοῦν</em></strong></span> <span class='ocrx_word' id='word_1_88' title='bbox 631 847 898 904; x_wconf 74' lang='grc' dir='ltr'><strong><em>τριβομένου,</em></strong></span> <span class='ocrx_word' id='word_1_89' title='bbox 936 873 986 881; x_wconf 88' lang='grc'><strong>--</strong></span> <span class='ocrx_word' id='word_1_90' title='bbox 1020 846 1292 903; x_wconf 76' lang='grc' dir='ltr'><strong><em>συνήχθησαν</em></strong></span> <span class='ocrx_word' id='word_1_91' title='bbox 1315 847 1394 905; x_wconf 77' lang='grc' dir='ltr'><strong><em>γὰρ</em></strong></span> <span class='ocrx_word' id='word_1_92' title='bbox 1412 847 1520 906; x_wconf 78' lang='grc' dir='ltr'><strong><em>ἀμφ’</em></strong></span> <span class='ocrx_word' id='word_1_93' title='bbox 1541 850 1692 892; x_wconf 75' lang='grc' dir='ltr'><strong><em>ἐκεῖνον</em></strong></span> 
     </span>
     <span class='ocr_line' id='line_1_11' title="bbox 222 912 1748 975; baseline -0.001 -15"><span class='ocrx_word' id='word_1_94' title='bbox 222 918 290 960; x_wconf 82' lang='grc' dir='ltr'><strong>καὶ</strong></span> <span class='ocrx_word' id='word_1_95' title='bbox 319 921 402 960; x_wconf 83' lang='grc' dir='ltr'><strong>τῶν</strong></span> <span class='ocrx_word' id='word_1_96' title='bbox 434 916 634 973; x_wconf 78' lang='grc' dir='ltr'><strong><em>ἴεραρχῶν</em></strong></span> <span class='ocrx_word' id='word_1_97' title='bbox 666 916 740 959; x_wconf 70' lang='grc' dir='ltr'><strong>οὐκ</strong></span> <span class='ocrx_word' id='word_1_98' title='bbox 766 915 914 972; x_wconf 87' lang='grc' dir='ltr'><strong><em>ὀλίγοι,</em></strong></span> <span class='ocrx_word' id='word_1_99' title='bbox 952 918 1020 959; x_wconf 84' lang='grc' dir='ltr'><strong>καὶ</strong></span> <span class='ocrx_word' id='word_1_100' title='bbox 1043 912 1088 971; x_wconf 77' lang='grc' dir='ltr'><strong>ἧν</strong></span> <span class='ocrx_word' id='word_1_101' title='bbox 1107 917 1251 971; x_wconf 73' lang='grc' dir='ltr'><strong><em>σκέψις</em></strong></span> <span class='ocrx_word' id='word_1_102' title='bbox 1271 918 1362 972; x_wconf 82' lang='grc' dir='ltr'><strong><em>περὶ</em></strong></span> <span class='ocrx_word' id='word_1_103' title='bbox 1390 922 1465 960; x_wconf 83' lang='grc' dir='ltr'><strong>τοῦ</strong></span> <span class='ocrx_word' id='word_1_104' title='bbox 1487 914 1692 975; x_wconf 77' lang='grc' dir='ltr'><strong><em>πατριάρ-</em></strong></span> <span class='ocrx_word' id='word_1_105' title='bbox 1703 923 1748 958; x_wconf 86' lang='grc'><strong>10</strong></span> 
     </span>
     <span class='ocr_line' id='line_1_12' title="bbox 221 983 1693 1044; baseline 0.001 -15"><span class='ocrx_word' id='word_1_106' title='bbox 221 1003 314 1042; x_wconf 88' lang='grc' dir='ltr'><strong><em>χου.</em></strong></span> <span class='ocrx_word' id='word_1_107' title='bbox 386 987 470 1028; x_wconf 76' lang='grc' dir='ltr'><strong><em>ἐκεῖ</em></strong></span> <span class='ocrx_word' id='word_1_108' title='bbox 493 985 572 1042; x_wconf 78' lang='grc' dir='ltr'><strong><em>γὰρ</em></strong></span> <span class='ocrx_word' id='word_1_109' title='bbox 599 985 670 1027; x_wconf 85' lang='grc' dir='ltr'><strong>καί</strong></span> <span class='ocrx_word' id='word_1_110' title='bbox 696 1000 800 1028; x_wconf 84' lang='grc' dir='ltr'><strong><em>τισιν</em></strong></span> <span class='ocrx_word' id='word_1_111' title='bbox 831 987 1034 1028; x_wconf 77' lang='grc' dir='ltr'><strong><em>ἐκινοῦντο</em></strong></span> <span class='ocrx_word' id='word_1_112' title='bbox 1064 983 1176 1042; x_wconf 89' lang='grc' dir='ltr'><strong><em>λόγοι</em></strong></span> <span class='ocrx_word' id='word_1_113' title='bbox 1196 985 1298 1041; x_wconf 85' lang='grc' dir='ltr'><strong><em>πρὸς</em></strong></span> <span class='ocrx_word' id='word_1_114' title='bbox 1319 988 1466 1030; x_wconf 73' lang='grc' dir='ltr'><strong><em>ἐκεῖνον</em></strong></span> <span class='ocrx_word' id='word_1_115' title='bbox 1485 983 1693 1044; x_wconf 81' lang='grc' dir='ltr'><strong><em>ἀναφερό-</em></strong></span> 
     </span>
     <span class='ocr_line' id='line_1_13' title="bbox 222 1051 1693 1123; baseline 0.001 -27"><span class='ocrx_word' id='word_1_116' title='bbox 222 1072 361 1123; x_wconf 51' lang='grc' dir='ltr'><strong><em>μενοΙι,</em></strong></span> <span class='ocrx_word' id='word_1_117' title='bbox 398 1054 578 1110; x_wconf 65' lang='grc' dir='ltr'><strong><em>ἔγκλημα</em></strong></span> <span class='ocrx_word' id='word_1_118' title='bbox 608 1051 663 1103; x_wconf 80' lang='grc' dir='ltr'><strong><em>ὥς</em></strong></span> <span class='ocrx_word' id='word_1_119' title='bbox 694 1055 823 1109; x_wconf 68' lang='grc' dir='ltr'><strong><em>δῆθεν</em></strong></span> <span class='ocrx_word' id='word_1_120' title='bbox 849 1051 1165 1107; x_wconf 81' lang='grc' dir='ltr'><strong><em>καθοσιώσεως,</em></strong></span> <span class='ocrx_word' id='word_1_121' title='bbox 1205 1055 1272 1096; x_wconf 82' lang='grc' dir='ltr'><strong>καὶ</strong></span> <span class='ocrx_word' id='word_1_122' title='bbox 1299 1054 1367 1096; x_wconf 80' lang='grc' dir='ltr'><strong><em>διὰ</em></strong></span> <span class='ocrx_word' id='word_1_123' title='bbox 1396 1058 1530 1097; x_wconf 78' lang='grc' dir='ltr'><strong><em>ταῦτα</em></strong></span> <span class='ocrx_word' id='word_1_124' title='bbox 1549 1057 1693 1111; x_wconf 78' lang='grc' dir='ltr'><strong><em>διεμη-</em></strong></span> 
     </span>
     <span class='ocr_line' id='line_1_14' title="bbox 223 1119 1692 1180; baseline 0 -14"><span class='ocrx_word' id='word_1_125' title='bbox 223 1121 340 1166; x_wconf 85' lang='grc' dir='ltr'><strong><em>νύετο</em></strong></span> <span class='ocrx_word' id='word_1_126' title='bbox 375 1124 443 1165; x_wconf 82' lang='grc' dir='ltr'><strong>καὶ</strong></span> <span class='ocrx_word' id='word_1_127' title='bbox 471 1120 491 1165; x_wconf 82' lang='grc' dir='ltr'><em>ὃ</em></span> <span class='ocrx_word' id='word_1_128' title='bbox 524 1119 780 1179; x_wconf 79' lang='grc' dir='ltr'><strong><em>πατριάρχης</em></strong></span> <span class='ocrx_word' id='word_1_129' title='bbox 800 1121 906 1165; x_wconf 80' lang='grc' dir='ltr'><strong><em>κατὰ</em></strong></span> <span class='ocrx_word' id='word_1_130' title='bbox 928 1121 1141 1170; x_wconf 79' lang='grc' dir='ltr'><strong><em>Ξάνθειαν</em></strong></span> <span class='ocrx_word' id='word_1_131' title='bbox 1171 1121 1381 1175; x_wconf 78' lang='grc' dir='ltr'><strong><em>ἀπαντᾶν,</em></strong></span> <span class='ocrx_word' id='word_1_132' title='bbox 1417 1123 1692 1180; x_wconf 75' lang='grc' dir='ltr'><strong><em>πεμφθέντων</em></strong></span> 
     </span>
     <span class='ocr_line' id='line_1_15' title="bbox 225 1189 1693 1247; baseline 0 -12"><span class='ocrx_word' id='word_1_133' title='bbox 225 1194 340 1235; x_wconf 81' lang='grc' dir='ltr'><strong><em>δυοῖν</em></strong></span> <span class='ocrx_word' id='word_1_134' title='bbox 367 1190 591 1247; x_wconf 76' lang='grc' dir='ltr'><strong><em>ἀρχιερέων</em></strong></span> <span class='ocrx_word' id='word_1_135' title='bbox 614 1192 668 1241; x_wconf 80' lang='grc' dir='ltr'><strong>εἷς</strong></span> <span class='ocrx_word' id='word_1_136' title='bbox 690 1195 829 1234; x_wconf 84' lang='grc' dir='ltr'><strong><em>τοῦτο.</em></strong></span> <span class='ocrx_word' id='word_1_137' title='bbox 899 1191 1080 1241; x_wconf 80' lang='grc' dir='ltr'><strong><em>κάκεῖνος</em></strong></span> <span class='ocrx_word' id='word_1_138' title='bbox 1107 1190 1183 1246; x_wconf 81' lang='grc' dir='ltr'><strong><em>οὗχ</em></strong></span> <span class='ocrx_word' id='word_1_139' title='bbox 1205 1189 1450 1244; x_wconf 77' lang='grc' dir='ltr'><strong><em>ὖπακούων,</em></strong></span> <span class='ocrx_word' id='word_1_140' title='bbox 1487 1190 1600 1246; x_wconf 83' lang='grc' dir='ltr'><strong><em>ὅμως</em></strong></span> <span class='ocrx_word' id='word_1_141' title='bbox 1619 1192 1693 1235; x_wconf 88' lang='grc' dir='ltr'><strong>τὸν</strong></span> 
     </span>
    </p>

    <p class='ocr_par' dir='ltr' id='par_1_6' title="bbox 78 1257 1748 1455">
     <span class='ocr_line' id='line_1_16' title="bbox 78 1257 1748 1317; baseline -0.007 -5"><span class='ocrx_word' id='word_1_142' title='bbox 78 1280 108 1315; x_wconf 85' lang='grc' dir='ltr'><strong>Ρ</strong></span> <span class='ocrx_word' id='word_1_143' title='bbox 138 1274 203 1312; x_wconf 86' lang='grc'><strong>150</strong></span> <span class='ocrx_word' id='word_1_144' title='bbox 226 1260 368 1317; x_wconf 88' lang='grc' dir='ltr'><strong><em>καιρὸν</em></strong></span> <span class='ocrx_word' id='word_1_145' title='bbox 399 1257 644 1316; x_wconf 79' lang='grc' dir='ltr'><strong><em>θεραπεύων</em></strong></span> <span class='ocrx_word' id='word_1_146' title='bbox 658 1291 672 1312; x_wconf 94' lang='grc'><strong><em>,</em></strong></span> <span class='ocrx_word' id='word_1_147' title='bbox 710 1260 777 1301; x_wconf 82' lang='grc' dir='ltr'><strong>καὶ</strong></span> <span class='ocrx_word' id='word_1_148' title='bbox 796 1257 907 1310; x_wconf 77' lang='grc' dir='ltr'><strong><em>ἅπαξ</em></strong></span> <span class='ocrx_word' id='word_1_149' title='bbox 926 1262 993 1302; x_wconf 82' lang='grc' dir='ltr'><strong>καὶ</strong></span> <span class='ocrx_word' id='word_1_150' title='bbox 1018 1262 1079 1310; x_wconf 72' lang='grc' dir='ltr'><strong><em>δὶς</em></strong></span> <span class='ocrx_word' id='word_1_151' title='bbox 1100 1262 1143 1302; x_wconf 76' lang='grc' dir='ltr'><strong><em>ἐκ</em></strong></span> <span class='ocrx_word' id='word_1_152' title='bbox 1162 1264 1245 1303; x_wconf 86' lang='grc' dir='ltr'><strong>τῶν</strong></span> <span class='ocrx_word' id='word_1_153' title='bbox 1263 1264 1338 1302; x_wconf 80' lang='grc' dir='ltr'><strong>τοῦ</strong></span> <span class='ocrx_word' id='word_1_154' title='bbox 1359 1258 1512 1317; x_wconf 80' lang='grc' dir='ltr'><strong><em>κλήρου</em></strong></span> <span class='ocrx_word' id='word_1_155' title='bbox 1536 1258 1592 1310; x_wconf 83' lang='grc' dir='ltr'><strong><em>ὥς</em></strong></span> <span class='ocrx_word' id='word_1_156' title='bbox 1609 1265 1693 1314; x_wconf 83' lang='grc' dir='ltr'><strong><em>βα-</em></strong></span> <span class='ocrx_word' id='word_1_157' title='bbox 1704 1262 1748 1299; x_wconf 84' lang='grc'><strong>15</strong></span> 
     </span>
     <span class='ocr_line' id='line_1_17' title="bbox 223 1328 1693 1385; baseline -0.001 -11"><span class='ocrx_word' id='word_1_158' title='bbox 223 1330 339 1375; x_wconf 81' lang='grc' dir='ltr'><strong><em>σιλέα</em></strong></span> <span class='ocrx_word' id='word_1_159' title='bbox 369 1328 609 1381; x_wconf 74' lang='grc' dir='ltr'><strong><em>ἀπέστελλε,</em></strong></span> <span class='ocrx_word' id='word_1_160' title='bbox 655 1332 780 1370; x_wconf 80' lang='grc' dir='ltr'><strong><em>τοῦτο</em></strong></span> <span class='ocrx_word' id='word_1_161' title='bbox 807 1329 882 1382; x_wconf 76' lang='grc' dir='ltr'><strong>μὲν</strong></span> <span class='ocrx_word' id='word_1_162' title='bbox 910 1329 978 1371; x_wconf 80' lang='grc' dir='ltr'><strong>καὶ</strong></span> <span class='ocrx_word' id='word_1_163' title='bbox 1005 1331 1215 1385; x_wconf 78' lang='grc' dir='ltr'><strong><em>εἰρηνικῶς</em></strong></span> <span class='ocrx_word' id='word_1_164' title='bbox 1243 1329 1333 1385; x_wconf 85' lang='grc' dir='ltr'><strong><em>περὶ</em></strong></span> <span class='ocrx_word' id='word_1_165' title='bbox 1358 1333 1441 1371; x_wconf 83' lang='grc' dir='ltr'><strong>τῶν</strong></span> <span class='ocrx_word' id='word_1_166' title='bbox 1468 1332 1693 1383; x_wconf 78' lang='grc' dir='ltr'><strong><em>βασιλικῶν</em></strong></span> 
     </span>
     <span class='ocr_line' id='line_1_18' title="bbox 223 1388 1695 1455; baseline -0.001 -12"><span class='ocrx_word' id='word_1_167' title='bbox 223 1398 368 1455; x_wconf 79' lang='grc' dir='ltr'><strong><em>ὖγειῶν</em></strong></span> <span class='ocrx_word' id='word_1_168' title='bbox 405 1394 726 1452; x_wconf 82' lang='grc' dir='ltr'><strong><em>μαθησόμενος,</em></strong></span> <span class='ocrx_word' id='word_1_169' title='bbox 762 1400 888 1439; x_wconf 81' lang='grc' dir='ltr'><strong><em>τοῦτο</em></strong></span> <span class='ocrx_word' id='word_1_170' title='bbox 922 1398 967 1439; x_wconf 79' lang='grc' dir='ltr'><strong>δὲ</strong></span> <span class='ocrx_word' id='word_1_171' title='bbox 996 1398 1064 1439; x_wconf 86' lang='grc' dir='ltr'><strong>καὶ</strong></span> <span class='ocrx_word' id='word_1_172' title='bbox 1093 1396 1174 1439; x_wconf 81' lang='grc' dir='ltr'><strong>ἀνὰ</strong></span> <span class='ocrx_word' id='word_1_173' title='bbox 1205 1396 1330 1452; x_wconf 77' lang='grc' dir='ltr'><strong><em>μέρος</em></strong></span> <span class='ocrx_word' id='word_1_174' title='bbox 1367 1388 1695 1453; x_wconf 79' lang='grc' dir='ltr'><strong><em>ἀπολογούμενος</em></strong></span> 
     </span>
    </p>
   </div>
   <div class='ocr_carea' id='block_1_5' title="bbox 221 1463 1751 1660">
    <p class='ocr_par' dir='ltr' id='par_1_7' title="bbox 221 1463 1751 1660">
     <span class='ocr_line' id='line_1_19' title="bbox 221 1463 1694 1526; baseline -0.001 -15"><span class='ocrx_word' id='word_1_175' title='bbox 221 1471 283 1526; x_wconf 78' lang='grc' dir='ltr'><strong><em>τῷ</em></strong></span> <span class='ocrx_word' id='word_1_176' title='bbox 306 1467 528 1522; x_wconf 81' lang='grc' dir='ltr'><strong><em>προτείνειν</em></strong></span> <span class='ocrx_word' id='word_1_177' title='bbox 548 1465 683 1507; x_wconf 78' lang='grc' dir='ltr'><strong><em>αἰτίαν</em></strong></span> <span class='ocrx_word' id='word_1_178' title='bbox 705 1466 912 1508; x_wconf 76' lang='grc' dir='ltr'><strong><em>δοκοῦσαν</em></strong></span> <span class='ocrx_word' id='word_1_179' title='bbox 931 1464 1098 1522; x_wconf 66' lang='grc' dir='ltr'><strong><em>εὔλογον</em></strong></span> <span class='ocrx_word' id='word_1_180' title='bbox 1116 1469 1191 1524; x_wconf 75' lang='grc' dir='ltr'><strong>τοῦ</strong></span> <span class='ocrx_word' id='word_1_181' title='bbox 1208 1465 1266 1521; x_wconf 83' lang='grc' dir='ltr'><strong><em>μὴ</em></strong></span> <span class='ocrx_word' id='word_1_182' title='bbox 1285 1466 1600 1522; x_wconf 87' lang='grc' dir='ltr'><strong><em>παραγίνεσθαι.</em></strong></span> <span class='ocrx_word' id='word_1_183' title='bbox 1671 1463 1694 1509; x_wconf 80' lang='grc' dir='ltr'><strong><em>ὃ</em></strong></span> 
     </span>
     <span class='ocr_line' id='line_1_20' title="bbox 222 1530 1696 1592; baseline -0.001 -12"><span class='ocrx_word' id='word_1_184' title='bbox 222 1537 298 1592; x_wconf 75' lang='grc' dir='ltr'><strong>μὲν</strong></span> <span class='ocrx_word' id='word_1_185' title='bbox 327 1530 400 1579; x_wconf 74' lang='grc' dir='ltr'><strong>οὖν</strong></span> <span class='ocrx_word' id='word_1_186' title='bbox 429 1533 622 1589; x_wconf 72' lang='grc' dir='ltr'><strong><em>βασιλεὺς</em></strong></span> <span class='ocrx_word' id='word_1_187' title='bbox 655 1531 758 1576; x_wconf 73' lang='grc' dir='ltr'><strong><em>ἑκών</em></strong></span> <span class='ocrx_word' id='word_1_188' title='bbox 785 1532 903 1577; x_wconf 75' lang='grc' dir='ltr'><strong><em>ἄκων.</em></strong></span> <span class='ocrx_word' id='word_1_189' title='bbox 926 1533 1000 1584; x_wconf 76' lang='grc' dir='ltr'><strong>τὰς</strong></span> <span class='ocrx_word' id='word_1_190' title='bbox 1029 1534 1252 1591; x_wconf 83' lang='grc' dir='ltr'><strong><em>ἀπολογίας</em></strong></span> <span class='ocrx_word' id='word_1_191' title='bbox 1275 1534 1431 1589; x_wconf 73' lang='grc' dir='ltr'><strong><em>ἐδέχετο</em></strong></span> <span class='ocrx_word' id='word_1_192' title='bbox 1455 1536 1522 1578; x_wconf 81' lang='grc' dir='ltr'><strong>καὶ</strong></span> <span class='ocrx_word' id='word_1_193' title='bbox 1543 1550 1696 1592; x_wconf 85' lang='grc' dir='ltr'><strong><em>προσε-</em></strong></span> 
     </span>
     <span class='ocr_line' id='line_1_21' title="bbox 224 1599 1751 1660; baseline -0.003 -12"><span class='ocrx_word' id='word_1_194' title='bbox 224 1611 376 1648; x_wconf 76' lang='grc' dir='ltr'><strong><em>ποιεῖτο</em></strong></span> <span class='ocrx_word' id='word_1_195' title='bbox 407 1603 482 1653; x_wconf 81' lang='grc' dir='ltr'><strong>τὰς</strong></span> <span class='ocrx_word' id='word_1_196' title='bbox 511 1599 736 1659; x_wconf 82' lang='grc' dir='ltr'><strong><em>εἷρηνικάς,</em></strong></span> <span class='ocrx_word' id='word_1_197' title='bbox 767 1603 834 1645; x_wconf 84' lang='grc' dir='ltr'><strong>καὶ</strong></span> <span class='ocrx_word' id='word_1_198' title='bbox 853 1602 954 1659; x_wconf 81' lang='grc' dir='ltr'><strong><em>πρὸς</em></strong></span> <span class='ocrx_word' id='word_1_199' title='bbox 973 1603 1048 1658; x_wconf 76' lang='grc' dir='ltr'><strong>μὲν</strong></span> <span class='ocrx_word' id='word_1_200' title='bbox 1065 1603 1137 1646; x_wconf 83' lang='grc' dir='ltr'><strong>τὸν</strong></span> <span class='ocrx_word' id='word_1_201' title='bbox 1156 1600 1414 1660; x_wconf 77' lang='grc' dir='ltr'><strong><em>πατριάρχην</em></strong></span> <span class='ocrx_word' id='word_1_202' title='bbox 1433 1603 1751 1659; x_wconf 71' lang='grc' dir='ltr'><strong><em>ἆντιπέμπωνΞΟ</em></strong></span> 
     </span>
    </p>
   </div>
   <div class='ocr_carea' id='block_1_6' title="bbox 224 1667 1696 1732">
    <p class='ocr_par' dir='ltr' id='par_1_8' title="bbox 224 1667 1696 1732">
     <span class='ocr_line' id='line_1_22' title="bbox 224 1667 1696 1732; baseline -0.001 -15"><span class='ocrx_word' id='word_1_203' title='bbox 224 1673 278 1717; x_wconf 76' lang='grc' dir='ltr'><strong><em>τὰ</em></strong></span> <span class='ocrx_word' id='word_1_204' title='bbox 298 1671 439 1732; x_wconf 77' lang='grc' dir='ltr'><strong><em>φιλικὰ</em></strong></span> <span class='ocrx_word' id='word_1_205' title='bbox 458 1669 718 1729; x_wconf 68' lang='grc' dir='ltr'><strong><em>ὑπεκρίνετο,</em></strong></span> <span class='ocrx_word' id='word_1_206' title='bbox 744 1671 816 1715; x_wconf 83' lang='grc' dir='ltr'><strong>καί</strong></span> <span class='ocrx_word' id='word_1_207' title='bbox 834 1671 872 1715; x_wconf 80' lang='grc' dir='ltr'><strong><em>οἳ</em></strong></span> <span class='ocrx_word' id='word_1_208' title='bbox 896 1671 1071 1727; x_wconf 74' lang='grc' dir='ltr'><strong><em>εὐμενῶς</em></strong></span> <span class='ocrx_word' id='word_1_209' title='bbox 1090 1670 1192 1728; x_wconf 61' lang='grc' dir='ltr'><strong><em>ἔχειν</em></strong></span> <span class='ocrx_word' id='word_1_210' title='bbox 1212 1669 1356 1718; x_wconf 77' lang='grc' dir='ltr'><strong><em>ἐδόκει.</em></strong></span> <span class='ocrx_word' id='word_1_211' title='bbox 1422 1678 1510 1723; x_wconf 82' lang='grc' dir='ltr'><strong><em>τοῖς</em></strong></span> <span class='ocrx_word' id='word_1_212' title='bbox 1527 1673 1604 1729; x_wconf 75' lang='grc' dir='ltr'><strong>μὲν</strong></span> <span class='ocrx_word' id='word_1_213' title='bbox 1622 1667 1696 1716; x_wconf 73' lang='grc' dir='ltr'><strong>οὖν</strong></span> 
     </span>
    </p>
   </div>
   <div class='ocr_carea' id='block_1_7' title="bbox 221 1825 1696 2888">
    <p class='ocr_par' dir='ltr' id='par_1_9' title="bbox 221 1825 1696 1955">
     <span class='ocr_line' id='line_1_23' title="bbox 221 1825 1695 1872; baseline -0.001 -9"><span class='ocrx_word' id='word_1_214' title='bbox 221 1828 315 1863; x_wconf 84' lang='lat' dir='ltr'><strong>dicto</strong></span> <span class='ocrx_word' id='word_1_215' title='bbox 349 1826 495 1861; x_wconf 83' lang='lat' dir='ltr'><strong>“nuilus</strong></span> <span class='ocrx_word' id='word_1_216' title='bbox 529 1828 660 1860; x_wconf 85' lang='lat' dir='ltr'><strong>cometa</strong></span> <span class='ocrx_word' id='word_1_217' title='bbox 693 1826 775 1872; x_wconf 88' lang='lat' dir='ltr'><strong>quin</strong></span> <span class='ocrx_word' id='word_1_218' title='bbox 805 1825 851 1860; x_wconf 83' lang='lat' dir='ltr'><strong>sit</strong></span> <span class='ocrx_word' id='word_1_219' title='bbox 862 1825 904 1869; x_wconf 86' lang='lat'><strong>&#39;&#39;‚</strong></span> <span class='ocrx_word' id='word_1_220' title='bbox 940 1826 996 1861; x_wconf 90' lang='lat' dir='ltr'><strong>cui</strong></span> <span class='ocrx_word' id='word_1_221' title='bbox 1024 1826 1204 1861; x_wconf 82' lang='lat' dir='ltr'><strong>inchoatae</strong></span> <span class='ocrx_word' id='word_1_222' title='bbox 1227 1827 1419 1862; x_wconf 83' lang='lat' dir='ltr'><strong>sententiae</strong></span> <span class='ocrx_word' id='word_1_223' title='bbox 1441 1838 1537 1862; x_wconf 90' lang='lat' dir='ltr'><strong>nemo</strong></span> <span class='ocrx_word' id='word_1_224' title='bbox 1560 1826 1695 1872; x_wconf 74' lang='lat' dir='ltr'><strong>peritus</strong></span> 
     </span>
     <span class='ocr_line' id='line_1_24' title="bbox 224 1872 1696 1910; baseline -0.001 -1"><span class='ocrx_word' id='word_1_225' title='bbox 224 1873 366 1910; x_wconf 85' lang='lat' dir='ltr'><strong>audiens</strong></span> <span class='ocrx_word' id='word_1_226' title='bbox 388 1884 455 1906; x_wconf 88' lang='lat' dir='ltr'><strong>non</strong></span> <span class='ocrx_word' id='word_1_227' title='bbox 479 1872 635 1907; x_wconf 85' lang='lat' dir='ltr'><strong>continuo</strong></span> <span class='ocrx_word' id='word_1_228' title='bbox 658 1873 817 1906; x_wconf 82' lang='lat' dir='ltr'><strong>subiiciat</strong></span> <span class='ocrx_word' id='word_1_229' title='bbox 838 1872 922 1906; x_wconf 79' lang='lat' dir='ltr'><strong>iliud</strong></span> <span class='ocrx_word' id='word_1_230' title='bbox 944 1873 988 1907; x_wconf 83' lang='lat' dir='ltr'><strong>ad</strong></span> <span class='ocrx_word' id='word_1_231' title='bbox 1010 1873 1250 1908; x_wconf 83' lang='lat' dir='ltr'><strong>absolvendum</strong></span> <span class='ocrx_word' id='word_1_232' title='bbox 1274 1874 1411 1908; x_wconf 80' lang='lat' dir='ltr'><strong>Graece</strong></span> <span class='ocrx_word' id='word_1_233' title='bbox 1425 1873 1596 1909; x_wconf 83' lang='lat' dir='ltr'><strong>senarium</strong></span> <span class='ocrx_word' id='word_1_234' title='bbox 1610 1873 1696 1908; x_wconf 85' lang='lat' dir='ltr'><strong>iam-</strong></span> 
     </span>
     <span class='ocr_line' id='line_1_25' title="bbox 225 1917 873 1955; baseline -0.005 0"><span class='ocrx_word' id='word_1_235' title='bbox 225 1921 337 1955; x_wconf 89' lang='lat' dir='ltr'><strong>bicum</strong></span> <span class='ocrx_word' id='word_1_236' title='bbox 360 1918 521 1953; x_wconf 85' lang='lat' dir='ltr'><strong>deficiens</strong></span> <span class='ocrx_word' id='word_1_237' title='bbox 544 1921 700 1953; x_wconf 85' lang='lat' dir='ltr'><strong>“natura</strong></span> <span class='ocrx_word' id='word_1_238' title='bbox 724 1920 842 1952; x_wconf 83' lang='lat' dir='ltr'><strong>malus.</strong></span> <span class='ocrx_word' id='word_1_239' title='bbox 853 1917 873 1933; x_wconf 88' lang='lat'><strong>&#39;⁷</strong></span> 
     </span>
    </p>

    <p class='ocr_par' dir='ltr' id='par_1_10' title="bbox 227 1963 1696 2888">
     <span class='ocr_line' id='line_1_26' title="bbox 319 1963 1696 2010; baseline 0 -11"><span class='ocrx_word' id='word_1_240' title='bbox 319 1965 420 2000; x_wconf 84' lang='lat' dir='ltr'><strong>&#39;runc</strong></span> <span class='ocrx_word' id='word_1_241' title='bbox 442 1976 546 2010; x_wconf 91' lang='lat' dir='ltr'><strong>porro</strong></span> <span class='ocrx_word' id='word_1_242' title='bbox 569 1964 678 1998; x_wconf 82' lang='lat' dir='ltr'><strong>visum</strong></span> <span class='ocrx_word' id='word_1_243' title='bbox 701 1963 917 2009; x_wconf 85' lang='lat' dir='ltr'><strong>imperatori,</strong></span> <span class='ocrx_word' id='word_1_244' title='bbox 946 1963 1092 1998; x_wconf 91' lang='lat' dir='ltr'><strong>Occidui</strong></span> <span class='ocrx_word' id='word_1_245' title='bbox 1114 1967 1246 1998; x_wconf 83' lang='lat' dir='ltr'><strong>tractus</strong></span> <span class='ocrx_word' id='word_1_246' title='bbox 1269 1963 1389 2000; x_wconf 88' lang='lat' dir='ltr'><strong>incolis</strong></span> <span class='ocrx_word' id='word_1_247' title='bbox 1410 1975 1530 2000; x_wconf 87' lang='lat' dir='ltr'><strong>rursus</strong></span> <span class='ocrx_word' id='word_1_248' title='bbox 1553 1965 1696 1999; x_wconf 81' lang='lat' dir='ltr'><strong>turban-</strong></span> 
     </span>
     <span class='ocr_line' id='line_1_27' title="bbox 227 2009 1694 2057; baseline -0.001 -11"><span class='ocrx_word' id='word_1_249' title='bbox 227 2012 320 2046; x_wconf 82' lang='lat' dir='ltr'><strong>tibus</strong></span> <span class='ocrx_word' id='word_1_250' title='bbox 351 2010 404 2045; x_wconf 86' lang='lat' dir='ltr'><strong>ita</strong></span> <span class='ocrx_word' id='word_1_251' title='bbox 428 2015 469 2044; x_wconf 89' lang='lat' dir='ltr'><strong>ut</strong></span> <span class='ocrx_word' id='word_1_252' title='bbox 491 2011 534 2045; x_wconf 89' lang='lat' dir='ltr'><strong>ab</strong></span> <span class='ocrx_word' id='word_1_253' title='bbox 557 2009 623 2045; x_wconf 82' lang='lat' dir='ltr'><strong>illis</strong></span> <span class='ocrx_word' id='word_1_254' title='bbox 646 2021 702 2044; x_wconf 87' lang='lat' dir='ltr'><strong>res</strong></span> <span class='ocrx_word' id='word_1_255' title='bbox 726 2017 918 2044; x_wconf 86' lang='lat' dir='ltr'><strong>nostrorum</strong></span> <span class='ocrx_word' id='word_1_256' title='bbox 951 2014 1175 2054; x_wconf 84' lang='lat' dir='ltr'><strong>raperentur,</strong></span> <span class='ocrx_word' id='word_1_257' title='bbox 1210 2011 1490 2045; x_wconf 82' lang='lat' dir='ltr'><strong>Thessalonicam</strong></span> <span class='ocrx_word' id='word_1_258' title='bbox 1521 2010 1694 2057; x_wconf 85' lang='lat' dir='ltr'><strong>proficisci</strong></span> 
     </span>
     <span class='ocr_line' id='line_1_28' title="bbox 229 2056 1695 2102; baseline -0.001 -10"><span class='ocrx_word' id='word_1_259' title='bbox 229 2057 343 2093; x_wconf 87' lang='lat' dir='ltr'><strong>ductis</strong></span> <span class='ocrx_word' id='word_1_260' title='bbox 365 2067 480 2091; x_wconf 90' lang='lat' dir='ltr'><strong>secum</strong></span> <span class='ocrx_word' id='word_1_261' title='bbox 504 2056 611 2101; x_wconf 88' lang='lat' dir='ltr'><strong>copiis</strong></span> <span class='ocrx_word' id='word_1_262' title='bbox 634 2067 701 2090; x_wconf 91' lang='lat' dir='ltr'><strong>non</strong></span> <span class='ocrx_word' id='word_1_263' title='bbox 725 2056 864 2101; x_wconf 82' lang='lat' dir='ltr'><strong>paucis,</strong></span> <span class='ocrx_word' id='word_1_264' title='bbox 900 2059 940 2090; x_wconf 86' lang='lat' dir='ltr'><strong>ut</strong></span> <span class='ocrx_word' id='word_1_265' title='bbox 967 2056 1037 2090; x_wconf 85' lang='lat' dir='ltr'><strong>illic</strong></span> <span class='ocrx_word' id='word_1_266' title='bbox 1065 2069 1086 2091; x_wconf 90' lang='lat' dir='ltr'><strong>e</strong></span> <span class='ocrx_word' id='word_1_267' title='bbox 1117 2056 1303 2102; x_wconf 88' lang='lat' dir='ltr'><strong>propinquo</strong></span> <span class='ocrx_word' id='word_1_268' title='bbox 1335 2057 1538 2091; x_wconf 79' lang='lat' dir='ltr'><strong>commodius</strong></span> <span class='ocrx_word' id='word_1_269' title='bbox 1570 2056 1695 2091; x_wconf 79' lang='lat' dir='ltr'><strong>bellum</strong></span> 
     </span>
     <span class='ocr_line' id='line_1_29' title="bbox 229 2101 1696 2145; baseline -0.001 -7"><span class='ocrx_word' id='word_1_270' title='bbox 229 2104 427 2138; x_wconf 81' lang='lat' dir='ltr'><strong>adornaret.</strong></span> <span class='ocrx_word' id='word_1_271' title='bbox 475 2102 536 2136; x_wconf 85' lang='lat' dir='ltr'><strong>sed</strong></span> <span class='ocrx_word' id='word_1_272' title='bbox 564 2113 638 2136; x_wconf 89' lang='lat' dir='ltr'><strong>cum</strong></span> <span class='ocrx_word' id='word_1_273' title='bbox 662 2101 854 2137; x_wconf 83' lang='lat' dir='ltr'><strong>Xantheam</strong></span> <span class='ocrx_word' id='word_1_274' title='bbox 877 2114 918 2136; x_wconf 90' lang='lat' dir='ltr'><strong>eo</strong></span> <span class='ocrx_word' id='word_1_275' title='bbox 941 2101 1063 2136; x_wconf 82' lang='lat' dir='ltr'><strong>itinere</strong></span> <span class='ocrx_word' id='word_1_276' title='bbox 1095 2102 1261 2145; x_wconf 85' lang='lat' dir='ltr'><strong>venisset,</strong></span> <span class='ocrx_word' id='word_1_277' title='bbox 1293 2103 1342 2137; x_wconf 89' lang='lat' dir='ltr'><strong>ibi</strong></span> <span class='ocrx_word' id='word_1_278' title='bbox 1364 2103 1519 2137; x_wconf 87' lang='lat' dir='ltr'><strong>detinere</strong></span> <span class='ocrx_word' id='word_1_279' title='bbox 1541 2102 1696 2137; x_wconf 83' lang='lat' dir='ltr'><strong>decrevit</strong></span> 
     </span>
     <span class='ocr_line' id='line_1_30' title="bbox 229 2148 1696 2194; baseline -0.001 -10"><span class='ocrx_word' id='word_1_280' title='bbox 229 2150 265 2185; x_wconf 90' lang='lat' dir='ltr'><strong>in</strong></span> <span class='ocrx_word' id='word_1_281' title='bbox 298 2148 450 2183; x_wconf 83' lang='lat' dir='ltr'><strong>hibernis</strong></span> <span class='ocrx_word' id='word_1_282' title='bbox 474 2148 671 2183; x_wconf 88' lang='lat' dir='ltr'><strong>exercitum.</strong></span> <span class='ocrx_word' id='word_1_283' title='bbox 718 2160 825 2194; x_wconf 87' lang='lat' dir='ltr'><strong>quare</strong></span> <span class='ocrx_word' id='word_1_284' title='bbox 848 2148 926 2183; x_wconf 89' lang='lat' dir='ltr'><strong>dum</strong></span> <span class='ocrx_word' id='word_1_285' title='bbox 948 2152 1082 2194; x_wconf 82' lang='lat' dir='ltr'><strong>tempus</strong></span> <span class='ocrx_word' id='word_1_286' title='bbox 1105 2148 1314 2192; x_wconf 87' lang='lat' dir='ltr'><strong>expeditioni</strong></span> <span class='ocrx_word' id='word_1_287' title='bbox 1339 2153 1455 2194; x_wconf 86' lang='lat' dir='ltr'><strong>aptum</strong></span> <span class='ocrx_word' id='word_1_288' title='bbox 1479 2152 1696 2194; x_wconf 84' lang='lat' dir='ltr'><strong>expectatur,</strong></span> 
     </span>
     <span class='ocr_line' id='line_1_31' title="bbox 230 2193 1694 2242; baseline 0 -13"><span class='ocrx_word' id='word_1_289' title='bbox 230 2207 294 2242; x_wconf 86' lang='lat' dir='ltr'><strong>per</strong></span> <span class='ocrx_word' id='word_1_290' title='bbox 315 2195 398 2229; x_wconf 85' lang='lat' dir='ltr'><strong>illud</strong></span> <span class='ocrx_word' id='word_1_291' title='bbox 419 2194 471 2228; x_wconf 90' lang='lat' dir='ltr'><strong>ibi</strong></span> <span class='ocrx_word' id='word_1_292' title='bbox 494 2194 619 2237; x_wconf 89' lang='lat' dir='ltr'><strong>otium,</strong></span> <span class='ocrx_word' id='word_1_293' title='bbox 655 2206 730 2229; x_wconf 90' lang='lat' dir='ltr'><strong>cum</strong></span> <span class='ocrx_word' id='word_1_294' title='bbox 753 2195 797 2229; x_wconf 87' lang='lat' dir='ltr'><strong>ad</strong></span> <span class='ocrx_word' id='word_1_295' title='bbox 821 2205 896 2229; x_wconf 88' lang='lat' dir='ltr'><strong>eum</strong></span> <span class='ocrx_word' id='word_1_296' title='bbox 929 2195 1079 2239; x_wconf 83' lang='lat' dir='ltr'><strong>episcopi</strong></span> <span class='ocrx_word' id='word_1_297' title='bbox 1107 2206 1174 2229; x_wconf 90' lang='lat' dir='ltr'><strong>non</strong></span> <span class='ocrx_word' id='word_1_298' title='bbox 1204 2195 1308 2240; x_wconf 87' lang='lat' dir='ltr'><strong>pauci</strong></span> <span class='ocrx_word' id='word_1_299' title='bbox 1340 2194 1604 2237; x_wconf 75' lang='lat' dir='ltr'><strong>confluxissent,</strong></span> <span class='ocrx_word' id='word_1_300' title='bbox 1636 2193 1694 2241; x_wconf 74' lang='lat' dir='ltr'><strong>agi</strong></span> 
     </span>
     <span class='ocr_line' id='line_1_32' title="bbox 230 2240 1695 2286; baseline -0.001 -10"><span class='ocrx_word' id='word_1_301' title='bbox 230 2242 275 2276; x_wconf 88' lang='lat' dir='ltr'><strong>de</strong></span> <span class='ocrx_word' id='word_1_302' title='bbox 298 2240 494 2286; x_wconf 86' lang='lat' dir='ltr'><strong>patriarcha</strong></span> <span class='ocrx_word' id='word_1_303' title='bbox 518 2245 675 2286; x_wconf 84' lang='lat' dir='ltr'><strong>coeptum</strong></span> <span class='ocrx_word' id='word_1_304' title='bbox 699 2244 772 2284; x_wconf 86' lang='lat' dir='ltr'><strong>est,</strong></span> <span class='ocrx_word' id='word_1_305' title='bbox 795 2240 997 2286; x_wconf 86' lang='lat' dir='ltr'><strong>quibusdam</strong></span> <span class='ocrx_word' id='word_1_306' title='bbox 1020 2252 1087 2275; x_wconf 93' lang='lat' dir='ltr'><strong>non</strong></span> <span class='ocrx_word' id='word_1_307' title='bbox 1109 2241 1342 2276; x_wconf 82' lang='lat' dir='ltr'><strong>dubitantibus</strong></span> <span class='ocrx_word' id='word_1_308' title='bbox 1365 2253 1460 2276; x_wconf 89' lang='lat' dir='ltr'><strong>reum</strong></span> <span class='ocrx_word' id='word_1_309' title='bbox 1482 2241 1593 2286; x_wconf 88' lang='lat' dir='ltr'><strong>ipsum</strong></span> <span class='ocrx_word' id='word_1_310' title='bbox 1610 2251 1695 2286; x_wconf 75' lang='lat' dir='ltr'><strong>pro-</strong></span> 
     </span>
     <span class='ocr_line' id='line_1_33' title="bbox 231 2286 1695 2332; baseline -0.001 -10"><span class='ocrx_word' id='word_1_311' title='bbox 231 2288 390 2322; x_wconf 85' lang='lat' dir='ltr'><strong>nuntiare</strong></span> <span class='ocrx_word' id='word_1_312' title='bbox 419 2286 632 2331; x_wconf 84' lang='lat' dir='ltr'><strong>irreligiosae</strong></span> <span class='ocrx_word' id='word_1_313' title='bbox 664 2286 894 2321; x_wconf 85' lang='lat' dir='ltr'><strong>contumaciae</strong></span> <span class='ocrx_word' id='word_1_314' title='bbox 916 2286 952 2321; x_wconf 91' lang='lat' dir='ltr'><strong>in</strong></span> <span class='ocrx_word' id='word_1_315' title='bbox 975 2287 1131 2331; x_wconf 82' lang='lat' dir='ltr'><strong>neganda</strong></span> <span class='ocrx_word' id='word_1_316' title='bbox 1162 2291 1281 2322; x_wconf 82' lang='lat' dir='ltr'><strong>contra</strong></span> <span class='ocrx_word' id='word_1_317' title='bbox 1303 2298 1420 2323; x_wconf 78' lang='lat' dir='ltr'><strong>sacros</strong></span> <span class='ocrx_word' id='word_1_318' title='bbox 1441 2297 1587 2322; x_wconf 83' lang='lat' dir='ltr'><strong>canones</strong></span> <span class='ocrx_word' id='word_1_319' title='bbox 1610 2298 1695 2332; x_wconf 83' lang='lat' dir='ltr'><strong>poe-</strong></span> 
     </span>
     <span class='ocr_line' id='line_1_34' title="bbox 229 2330 1694 2378; baseline 0 -11"><span class='ocrx_word' id='word_1_320' title='bbox 229 2333 384 2367; x_wconf 82' lang='lat' dir='ltr'><strong>nitentia.</strong></span> <span class='ocrx_word' id='word_1_321' title='bbox 433 2344 540 2378; x_wconf 83' lang='lat' dir='ltr'><strong>quare</strong></span> <span class='ocrx_word' id='word_1_322' title='bbox 570 2345 612 2367; x_wconf 85' lang='lat' dir='ltr'><strong>ex</strong></span> <span class='ocrx_word' id='word_1_323' title='bbox 644 2333 787 2368; x_wconf 86' lang='lat' dir='ltr'><strong>istorum</strong></span> <span class='ocrx_word' id='word_1_324' title='bbox 817 2333 987 2368; x_wconf 86' lang='lat' dir='ltr'><strong>sententia</strong></span> <span class='ocrx_word' id='word_1_325' title='bbox 1017 2334 1141 2367; x_wconf 81' lang='lat' dir='ltr'><strong>citatus</strong></span> <span class='ocrx_word' id='word_1_326' title='bbox 1174 2333 1206 2367; x_wconf 86' lang='lat' dir='ltr'><strong>is</strong></span> <span class='ocrx_word' id='word_1_327' title='bbox 1236 2334 1305 2368; x_wconf 87' lang='lat' dir='ltr'><strong>rite</strong></span> <span class='ocrx_word' id='word_1_328' title='bbox 1338 2340 1415 2377; x_wconf 84' lang='lat' dir='ltr'><strong>est,</strong></span> <span class='ocrx_word' id='word_1_329' title='bbox 1449 2345 1492 2368; x_wconf 85' lang='lat' dir='ltr'><strong>ac</strong></span> <span class='ocrx_word' id='word_1_330' title='bbox 1513 2332 1624 2367; x_wconf 85' lang='lat' dir='ltr'><strong>iussus</strong></span> <span class='ocrx_word' id='word_1_331' title='bbox 1647 2330 1694 2367; x_wconf 75' lang='lat' dir='ltr'><strong>ad</strong></span> 
     </span>
     <span class='ocr_line' id='line_1_35' title="bbox 228 2378 1694 2421; baseline -0.001 -8"><span class='ocrx_word' id='word_1_332' title='bbox 228 2378 422 2413; x_wconf 82' lang='lat' dir='ltr'><strong>Xantheam</strong></span> <span class='ocrx_word' id='word_1_333' title='bbox 453 2390 491 2412; x_wconf 88' lang='lat' dir='ltr'><strong>se</strong></span> <span class='ocrx_word' id='word_1_334' title='bbox 521 2378 664 2421; x_wconf 79' lang='lat' dir='ltr'><strong>sistere,</strong></span> <span class='ocrx_word' id='word_1_335' title='bbox 699 2379 829 2414; x_wconf 87' lang='lat' dir='ltr'><strong>duobus</strong></span> <span class='ocrx_word' id='word_1_336' title='bbox 852 2379 896 2414; x_wconf 88' lang='lat' dir='ltr'><strong>ad</strong></span> <span class='ocrx_word' id='word_1_337' title='bbox 915 2379 1009 2413; x_wconf 86' lang='lat' dir='ltr'><strong>illum</strong></span> <span class='ocrx_word' id='word_1_338' title='bbox 1033 2379 1244 2414; x_wconf 74' lang='lat' dir='ltr'><strong>antistitibus</strong></span> <span class='ocrx_word' id='word_1_339' title='bbox 1265 2391 1307 2414; x_wconf 90' lang='lat' dir='ltr'><strong>ea</strong></span> <span class='ocrx_word' id='word_1_340' title='bbox 1330 2391 1434 2414; x_wconf 82' lang='lat' dir='ltr'><strong>causa</strong></span> <span class='ocrx_word' id='word_1_341' title='bbox 1456 2378 1580 2414; x_wconf 81' lang='lat' dir='ltr'><strong>missis.</strong></span> <span class='ocrx_word' id='word_1_342' title='bbox 1624 2388 1694 2413; x_wconf 81' lang='lat' dir='ltr'><strong>nou</strong></span> 
     </span>
     <span class='ocr_line' id='line_1_36' title="bbox 227 2422 1694 2471; baseline -0.001 -12"><span class='ocrx_word' id='word_1_343' title='bbox 227 2424 346 2471; x_wconf 81' lang='lat' dir='ltr'><strong>paruit</strong></span> <span class='ocrx_word' id='word_1_344' title='bbox 377 2424 435 2458; x_wconf 85' lang='lat' dir='ltr'><strong>ille</strong></span> <span class='ocrx_word' id='word_1_345' title='bbox 464 2424 619 2469; x_wconf 84' lang='lat' dir='ltr'><strong>quidem,</strong></span> <span class='ocrx_word' id='word_1_346' title='bbox 654 2427 768 2460; x_wconf 85' lang='lat' dir='ltr'><strong>tamen</strong></span> <span class='ocrx_word' id='word_1_347' title='bbox 793 2425 1035 2471; x_wconf 83' lang='lat' dir='ltr'><strong>aliquantulum</strong></span> <span class='ocrx_word' id='word_1_348' title='bbox 1066 2426 1109 2460; x_wconf 88' lang='lat' dir='ltr'><strong>de</strong></span> <span class='ocrx_word' id='word_1_349' title='bbox 1139 2425 1265 2460; x_wconf 83' lang='lat' dir='ltr'><strong>duritie</strong></span> <span class='ocrx_word' id='word_1_350' title='bbox 1288 2425 1465 2460; x_wconf 75' lang='lat' dir='ltr'><strong>remittens</strong></span> <span class='ocrx_word' id='word_1_351' title='bbox 1487 2428 1528 2459; x_wconf 85' lang='lat' dir='ltr'><strong>ut</strong></span> <span class='ocrx_word' id='word_1_352' title='bbox 1548 2422 1694 2470; x_wconf 82' lang='lat' dir='ltr'><strong>tempori</strong></span> 
     </span>
     <span class='ocr_line' id='line_1_37' title="bbox 228 2469 1693 2518; baseline -0.001 -13"><span class='ocrx_word' id='word_1_353' title='bbox 228 2470 402 2512; x_wconf 79' lang='lat' dir='ltr'><strong>serviret,</strong></span> <span class='ocrx_word' id='word_1_354' title='bbox 434 2472 538 2504; x_wconf 82' lang='lat' dir='ltr'><strong>semel</strong></span> <span class='ocrx_word' id='word_1_355' title='bbox 559 2470 750 2517; x_wconf 80' lang='lat' dir='ltr'><strong>iterumque</strong></span> <span class='ocrx_word' id='word_1_356' title='bbox 773 2475 885 2506; x_wconf 84' lang='lat' dir='ltr'><strong>certos</strong></span> <span class='ocrx_word' id='word_1_357' title='bbox 909 2472 953 2506; x_wconf 89' lang='lat' dir='ltr'><strong>de</strong></span> <span class='ocrx_word' id='word_1_358' title='bbox 972 2483 1033 2506; x_wconf 88' lang='lat' dir='ltr'><strong>suo</strong></span> <span class='ocrx_word' id='word_1_359' title='bbox 1058 2472 1149 2506; x_wconf 88' lang='lat' dir='ltr'><strong>clero</strong></span> <span class='ocrx_word' id='word_1_360' title='bbox 1171 2472 1215 2506; x_wconf 90' lang='lat' dir='ltr'><strong>ad</strong></span> <span class='ocrx_word' id='word_1_361' title='bbox 1237 2472 1473 2518; x_wconf 80' lang='lat' dir='ltr'><strong>imperatorem</strong></span> <span class='ocrx_word' id='word_1_362' title='bbox 1496 2469 1588 2504; x_wconf 84' lang='lat' dir='ltr'><strong>misit</strong></span> <span class='ocrx_word' id='word_1_363' title='bbox 1612 2469 1693 2504; x_wconf 76' lang='lat' dir='ltr'><strong>offi-</strong></span> 
     </span>
     <span class='ocr_line' id='line_1_38' title="bbox 229 2515 1693 2564; baseline -0.001 -14"><span class='ocrx_word' id='word_1_364' title='bbox 229 2516 322 2551; x_wconf 86' lang='lat' dir='ltr'><strong>ciose</strong></span> <span class='ocrx_word' id='word_1_365' title='bbox 344 2516 438 2550; x_wconf 87' lang='lat' dir='ltr'><strong>illum</strong></span> <span class='ocrx_word' id='word_1_366' title='bbox 462 2526 484 2550; x_wconf 92' lang='lat' dir='ltr'><strong>a</strong></span> <span class='ocrx_word' id='word_1_367' title='bbox 506 2526 544 2550; x_wconf 88' lang='lat' dir='ltr'><strong>se</strong></span> <span class='ocrx_word' id='word_1_368' title='bbox 567 2516 794 2560; x_wconf 80' lang='lat' dir='ltr'><strong>salutaturus,</strong></span> <span class='ocrx_word' id='word_1_369' title='bbox 831 2521 867 2552; x_wconf 90' lang='lat' dir='ltr'><strong>et</strong></span> <span class='ocrx_word' id='word_1_370' title='bbox 899 2521 1161 2564; x_wconf 87' lang='lat' dir='ltr'><strong>percontaturos</strong></span> <span class='ocrx_word' id='word_1_371' title='bbox 1184 2529 1226 2552; x_wconf 85' lang='lat' dir='ltr'><strong>ex</strong></span> <span class='ocrx_word' id='word_1_372' title='bbox 1256 2529 1322 2553; x_wconf 90' lang='lat' dir='ltr'><strong>usu</strong></span> <span class='ocrx_word' id='word_1_373' title='bbox 1342 2518 1432 2552; x_wconf 86' lang='lat' dir='ltr'><strong>inter</strong></span> <span class='ocrx_word' id='word_1_374' title='bbox 1462 2515 1587 2551; x_wconf 88' lang='lat' dir='ltr'><strong>amicos</strong></span> <span class='ocrx_word' id='word_1_375' title='bbox 1610 2526 1693 2550; x_wconf 86' lang='lat' dir='ltr'><strong>con-</strong></span> 
     </span>
     <span class='ocr_line' id='line_1_39' title="bbox 231 2560 1693 2609; baseline -0.001 -12"><span class='ocrx_word' id='word_1_376' title='bbox 231 2561 419 2597; x_wconf 76' lang='lat' dir='ltr'><strong>suetudinis</strong></span> <span class='ocrx_word' id='word_1_377' title='bbox 441 2561 606 2596; x_wconf 81' lang='lat' dir='ltr'><strong>humanae</strong></span> <span class='ocrx_word' id='word_1_378' title='bbox 627 2566 667 2597; x_wconf 90' lang='lat' dir='ltr'><strong>ut</strong></span> <span class='ocrx_word' id='word_1_379' title='bbox 688 2564 863 2608; x_wconf 84' lang='lat' dir='ltr'><strong>Augustus</strong></span> <span class='ocrx_word' id='word_1_380' title='bbox 886 2575 961 2598; x_wconf 91' lang='lat' dir='ltr'><strong>cum</strong></span> <span class='ocrx_word' id='word_1_381' title='bbox 985 2564 1129 2609; x_wconf 86' lang='lat' dir='ltr'><strong>coniuge</strong></span> <span class='ocrx_word' id='word_1_382' title='bbox 1151 2575 1193 2598; x_wconf 89' lang='lat' dir='ltr'><strong>ac</strong></span> <span class='ocrx_word' id='word_1_383' title='bbox 1215 2564 1336 2599; x_wconf 87' lang='lat' dir='ltr'><strong>liberis</strong></span> <span class='ocrx_word' id='word_1_384' title='bbox 1355 2563 1504 2605; x_wconf 85' lang='lat' dir='ltr'><strong>valeret,</strong></span> <span class='ocrx_word' id='word_1_385' title='bbox 1527 2560 1693 2606; x_wconf 74' lang='lat' dir='ltr'><strong>simulque</strong></span> 
     </span>
     <span class='ocr_line' id='line_1_40' title="bbox 230 2608 1692 2652; baseline -0.001 -10"><span class='ocrx_word' id='word_1_386' title='bbox 230 2611 472 2649; x_wconf 78' lang='lat' dir='ltr'><strong>excusaturos,</strong></span> <span class='ocrx_word' id='word_1_387' title='bbox 503 2608 599 2643; x_wconf 82' lang='lat' dir='ltr'><strong>velut</strong></span> <span class='ocrx_word' id='word_1_388' title='bbox 621 2610 849 2644; x_wconf 83' lang='lat' dir='ltr'><strong>necessariam</strong></span> <span class='ocrx_word' id='word_1_389' title='bbox 870 2611 914 2645; x_wconf 91' lang='lat' dir='ltr'><strong>ob</strong></span> <span class='ocrx_word' id='word_1_390' title='bbox 939 2621 1059 2645; x_wconf 81' lang='lat' dir='ltr'><strong>causas</strong></span> <span class='ocrx_word' id='word_1_391' title='bbox 1085 2610 1170 2645; x_wconf 74' lang='lat' dir='ltr'><strong>alias</strong></span> <span class='ocrx_word' id='word_1_392' title='bbox 1191 2610 1369 2652; x_wconf 80' lang='lat' dir='ltr'><strong>dicendas,</strong></span> <span class='ocrx_word' id='word_1_393' title='bbox 1397 2620 1438 2644; x_wconf 88' lang='lat' dir='ltr'><strong>eo</strong></span> <span class='ocrx_word' id='word_1_394' title='bbox 1461 2619 1550 2642; x_wconf 90' lang='lat' dir='ltr'><strong>nunc</strong></span> <span class='ocrx_word' id='word_1_395' title='bbox 1572 2617 1692 2642; x_wconf 84' lang='lat' dir='ltr'><strong>occur-</strong></span> 
     </span>
     <span class='ocr_line' id='line_1_41' title="bbox 229 2652 1692 2702; baseline -0.001 -13"><span class='ocrx_word' id='word_1_396' title='bbox 229 2654 328 2689; x_wconf 81' lang='lat' dir='ltr'><strong>rendi</strong></span> <span class='ocrx_word' id='word_1_397' title='bbox 350 2664 489 2688; x_wconf 88' lang='lat' dir='ltr'><strong>moram.</strong></span> <span class='ocrx_word' id='word_1_398' title='bbox 534 2653 586 2689; x_wconf 81' lang='lat' dir='ltr'><strong>his</strong></span> <span class='ocrx_word' id='word_1_399' title='bbox 608 2655 730 2689; x_wconf 86' lang='lat' dir='ltr'><strong>officiis</strong></span> <span class='ocrx_word' id='word_1_400' title='bbox 752 2667 952 2701; x_wconf 88' lang='lat' dir='ltr'><strong>quamquam</strong></span> <span class='ocrx_word' id='word_1_401' title='bbox 974 2668 1040 2691; x_wconf 91' lang='lat' dir='ltr'><strong>non</strong></span> <span class='ocrx_word' id='word_1_402' title='bbox 1062 2656 1161 2702; x_wconf 85' lang='lat' dir='ltr'><strong>plene</strong></span> <span class='ocrx_word' id='word_1_403' title='bbox 1183 2656 1374 2691; x_wconf 85' lang='lat' dir='ltr'><strong>satisfiebat</strong></span> <span class='ocrx_word' id='word_1_404' title='bbox 1393 2652 1613 2699; x_wconf 85' lang='lat' dir='ltr'><strong>imperatori,</strong></span> <span class='ocrx_word' id='word_1_405' title='bbox 1634 2656 1692 2687; x_wconf 67' lang='lat' dir='ltr'><strong>to-</strong></span> 
     </span>
     <span class='ocr_line' id='line_1_42' title="bbox 230 2698 1693 2746; baseline -0.001 -12"><span class='ocrx_word' id='word_1_406' title='bbox 230 2711 308 2735; x_wconf 88' lang='lat' dir='ltr'><strong>men</strong></span> <span class='ocrx_word' id='word_1_407' title='bbox 330 2700 406 2746; x_wconf 86' lang='lat' dir='ltr'><strong>ipse</strong></span> <span class='ocrx_word' id='word_1_408' title='bbox 427 2710 562 2746; x_wconf 88' lang='lat' dir='ltr'><strong>quoque</strong></span> <span class='ocrx_word' id='word_1_409' title='bbox 583 2700 619 2735; x_wconf 90' lang='lat' dir='ltr'><strong>in</strong></span> <span class='ocrx_word' id='word_1_410' title='bbox 641 2711 804 2746; x_wconf 83' lang='lat' dir='ltr'><strong>praesens</strong></span> <span class='ocrx_word' id='word_1_411' title='bbox 827 2702 929 2735; x_wconf 89' lang='lat' dir='ltr'><strong>animi</strong></span> <span class='ocrx_word' id='word_1_412' title='bbox 951 2703 1088 2737; x_wconf 85' lang='lat' dir='ltr'><strong>vulnere</strong></span> <span class='ocrx_word' id='word_1_413' title='bbox 1109 2702 1315 2738; x_wconf 80' lang='lat' dir='ltr'><strong>dissimulato</strong></span> <span class='ocrx_word' id='word_1_414' title='bbox 1339 2705 1377 2735; x_wconf 84' lang='lat' dir='ltr'><strong>et</strong></span> <span class='ocrx_word' id='word_1_415' title='bbox 1397 2698 1632 2735; x_wconf 83' lang='lat' dir='ltr'><strong>salutationem</strong></span> <span class='ocrx_word' id='word_1_416' title='bbox 1655 2700 1693 2733; x_wconf 77' lang='lat' dir='ltr'><strong>et</strong></span> 
     </span>
     <span class='ocr_line' id='line_1_43' title="bbox 230 2744 1693 2796; baseline 0 -16"><span class='ocrx_word' id='word_1_417' title='bbox 230 2746 483 2781; x_wconf 84' lang='lat' dir='ltr'><strong>excusationem</strong></span> <span class='ocrx_word' id='word_1_418' title='bbox 507 2745 639 2791; x_wconf 83' lang='lat' dir='ltr'><strong>placido</strong></span> <span class='ocrx_word' id='word_1_419' title='bbox 672 2747 810 2793; x_wconf 83' lang='lat' dir='ltr'><strong>excepit</strong></span> <span class='ocrx_word' id='word_1_420' title='bbox 832 2747 948 2788; x_wconf 87' lang='lat' dir='ltr'><strong>vultu,</strong></span> <span class='ocrx_word' id='word_1_421' title='bbox 980 2748 1195 2796; x_wconf 81' lang='lat' dir='ltr'><strong>vicissimque</strong></span> <span class='ocrx_word' id='word_1_422' title='bbox 1217 2759 1282 2795; x_wconf 84' lang='lat' dir='ltr'><strong>per</strong></span> <span class='ocrx_word' id='word_1_423' title='bbox 1327 2746 1465 2781; x_wconf 84' lang='lat' dir='ltr'><strong>uosdam</strong></span> <span class='ocrx_word' id='word_1_424' title='bbox 1487 2757 1508 2780; x_wconf 87' lang='lat' dir='ltr'><strong>e</strong></span> <span class='ocrx_word' id='word_1_425' title='bbox 1530 2744 1693 2780; x_wconf 78' lang='lat' dir='ltr'><strong>comitam</strong></span> 
     </span>
     <span class='ocr_line' id='line_1_44' title="bbox 230 2789 1694 2840; baseline -0.001 -13"><span class='ocrx_word' id='word_1_426' title='bbox 230 2792 399 2838; x_wconf 82' lang='lat' dir='ltr'><strong>allegatos</strong></span> <span class='ocrx_word' id='word_1_427' title='bbox 420 2791 649 2840; x_wconf 78' lang='lat' dir='ltr'><strong>patriarcham</strong></span> <span class='ocrx_word' id='word_1_428' title='bbox 670 2792 779 2828; x_wconf 86' lang='lat' dir='ltr'><strong>amice</strong></span> <span class='ocrx_word' id='word_1_429' title='bbox 801 2792 982 2838; x_wconf 83' lang='lat' dir='ltr'><strong>salutavit,</strong></span> <span class='ocrx_word' id='word_1_430' title='bbox 1015 2795 1150 2840; x_wconf 88' lang='lat' dir='ltr'><strong>placido</strong></span> <span class='ocrx_word' id='word_1_431' title='bbox 1177 2806 1216 2830; x_wconf 83' lang='lat' dir='ltr'><strong>se</strong></span> <span class='ocrx_word' id='word_1_432' title='bbox 1237 2794 1272 2828; x_wconf 88' lang='lat' dir='ltr'><strong>in</strong></span> <span class='ocrx_word' id='word_1_433' title='bbox 1294 2793 1303 2803; x_wconf 81' lang='lat'><strong>¹</strong></span> <span class='ocrx_word' id='word_1_434' title='bbox 1333 2804 1388 2827; x_wconf 89' lang='lat' dir='ltr'><strong>um</strong></span> <span class='ocrx_word' id='word_1_435' title='bbox 1409 2803 1485 2827; x_wconf 80' lang='lat' dir='ltr'><strong>esse</strong></span> <span class='ocrx_word' id='word_1_436' title='bbox 1507 2791 1618 2826; x_wconf 84' lang='lat' dir='ltr'><strong>animo</strong></span> <span class='ocrx_word' id='word_1_437' title='bbox 1642 2789 1694 2826; x_wconf 81' lang='lat' dir='ltr'><strong>si-</strong></span> 
     </span>
     <span class='ocr_line' id='line_1_45' title="bbox 232 2836 1694 2888; baseline -0.001 -15"><span class='ocrx_word' id='word_1_438' title='bbox 232 2838 410 2883; x_wconf 77' lang='lat' dir='ltr'><strong>gnificans.</strong></span> <span class='ocrx_word' id='word_1_439' title='bbox 456 2841 628 2874; x_wconf 82' lang='lat' dir='ltr'><strong>caeterum</strong></span> <span class='ocrx_word' id='word_1_440' title='bbox 657 2838 746 2875; x_wconf 83' lang='lat' dir='ltr'><strong>inter</strong></span> <span class='ocrx_word' id='word_1_441' title='bbox 777 2839 956 2887; x_wconf 81' lang='lat' dir='ltr'><strong>episcopos</strong></span> <span class='ocrx_word' id='word_1_442' title='bbox 981 2851 1086 2877; x_wconf 83' lang='lat' dir='ltr'><strong>causa</strong></span> <span class='ocrx_word' id='word_1_443' title='bbox 1106 2841 1300 2888; x_wconf 80' lang='lat' dir='ltr'><strong>crimenque</strong></span> <span class='ocrx_word' id='word_1_444' title='bbox 1322 2838 1536 2887; x_wconf 82' lang='lat' dir='ltr'><strong>patriarchae</strong></span> <span class='ocrx_word' id='word_1_445' title='bbox 1557 2836 1694 2873; x_wconf 67' lang='lat' dir='ltr'><strong>occult·</strong></span> 
     </span>
    </p>
   </div>
  </div>
 </body>
</html>
