1884 3262
295 201 392 247 652
682 199 989 244 OBSERVAT.
1019 201 1328 247 PACHYMER.

290 308 353 347 ius
374 307 416 344 in
437 306 556 345 titulo
576 319 686 345 more
704 307 868 358 'antiquo
892 321 1008 347 suum
1026 308 1302 361 praescribens·
1315 322 1457 350 nomen
1476 310 1731 352 Athanasium

290 377 332 401 se
354 363 436 413 ipse
455 375 529 414 pro
546 362 776 403 Andronico
791 371 1010 414 vocaverat,
1039 370 1310 414 argumentum
1331 366 1372 403 id
1388 366 1648 419 irrefragabile
1669 369 1732 406 vi-

289 432 375 456 sum
396 418 651 457 monachatus
669 419 897 469 Andronici,
927 420 992 458 cui
1013 433 1086 458 nec
1104 420 1189 472 ipse
1203 420 1270 473 qui
1286 421 1321 459 ei
1336 421 1492 461 favebat
1507 425 1731 475 patriarcha

287 475 468 512 resistere
497 488 612 513 ausus
644 482 828 515 conatum
854 475 1005 517 remisit
1029 475 1194 515 iuvandi
1224 477 1332 527 eius,
1376 477 1446 528 qui
1475 491 1545 518 sua
1581 493 1621 519 se
1645 480 1731 533 ipse

284 531 484 582 scriptura
504 530 771 574 convinceret.

397 600 435 638 p.
456 589 535 628 281
570 600 610 626 v.
641 591 710 630 24.
766 588 935 626 sinistra
971 585 1019 625 de
1054 588 1252 626 Germano
1290 585 1462 626 iudicia.
1523 586 1602 626 hoc
1636 589 1729 628 loco

286 640 546 693 Pachymeres
563 644 667 681 inter
685 644 963 682 enumerandas
981 643 1061 682 odii
1078 644 1279 695 popularis
1308 643 1350 681 in
1380 643 1618 684 Germanum
1638 658 1728 683 cau-

284 711 345 735 sas
366 711 485 736 unam
501 711 550 737 ex
570 700 792 752 praecipuis
813 700 980 748 omittit,
1023 700 1130 750 quod
1148 699 1236 751 paci
1264 699 1518 737 ecclesiarum
1539 700 1727 750 studeret,

285 754 390 792 unde
412 757 660 804 postmodum
680 756 728 794 ab
743 755 979 808 imperatore
1002 755 1162 794 Romam
1177 756 1327 806 legatus
1343 755 1540 805 negotium
1559 768 1728 796 concor⁴

285 809 371 847 (liae
399 810 454 848 ibi
487 811 677 860 confecit,
708 818 829 864 prout
853 817 986 850 noster
1010 817 1146 850 narrat
1174 825 1212 863 p.
1235 811 1317 853 384
1342 824 1384 850 v.
1406 810 1470 853 15.
1526 824 1646 862 quare
1675 807 1727 851 ad

285 864 362 903 hoc
389 871 519 904 totum
552 867 840 906 conciliationis
870 867 1053 906 ecclesiae
1073 868 1242 905 Graecae
1263 879 1350 904 cum
1371 866 1506 904 Latina
1527 867 1725 917 negotium

146 924 175 957 P
196 922 263 959 457
288 922 353 959 vel
373 923 585 972 plurimum
597 923 683 975 ipse
704 923 884 962 contulit.
940 937 1031 962 nam
1050 923 1143 961 etin
1168 922 1334 962 concilio
1354 922 1602 972 Lugdunensi
1619 936 1726 961 com-

281 977 428 1030 paruit,
457 979 557 1017 utin
575 979 657 1018 eius
675 993 806 1018 sacrae
822 979 1094 1017 oecumenicae
1111 979 1252 1030 synodi
1274 977 1383 1016 Actis
1401 984 1564 1016 notatur
1581 978 1723 1030 sess.4.

285 1047 407 1086 porro
434 1040 640 1085 antequam
668 1036 717 1073 ad
737 1035 835 1073 haec
854 1035 1121 1083 adhiberetur,
1154 1035 1429 1073 observaverat
1452 1033 1635 1072 videlicet
1651 1035 1724 1072 im-

284 1095 445 1141 perator
465 1090 765 1142 propensionem
784 1090 866 1129 eius
882 1091 934 1128 ad
950 1089 1130 1139 Latinos,
1160 1090 1461 1128 observaverant
1476 1095 1514 1127 et
1534 1090 1622 1135 alii,
1653 1089 1723 1141 qui

286 1145 436 1183 addicti
462 1145 664 1184 schismati
696 1146 748 1193 ob
778 1146 822 1183 id
853 1147 982 1196 ipsum
1016 1159 1104 1183 eum
1140 1145 1308 1197 pessime
1340 1146 1504 1183 oderant
1533 1151 1572 1183 et
1595 1145 1722 1184 eidem

282 1206 419 1252 postea
439 1200 686 1253 imputarunt
710 1201 903 1253 quidquid
934 1202 975 1239 in
1003 1200 1081 1238 hoc
1107 1214 1246 1251 genere
1275 1206 1411 1239 contra
1431 1213 1564 1239 eorum
1581 1207 1721 1239 votum

283 1256 461 1306 contigit.
516 1256 748 1308 Anonymus
775 1257 971 1305 ineditus,
1009 1257 1122 1294 cuius
1151 1257 1372 1308 exemplum
1402 1262 1512 1294 extat
1535 1257 1640 1308 apud
1662 1257 1720 1297 ill.

280 1312 471 1350 Allatium
491 1311 533 1349 in
558 1326 675 1364 opere
698 1313 746 1350 de
769 1312 1109 1351 Translationibus
1135 1313 1423 1364 episcoporum,
1452 1312 1593 1363 spiritu
1613 1312 1722 1350 schi-

278 1367 441 1406 smatico
463 1374 654 1419 aestuans,
683 1368 779 1407 haec
795 1368 953 1407 scribit:
985 1363 1352 1420 ὁἈδριανοπόλεως
1367 1364 1576 1421 Γερμανός,
1598 1367 1623 1409 ὁ
1638 1368 1721 1409 ἐπι-

277 1423 442 1474 κληθεὶς
459 1427 741 1476 Μαλχουτζᾶς,
772 1422 816 1472 ὃς
832 1424 900 1464 καὶ
924 1420 1174 1476 λατινόφρων
1197 1423 1331 1477 γέγονε
1349 1422 1416 1463 καὶ
1437 1421 1535 1464 κατά
1551 1427 1630 1464 τῶν
1654 1420 1720 1464 εὖ·

276 1481 407 1531 σεβαῖν
429 1478 604 1533 διωγμὸν
627 1480 782 1532 ἐκίνησε
799 1479 933 1533 μέγαν.
969 1479 1291 1531 Adrianopoleoe
1311 1480 1543 1528 Germanus,
1571 1493 1718 1531 cogno-

275 1542 404 1573 mento
415 1536 684 1586 Malclzatzas,
731 1538 774 1574 αἱ
794 1544 829 1573 et
846 1550 937 1574 cum
945 1537 1113 1574 Latinis
1128 1538 1249 1574 sensit
1263 1543 1300 1573 et
1316 1542 1454 1573 eontra
1462 1537 1558 1587 pios
1579 1536 1716 1586 (immo

272 1590 415 1643 impios
439 1551 729 1648 schismaticos3
738 1594 1048 1644 persecutionem
1065 1595 1188 1631 movit
1203 1605 1407 1643 magnam.

385 1662 427 1700 p·
448 1650 532 1691 282
548 1662 585 1687 v.
603 1652 668 1691 20.
730 1650 921 1687 Germani
941 1649 1119 1686 alterius.
1175 1648 1253 1687 fuit
1274 1648 1340 1686 hic
1365 1653 1471 1685 retro
1488 1647 1648 1697 quintus
1670 1645 1714 1685 in

275 1703 374 1741 serie
394 1704 706 1755 patriarcharum
728 1705 979 1745 Graecorum.
1036 1718 1127 1742 nam
1155 1704 1371 1743 Germanus
1392 1701 1714 1755 Adrianopolita-

274 1773 348 1797 nus
368 1760 556 1798 successit
575 1761 760 1810 Arsenio,
789 1760 975 1799 Arsenius
993 1760 1190 1810 Manu'eli,
1219 1759 1376 1798 Manuel
1393 1758 1603 1807 Methodio‚
1632 1758 1713 1796 Me-

272 1814 433 1853 thodius
454 1816 646 1854 Germano
665 1817 846 1868 Nauplio.
886 1816 994 1854 hunc
1013 1817 1145 1868 potius
1164 1822 1207 1854 ut
1222 1815 1288 1853 hic
1306 1815 1420 1853 innui
1440 1821 1577 1866 putem
1595 1827 1711 1864 quam

274 1870 396 1908 alium
411 1871 526 1922 longe
545 1872 825 1922 antiquiorem,
864 1878 1043 1910 sanctum
1065 1872 1302 1909 Germanum
1320 1870 1476 1922 scriptis
1498 1869 1610 1907 editis
1632 1883 1711 1907 no-

273 1931 382 1975 tum,
412 1926 480 1977 qui
499 1940 602 1965 anno
623 1927 768 1966 Christi
794 1926 877 1969 714
900 1927 980 1965 kal.
1009 1926 1173 1977 Augusti
1189 1927 1325 1964 Ioanni
1355 1925 1710 1976 Constantinopoli-

274 1987 368 2019 tano
388 1982 632 2033 patriarchae
649 1983 848 2031 successit,
876 1982 1012 2020 suadet
1027 1983 1254 2021 adiunctum
1274 1981 1499 2035 μακαρίτης,
1529 1980 1638 2032 quod
1657 1980 1708 2020 de

276 2037 442 2075 mortuis
460 2052 542 2076 non
559 2038 847 2078 vetustissimae
870 2037 1076 2076 memoriae
1096 2052 1117 2075 a
1137 2038 1295 2076 Graecis
1314 2042 1540 2088 usurpatur.
1721 2035 1724 2037 ’

383 2108 425 2145 p-
448 2097 529 2136 296
551 2108 590 2135 v.
612 2094 651 2135 4.
708 2092 762 2147 μὴ
782 2091 891 2150 ἅψῃ,
926 2092 979 2146 μὴ
1003 2095 1134 2149 θίγῃς.
1188 2094 1308 2133 verba
1329 2099 1420 2132 sunt
1447 2105 1497 2130 ex
1521 2093 1560 2130 S.
1583 2091 1705 2130 Paulo

273 2148 323 2186 ad
342 2149 490 2188 Coloss.
512 2164 546 2188 c.
573 2153 601 2191 2
616 2164 655 2189 v.
677 2153 743 2192 21.
802 2163 901 2201 quae
931 2150 1068 2188 Graeci
1094 2150 1334 2201 usurpabant
1357 2149 1399 2187 in
1433 2147 1722 2186 occasionibus·

273 2205 512 2243 aversandae
532 2206 818 2245 communionis
839 2219 974 2245 eorum
1003 2219 1101 2257 quos
1118 2205 1381 2244 heterodoxos
1399 2210 1465 2242 aut
1481 2202 1706 2254 schismati-7

272 2274 340 2297 cos
359 2261 564 2311 putabant.
621 2263 774 2314 saepius
792 2267 1033 2314 usurpantur
1050 2261 1093 2300 in
1110 2260 1186 2300 hac
1205 2261 1392 2310 historia3
1421 2260 1469 2298 de
1486 2272 1564 2311 quo
1586 2259 1704 2297 semel
1722 2272 1723 2275 ¹

269 2315 517 2355 admonuisse
536 2316 629 2356 satis
643 2318 770 2357 visum
790 2324 860 2356 est.

377 2386 417 2424 p.
436 2374 518 2414 304
534 2387 571 2413 v.
590 2375 628 2415 9.
685 2373 758 2413 Illa
785 2374 932 2412 Graeca
960 2373 1079 2413 verba
1099 2369 1170 2413 ὅσα
1197 2371 1264 2413 καὶ
1282 2368 1474 2422 ἀσφαλῶς
1490 2365 1702 2422 ἆποφήνα,

268 2430 387 2476 σθαι,
417 2442 519 2478 quae
545 2443 675 2469 secure
701 2428 1011 2477 ostenderentur,
1047 2435 1250 2479 utcunque
1278 2427 1413 2466 Latine
1437 2426 1606 2466 reddens
1625 2439 1702 2464 ex·-

267 2482 417 2532 pressi:
448 2490 558 2521 erant
580 2486 682 2522 enim
705 2486 747 2523 in
765 2491 934 2537 utroque
951 2485 1100 2537 optimo
1119 2485 1273 2534 codice,
1299 2484 1393 2522 licet
1407 2495 1452 2521 ea
1472 2482 1699 2530 Vaticanus,

267 2543 313 2575 ut
335 2538 519 2589 pleraque
545 2553 624 2577 non
649 2541 847 2580 intellecta
874 2541 970 2590 sibi,
1009 2541 1192 2580 transilit.
1259 2545 1454 2578 caeterum
1481 2539 1605 2577 fateor
1636 2548 1699 2575 me

266 2592 374 2631 haud
405 2594 497 2632 satis
522 2596 724 2647 percipere
755 2597 850 2648 quid
874 2597 1013 2637 velint.
1067 2596 1145 2634 nisi
1169 2597 1271 2635 forte
1297 2594 1517 2646 significent
1535 2593 1699 2631 Germa-

267 2662 365 2686 num
383 2649 595 2688 liberaliter
620 2651 754 2701 largiri
778 2653 939 2691 solitum
962 2652 1163 2703 egentibus
1194 2665 1244 2690 ex
1266 2651 1316 2689 iis
1335 2650 1489 2702 quaein
1502 2660 1640 2686 manus
1658 2653 1697 2686 et

268 2710 503 2755 potestatem
521 2706 604 2744 eius
626 2707 833 2746 veniebant
851 2738 862 2758 ‚
890 2708 966 2746 nisi
981 2708 1072 2746 talia
1096 2714 1225 2746 essent
1250 2719 1347 2758 quae
1366 2704 1626 2758 peculiaribus
1644 2715 1695 2742 ex

271 2760 396 2798 causis
418 2761 580 2800 donasse
599 2761 838 2800 invidiosum
859 2770 968 2805 esset.
1026 2769 1121 2816 puta
1139 2763 1172 2802 si
1192 2776 1280 2801 cum
1301 2763 1387 2815 ipse
1401 2760 1606 2813 episcopus
1627 2765 1697 2798 aut

270 2816 492 2867 patriarcha
508 2818 584 2857 fuit
592 2845 606 2867 ,
637 2831 686 2857 ex
702 2818 962 2858 oblationibus
976 2819 1026 2858 ad
1043 2832 1085 2859 se
1103 2819 1242 2858 delatis
1259 2831 1304 2858 ea
1331 2816 1442 2857 daret
1462 2828 1696 2862 consumem-
