1884 3262
208 167 307 214 262
634 165 867 210 GEORGII
900 165 1254 210 PACHYMERIS

208 281 299 339 γίας
324 278 646 335 κατησφαλίζετο
658 313 670 332 ,
710 281 777 322 καὶ
798 278 975 323 ἐκέλευεν
994 278 1082 334 ἅμα
1109 279 1395 335 θεασαμένους
1416 280 1544 324 αὐτὸν
1575 277 1680 337 μήτε

208 348 429 404 περιμένειν
445 348 519 401 τὴν
537 348 639 402 πρὸς
660 347 734 398 τὰς
751 346 867 404 ἁγίας
889 347 1046 399 εἰκόνας
1064 349 1326 406 προσέλευσιν
1347 349 1476 392 αὐτοῦ
1497 367 1681 404 προσκυ-

209 416 406 472 νήσοντος
425 413 526 470 μήτ’
550 416 651 458 ἄλλο
681 434 719 458 τι
739 422 1059 473 περιαργοῦντας
1089 415 1304 474 πράττειν,
1339 417 1436 459 ἀλλ’
1467 418 1596 468 εὗθῦς
1615 420 1681 461 ἕκ-

212 491 358 543 φωνεῖν
378 485 452 538 μὲν
471 483 543 526 τὸν
566 483 756 528 διάκονον
781 485 830 530 τὸ
860 484 1104 542 εὖλόγησον,
1137 485 1312 542 εὐλογεῖν
1333 487 1378 528 δὲ
1397 485 1467 529 τὸν
1487 486 1588 530 θεὸν
1606 504 1682 541 με-

208 549 461 610 γαλοφώνως
480 552 551 595 τὸν
571 553 677 609 ἱερέα
698 555 803 597 κατὰ
821 554 869 597 τὸ
889 553 1083 610 σύνηθες,
1104 556 1170 596 καὶ
1187 559 1261 608 τῆς
1279 555 1528 611 λειτουργίας
1546 553 1715 611 cincio-5

209 626 375 676 χεσθαι.
447 625 570 664 τοῦτο
593 622 635 664 δ’
659 617 710 677 ἦν
734 621 897 672 πάντως
925 623 1027 678 πρὸς
1061 622 1083 666 ὃ
1111 622 1232 666 ταῦτ’
1261 624 1410 672 ἐκεῖνος
1431 622 1684 678 παρεσκευά-

161 703 191 737 c
216 692 327 743 ζετο,
363 688 411 732 τὸ
433 689 504 732 τὸν
523 683 713 747 ἷεράρχην
734 690 808 745 ἅμ’
833 692 944 750 αὐτῷ
967 691 1033 734 ἐπ’
1055 693 1269 746 ἐκκλησίας
1288 697 1549 747 συναγαγεῖν,
1587 692 1686 735 κᾶν-

212 763 360 801 τεῦθεν
387 763 603 813 σιωπηλῶς
625 759 699 814 τὴν
717 764 790 803 τοῦ
815 763 966 815 δεσμοῦ
990 758 1105 803 λύσιν
1128 757 1547 817 πραγματευσάμενον
1568 760 1683 815 ἔχειν.

213 829 281 870 καὶ
306 826 356 881 δὴ
381 826 626 883 ηὐτρέπιστο
647 829 722 882 μὲν
743 828 794 871 τὰ
815 833 889 884 τῆς
911 830 1022 885 ἱερᾶς
1043 830 1318 885 λειτουργίας,
1356 827 1378 872 ὃ
1400 832 1551 885 κλῆρος
1571 828 1613 872 δ’
1637 827 1688 871 ἅ-

214 912 295 945 πας
333 894 743 951 μετασκευασάμενος
777 904 864 947 τοΐς
897 897 1019 941 εῗκόσι
1057 900 1383 953 καραδοκοῦντες
1413 897 1486 939 τὸν
1514 897 1688 952 βασιλέα
1701 903 1744 938 10

213 962 313 1007 ὅσον
333 962 448 1006 οὕπω
468 962 712 1022 ἀφιξόμενον
732 966 976 1020 περιέμενον.
1038 965 1060 1009 ὃ
1079 968 1124 1009 δὲ
1141 966 1335 1019 βασιλεῦς
1354 970 1429 1009 τοῦ
1451 966 1562 1020 ἱεροῦ
1580 983 1689 1021 μαν-

214 1031 318 1075 δύου
352 1031 425 1074 τὸν
457 1031 714 1090 πατριάρχην
748 1035 954 1089 κατέχων,
1005 1033 1111 1077 κατά
1142 1052 1232 1078 τινα
1264 1035 1374 1077 ποσὰ
1408 1032 1686 1090 διαστήματα,

165 1109 197 1142 D
222 1099 311 1156 ἅμα
339 1101 414 1156 μὲν
442 1099 657 1156 ἱστάμενος
685 1100 846 1156 ὡμίλει,
884 1102 972 1157 ἅμα
994 1104 1038 1146 δὲ
1059 1105 1125 1146 καὶ
1147 1101 1202 1153 ὥς
1222 1104 1285 1145 ἐπὶ
1305 1103 1377 1146 τὸν
1406 1104 1505 1146 ναὸν
1531 1100 1689 1157 προσή-

215 1187 324 1226 γετο.
395 1167 451 1218 ὥς
473 1169 520 1212 δέ
541 1187 638 1212 ποτε
666 1175 740 1213 τοῦ
764 1171 888 1213 οὗὸοῢ
912 1172 1036 1227 ἐπέβη
1060 1174 1126 1214 καὶ
1149 1170 1168 1214 ὅ
1193 1170 1382 1221 διάκονος
1401 1171 1448 1214 τὸ
1470 1170 1691 1228 εὖλόγησον

217 1235 361 1291 ἐξεβόα
383 1239 450 1279 καὶ
469 1237 598 1288 εὐθὺς
619 1237 642 1293 ἡ
665 1240 707 1280 ἐκ
730 1243 804 1281 τοῦ
825 1239 962 1296 ἱερέως
983 1238 1213 1296 εὐλόγησις,
1252 1241 1451 1283 ἓκσπᾶται
1472 1244 1532 1298 τῷ
1553 1258 1690 1296 παρα-
1703 1243 1746 1278 15

218 1305 325 1364 ὁόξῳ
345 1304 366 1348 ὅ
386 1303 657 1363 πατριάρχης,
695 1309 762 1349 καὶ
781 1307 854 1350 τὸν
873 1306 994 1351 δόλον
1017 1311 1148 1358 συνεὶς
1168 1308 1314 1351 αὐτίκα
1331 1309 1511 1351 ἀντέσπα
1533 1311 1599 1351 καὶ
1617 1313 1692 1364 τῆς

217 1374 354 1431 χειρὸς
374 1378 448 1416 τοῦ
483 1380 733 1430 κρατοῦντος
757 1372 977 1429 gammae,
1015 1379 1082 1419 καὶ
1119 1377 1236 1419 “ri''
1271 1377 1397 1432 λέγων
1435 1381 1465 1402 “
1476 1376 1587 1420 οὕτω
1619 1380 1694 1420 δο-

219 1447 348 1500 λερῶς
382 1442 562 1492 κλέπτεις
592 1443 668 1497 τὴν
700 1443 909 1500 εὐλογίαν,
949 1447 1016 1487 καὶ
1040 1446 1292 1502 παραλογίζῃ
1317 1445 1363 1488 τὸ
1385 1450 1500 1488 θεῖον
1524 1445 1694 1501 ἅνθρω-

221 1528 299 1561 πος
320 1509 399 1564 ὧν,
433 1510 481 1553 οὗ
503 1511 595 1554 δέον
620 1510 666 1554 ὃν
688 1511 782 1555 οὐδὲ
803 1513 1081 1571 συμφέρον,·”
1113 1514 1172 1556 ἔτι
1196 1516 1240 1556 δὲ
1262 1516 1330 1556 καὶ
1365 1511 1511 1557 ζ’καλά
1531 1531 1573 1570 γε
1594 1518 1695 1557 ταῦ-

222 1579 312 1622 τα”
347 1581 660 1637 προσονειόίζων
670 1613 684 1634 ,
722 1583 833 1624 “και’
858 1598 901 1639 γε
926 1586 1093 1637 βασιλεῖ
1112 1580 1291 1638 ἐννόμως
1311 1582 1448 1638 ἄρχειν
1468 1593 1753 1642 προαιρου-Ξο

224 1711 361 1757 turgiae
384 1713 519 1757 tempus
549 1712 681 1755 adfuit,
715 1713 903 1760 imperator
935 1715 1000 1749 iam
1028 1715 1062 1750 in
1091 1716 1271 1762 procinctu
1298 1715 1585 1761 adeunditempli
1609 1716 1699 1751 misit

225 1763 355 1792 certum
379 1770 400 1792 e
426 1758 498 1792 suis
521 1759 580 1803 qui
603 1762 853 1804 praemuniret,
885 1767 987 1807 prout
1009 1764 1210 1806 oportebat,
1242 1763 1405 1797 sacrificii
1428 1763 1620 1805 ministros,
1643 1763 1696 1796 iu-

227 1805 312 1838 bens
336 1814 416 1846 eos,
438 1804 534 1837 simul
557 1805 795 1850 imperatorem
815 1807 1063 1850 ingredientem
1086 1808 1252 1851 viderent,
1275 1809 1402 1849 statim,
1426 1820 1492 1842 non
1515 1814 1696 1853 expectato

225 1850 304 1883 dum
325 1848 384 1883 ille
410 1849 453 1883 ad
477 1860 594 1884 sacras
624 1851 785 1895 imagines
816 1853 1020 1887 adoraturus
1050 1855 1250 1897 accederet,
1289 1855 1449 1899 nullaque
1474 1854 1605 1887 omnino
1629 1853 1699 1887 alia

226 1906 428 1940 quacunque
470 1906 513 1928 ex
555 1907 658 1930 causa
694 1909 788 1932 mora
825 1898 1053 1944 interposita,
1094 1900 1248 1944 protinus
1287 1900 1448 1934 inchoare
1491 1899 1698 1933 functionem

227 1952 379 1980 sacram,
414 1940 556 1975 diacono
589 1942 794 1977 versiculum
819 1945 963 1979 benedic
998 1947 1258 1990 pronuntiante,
1295 1951 1332 1980 et
1354 1946 1410 1980 dei
1430 1945 1699 1979 benedictionem

229 1988 412 2024 solemnem
445 1987 624 2022 sacerdote
658 1989 788 2034 pariter
817 1992 1015 2035 proferente
1045 2003 1132 2025 voce
1167 1996 1337 2025 contenta.
1385 2004 1427 2026 ac
1459 1992 1630 2025 consilium
1663 1991 1699 2024 in

230 2032 284 2066 his
317 2031 535 2077 imperatoris
566 2033 631 2067 hoc
666 2040 762 2069 erat:
795 2046 835 2070 se
863 2048 931 2071 una
961 2037 1060 2070 simui
1095 2049 1170 2071 cum
1201 2038 1394 2083 patriarcha
1423 2038 1515 2071 intra
1540 2039 1700 2081 temp!um

233 2080 348 2111 stante
382 2077 507 2111 missae
539 2090 674 2114 sacrum
697 2080 766 2114 rite
789 2082 928 2126 peragi,
962 2083 1072 2116 tacita
1095 2084 1262 2128 quaedam
1291 2085 1410 2118 futura
1431 2084 1497 2129 ipsi
1519 2083 1702 2118 videbatur

233 2123 289 2158 sui
324 2135 346 2157 a
378 2123 500 2157 dudum
533 2124 658 2159 iniecto
689 2126 915 2162 anathematis
946 2128 1080 2163 vinculo
1111 2129 1246 2164 solutio.
1295 2134 1400 2174 atque
1428 2130 1477 2163 ita
1502 2128 1701 2175 compendio

232 2169 379 2214 quodam
402 2172 614 2214 opportunae
637 2172 826 2207 occasionis
861 2179 1117 2208 consecuturum
1142 2186 1179 2209 se
1201 2176 1364 2220 sperabat
1386 2173 1476 2220 quod
1499 2179 1596 2209 tanto
1618 2175 1702 2209 iam—

232 2214 363 2259 pridem
387 2214 531 2249 circuitu
558 2221 731 2262 captatum
755 2218 880 2253 iverat.
926 2221 1201 2266 succedebatque
1223 2221 1273 2255 illi
1296 2222 1462 2255 hactenus
1482 2221 1580 2255 dolus
1603 2232 1622 2254 e

233 2260 301 2304 gie.
348 2272 426 2294 nam
460 2261 551 2295 cleru
585 2263 763 2298 universus
793 2266 1040 2309 praemonitus,
1075 2269 1114 2300 ut
1138 2267 1231 2310 dixi,
1267 2268 1312 2301 ad
1335 2267 1557 2302 inchoandum
1579 2266 1703 2301 missae

234 2305 441 2340 sacrificium
467 2307 623 2351 proxime
653 2309 838 2344 instructus
863 2312 953 2346 omni
976 2313 1189 2347 convenienti
1216 2318 1385 2358 apparatu
1409 2318 1445 2347 et
1467 2317 1610 2355 ornatu,
1641 2323 1703 2346 ex·-

234 2352 398 2396 pectabat
420 2353 498 2386 dum
525 2358 710 2398 appareret
732 2356 919 2391 adventans
940 2357 1136 2402 imperator.
1184 2360 1243 2404 qui
1275 2363 1389 2393 astute
1412 2360 1455 2393 ad
1478 2359 1570 2405 quod
1589 2359 1703 2392 inten-

234 2397 341 2431 debat
370 2408 501 2431 sacram
529 2399 685 2443 penulam
718 2402 907 2436 comitantis
937 2415 1050 2438 secum
1080 2405 1297 2449 patriarchae
1319 2406 1460 2440 tenebat
1487 2415 1587 2439 manu
1609 2404 1701 2437 ince-

235 2442 321 2476 dens
342 2453 429 2485 una,
461 2449 497 2477 et
519 2455 581 2488 per
606 2445 786 2484 intervalla
808 2449 937 2483 urbane
957 2450 1160 2495 interposita
1184 2451 1392 2492 consistens,
1415 2450 1702 2494 confabulansque

237 2488 338 2534 plane
366 2489 599 2532 familiariter,
642 2492 749 2526 donec
782 2505 856 2528 eum
887 2495 979 2530 intra
1008 2497 1170 2540 templum
1198 2497 1297 2531 simul
1327 2497 1524 2542 ingrediens
1559 2495 1702 2530 induxit.

239 2544 465 2579 supergresso
487 2539 600 2569 autem
623 2536 698 2582 ipso
721 2538 842 2582 limen,
867 2541 981 2575 statim
1004 2541 1167 2576 diaconus
1189 2543 1331 2577 benedic
1351 2541 1568 2583 inclamavit3
1601 2552 1702 2586 quam

237 2591 355 2614 vocem
376 2583 496 2615 secuta
517 2581 677 2616 continuo
701 2589 755 2618 est
776 2586 964 2621 sacerdotis
986 2588 1188 2622 benedictio.
1236 2589 1412 2634 perculsus
1439 2587 1615 2632 inopinato
1647 2587 1703 2620 fa-

238 2628 293 2659 cto
315 2626 532 2670 patriarcha,
554 2630 591 2660 et
613 2628 723 2662 dolum
746 2630 859 2665 subito
881 2632 1092 2678 intelligens,
1117 2634 1287 2679 proripuit
1309 2645 1366 2676 se,
1389 2645 1430 2668 ac
1449 2632 1563 2666 manui
1581 2637 1703 2666 tenen-

239 2670 285 2706 tis
306 2670 521 2716 imperatoris
541 2672 676 2718 elapsus
696 2678 769 2716 est,
793 2677 918 2711 “cur''
938 2678 1094 2724 inquiens
1117 2680 1264 2715 “dolose
1282 2679 1409 2714 fureris
1423 2677 1702 2723 benedictionem,

241 2721 277 2750 et
298 2717 456 2762 decipere
472 2718 569 2752 deum
585 2721 733 2763 conaris,
756 2721 854 2755 homo
878 2735 952 2756 cum
975 2725 1052 2759 sis?
1075 2726 1164 2771 quod
1189 2737 1252 2760 nec
1266 2726 1446 2771 oportebat
1461 2735 1524 2758 nec
1541 2723 1703 2769 expedie-

239 2763 299 2796 bat
322 2775 343 2797 a
366 2768 402 2797 te
423 2765 584 2799 tentari.'’
630 2766 762 2800 addidit
784 2772 965 2812 praeterea
980 2771 1070 2804 haud
1089 2771 1233 2806 molliter
1254 2772 1462 2816 exprobrans
1485 2771 1704 2815 “pulchrane

238 2808 323 2843 haec
356 2814 459 2856 putas
482 2813 518 2847 et
540 2811 772 2848 convenientia
804 2812 1002 2861 imperatori
1031 2817 1208 2862 magnifice
1231 2819 1385 2863 professo
1412 2828 1450 2852 se
1481 2815 1577 2850 iuxta
1611 2816 1704 2861 leges
