1884 3262
257 205 356 252 428
677 203 911 248 GEORGII
944 202 1293 247 PACHYMERIS

258 317 400 367 σιλὲως
422 316 658 371 ἀπέχθειαν.
730 314 829 358 ὅθεν
855 315 920 357 καὶ
940 315 1042 371 πρὸς
1061 314 1132 357 ἴσα
1155 315 1344 358 δεικνῦσα
1363 315 1410 359 τό
1432 314 1558 370 ἔχθος
1575 317 1719 370 πειρᾶ-

257 404 325 429 ται
356 383 547 440 πράττειν
572 385 638 426 καὶ
669 385 805 438 μεῖζον
836 383 861 438 ἢ
892 383 996 426 κατὰ
1026 390 1221 439 γυναῖκα·
1267 383 1338 425 τὸν
1360 383 1438 439 γὰρ
1460 382 1612 439 Ἰωσὴφ
1643 382 1718 424 σὺν

259 452 423 504 ἄλλοις,
466 451 511 495 ὃν
539 452 588 506 δὴ
614 454 681 493 καὶ
711 451 918 507 Καθαρὸν
940 449 1174 506 ὠνόμαζον,
1203 450 1344 505 πέμπει
1366 451 1467 506 πρὸς
1485 451 1719 506 Παλαιστί-

205 535 237 569 D
261 538 334 574 νην
355 519 441 574 ἅμα
460 521 534 573 μέν
562 524 621 577 τῷ
655 524 727 574 τῆς
742 521 894 570 Λίλίας
922 518 1154 576 πατριάρχῃ
1182 519 1232 561 τὰ
1254 519 1492 573 πραχθέντα
1510 515 1717 575 διασαφή-

257 605 410 640 σοντα,
449 587 536 642 ἅμα
568 589 612 630 δὲ
641 590 707 630 καὶ
732 588 803 631 τὸν
835 588 1014 630 σουλτάν
1043 588 1148 630 κατὰ
1167 587 1368 640 βασιλέως
1399 584 1455 635 ὥς
1475 585 1564 628 ἐνὸν
1581 587 1750 645 ἐκείνῳὸ

255 654 611 712 παρακινήσοντα,
653 655 765 699 ὥσθ’
788 655 874 710 ἅμα
894 656 1040 699 ἐκεῖνον
1061 656 1135 710 μὲν
1153 655 1273 698 ἔνθεν
1297 652 1563 711 Βουλγάρους
1582 653 1628 696 δ’
1651 656 1717 697 ἐν-

253 729 401 767 τεῦθεν
422 722 700 774 συνελθόντας
719 725 794 779 τὴν
822 723 962 780 χώραν
985 729 1058 767 τοῦ
1088 724 1290 778 βασιλέως
1311 727 1461 765 κακοῦν
1476 736 1486 746 ·
1521 721 1619 764 εἶναι
1637 723 1716 779 γὰρ

255 794 323 835 καὶ
353 797 410 851 τῷ
430 794 530 851 θείῳ
553 792 845 848 ἀπηχθημένον
868 794 939 835 τὸν
968 793 1139 846 βασιλέα
1170 790 1225 842 ὥς
1245 789 1492 847 παραβάντα
1513 790 1588 845 τὴν
1614 790 1718 846 πρὸς

257 863 406 903 ἐκεῖνον
426 862 673 917 θρησκείαν,
713 861 832 904 οὐδὲν
863 861 906 903 δ’
942 860 1042 904 ἄλλο
1066 859 1166 903 εἶναι
1192 860 1239 903 τὸ
1259 864 1394 902 κινοῦν
1424 858 1524 902 θεὸν
1543 858 1611 901 ἐπ’
1641 858 1716 901 ἇν-

254 927 453 985 θρώπους
482 928 508 984 ἢ
544 929 590 972 τὸ
619 934 855 985 παραβῆναι
885 934 994 986 σφᾶς
1029 929 1103 984 τὴν
1138 929 1240 986 πρὸς
1275 930 1422 970 ἐκεῖνον
1454 927 1715 982 νομιζομένην
1728 938 1772 972 10

210 1008 243 1042 Ε
269 995 392 1048 δόξαν
411 997 607 1053 ἀρχῆθεν.
676 1002 735 1056 τῷ
766 999 841 1052 μὲν
870 993 942 1040 οὖν
976 995 1209 1055 πατριάρχῃ
1237 997 1275 1040 οἳ
1301 998 1413 1053 παρὰ
1440 1000 1512 1050 τῆς
1542 997 1717 1052 Μαρίας

256 1066 514 1122 πεμφθέντες
542 1065 667 1108 πιστὰ
697 1066 820 1122 λέγειν
848 1064 1042 1116 ἐδόκουν,
1075 1068 1142 1108 καὶ
1164 1064 1264 1121 παρ’
1295 1063 1430 1107 ἄλλων
1457 1061 1640 1117 μαθόντι
1663 1064 1716 1106 τὰ

255 1132 470 1190 γεγονότα·
514 1133 613 1176 ὅθεν
640 1136 707 1176 καὶ
738 1134 851 1188 παρὰ
876 1133 1003 1188 μόνον
1025 1134 1070 1177 τὸ
1094 1132 1328 1190 μεγεθύνειν
1349 1132 1649 1188 προστιθέντας
1666 1131 1713 1174 τὸ

254 1206 423 1258 πρᾶγμα
446 1202 673 1257 ἀληθινοὺς
699 1203 885 1255 πρέσβεις
910 1201 1011 1256 εἶχε,
1050 1204 1115 1244 καὶ
1160 1202 1233 1244 οὐκ
1267 1198 1611 1256 ἐπολυπραγμόνει
1642 1199 1714 1242 τὸν

254 1270 477 1324 πέμψαντα
492 1302 504 1322 ,
543 1271 723 1312 ἐπίστευε
744 1272 788 1312 δὲ
809 1270 904 1319 τούς
933 1272 1023 1326 περὶ
1047 1270 1118 1312 τὸν
1140 1270 1441 1324 Ἀλεξανδρείας
1461 1268 1710 1310 Ἀθανάσιον
1725 1275 1768 1310 15

254 1339 325 1379 καί
348 1355 391 1393 γε
421 1338 492 1380 τὸν
527 1337 768 1392 Ἀντιοχείας
799 1336 1015 1391 Εὖθόμιον
1057 1339 1178 1380 ἐκεῖνο
1219 1335 1407 1392 πράττειν
1439 1335 1460 1378 ὃ
1489 1338 1555 1378 καὶ
1586 1334 1714 1390 μόνος

112 1413 139 1446 Ρ
164 1415 231 1449 993
256 1406 419 1461 ἠξιοῦτο
449 1413 587 1450 ποιεῖν.
655 1411 714 1463 τῷ
743 1406 791 1448 δέ
817 1424 862 1461 ,γε
894 1407 1072 1449 σουλτὰν
1096 1405 1199 1461 παρ’
1231 1404 1424 1459 ἔλπισμόν
1457 1399 1507 1458 ἦν
1535 1402 1710 1458 πάνταῆ

254 1476 418 1517 ἐκείνων
438 1475 631 1530 πρεσβεία
661 1472 716 1524 ὥς
737 1476 846 1529 μηδέ
869 1475 966 1517 ποτ’
997 1475 1140 1517 ἄλλοτε
1171 1474 1362 1530 γενομένη
1382 1479 1465 1521 τοῖς
1482 1472 1560 1527 πρὸ
1583 1471 1712 1515 αὐτοῦ

250 1547 326 1598 τῆς
356 1541 573 1598 Αἰγύπτου
596 1542 789 1598 ἄρχουσι·
826 1543 993 1597 προσέτι
1013 1544 1057 1585 δὲ
1074 1544 1139 1585 καὶ
1159 1542 1206 1585 τὸ
1221 1543 1344 1592 ἔθνος
1364 1545 1445 1584 τῶν
1462 1538 1712 1597 Βουλγᾶρων

248 1612 307 1666 μὴ
331 1611 546 1668 περιφανὲς
569 1609 613 1653 ὃν
634 1610 737 1654 ὥστε
756 1613 822 1654 καὶ
845 1614 901 1661 εἷς
918 1611 1047 1668 ἀρχὴν
1066 1609 1307 1667 ἀνάγεσθαι,
1344 1612 1385 1652 ἐν
1404 1607 1614 1659 ὑπονοίαις
1635 1609 1766 1663 τῆνρο

250 1722 461 1754 aversionem
484 1731 507 1754 a
528 1722 637 1753 matre
670 1731 732 1754 sua
764 1731 863 1765 quam
896 1731 978 1765 prae
1009 1731 1047 1754 se
1080 1719 1215 1753 ferebat
1246 1718 1448 1764 imperatum
1483 1717 1537 1751 cui
1567 1716 1711 1762 proinde

251 1776 369 1811 parem
392 1765 460 1798 odii
486 1776 674 1799 mensuram
700 1766 888 1811 rependere
911 1777 1093 1810 aggressa,
1127 1765 1202 1810 plus
1229 1777 1351 1798 nocere
1383 1767 1504 1798 conata
1534 1769 1588 1798 est
1609 1774 1710 1808 quam

249 1810 476 1845 verisimiliter
510 1815 673 1855 potuerat
712 1823 732 1845 a
763 1811 903 1845 muliere
936 1812 1074 1853 timeri,
1117 1811 1279 1856 siquidem
1313 1810 1492 1855 Iosephum
1530 1808 1710 1854 quemdam

251 1860 471 1900 cognomento
496 1856 683 1890 Catharum
717 1868 792 1890 cum
815 1856 889 1891 aliis
921 1857 956 1890 in
988 1857 1212 1890 Palaestinam
1245 1855 1351 1897 misit,
1387 1855 1508 1900 partim
1531 1859 1571 1888 ut
1591 1853 1709 1888 Aeliae

249 1901 468 1946 patriarchae
491 1902 746 1935 manifestarent
768 1913 857 1947 quae
883 1907 963 1936 acta
985 1903 1140 1944 fuerant,
1164 1901 1288 1946 partim
1311 1907 1350 1934 ut
1371 1901 1468 1934 huius
1491 1910 1613 1945 opera,
1638 1900 1710 1933 col-

249 1948 443 1981 laborantes
467 1947 582 1981 eodem
606 1953 642 1981 et
662 1946 730 1992 ipsi
754 1959 816 1992 pro
840 1948 951 1990 virili,
975 1948 1149 1981 Snltanem
1170 1947 1237 1980 illic
1258 1947 1478 1980 dominantem
1504 1945 1540 1979 in
1562 1944 1708 1990 impera-

252 1995 360 2026 torem
384 1992 617 2033 concitarent3
651 2005 715 2038 quo
742 1992 799 2026 illo
830 1993 932 2035 inde,
956 1993 1115 2037 Bulgaris
1149 2003 1192 2027 ex
1222 1997 1322 2037 parte
1344 1992 1412 2025 alia
1430 1991 1705 2036 irrumpentibus,

251 2037 448 2083 imperatori
477 2038 651 2072 subiectae
682 2038 876 2084 provinciae
906 2039 1044 2084 ancipiti
1066 2038 1224 2084 utrinque
1253 2038 1339 2072 malo
1371 2044 1587 2071 vexarentur.
1631 2046 1708 2070 nam

252 2095 390 2117 exosum
418 2095 493 2117 esse
508 2084 635 2128 >utique
668 2085 732 2118 deo
753 2084 996 2129 imperatorem,
1022 2086 1064 2118 ob
1103 2096 1144 2118 ea
1166 2096 1254 2129 quae
1277 2087 1392 2118 contra
1411 2083 1498 2116 ritus
1521 2081 1650 2127 patrios
1671 2081 1708 2115 in
1741 2085 1751 2089 “

252 2129 414 2173 religione
437 2129 666 2164 immutasset:
692 2141 758 2164 una
780 2141 818 2164 re
842 2138 953 2164 autem
969 2130 1111 2164 maxime
1133 2129 1260 2164 moveri
1283 2134 1319 2163 et
1341 2128 1502 2163 concitari
1525 2129 1623 2162 deum
1643 2127 1707 2162 ad-

252 2186 374 2209 versus
397 2175 560 2217 homines,
581 2176 608 2209 si
634 2187 690 2210 eos
713 2175 829 2210 videat
851 2177 927 2210 olim
953 2177 1083 2210 sancita
1104 2175 1355 2209 ecclesiasticae
1377 2173 1553 2208 doctrinae
1568 2173 1707 2218 dogma-

252 2223 289 2254 ta
311 2220 563 2266 legitimumque
597 2232 690 2255 usum
713 2233 883 2256 sacrorum
916 2233 1131 2266 corrumpere
1160 2222 1288 2255 intrusa
1320 2221 1472 2255 novitate
1494 2231 1560 2254 non
1582 2218 1706 2253 vereri.

253 2277 295 2299 ac
320 2266 535 2310 patriarchae
557 2267 692 2312 quidem
715 2267 804 2301 missi
827 2279 848 2301 a
871 2268 983 2302 Maria
1005 2267 1106 2301 facile
1135 2272 1377 2312 persuaserunt
1403 2277 1491 2312 quae
1513 2270 1708 2306 narrarunt,

251 2314 373 2356 utpote
396 2311 462 2356 ipsi
485 2312 551 2346 iam
575 2313 618 2347 ab
642 2313 717 2347 aliis
740 2313 876 2355 audita3
898 2315 1014 2359 itaque
1039 2325 1111 2347 cum
1137 2314 1170 2347 bi
1193 2314 1273 2347 novi
1297 2312 1507 2357 cognitarum
1529 2316 1630 2345 antea
1650 2321 1707 2344 re·

254 2368 329 2390 rum
354 2357 464 2390 nuntii
489 2358 568 2391 nihil
591 2358 655 2392 nisi
679 2363 928 2404 exaggerarent
950 2359 1182 2403 indignitatem
1205 2361 1294 2393 fama
1317 2358 1384 2392 iam
1406 2357 1585 2392 celebrium
1610 2360 1706 2390 acto-

252 2413 347 2444 rum,
371 2413 434 2446 pro
457 2403 548 2437 veris
571 2415 629 2437 eos
654 2410 689 2438 et
709 2405 842 2439 sincere
872 2405 1048 2449 agentibus
1079 2405 1201 2448 legatis
1223 2405 1359 2445 habuit,
1393 2403 1474 2439 nibil
1497 2402 1628 2436 curiose
1651 2401 1707 2435 in-

252 2448 383 2491 dagans
406 2447 498 2482 circa
524 2453 667 2482 mentem
691 2450 762 2484 eius
786 2463 807 2484 a
830 2462 895 2496 quo
918 2451 1158 2493 mittebantur,
1182 2456 1242 2485 aut
1262 2451 1496 2496 inquirendum
1519 2446 1706 2492 suspiciose

251 2493 379 2527 ducens
404 2492 447 2526 de
470 2498 544 2528 toto
569 2494 666 2528 istius
689 2496 868 2540 legationis
891 2496 1049 2539 consilio,
1079 2496 1198 2541 ecquid
1228 2497 1343 2530 arcani
1370 2495 1542 2542 quidpiam
1565 2491 1705 2527 artificii

253 2545 290 2572 et
312 2537 520 2584 politicarum
548 2540 799 2584 privatarumve
821 2543 984 2576 rationum
1020 2542 1174 2588 specioso
1207 2542 1270 2576 zeli
1299 2553 1360 2587 pro
1384 2540 1546 2584 religione
1565 2538 1705 2572 obtentu

253 2585 392 2619 celaret.
438 2583 554 2630 itaque
586 2589 680 2619 tanto
703 2587 814 2621 studio
843 2587 877 2622 in
903 2588 1070 2632 negotium
1103 2588 1274 2629 incubuit,
1305 2592 1343 2622 ut
1365 2587 1420 2622 vel
1442 2586 1472 2620 si
1495 2583 1706 2627 contingeret

253 2629 515 2664 Alexandrinum
547 2630 766 2665 Athanasium
797 2638 832 2666 et
855 2634 1096 2668 Antiochenum
1119 2633 1334 2678 Euthymium
1367 2629 1564 2677 imperatori
1586 2639 1704 2664 assen-

251 2675 328 2716 tiri,
360 2675 580 2721 profiteretur
614 2678 721 2710 solum
752 2689 790 2711 se
821 2690 886 2712 non
916 2680 1146 2714 dubitaturum
1178 2680 1355 2714 obsistere.
1407 2676 1580 2711 Sultanem
1612 2675 1704 2720 quod

251 2721 394 2762 attinet,
430 2721 738 2767 inexpectatissima
771 2723 854 2756 haec
887 2724 919 2757 ei
952 2725 1076 2759 accidit
1105 2725 1247 2770 legatio,
1277 2724 1401 2770 quippe
1423 2723 1554 2768 qualem
1580 2721 1703 2754 nullam

254 2777 399 2811 unquam
422 2767 524 2801 fando
547 2770 638 2801 esset
660 2768 806 2802 auditum
830 2769 1025 2805 decessores
1052 2782 1130 2805 suos
1160 2771 1306 2815 Aegypti
1327 2767 1495 2815 principes
1517 2766 1703 2812 accepisse.

253 2811 452 2848 offendebat
474 2812 576 2848 etiam
607 2813 795 2848 obscuritas
825 2814 1026 2860 Bulgaricae
1057 2817 1170 2861 gentis
1200 2827 1317 2862 parum
1352 2815 1514 2848 hactenus
1545 2811 1704 2857 celebris,
