1884 3262
276 175 373 222 450
696 170 931 215 GEORGII
967 171 1320 216 PACHYMERIS

279 288 461 339 σπουδῆς
487 284 675 338 πλείστης
698 280 910 337 ὕποχαλᾶν
937 282 1008 326 τὸν
1031 280 1149 325 τόνον
1167 288 1240 326 τοῦ
1265 282 1384 338 ζήλου
1405 288 1462 342 τῷ
1483 281 1729 341 πατριάρχῃ,

228 369 258 402 c
282 357 347 398 καὶ
375 356 530 407 μᾶλλον
559 349 612 394 τά
644 351 682 393 οἱ
704 351 944 406 πραχθέντα
964 352 1004 401 ἔξ
1022 349 1203 406 ὑπογύου
1227 352 1393 405 ἔχοντα,
1428 355 1517 408 περὶ
1545 347 1600 395 ὧν
1621 351 1731 394 ’ἀνω-

277 423 380 476 τέρω
402 419 566 477 ἐρρέθη.
622 423 752 461 ταῦτα
770 419 846 475 γὰρ
866 421 931 462 καὶ
953 418 1046 461 ἄλλ’
1069 419 1174 461 ἅττα
1197 424 1364 461 πλεῖστα
1387 421 1730 474 ἐπισυμβαίνοντα

279 491 430 543 ἀνῆπτε
461 489 534 542 μὲν
564 487 638 541 τὴν
665 487 863 538 βασιλέως
892 485 1036 542 ὀργήν,
1077 487 1124 529 οὐ
1147 487 1229 541 μὴν
1251 486 1292 528 δ’
1317 485 1413 540 εἶχεν
1437 486 1544 538 ὅπως
1566 493 1638 542 τῆς
1658 486 1728 540 ὅρ-

278 562 360 613 μῆς
380 557 523 613 ἐπίσχῃ
546 555 616 598 τὸν
637 553 768 609 ἄνδρα
789 558 854 597 καὶ
875 555 1007 604 ἄλλως
1027 553 1225 610 ὅρμητίαν
1247 554 1345 597 ὄντα
1367 556 1432 596 καὶ
1456 554 1726 611 θερμουργόν,
1743 566 1764 600 5

280 627 385 680 πλὴν
415 624 462 667 οὗ
494 623 545 666 τὰ
572 623 675 666 καθ’
706 621 829 666 αὖτὸν
865 621 1050 677 (τούτων
1067 623 1143 678 γὰρ
1166 624 1232 664 καὶ
1255 622 1573 678 ἀπεριμερίμνως
1603 622 1730 678 εἶχεν)

281 693 386 737 ἀλλὰ
401 692 453 735 τὰ
474 691 567 734 καθ’
593 690 753 746 ἑτέρους
771 693 1026 737 συνοίσοντα.
1074 693 1256 746 ζητοῦντι
1278 695 1373 746 γοῦν
1396 689 1548 746 τρόπον
1569 691 1663 734 καθ’
1686 690 1731 733 ὃν

279 761 474 817 ὖποκλίνῃ
502 760 573 810 τὰν
606 759 774 811 λεόντα,
812 758 985 815 χρήσιμ’
1018 755 1124 813 ἦσαν
1158 759 1208 801 τὰ
1236 759 1562 814 κατηγορημένα,
1600 758 1733 808 ἄλλως

282 830 355 874 οὐκ
378 829 517 883 ἀληθῆ
539 829 737 870 δοκοῦντα
759 827 851 870 οὐδ’
878 825 1171 882 εὖπαράδεκτα.
1227 826 1354 883 ῥοπῆς
1375 827 1452 882 »γὰρ
1473 829 1527 876 εἷς
1546 828 1732 881 πορνείαν

231 910 262 944 D
287 897 361 941 κᾶν
383 896 544 951 Πηλεὺς
569 891 700 952 ὦφλεν
724 894 774 938 ἂν
797 894 820 949 ἢ
841 896 1009 947 ἐκεῖνος,
1047 896 1272 950 ἱεροσυλίας
1295 896 1337 936 δὲ
1357 895 1526 949 ἔγκλημ’
1551 893 1600 936 ἂν
1625 894 1730 948 ἀπη-
1745 907 1788 940 10

280 967 446 1022 νέγκατο
479 966 543 1006 καὶ
573 962 593 1006 ὃ
623 963 692 1006 ἐπ’
722 962 958 1019 ἀνθρώποις
987 961 1249 1017 ἀδωρότατος
1262 962 1508 1017 Ἀριστείδης
1527 961 1729 1016 μᾶλλονῆ

282 1035 416 1091 ἐκείνῳ
449 1033 613 1081 δικαίως
646 1029 912 1087 προσήπτετο.
981 1032 1026 1074 τὸ
1058 1033 1101 1073 δὲ
1131 1033 1185 1080 εἷς
1214 1031 1385 1083 βασιλέα
1417 1029 1472 1080 ὥς
1499 1034 1728 1088 καταρῷτο,

283 1099 462 1145 αὐτόθεν
491 1099 563 1154 τὴν
593 1100 868 1156 συκοφαντίαν
899 1102 1111 1154 προΐσχετο
1146 1096 1405 1150 ἀκουόμενον.
1473 1098 1619 1146 ἐκεῖνος
1653 1098 1729 1152 γὰρ

283 1168 408 1212 πάλαι
437 1165 668 1224 πρεσβεύων
699 1170 752 1217 εἷς
777 1167 946 1221 βασιλέα
973 1165 1075 1223 ὑπέρ
1105 1183 1213 1214 τινος
1241 1170 1322 1208 τῶν
1345 1163 1575 1222 χρῃζόντων
1598 1166 1732 1215 ἐλέους

282 1234 476 1285 πολλάκις
499 1236 571 1290 μὲν
602 1235 706 1277 κατὰ
735 1242 876 1290 πεῖραν
905 1233 1111 1290 προύτεινε
1141 1232 1191 1276 τά
1221 1235 1259 1276 οἱ
1289 1236 1487 1276 δοκοῦντα
1517 1235 1728 1286 συνοίσειν,
1744 1243 1786 1278 15

282 1301 525 1353 τοσαυτάκις
555 1303 599 1345 δὲ
628 1302 899 1358 προσβάλλων
928 1303 1000 1344 οὐκ
1031 1302 1151 1356 ἥνυτε
1171 1301 1217 1344 τὸ
1241 1299 1446 1357 παράπαν.
1515 1306 1637 1357 τριῶν
1660 1297 1732 1344 οἶν

143 1393 171 1426 Ρ
195 1391 261 1426 308
286 1372 306 1417 ὃ
327 1374 400 1428 μὲν
423 1372 552 1415 ἐδέετο
583 1371 890 1427 συνεχέστερον,
925 1368 945 1413 ὅ
968 1371 1011 1412 δὲ
1034 1369 1262 1426 προσέκειτο
1294 1367 1615 1425 καρτερώτερον,
1650 1375 1732 1422 βα-

283 1441 416 1490 σιλεὺς
458 1440 503 1482 δὲ
543 1439 679 1496 τρίτος
708 1436 969 1495 ὖπερετίθετό
1005 1455 1047 1480 τε
1080 1439 1146 1480 καὶ
1179 1435 1434 1490 ἀνεβάλλετο.
1504 1439 1570 1479 καὶ
1603 1435 1624 1479 ὃ
1657 1438 1730 1491 μὲν

283 1510 414 1552 ἐδέετο
445 1507 767 1565 προσαναφὲρειν
800 1509 866 1550 καὶ
889 1504 1032 1560 πάλιν,
1070 1504 1090 1549 ὅ
1121 1506 1163 1548 δὲ
1189 1507 1305 1566 πείρᾳ
1332 1505 1451 1562 γνούς
1477 1502 1731 1563 οὖκὶἀνύσων

283 1617 408 1652 dudum
430 1615 682 1659 offendebatur,
710 1616 773 1651 zeli
795 1615 1018 1662 patriarchae.
1066 1618 1279 1661 pupugerant
1301 1617 1411 1649 autem
1435 1626 1508 1648 eum
1532 1618 1567 1648 et
1589 1625 1734 1659 exaspe-

283 1666 444 1698 raverant
466 1674 531 1696 non
554 1673 670 1708 parum
692 1662 749 1696 illa
773 1674 860 1707 quae
883 1672 989 1706 nuper
1013 1672 1114 1695 ausus
1136 1660 1171 1694 in
1195 1660 1302 1706 ipsum
1321 1672 1424 1704 agere
1446 1671 1486 1694 ac
1510 1671 1622 1694 coram
1638 1658 1731 1704 loqui

283 1710 388 1743 libere
420 1713 523 1753 atque
557 1708 715 1742 ardenter
746 1708 941 1752 patriarcha
974 1708 1108 1749 fuerat,
1150 1709 1251 1751 prout
1281 1706 1437 1750 superius
1469 1705 1736 1740 memoravimus.

286 1767 349 1796 ea,
381 1754 537 1798 inquam,
569 1758 604 1787 et
626 1754 695 1787 alia
717 1753 858 1798 plurima
890 1753 962 1786 eius
984 1755 1116 1796 generis
1139 1763 1226 1797 quae
1247 1751 1388 1786 subinde
1412 1757 1646 1794 occurrerant,
1680 1751 1732 1784 bi-

285 1801 348 1834 lem
373 1799 462 1832 haud
484 1798 583 1832 dubie
606 1804 780 1832 moverant
801 1810 867 1833 non
891 1798 1134 1843 patientissimo
1157 1796 1320 1842 principi3
1359 1797 1412 1831 cui
1440 1802 1552 1830 tamen
1584 1797 1629 1831 ad
1660 1807 1733 1830 ma-

286 1857 363 1879 num
387 1855 452 1877 non
477 1848 551 1878 erat
572 1845 723 1878 fraenum
748 1844 836 1877 aliud
860 1844 960 1877 ullum
984 1855 1049 1888 quo
1073 1843 1229 1887 impetum
1255 1843 1326 1876 eius
1347 1842 1539 1882 cohiberet,
1573 1841 1637 1875 viri
1670 1853 1734 1875 na-

285 1895 367 1925 tura
389 1889 613 1928 vehementis,
645 1893 680 1923 et
703 1900 777 1922 cum
801 1889 843 1922 ad
866 1888 1125 1932 aggrediendum
1150 1888 1254 1921 ardua
1275 1887 1400 1928 facilis,
1432 1892 1502 1921 tum
1524 1886 1558 1920 in
1582 1887 1731 1931 urgendo

288 1938 410 1980 coepta
429 1934 658 1968 irrevocabilis
681 1934 823 1969 ardoris.
868 1945 982 1967 verum
1007 1934 1091 1967 haec
1113 1933 1146 1966 in
1169 1943 1308 1978 quorum
1330 1932 1569 1977 promotionem
1590 1932 1640 1966 sic
1658 1938 1732 1966 stu-

286 1981 341 2015 dio
373 1980 548 2025 prodibat,
584 1979 674 2013 haud
706 1983 803 2013 erant
836 1990 909 2012 cum
934 1978 1078 2023 privatis
1101 1978 1172 2012 eius
1198 1978 1382 2012 rationibus
1405 1982 1464 2011 aut
1486 1981 1629 2023 quaestu
1653 1989 1734 2022 pro-

287 2026 362 2073 prio
385 2025 559 2069 implicita.
602 2025 718 2059 talium
742 2025 827 2058 enim
849 2025 951 2058 etiam
972 2035 1075 2068 supra
1105 2025 1275 2067 vulgarem
1299 2024 1430 2056 modum
1453 2023 1624 2067 negligens
1646 2026 1734 2059 erat.

288 2071 531 2106 exardescebat
560 2074 671 2105 autem
699 2070 734 2103 in
769 2069 813 2104 iis
845 2069 1042 2104 accurandis
1072 2080 1159 2114 quae
1182 2069 1224 2102 ad
1247 2068 1386 2103 aliorum
1416 2069 1576 2102 utilitates
1597 2072 1736 2113 specta-

292 2120 378 2151 rent.
426 2114 603 2161 quaerenti
630 2127 710 2160 ergo
736 2115 888 2159 Augusto
917 2115 1048 2149 modum
1070 2114 1166 2148 huius
1189 2114 1287 2159 quasi
1310 2114 1481 2148 cuiusdam
1503 2114 1611 2148 leonis
1633 2111 1734 2148 exar—

290 2161 422 2203 mandi,
454 2161 553 2195 utiles
576 2161 640 2196 hae
661 2171 736 2196 sese
759 2160 1005 2195 criminationes
1028 2160 1234 2203 offerebant,
1273 2160 1456 2205 quamlibet
1478 2159 1605 2205 alioqui
1628 2159 1733 2193 desti-

289 2211 384 2242 tutae
407 2207 479 2241 veri
503 2207 632 2252 specie,
667 2218 729 2241 nec
751 2206 872 2251 dignae
894 2217 1030 2248 quarum
1053 2206 1235 2239 haberetur
1258 2206 1356 2239 ratio.
1403 2217 1479 2240 nam
1500 2204 1733 2250 impudicitiae

287 2252 498 2288 verisimilius
529 2252 778 2287 insimularetur
809 2251 930 2286 Peleus
962 2263 1060 2297 quam
1090 2251 1169 2284 illex
1209 2250 1415 2296 direptarum
1444 2261 1526 2285 vero
1559 2261 1732 2285 sacrarum

291 2309 403 2332 rerum
425 2297 634 2343 plausibilius
658 2298 781 2332 crimen
803 2297 1041 2342 appingeretur
1063 2296 1222 2338 Aristidi,
1252 2296 1346 2330 cuius
1367 2299 1443 2330 erat
1463 2296 1496 2330 in
1518 2296 1607 2331 ultro
1629 2296 1731 2331 etiam

294 2342 419 2377 oblatis
444 2343 659 2388 repudiandis
682 2343 775 2378 donis
798 2343 1000 2377 abstinentia.
1023 2342 1121 2386 vulgo
1144 2342 1327 2378 notissima.
1372 2342 1456 2376 male
1487 2340 1631 2387 denique
1653 2352 1731 2386 pre-

294 2392 406 2423 catum
429 2388 578 2431 Augusto
602 2389 746 2423 Veccum
769 2388 828 2434 qui
850 2388 1003 2430 dicebat,
1033 2388 1147 2422 statim
1174 2387 1357 2422 calumniae
1379 2387 1638 2422 convincebatur
1658 2387 1733 2431 ipsa

294 2433 435 2479 simplici
464 2434 656 2468 narratione
685 2434 789 2476 sacti,
823 2434 911 2468 unde
941 2433 1147 2468 occasionem
1168 2432 1363 2467 criminandi
1383 2433 1513 2466 delator
1534 2437 1733 2477 sumpserat.

295 2478 332 2512 id
362 2478 431 2512 tale
459 2478 535 2512 fuit.
580 2479 754 2524 aliquando
783 2490 844 2524 pro
879 2491 974 2514 more
1004 2490 1064 2513 suo
1089 2479 1219 2512 Veccus
1251 2478 1382 2512 adierat
1401 2477 1634 2522 imperatorem
1656 2488 1731 2512 cum

296 2523 447 2571 qupplice
483 2524 536 2558 cui
570 2530 644 2558 erat
673 2524 909 2570 imploraturus
931 2524 1191 2559 misericordiam
1213 2523 1366 2567 Augusti.
1410 2534 1514 2568 saepe
1532 2523 1566 2556 in
1589 2533 1732 2568 conspe-

296 2574 387 2604 ctum
410 2568 570 2614 producto
591 2569 699 2612 illius,
732 2571 859 2604 frustra
880 2581 1012 2615 semper
1035 2570 1067 2604 ei
1089 2569 1270 2615 propitiare
1293 2568 1476 2614 principem
1499 2567 1643 2607 studuit.
1677 2573 1732 2602 to-

295 2615 362 2649 ties
385 2615 428 2648 ab
451 2625 491 2648 eo
515 2625 588 2648 cum
610 2615 778 2649 stomacho
799 2615 934 2649 reiectis
954 2626 1041 2660 quae
1062 2626 1122 2659 pro
1144 2618 1300 2659 suscepto
1320 2613 1498 2658 allegabat.
1542 2616 1615 2646 tres
1628 2612 1731 2657 igitur

294 2662 394 2704 longo
418 2663 571 2704 tempore
591 2670 668 2693 suas
690 2660 832 2704 quisque
854 2664 969 2706 partes
991 2663 1127 2694 strenue
1148 2671 1250 2703 egere
1271 2660 1550 2704 perseverarunt,
1572 2669 1651 2692 reus
1671 2659 1732 2692 de-

295 2706 398 2740 misse
419 2704 644 2750 supplicandi‚
668 2705 860 2748 patriarcha
882 2705 1111 2749 patrocinandi
1133 2705 1291 2740 ardenter
1311 2703 1477 2748 urgendo,
1502 2702 1647 2748 denique
1667 2704 1732 2738 im-

299 2755 457 2794 perator,
489 2749 755 2795 procrastinandi
785 2761 825 2784 ac
859 2750 1065 2785 differendae
1095 2751 1168 2785 sine
1197 2750 1266 2783 fine
1295 2748 1439 2794 gratiae.
1484 2748 1627 2801 quadam
1657 2748 1731 2784 vice

297 2795 449 2832 instabat
469 2794 694 2831 vehementius
715 2795 804 2841 apud
826 2795 971 2830 Veccum
993 2795 1116 2838 cliens,
1151 2798 1190 2830 ut
1210 2806 1272 2840 pro
1295 2805 1332 2829 se
1353 2793 1474 2828 iterum
1495 2798 1731 2839 imperatorem
