1846 3262
100 224 106 229 ²
163 229 226 273 52
584 222 823 269 GEORGII
856 223 1212 267 PACHYMERIS

442 336 510 354 Si)

165 342 401 397 ἐπιστῆναι,
437 357 463 393 η
488 335 588 380 αλλ’
612 335 724 393 ἦμᾶς
743 335 896 388 αὗτοῦς
918 338 985 380 καὶ
998 333 1185 393 χρήμασι
1207 337 1274 379 καὶ
1296 333 1464 393 τρόποις
1488 334 1640 393 ἑτέροις

165 412 294 466 ζητεῖν
322 408 398 463 τὴν
422 405 624 463 ὑμετέραν
654 405 756 462 πρὸς
785 404 895 461 ἡμᾶς
924 406 1085 464 ἄφιξιν,
1116 407 1183 448 καὶ
1217 402 1364 456 ἀξιοῦνι
1396 403 1641 455 ἕπιστοῖντας

164 483 247 521 τῶν
276 475 481 532 ἡμετέρων
513 472 908 530 ἀντιλαμβάνεσθαι.
979 475 1030 518 σύ
1059 474 1126 527 δέ,
1166 472 1304 531 ὥσπερ
1340 473 1390 517 ἂν
1421 472 1641 527 ἀξιώτερος

167 547 289 595 ἄλλος
311 540 362 600 ἦν
384 546 439 595 εἷς
459 545 703 600 κηδεμονίαν
724 542 963 599 βασιλικήν,
1001 543 1074 599 τὴν
1095 541 1297 600 ἡμετέραν
1316 540 1516 599 βούλησιν
1535 543 1641 586 ἀνα-

166 614 308 670 μένεις.
379 614 442 664 τίς
474 614 611 657 τοίνυν
648 612 785 664 ἱκανὸς
826 610 1014 661 ἀναλύειν
1050 617 1197 669 ’ψῆφον
1228 614 1462 667 βασίλειον,·
1503 613 1564 662 τίς
1595 612 1672 657 δὲό

117 695 146 729 C
171 683 283 740 παρὰ
306 682 351 726 σὲ
371 681 417 725 τὸ
440 682 625 739 ἐχέγγυον
648 681 749 738 ἔχων
778 687 1001 739 φανεῖσθαι
1025 681 1086 724 ἐπὶ
1106 683 1276 739 μεγίστῃ
1300 679 1472 738 τοιαύτῃ
1491 697 1642 737 προσε-

168 753 282 812 δρείᾳ
306 753 374 794 καὶ
396 753 623 806 βασιλικοῖς
646 749 881 808 πράγμασι;
919 751 970 794 σὺ
992 751 1069 807 γὰρ
1094 753 1160 793 καὶ
1187 758 1276 800 ταῖς
1308 750 1439 801 ἀξίαις
1461 749 1642 807 προέχεις

167 823 234 864 καὶ
265 819 424 864 συνέσει
458 818 512 870 ὥς
543 819 662 864 οὐδὲν
690 821 882 863 ἐλλείπων
916 818 1161 876 ὖπερτερεῖς.
1236 819 1333 873 ἄρχε
1363 820 1525 870 τοίνυν,
1574 819 1642 861 καὶ

168 886 331 947 προνόει
359 889 434 944 μὲν
461 889 686 944 βασιλέως,
724 886 886 945 προνόει
910 889 953 931 δὲ
979 891 1043 931 καὶ
1067 893 1140 944 τῆς
1163 892 1245 932 τῶν
1262 887 1473 943 Ῥωμαίων
1493 885 1641 943 ἡγεμο-

166 961 256 1010 νίας
277 955 541 1015 πραγμιὶτων.
590 960 658 1001 καὶ
676 956 791 1012 ἡμεῖς
815 957 1100 1006 εὖπειθοῦντες
1117 956 1334 1012 ἑψόμεθα·
1373 957 1420 999 οὗ
1440 957 1518 1012 γὰρ
1537 954 1640 998 πάν-
1655 969 1700 1003 10

168 1045 234 1078 τες
270 1026 469 1084 ἄρξομεν,
508 1026 604 1070 οὐδὲ
634 1025 783 1077 πάντες
813 1024 1037 1070 ἐπιτάττειν
1065 1027 1231 1081 ἔχομεν·
1278 1025 1457 1081 ἄναρχον
1485 1024 1563 1082 γὰρ
1593 1023 1640 1068 τό

167 1094 414 1153 πολύαρχον.
486 1096 571 1139 ἐπεὶ
605 1095 648 1139 δ’
681 1096 751 1139 ἕνα
781 1096 965 1151 προέχειν
989 1095 1094 1150 μετὰ
1113 1095 1287 1149 βασιλέα
1307 1099 1388 1138 τῶν
1410 1093 1641 1152 ἀναγκαίων

170 1166 278 1218 ἔστί,
315 1166 379 1215 τίς
410 1162 534 1215 ἄλλος
557 1166 624 1208 καὶ
650 1162 868 1221 προάρχειν
891 1164 1004 1216 ἄξιος
1025 1167 1060 1207 εἷ
1077 1164 1133 1220 μὴ
1159 1162 1180 1207 ὃ
1202 1171 1292 1214 ταῖς
1313 1163 1444 1214 ἀξίαις
1462 1160 1642 1219 ῖπερφε-

119 1243 151 1277 D
177 1233 371 1292 ρόμενος,·
407 1233 454 1276 τὸ
487 1229 584 1290 γοῧν
615 1233 712 1288 ε’μὸν
747 1233 844 1277 ὅσον
872 1229 922 1288 ἦν
954 1235 1096 1286 εἶπεΐν,
1137 1233 1294 1290 εἴρηται
1314 1232 1396 1292 ὅτῳ
1425 1231 1468 1274 δ’
1497 1230 1644 1288 ἑτέρως

171 1306 303 1356 δοκεῖ,
339 1302 464 1346 καλὸν
497 1304 661 1354 ἐξειπεῖν
694 1302 818 1353 τέως·
853 1302 900 1346 οὗ
931 1302 1009 1360 γὰρ
1033 1303 1123 1352 δέος
1142 1300 1336 1354 κωλύσει,
1375 1304 1442 1343 καὶ
1464 1297 1642 1343 ἇκουσό-
1656 1311 1700 1347 15

169 1376 306 1427 μεθα,
345 1370 394 1414 ἂν
420 1370 555 1422 ἄλλως
575 1371 676 1421 τέως
695 1370 766 1428 ἔχῃ
789 1389 850 1422 τις
871 1371 1007 1428 λέγειν.
1077 1370 1320 1426 ἀλλὰ“μηδέ
1347 1387 1409 1420 τις
1434 1374 1517 1413 τῶν
1538 1366 1645 1412 πάν-

170 1458 278 1493 των,
316 1438 372 1490 ὥς
398 1440 441 1482 ἔκ
470 1444 553 1484 τῶν
584 1438 836 1496 πραγμάτων
862 1440 947 1483 ἔστι
975 1438 1228 1494 μανθάνειν,
1266 1443 1425 1494 μᾶλλον
1447 1439 1492 1481 δὲ
1516 1439 1582 1481 καὶ
1602 1439 1645 1489 ἐξ

173 1504 228 1553 ὧν
247 1507 386 1553 ἀκούω
408 1506 603 1565 λεγόντων
617 1542 630 1562 ,
670 1507 1031 1566 ἀμφιγνωμονήσοι
1050 1509 1152 1566 πρὸς
1175 1509 1226 1552 τὰ
1247 1506 1493 1565 λεγόμενα.”

311 1582 457 1621 Ταῦτα
476 1582 551 1621 τοῦ
570 1575 747 1634 μεγάλου
771 1576 1048 1622 κονοσταύλου
1071 1575 1377 1630 διεξελθόντος,
1417 1577 1456 1620 οἳ
1479 1576 1520 1619 ἔν
1541 1575 1646 1619 τέλει

175 1644 324 1698 πάντες
348 1645 403 1697 ὥς
425 1645 505 1690 ἀπὸ
525 1652 622 1703 μιᾶς
641 1646 777 1706 ὥσπερ
799 1646 930 1707 ὁρμῆς
949 1649 1016 1691 καὶ
1038 1647 1299 1705 προθέσεως,
1334 1644 1390 1696 ὥς
1424 1647 1555 1701 δῆθεν
1586 1644 1703 1700 μὴὲο

175 1781 342 1814 momento
367 1779 531 1823 temporis
556 1783 591 1814 et
615 1779 855 1825 gubernationi
876 1790 990 1814 rerum
1013 1781 1205 1814 nostrarum
1219 1805 1229 1822 ,
1263 1790 1329 1824 quo
1362 1779 1454 1812 statu
1478 1779 1560 1812 sunt
1582 1777 1645 1812 ho-

177 1826 254 1867 die,
286 1825 475 1871 praeponi,
509 1827 634 1860 nedum
665 1832 704 1860 ut
737 1827 877 1861 moleste
909 1827 1036 1860 ferrem
1070 1838 1132 1860 vos
1167 1826 1261 1871 ipsos
1284 1824 1446 1871 impensis
1469 1823 1647 1870 modisque

177 1871 254 1906 aliis
284 1876 440 1906 vestrum
472 1872 538 1906 huc
569 1872 749 1907 adventum
782 1883 971 1918 procurare
1003 1877 1039 1906 et
1071 1872 1206 1916 dignari
1231 1883 1346 1906 curam
1379 1870 1553 1905 difficilem
1577 1869 1648 1904 rei-

177 1917 338 1963 publicae
360 1918 425 1952 hoc
447 1921 602 1963 tempore
625 1925 763 1953 nostrae
785 1919 973 1963 suscipere.
1020 1924 1056 1952 tu
1081 1930 1163 1952 vero
1187 1918 1254 1952 iam
1278 1917 1434 1959 scilicet,
1470 1916 1569 1962 quasi
1591 1915 1647 1950 di-

179 1963 282 2008 gnior
314 1969 350 1998 te
382 1964 468 1998 alius
492 1964 538 1999 sit
561 1965 616 1999 cui
639 1977 751 1999 rerum
776 1963 1025 1999 administratio
1049 1965 1229 2007 tradatur,
1261 1969 1399 2007 nutum,
1431 1967 1470 1997 ut
1493 1963 1565 2004 ais,
1601 1961 1647 1996 ad

178 2011 216 2044 id
243 2015 418 2053 nostrum,
450 2015 486 2045 et
506 2011 695 2045 veluntatis
716 2011 999 2055 significationem
1024 2010 1208 2056 opperiris.
1255 2010 1333 2055 quis
1356 2014 1467 2044 autem
1492 2014 1646 2043 nostrum

178 2056 246 2090 sibi
269 2060 400 2090 tanturn
424 2061 565 2102 arroget
587 2062 627 2091 ut
648 2057 811 2092 iudicium
835 2057 879 2091 de
902 2062 939 2090 te
960 2058 1180 2101 imperatoris
1211 2056 1344 2091 irritum
1367 2055 1501 2090 faciat?
1548 2065 1646 2099 quem

179 2107 292 2137 autem
329 2107 469 2148 praeter
502 2109 539 2137 te
569 2103 783 2137 inveniemus
809 2103 854 2138 ad
886 2108 982 2138 recte
1016 2103 1250 2138 sustinendam
1272 2102 1375 2136 istius
1398 2100 1546 2147 supremi
1581 2100 1648 2134 loci

181 2148 382 2192 dignitatem
413 2159 539 2194 resque
570 2149 725 2194 imperii,
761 2154 800 2184 ut
823 2148 960 2194 dignum
984 2155 1055 2191 est,
1090 2150 1260 2194 gerendas
1281 2147 1431 2189 idoneis,
1463 2152 1501 2182 et
1523 2147 1648 2192 quibus

181 2194 306 2228 confidi
331 2206 398 2229 non
421 2198 548 2230 temere
572 2196 702 2241 possit,
739 2195 940 2230 instructum
964 2196 1085 2241 opibus
1109 2202 1145 2230 et
1168 2195 1324 2236 dotibus3
1358 2194 1417 2238 qui
1449 2199 1485 2228 et
1517 2193 1649 2227 meritis

180 2251 222 2275 ac
253 2240 447 2285 dignitate,
489 2242 645 2287 idemque
677 2241 781 2276 nihilo
811 2242 920 2276 minus
953 2242 1138 2287 prudentia
1171 2247 1208 2276 et
1237 2240 1407 2286 sapientia
1442 2239 1649 2294 praecellis?

179 2297 290 2331 perge
321 2287 427 2331 igitur
450 2291 486 2322 et
509 2289 700 2332 gubernare
731 2288 928 2333 imperium,
961 2293 996 2322 et
1019 2288 1200 2323 consulere
1223 2293 1327 2332 atque
1349 2286 1531 2331 invigilare
1553 2285 1650 2331 prin·-

182 2332 255 2377 cipi
285 2332 524 2387 Romanaeque
556 2334 608 2369 rei
639 2346 679 2369 ac
709 2334 860 2379 negotiis
891 2334 1049 2380 publicis.
1097 2345 1158 2368 nos
1183 2333 1385 2368 obedienter
1409 2334 1650 2378 obsequemur.

184 2389 251 2412 non
288 2390 376 2413 enim
408 2379 578 2424 imperare
609 2391 722 2415 omnes
756 2392 944 2426 possumus.
990 2392 1056 2415 non
1093 2391 1226 2421 omnes,
1262 2380 1422 2424 inquam,
1453 2389 1577 2423 regere
1609 2389 1651 2412 ac

183 2424 387 2470 praecipere
410 2426 572 2461 convenit
595 2431 655 2461 aut
678 2427 732 2461 fas
755 2433 829 2461 estt
861 2426 920 2461 ubi
943 2428 1031 2461 enim
1055 2437 1171 2460 omnes
1197 2432 1384 2471 praesunt,
1408 2425 1524 2459 nullus
1547 2435 1650 2470 prae-

184 2475 248 2505 est.
294 2471 453 2516 quoniam
484 2484 568 2517 ergo
600 2474 663 2507 sub
696 2473 851 2528 principe
883 2484 984 2507 unum
1018 2473 1188 2518 imperare
1218 2471 1447 2506 necessarium
1478 2477 1552 2512 est,
1589 2469 1650 2515 qui

181 2516 268 2551 alius
290 2516 358 2551 isto
381 2517 457 2552 loco
480 2518 618 2562 dignior
640 2531 741 2564 quam
763 2529 822 2565 qul
846 2519 977 2553 meritis
1002 2526 1037 2554 et
1060 2519 1229 2563 dignitate
1260 2518 1480 2564 praeeminet.
1527 2515 1650 2562 aperui

184 2573 319 2597 sensum
342 2574 471 2606 meum,
496 2571 533 2598 et.
555 2565 663 2599 effudi
687 2574 850 2610 quantum
870 2565 906 2599 in
930 2565 1039 2599 auimo
1059 2566 1235 2599 habebam.
1283 2564 1398 2605 dicat,
1422 2563 1452 2597 si
1476 2561 1532 2596 cui
1556 2562 1649 2596 aliud

185 2608 333 2645 videtur.
382 2610 492 2644 nullus
523 2611 638 2645 obstat
671 2617 802 2651 metus,
841 2622 961 2646 secure
990 2612 1083 2646 licet.
1130 2622 1248 2652 omnes
1277 2610 1428 2645 libenter
1462 2608 1651 2650 audiemus,

185 2654 342 2700 quisquis
374 2656 462 2698 erit,
498 2656 554 2690 cui
585 2657 676 2702 quod
705 2657 966 2703 praeferendum
998 2660 1099 2703 putet
1120 2656 1156 2691 in
1189 2662 1333 2691 mentem
1357 2655 1484 2690 veniat.
1530 2665 1651 2689 verum

186 2700 297 2735 nullus
326 2705 380 2736 est
408 2703 576 2745 omnium,
609 2707 713 2747 prout
742 2715 800 2737 res
828 2703 924 2748 ipsae
958 2709 1145 2738 monstrant
1168 2708 1204 2737 et
1227 2713 1314 2748 quas
1345 2701 1448 2737 audio
1473 2700 1650 2735 multorum

184 2757 313 2799 yona,
345 2747 403 2793 qui
437 2760 506 2783 non
538 2747 656 2784 eadem
690 2749 864 2784 nobiscum
894 2749 1024 2784 iudicet
1057 2755 1093 2784 et
1124 2750 1227 2796 plane
1249 2748 1456 2783 assentiatur
1483 2747 1538 2781 his
1561 2757 1652 2792 quae

184 2803 251 2827 iam
274 2793 370 2828 dicta
392 2794 513 2830 sunt‚’'
943 2824 945 2827 ⁴

207 2882 216 2891 ·
276 2839 373 2874 Haec
400 2851 476 2875 cum
502 2839 648 2887 'magnus
681 2841 900 2876 conostaulus
931 2841 1163 2886 perorasset‚'
1181 2840 1240 2886 qui
1271 2839 1417 2875 aderant
1447 2837 1483 2873 in
1507 2835 1652 2872 concilio

183 2883 251 2918 viri
284 2885 461 2931 primarii,
497 2898 565 2923 uno
598 2887 696 2923 velut.
730 2899 846 2923 omnes
876 2888 991 2923 studio
1028 2898 1070 2923 ac
1105 2887 1285 2933 proposito
1319 2897 1404 2932 prae
1425 2896 1465 2921 se
1486 2885 1652 2927 tulerunt,
