1884 3262
444 226 521 269 DE
547 223 829 268 manELE
862 221 1242 268 PALAEOLoGo
1277 209 1338 268 LI
1359 222 1436 268 lv.
1514 264 1517 274 ,
1576 219 1672 266 271

193 359 263 393 κος
280 342 429 391 ἐκεῖνος
447 341 490 384 ἓν
510 345 563 397 τῇ
578 339 714 400 Ὀξεῖα
732 335 908 396 πρώτως
926 335 1055 381 ὖπέδυ
1075 337 1148 396 τὸν
1169 336 1355 393 μοναχὸν
1375 332 1678 394 μεταμφιεννύ-

190 411 342 468 μενος)
379 435 440 443 -
481 408 538 460 ὥς
556 411 696 453 τοίνυν
716 409 821 465 πρὸς
838 411 891 465 τῇ
910 405 1037 465 ἐξόδῳ
1057 412 1134 461 τῆς
1153 406 1368 462 ἐκκλησίας
1389 402 1436 462 ἦν
1449 438 1463 459 ,
1501 405 1673 462 αἰθρίας
1695 415 1725 450 P
1751 414 1817 450 183

193 483 236 531 ἒς
258 478 352 524 τότε
373 478 502 534 οὔσης
532 478 630 522 κατ’
657 477 834 534 οὐρανὸν
862 477 1058 532 ἐξαίφνης
1085 476 1208 533 νέφος
1236 473 1404 519 σκοτόεν
1426 472 1606 531 ἐπλήρου
1627 474 1676 518 τὸ

191 553 298 602 πᾶν,
334 551 403 592 καὶ
433 549 631 606 ῥαγδαῖος
660 544 827 601 συνάμα
847 543 1009 602 χαλάζῃ
1027 544 1272 602 κατεφέρετο
1294 543 1437 597 ὖετός,
1470 541 1615 602 χρῆμά
1631 562 1676 588 τε

156 619 371 670 5ἒξαίσιον
403 617 630 674 ἀστραπῶν
663 616 736 660 τὸν
765 615 869 671 ἀέρα
902 617 1186 670 πυρεκβολοῧν
1219 613 1396 666 ἔξέκαιε,
1432 616 1500 656 καὶ
1528 612 1675 656 κτύποι

189 692 380 746 βροντῶν
398 694 575 742 συνεχεῖς
594 685 647 729 τοὶ
667 689 752 728 τῶν
774 682 1009 727 ἀκουόντων
1032 680 1344 740 συνετάρασσον
1365 678 1466 726 ὦτα.
1539 683 1674 725 κάκεῖ-

190 768 261 807 νος
285 759 328 799 ἓν
351 754 491 806 τόσοις
511 758 656 805 δεινοῖς
675 761 764 804 τοῖς
782 751 1012 810 ἀπάγουσιν
1028 754 1204 805 εἵλκετο,
1244 753 1319 802 ἕως
1338 754 1406 795 καὶ
1429 753 1471 802 ἐς
1493 751 1568 807 τὴν
1592 770 1675 807 μο-

190 826 264 882 νὴν
296 823 617 880 κατηντήκεσαν.
690 825 815 866 ε’κεῖσε
850 827 952 879 γοῦν
981 819 1251 878 διαγαγόντος
1283 821 1359 877 τὴν
1391 819 1574 876 ἡμέραν,
1622 825 1675 879 τῇ

190 894 447 953 ἓπιγενομένῃ
465 895 578 938 νυκτὶ
603 896 678 948 νηὶ·
692 891 832 936 ἇλιάδι
853 891 1064 946 ἐνθέμενοι
1085 889 1324 948 περιῶριζον
1343 890 1424 934 ἀνὰ
1444 890 1519 946 τὴν
1534 894 1671 947 Προι-
1694 897 1725 930 Β

137 976 181 1009 10
193 962 391 1018 κόννησον
406 997 418 1016 ,
459 968 518 1021 τῷ
551 964 676 1005 ἐκεῖσε
706 963 919 1020 μονυδρίῳ
939 965 999 1020 τῷ
1027 960 1113 1003 ἄνω
1136 965 1210 1016 τῆς
1233 961 1435 1016 ἔγχωρίως
1454 961 1673 1016 λεγομένης

191 1031 357 1083 Σούδας
376 1033 544 1090 κειμένῳ
566 1032 951 1087 ε’γκατακλείσαντες
962 1063 974 1083 ,
1011 1027 1208 1081 τάξαντες
1230 1032 1298 1073 καὶ
1318 1030 1507 1087 ὀπτῆρας
1528 1032 1573 1074 ἐκ
1591 1034 1675 1074 τῶν

188 1106 440 1156 βασιλικῶν,
484 1099 541 1151 ὥς
561 1101 621 1156 μὴ
646 1105 784 1159 θεῷτο
807 1107 894 1150 τοῖς
914 1099 1197 1154 βουλομένοις.

328 1171 374 1217 9.
451 1169 574 1213 Οὕτω
596 1171 671 1225 μὲν
692 1165 766 1213 οὖν
783 1170 836 1212 τὰ
854 1168 951 1212 κατ’
975 1170 1126 1212 ἐκεῖνον
1149 1166 1465 1223 διαταξάμενοι,
1497 1169 1581 1211 ἐπεὶ
1599 1170 1666 1212 καὶ
1692 1175 1723 1209 C

186 1240 286 1291 τούς
315 1237 576 1297 πατριάρχας
610 1239 678 1282 ἐπ’
707 1241 843 1298 ἐκείνῳ
870 1241 1147 1293 γνωμοδοτεῖν
1169 1243 1252 1282 τῶν
1272 1238 1504 1295 ἀναγκαίων
1535 1236 1674 1294 ἐνόμι-

133 1319 176 1353 15
191 1312 282 1364 ζον,
319 1309 572 1364 ἀξιουμένων
596 1307 758 1352 ἐκείνων
780 1307 800 1351 ὃ
821 1309 895 1362 μὲν
909 1308 1156 1363 Ἀντιοχείας
1182 1306 1400 1363 Βῦθύμιος
1431 1305 1675 1363 ὡρμημένος

187 1381 255 1423 καὶ
273 1377 402 1422 πάλαι
424 1381 480 1429 εἷς
499 1377 574 1432 τὴν
594 1377 690 1421 κατ’
716 1377 866 1420 ’ἐκείνου
888 1377 1116 1432 ἀπέχθειαν
1146 1375 1202 1427 ὦς
1222 1377 1280 1431 μὴ
1312 1376 1417 1433 παρ’
1442 1378 1595 1420 ἐκείνου
1616 1380 1673 1428 εἷς

188 1451 402 1492 κοινωνίαν
426 1445 668 1502 δεχόμενος,
701 1448 838 1489 αἰτίαν
856 1446 1018 1503 φέρων,
1057 1448 1093 1489 εἴ
1113 1446 1256 1502 ἀληθῆ
1275 1445 1432 1501 ἄδηλον
1452 1444 1519 1499 ὅν,
1559 1444 1673 1501 ὅμως

189 1519 234 1560 δὲ
254 1516 392 1575 φέρων
411 1518 455 1559 ἔκ
478 1514 621 1574 φήμης
646 1514 702 1566 ὥς
722 1517 1014 1571 συγκοινωνοίη
1035 1513 1142 1557 κατά
1161 1533 1199 1557 τι
1218 1522 1305 1565 τοῖς
1321 1515 1557 1571 Ἀρμενίοις,
1582 1514 1676 1559 τότε

189 1586 259 1629 διὰ
294 1590 429 1629 ταῦτα
459 1587 527 1628 καὶ
554 1585 883 1642 προσαπεδέχετο
916 1584 964 1628 τὸ
997 1584 1183 1627 ἐκποδών
1214 1586 1365 1627 ἐκεῖνον
1385 1584 1578 1640 γενέσθαι
1604 1587 1672 1628 καὶ
1696 1590 1727 1624 D

756 1652 770 1668 C

131 1653 352 1712 Ξοσυνῄνει
389 1656 678 1711 γνωμοδοτῶν.
750 1673 772 1698 ο
815 1653 858 1696 δ’
884 1653 1191 1709 Ἀλεξανδρείας
1218 1651 1430 1703 Νικόλαος
1469 1652 1674 1697 τοσούτου

190 1731 392 1768 συναινεῖν
434 1723 597 1780 ἐδέησεν
637 1722 743 1768 ὥστε
780 1724 848 1766 καὶ
891 1720 1096 1774 καθάπαξ
1134 1727 1219 1767 τῶν
1261 1723 1673 1780 καταψηφισαμένων

188 1940 277 1964 mum
305 1929 348 1964 ab
373 1928 516 1963 Arsenio
540 1932 736 1975 susceptam
767 1930 860 1975 apud
884 1929 1043 1975 Oxeam)
1079 1940 1173 1970 cum,
1206 1927 1362 1973 inquam,
1391 1927 1427 1962 in
1451 1939 1492 1962 eo
1517 1931 1608 1963 esset
1631 1932 1670 1963 ut

187 1975 315 2022 templo
340 1976 586 2020 egrederetur,
610 1983 647 2010 et
669 1976 790 2010 sudum
813 1988 1003 2022 purumque
1026 1976 1157 2010 coelum
1180 1980 1291 2011 esset.
1317 1976 1419 2009 foeda
1440 1980 1586 2020 repente
1605 1987 1671 2010 nu—

188 2023 251 2057 bes
274 2027 367 2056 tetra
391 2027 515 2056 cuncta
537 2022 685 2066 caligine
709 2023 905 2068 complevit,
928 2023 1178 2067 vehemensque
1200 2021 1300 2056 simul
1323 2021 1433 2056 imber
1449 2021 1550 2056 mista
1565 2033 1670 2066 gran-

187 2068 268 2103 dine
290 2067 439 2110 decidit,
471 2068 665 2113 fulguribus
687 2069 866 2103 horrendis
889 2069 958 2104 late
981 2072 1096 2104 aerem
1117 2068 1387 2102 incendentibus.
1434 2068 1503 2102 Per
1526 2069 1588 2102 has
1610 2068 1670 2102 ille

187 2125 366 2149 aerumnas
384 2115 428 2149 ab
451 2114 699 2149 abducentibus
722 2116 943 2159 trahebatur,
978 2116 1092 2162 quoad
1114 2114 1150 2148 in
1172 2115 1284 2157 illam,
1319 2115 1363 2148 de
1385 2125 1453 2159 qua
1475 2114 1568 2156 dixi,
1606 2114 1670 2149 do-

186 2161 377 2195 munculam
400 2166 656 2206 pervenerunt3
690 2161 750 2196 ubi
774 2173 849 2197 cum
871 2162 960 2196 diem
984 2167 1158 2207 posterum
1181 2160 1456 2204 transegissent,
1487 2165 1590 2194 nocte
1612 2160 1667 2195 in-

185 2210 305 2241 secuta
336 2207 416 2240 navi
447 2207 627 2242 Arsenium
657 2208 868 2253 piscatoriae
889 2209 1121 2254 imponentes,
1155 2207 1373 2252 deportatum
1399 2206 1492 2240 ultra
1515 2207 1668 2242 Procon-

186 2264 304 2287 nesum
326 2251 536 2287 incluserunt
557 2255 811 2290 mansiunculae
833 2255 903 2289 illic
926 2256 1013 2290 sitae
1036 2266 1141 2300 supra
1164 2253 1296 2296 locum,
1321 2264 1422 2298 quem
1445 2253 1547 2298 vulgo
1569 2253 1668 2288 inco-

186 2299 243 2333 lae
265 2298 393 2333 Sudam
416 2305 561 2343 vocant,
595 2301 762 2345 appositis
786 2301 984 2336 custodibus
1007 2313 1027 2336 e
1049 2299 1213 2336 satellitio
1236 2298 1478 2345 imperatoris,
1513 2311 1558 2335 ne
1580 2300 1666 2335 adiri

187 2344 267 2380 exul
288 2356 310 2379 a
333 2345 509 2391 quibusvis
529 2345 676 2381 invisere
698 2347 894 2382 volentibus
914 2352 1045 2394 posset.

279 2392 314 2428 9.
359 2391 491 2426 Horum
519 2391 556 2426 in
589 2393 680 2427 hunc
711 2394 847 2428 modum
882 2401 1002 2429 contra
1041 2391 1272 2440 patriarcham
1303 2391 1482 2426 Arsenium
1514 2395 1668 2428 actorum

186 2437 298 2482 magni
320 2439 474 2478 referre,
508 2437 656 2483 quinimo
677 2440 907 2474 necessarium
931 2452 1030 2481 esse,
1062 2440 1122 2485 qui
1144 2443 1287 2483 egerant
1309 2439 1501 2484 putabant,
1523 2444 1563 2474 ut
1587 2452 1668 2474 cae-

187 2484 256 2519 teri
278 2483 499 2530 patriarchae
521 2488 680 2519 auctores
702 2486 828 2520 fierent
851 2486 1074 2521 concordibus
1097 2486 1131 2520 in
1154 2497 1197 2519 ea
1219 2484 1397 2530 suffragiis
1413 2485 1545 2520 dandis.
1591 2498 1666 2521 cum

185 2529 293 2574 igitur
315 2529 367 2564 illi
390 2535 431 2564 ut
450 2530 486 2564 id
510 2536 701 2566 annuerent
722 2539 948 2577 rogarentur,
972 2532 1202 2567 Antiochenus
1224 2532 1360 2577 quidem
1383 2531 1587 2578 Euthymius
1610 2533 1668 2567 fa-

187 2576 252 2610 cile
283 2587 445 2611 assensus
476 2583 551 2611 est:
588 2582 666 2611 erat
700 2578 789 2612 enim
817 2579 910 2613 haud
942 2579 1088 2614 obscure
1115 2578 1184 2614 iam
1216 2577 1295 2612 olim
1325 2579 1470 2613 Arsenio
1501 2579 1667 2622 infensus,

186 2622 278 2667 quod
301 2623 345 2657 ab
368 2623 444 2667 ipso
467 2623 503 2657 in
537 2623 802 2659 communionem
831 2637 899 2659 non
927 2626 1153 2671 reciperetur.
1201 2636 1306 2660 causa
1335 2625 1515 2660 ferebatur
1549 2625 1667 2669 (haud

186 2668 343 2713 equidem
366 2669 557 2704 definierim
581 2682 626 2704 an
647 2682 754 2705 vera:
785 2671 845 2706 sed
866 2671 955 2706 hanc
977 2676 1092 2707 tamen
1116 2671 1238 2716 vulgus
1260 2682 1415 2706 sermone
1440 2672 1665 2717 celebrabat)

187 2714 280 2759 quod
318 2715 550 2751 Antiochenus
590 2716 871 2752 communicasset
907 2718 1056 2763 quadam
1083 2718 1121 2753 in
1153 2730 1192 2752 re
1226 2729 1302 2752 cum
1334 2717 1511 2752 Armeniis.
1559 2729 1668 2764 quare

185 2759 274 2796 idem
302 2762 482 2797 occasione
502 2761 642 2798 ultionis
665 2763 789 2809 cupide
811 2770 950 2810 arrepta
972 2764 1284 2800 exauctorationem
1307 2763 1498 2799 adversarii
1518 2763 1668 2799 libenter

185 2806 363 2852 amplexus
397 2811 472 2853 est,
508 2813 545 2844 et
580 2821 664 2844 suae
685 2810 776 2844 illam
799 2811 990 2846 sententiae
1012 2811 1221 2846 auctoritate
1254 2810 1415 2845 adiuncta
1437 2809 1664 2845 confirmavit.

186 2854 224 2886 at
244 2852 495 2890 Alexandrinus
515 2855 683 2890 Nicolaus
708 2860 839 2891 tantum
873 2858 986 2893 abfuit
1015 2870 1037 2892 a
1060 2857 1310 2904 comprobando
1342 2858 1458 2899 facto,
1491 2861 1532 2894 ut
1558 2857 1663 2892 semel

185 2909 229 2933 ea
258 2910 364 2935 causa
394 2900 471 2937 illos
500 2902 560 2949 qui
590 2902 772 2938 Arseuium
802 2903 1047 2940 damnaverant
1079 2916 1102 2939 a
1132 2915 1197 2939 sua
1227 2902 1459 2938 communione
1488 2903 1662 2939 abscissos
