1884 3262
237 170 332 217 374
651 170 885 214 GEORGII
918 171 1266 216 PAGHYMERJS

364 281 480 326 Ἀλλ’
508 281 529 324 ὃ
551 282 741 336 βασιλεὺς
760 282 870 333 ἅπαξ
891 287 964 326 τοῦ
985 285 1143 326 τοιοῦδε
1161 289 1314 328 σκοποῦ
1343 283 1577 341 γενόμενος,
1618 285 1691 329 οὐκ

239 352 330 395 οἶδα
361 353 395 393 εἰ
420 349 556 393 θέλων
583 349 608 405 ἢ
641 352 708 393 καὶ
738 349 1109 408 προσβιαζόμενος,
1151 351 1173 395 ὃ
1205 353 1256 407 δὴ
1278 353 1470 403 κάκείνοις
1498 356 1571 408 μὲν
1593 353 1693 397 ὑπε-

236 418 431 476 κρύπτετο
445 450 458 470 ,
494 416 590 473 ἡμῖν
611 418 654 461 δ’
679 418 903 476 ἐνεφάνιζε,
939 418 1097 476 φόβους
1114 420 1382 476 παραπλέκων
1403 424 1468 464 καὶ
1491 423 1692 475 πολέμους

237 490 303 531 καὶ
338 484 600 542 χεθησόμενα
633 489 812 541 αἵματα,
861 488 1126 542 ἀμεταθέτως
1155 487 1232 543 εἶχε
1263 488 1337 531 κᾶν
1370 487 1391 531 ὅ
1419 493 1460 531 τί
1485 507 1545 540 τις
1573 491 1690 546 ἔλεγε.

99 566 127 599 Ρ
151 564 218 600 254
243 554 360 613 (12)
394 559 491 608 μιᾶς
510 559 608 610 γοῦν
630 555 850 599 συνιόντων
882 558 970 610 περὶ
1000 557 1071 599 τὸν
1092 556 1264 611 βασιλέα
1280 560 1354 599 τοῦ
1375 573 1416 599 τε
1439 557 1724 614 πατριάρχουό

238 625 304 666 καὶ
323 627 405 666 τῶν
427 623 642 680 ἀρχιερέων
662 626 731 667 καί
748 642 867 667 τινων
886 625 929 666 ἐκ
950 629 1023 667 τοῦ
1045 623 1212 680 κλήρου,
1245 625 1561 681 ἐμβριθέστερον
1579 628 1694 684 σφίσι

236 693 325 747 περὶ
356 695 438 733 τῶν
471 692 741 746 προκειμένων
774 691 794 735 ὃ
827 697 989 749 κρατῶν
1017 694 1207 748 διελέγετο
1230 725 1244 745 ,
1303 695 1496 749 συνείρων
1525 695 1598 747 μὲν
1628 696 1696 737 καὶ

236 760 332 809 τούς
353 757 511 816 φόβους
532 759 749 815 συνήθως,
799 760 847 804 οὗ
874 761 956 816 μὴν
983 762 1027 803 δὲ
1054 761 1148 803 ἀλλ’
1173 760 1268 804 οὐδὲ
1293 759 1463 815 πάμπαν
1479 763 1697 819 ἐπισφαλὲς

237 829 388 870 ἐδείκνυ
415 828 462 870 τὸ
490 826 770 884 γενησόμενον.
839 827 915 883 εἶχε
932 829 1010 885 γὰρ
1030 831 1096 871 καὶ
1115 829 1212 879 τοὺς
1226 827 1538 882 ὑποβάλλοντας
1551 863 1564 882 ,
1601 830 1698 880 τοὺς

238 896 345 952 ἀμφὶ
365 896 436 938 τὸν
455 895 739 951 ἀρχιδιοῖκονον
756 897 856 953 λέγω
879 895 1214 953 ΖΡΙελιτηνιώτην,
1252 898 1347 946 τούς
1368 897 1473 953 ἀμφὶ
1494 899 1563 939 τὸν
1583 915 1696 953 πρω-
1709 907 1752 941 10

190 972 219 1006 Β
244 963 568 1021 ταποστολάριον
598 963 801 1020 Γεώργιον
829 966 900 1008 τὸν
929 964 1137 1021 Κύπριον,
1186 967 1251 1008 καὶ
1280 968 1444 1020 τρίτον,
1482 965 1514 1007 εἶ
1546 968 1611 1008 καὶ
1637 966 1697 1022 μὴ

239 1031 370 1082 οὕτως
390 1030 444 1082 ὥς
462 1031 659 1086 τούτους,
697 1033 794 1076 ἀλλ’
816 1029 888 1076 οἶν
910 1033 1211 1090 ἀφωσιωμένως
1239 1036 1305 1075 καὶ
1328 1035 1591 1086 ἐπιπολαίως,
1629 1034 1698 1077 τὸν

240 1098 396 1158 ῥήτορα
417 1105 490 1156 τῆς
511 1102 723 1155 ἐκκλησίας
737 1099 983 1154 Ὁλόβωλον.
1030 1103 1100 1144 καί
1118 1119 1158 1157 γε
1181 1099 1402 1154 λαμβάνων
1419 1103 1484 1142 καὶ
1506 1101 1580 1143 ἀπ’
1598 1102 1698 1144 ἑκεί-

239 1186 319 1211 νων
342 1169 415 1219 τὰς
436 1173 517 1212 τῶν
540 1171 729 1224 ἱστοριῶν
748 1168 994 1225 συνάρσεις,
1021 1168 1303 1225 προυβάλλετο
1333 1170 1407 1222 μὲν
1437 1169 1508 1211 τὸν
1528 1167 1697 1212 Δούκαν

234 1235 428 1291 Ἰωάννην
458 1238 525 1279 καὶ
556 1238 729 1292 βασιλέα
760 1239 826 1280 καὶ
859 1238 956 1287 τούς
991 1237 1102 1294 ἀμφ’
1138 1239 1285 1279 ἐκεῖνον
1317 1237 1511 1292 ἀρχιερεῖς
1538 1239 1605 1279 καὶ
1624 1238 1695 1280 τὸν
1708 1250 1750 1283 15

238 1303 493 1360 πατριάρχην
512 1311 628 1362 σφῶν
659 1304 890 1360 Μανουήλ,
928 1304 1037 1355 ὅπως
1073 1307 1250 1347 ἐνεδίδου
1280 1303 1538 1354 ἀπελθόντας
1564 1305 1699 1361 ἀρχιε-

242 1380 322 1428 ρεῖς
344 1377 584 1430 λειτουργεῖν
602 1391 645 1417 τε
673 1375 739 1416 καὶ
757 1368 1042 1428 μνημονεύειν,
1081 1375 1114 1415 εἷ
1135 1370 1260 1428 μόνον
1283 1371 1303 1415 ὃ
1328 1371 1466 1421 πάπας
1495 1378 1568 1427 τῆς
1595 1373 1698 1430 πρὸς

192 1441 222 1475 C
247 1441 344 1491 τούς
362 1440 403 1484 ἔν
425 1447 475 1498 τῇ
493 1441 603 1485 πόλει
628 1443 829 1496 βοηθείας
858 1440 1092 1496 ἀπόσχοιτο.
1163 1443 1229 1484 καὶ
1252 1439 1337 1495 ἅμα
1354 1441 1429 1495 μὲν
1445 1440 1491 1483 τὸ
1513 1443 1699 1485 κωδίκιον

240 1514 315 1563 τῆς
340 1511 554 1565 ἐκκλησίας
577 1512 632 1560 εἷς
662 1511 797 1553 πίστιν
829 1512 1149 1566 προεκομίζετο,
1181 1508 1266 1563 ἅμα
1292 1510 1336 1551 δὲ
1360 1510 1426 1550 καὶ
1453 1513 1509 1566 τῷ
1538 1514 1703 1564 βασιλεῖ’

242 1578 294 1620 τὰ
315 1576 405 1621 τότε
429 1580 494 1621 καὶ
514 1583 586 1622 νῦν
606 1576 826 1636 πράγματα
843 1580 1104 1636 συνεκρίνετο.
1172 1575 1451 1635 προυβάλλετο
1474 1577 1518 1619 δὲ
1536 1579 1601 1620 καὶ
1622 1578 1696 1629 τὰς
1707 1583 1752 1617 20

332 1698 500 1745 araim]
528 1698 594 1736 τόν
616 1701 656 1735 Ρ.
796 1702 851 1736 10.
876 1698 986 1743 τούς]
1011 1696 1075 1735 τὸν
1097 1698 1137 1733 Ρ.

334 1791 519 1825 Perstabat
540 1792 598 1827 ille
617 1794 729 1826 tamen
751 1791 838 1826 fixus
854 1790 1127 1826 irrevocabiliter
1143 1790 1178 1823 in
1196 1788 1431 1834 prosecutione
1453 1789 1551 1824 istius
1574 1789 1698 1835 coepti,

243 1835 333 1870 haud
357 1837 428 1870 scio
461 1848 504 1871 an
530 1838 646 1872 volens
672 1849 716 1871 an
749 1843 904 1879 coactus3
943 1837 1033 1882 quod
1065 1836 1132 1869 illis
1163 1835 1296 1879 quidem
1320 1835 1568 1879 abscondebat,
1599 1836 1697 1870 nobis

243 1887 355 1921 autem
378 1882 570 1924 indicabat,
593 1894 746 1917 sermone
768 1883 929 1928 perplexo
952 1883 1149 1926 praeferens
1172 1881 1414 1914 solicitudinem
1437 1880 1568 1914 anxiam
1591 1880 1698 1915 bello—

242 1937 315 1960 rum
339 1927 599 1972 impendentium
625 1928 825 1973 plurimique
848 1927 1020 1972 sanguinis
1052 1926 1234 1967 fundendi3
1271 1926 1392 1970 quibus
1416 1925 1510 1960 malis
1533 1937 1698 1970 praever-

187 1974 196 1981 '
244 1972 382 2014 tendis,
414 1973 667 2008 immutabiliter
698 1974 860 2008 haerebat
891 1974 979 2007 fixus
1010 1973 1044 2006 in
1072 1971 1246 2017 proposito
1275 1971 1399 2015 negotii
1421 1971 1512 2016 quod
1535 1974 1697 2016 coeperat

242 2019 408 2062 urgendi,
439 2019 599 2064 quidquid
634 2023 751 2053 contra
775 2019 884 2065 quivis
908 2019 1083 2062 allegaret.
1129 2017 1223 2060 (12)
1248 2018 1391 2061 quadam
1413 2016 1519 2061 igitur
1542 2017 1596 2050 die
1621 2029 1697 2051 cum

246 2065 481 2099 convenissent
512 2066 601 2110 apud
634 2066 869 2110 imperatorem
902 2064 1093 2109 patriarcha
1115 2062 1286 2097 antistites
1310 2068 1345 2095 et
1367 2073 1409 2096 ex
1434 2065 1523 2096 clero
1545 2061 1697 2108 quidam,

243 2109 422 2144 instantius
446 2110 487 2145 iis
511 2111 753 2156 efficaciusque
775 2111 959 2156 imperator
982 2110 1025 2143 de
1047 2109 1140 2155 pacis
1167 2108 1300 2152 negotio
1324 2108 1505 2148 disseruit,
1528 2107 1696 2153 intexens,

244 2161 283 2188 ut
305 2156 456 2199 solebat,
481 2156 625 2191 orationi
648 2168 728 2191 suae
752 2156 949 2190 formidines
979 2155 1143 2190 atrocium
1167 2155 1345 2197 malorum,
1380 2165 1466 2199 quae
1487 2153 1616 2187 vitandi
1638 2165 1697 2189 ra-

247 2200 295 2234 tio
319 2203 403 2236 haec
426 2214 492 2237 una
514 2203 707 2238 offerretur.
754 2202 957 2246 adiungebat
979 2201 1061 2235 nihil
1084 2211 1158 2233 esse
1181 2199 1322 2244 periculi
1343 2200 1376 2233 in
1392 2199 1608 2233 assentiendo
1627 2199 1699 2234 La-

247 2246 329 2281 tinis
353 2248 439 2292 quod
464 2254 642 2293 cuperent,
667 2248 778 2282 multis
800 2248 834 2282 id
865 2246 1054 2281 rationibus
1078 2246 1324 2279 demonstrans:
1361 2245 1508 2278 habebat
1530 2245 1618 2279 enim
1640 2244 1700 2290 qui

247 2292 364 2327 talium
389 2294 420 2327 ei
444 2298 714 2337 argumentorum
745 2294 875 2338 copiam
908 2299 1149 2337 suggererent,
1174 2295 1329 2325 auctores
1351 2290 1522 2324 studiosos
1545 2290 1616 2324 eius
1636 2302 1698 2336 pa-

249 2337 316 2378 cis,
340 2339 610 2373 archidiaconum
634 2340 896 2380 Meliteniotem,
918 2337 1233 2384 protapostolarium
1258 2336 1440 2380 Georgium
1464 2336 1636 2381 Cyprium,
1661 2339 1699 2370 et

246 2383 380 2417 tertium
406 2387 622 2430 (quamquam
647 2386 752 2419 minus
775 2386 953 2426 ardenter,
979 2385 1037 2418 sed
1061 2385 1134 2416 fere
1158 2382 1241 2417 dicis
1264 2394 1367 2416 causa
1400 2386 1436 2416 et
1467 2381 1698 2426 superficiaria

247 2439 318 2462 rem
353 2430 514 2464 eiusmodi
546 2431 817 2476 amplectentem)
852 2431 1020 2463 rhetorem
1052 2428 1217 2463 ecclesiae
1249 2427 1456 2463 Holobolum.
1503 2427 1698 2472 proferebat

249 2485 330 2518 ergo
355 2487 374 2508 e
397 2487 485 2519 penu
510 2476 552 2509 ab
575 2476 614 2509 iis
640 2476 802 2510 historiae
824 2476 1023 2520 deprompta
1049 2474 1227 2508 memoriae
1248 2476 1373 2508 veteris
1397 2473 1568 2517 exempla,
1591 2471 1695 2506 maxi-

249 2532 302 2553 me
332 2520 413 2554 illud
450 2521 666 2566 imperatoris
697 2522 829 2556 Ioannis
850 2522 966 2555 Ducae
998 2525 1034 2554 et
1065 2520 1253 2554 antistitum
1284 2518 1343 2564 qui
1374 2523 1454 2552 tunc
1478 2520 1574 2551 erant
1597 2517 1696 2551 simul

252 2577 325 2599 cum
348 2566 542 2611 patriarcha
564 2566 744 2610 Manuele3
775 2573 814 2601 ut
848 2566 1076 2602 consenserint
1091 2593 1100 2608 ‚
1135 2565 1438 2610 promiserintque‚
1461 2563 1573 2597 missis
1595 2563 1697 2596 etiam

252 2611 418 2656 episcopis
443 2611 510 2657 quiv
529 2611 562 2645 in
594 2612 677 2645 haec
701 2612 976 2657 paciscerentur,
1009 2611 1309 2645 communicaturos
1331 2622 1368 2644 se
1391 2607 1518 2644 Latinis
1539 2607 1574 2640 in
1597 2619 1697 2642 sacra

252 2656 387 2698 liturgia
410 2662 445 2692 et
468 2669 576 2702 papae
598 2658 796 2691 mentionem
826 2659 861 2692 in
896 2670 937 2692 ea
968 2659 1139 2700 facturos,
1171 2656 1201 2691 si
1236 2655 1331 2690 modo
1359 2655 1416 2689 ille
1442 2652 1630 2687 abstineret
1651 2653 1695 2687 ab

253 2702 376 2736 auxilio
398 2703 552 2738 iuvandis
576 2702 704 2736 LatInis
728 2703 786 2748 qui
809 2705 924 2737 urbem
949 2704 1157 2737 obtinebant.
1205 2702 1250 2736 ad
1273 2700 1367 2735 cuius
1389 2698 1437 2733 rei
1460 2698 1560 2732 fidem
1588 2698 1697 2732 codex

251 2747 434 2789 ecclesiae,
456 2747 490 2782 in
514 2759 579 2801 quo
606 2760 648 2782 ea
669 2749 879 2793 praescripta
902 2754 999 2782 erant
1013 2774 1023 2791 ,
1047 2747 1198 2794 prolatus
1221 2747 1256 2781 in
1278 2745 1420 2780 medium
1444 2748 1508 2797 est.
1553 2743 1644 2778 circa
1659 2744 1694 2778 id

253 2804 333 2828 vero
356 2795 483 2829 facttun
506 2793 695 2829 disserebat
716 2793 911 2840 imperator,
935 2804 1134 2839 comparans
1156 2795 1281 2828 statum
1302 2801 1414 2826 rerum
1437 2800 1495 2835 qui
1519 2794 1599 2824 tuuc
1620 2793 1698 2824 erat
