1884 3262
422 215 497 257 DE
530 215 801 258 MICHAELE
835 215 1207 260 PALAEOLOGO
1240 216 1289 260 L.
1323 214 1402 263 VI.
1534 214 1635 262 489

180 327 428 383 ἀριθμοῦσιν
446 326 575 371 αὐτοῦ
596 330 662 370 καὶ
675 325 851 383 χρόνους
869 328 1175 386 περιορίζουσιν,
1211 325 1267 377 ὥς
1289 326 1534 379 ἂνεσείοντες
1551 332 1650 372 τῶν·

181 395 316 438 κᾶκῶν
345 398 546 442 ἐντεῦθεν.
614 398 680 439 καὶ
709 397 834 439 δειναὶ
860 397 935 450 μὲν
964 392 1071 452 ἦσαν
1103 397 1147 438 αἶ
1167 395 1268 438 κατ’
1294 396 1452 439 ἒκείνων
1472 396 1634 440 ἀπειλαὶ

180 463 224 514 ἐξ
239 463 360 519 ὀργῆς
380 464 630 519 ἀνημμέναι,
665 462 777 519 ὅμως
792 463 837 507 δ’
871 464 1105 520 ἆνηρτῶντο
1134 465 1305 523 προνοίᾳ
1325 469 1400 507 τοῦ
1418 464 1478 520 μὴ
1499 467 1632 508 δοκεῖν

179 530 359 584 κολάζειν
375 531 553 588 ἀλόγως,
589 534 706 574 εἶκαὶ
735 532 880 587 μικρὸν
906 531 1028 584 ὅσον,
1065 533 1132 574 καὶ
1160 535 1201 574 Γ
1198 534 1427 575 αλακτίωνα
1456 534 1532 587 μὲν
1547 537 1631 576 τῶν

144 598 376 654 5ὄμμοῖτων
393 608 544 657 στερεῖ,
565 601 765 644 Mauram
780 601 825 643 δὲ
846 600 1076 657 ἀφαιρεῖται
1092 604 1167 654 τῆς
1176 598 1374 656 γλώσσης.
1411 601 1454 643 αἶ
1475 601 1522 643 δ’
1539 601 1626 652 ἐξο-
1651 612 1687 646 C

178 669 261 723 ρίαι
282 670 349 711 καὶ
371 674 530 722 μᾶλλον
547 676 633 718 τοῖς
654 666 851 724 ἀνδράσιν
877 666 1172 723 ἓμετριάζοντο,
1209 669 1430 711 ἐκκλίνουσι
1447 669 1522 719 τὰς
1540 687 1634 712 ποι-

176 734 262 785 νᾶς.
308 735 510 793 Λάζαρον
527 738 601 791 μὲν
621 733 693 779 οὗν
714 737 786 779 τὸν
805 740 846 780 Γ
843 738 1062 792 οριανίτην,
1094 736 1225 792 ἄνδρα
1244 734 1491 792 σεβάσμιον,
1526 736 1633 780 ἀπο-

177 807 338 855 στείλας
365 806 463 856 τοῦς
488 803 825 862 ἑκτυφλώσοντας
848 812 938 855 ταῖς
969 811 1126 855 ποιναῖς
1151 803 1293 860 ὑπῆγε.
1359 805 1462 862 πρὸς
1493 806 1538 848 δὲ
1563 807 1634 848 καὶ

178 871 402 930 Μακάριον
415 907 429 927 ,
466 873 538 916 τὸν
554 875 620 916 καὶ
640 873 893 928 Περιστέρην
919 873 1290 928 παρονομασθέντα
1311 877 1387 916 τοῦ
1406 871 1540 916 ἁπλοῦ
1561 876 1630 916 καὶ

121 938 330 983 wamiam
357 940 502 998 χάριν,
538 940 755 997 ὖπαγαγών
791 942 883 999 δίκῃ
917 939 1206 991 καθοσιώσεως
1232 939 1289 991 ὥς·
1316 941 1414 991 τούς
1442 941 1629 992 δυτικούς

174 1007 377 1063 ἄρχοντας
405 1010 509 1053 κατὰ
536 1009 737 1063 βασιλέως
770 1010 1040 1066 διεγείραντα,
1090 1008 1170 1059 ἔξω
1202 1026 1282 1052 που
1311 1013 1395 1052 τῶν
1423 1008 1628 1066 ἡμετέρων

175 1074 296 1132 ὁρίων
318 1076 579 1133 καθήμενον,
619 1078 856 1133 ἐπαγγείλας
881 1082 939 1136 τῷ
962 1077 1119 1136 Ἰκαρίῳ
1139 1077 1215 1132 τὴν
1233 1081 1308 1119 τοῦ
1326 1075 1503 1133 μεγάλου
1524 1080 1621 1121 δου-
1644 1085 1680 1121 1>

172 1145 243 1194 κός
259 1146 556 1204 περιεζωσμένῳ
575 1144 693 1200 τιμήν
705 1178 719 1198 ,
755 1145 810 1195 εἷς
823 1153 964 1202 χεῖρας
981 1152 1174 1198 ποιεῖται,
1212 1147 1279 1188 καὶ
1312 1148 1531 1202 προτείνων
1549 1146 1624 1202 τὴν

172 1215 425 1258 καθοσίωσιν
454 1218 528 1257 τοῦ
562 1211 811 1270 ἐγκλήματος
840 1214 956 1269 ιῖνίη,
1001 1216 1036 1257 εἴ
1059 1213 1134 1269 τὴν
1170 1212 1331 1270 εῗρήνην
1362 1214 1546 1269 δέχοιτο,
1590 1216 1626 1258 εἰ

119 1288 162 1325 15
175 1281 218 1324 d'
246 1278 318 1324 οὖν
329 1316 343 1335 ,
381 1282 484 1325 ἀλλὰ
503 1286 553 1339 τῇ
572 1284 663 1339 δίκῃ
684 1280 949 1338 καθυπᾶγειν.
1021 1280 1042 1325 ὅ
1073 1282 1118 1324 δὲ
1139 1286 1190 1339 τῇ
1208 1279 1391 1325 ε’νστοῖσει
1409 1285 1626 1338 διακαρτε-

172 1353 255 1405 ρῶν
279 1350 354 1405 τὴν
373 1352 571 1406 τιμωρίαν
593 1349 741 1405 ὑπέχει.
810 1349 998 1399 Κόκκους
1020 1350 1065 1392 δέ
1087 1350 1295 1404 μοναχούς
1321 1352 1389 1392 καὶ
1409 1350 1506 1400 τοὺς
1521 1350 1623 1393 κατ’

170 1418 318 1461 ἐκεῖνον
335 1421 402 1466 ἐῶ.
469 1420 510 1468 ἐς
528 1416 652 1461 τόσον
671 1418 748 1474 γὰρ
770 1418 1085 1474 παρωξυσμένος
1103 1413 1154 1473 ἦν
1178 1417 1282 1461 ὥστε
1308 1416 1552 1476 προβάλλειν
1573 1414 1624 1474 ἦν

170 1484 297 1540 μόνον
317 1486 407 1530 τινὰ
427 1487 660 1542 κινηθέντα,
690 1488 758 1529 καὶ
775 1487 849 1541 τὴν
866 1486 1075 1543 προβολὴν
1093 1484 1120 1540 ἦ
1141 1486 1259 1542 ποινὴ
1277 1487 1487 1542 διεδέχετο,
1518 1486 1624 1530 ὥστε
1660 1508 1662 1510 ’

170 1556 239 1596 καὶ
267 1554 411 1605 πιστὸς
439 1550 490 1610 ἦν
521 1552 542 1598 ὅ
572 1555 696 1610 λέγων
723 1552 849 1608 μόνον
876 1553 1020 1608 εἰπών,
1056 1561 1148 1605 ταῖς
1169 1554 1272 1611 πρὸς
1300 1555 1398 1605 τοὺς
1415 1552 1624 1610 ὑπηκόους

114 1627 160 1663 20
171 1620 380 1673 ὑπονοίαις
411 1621 467 1673 ὥς
495 1623 651 1673 ἱκαναῖς
676 1624 922 1679 μαρτυρίαις
948 1620 1260 1678 ἰσχυριζόμενος.
1338 1625 1405 1666 καὶ
1441 1623 1545 1678 πρὸς
1571 1623 1619 1667 τὸ
1641 1624 1678 1659 Β

169 1694 243 1746 τῆς
273 1690 394 1750 ὀργῆς
422 1690 702 1749 ἀπαραίτητον
733 1689 930 1749 ἀνδράσιν
961 1689 1021 1741 οἷς
1058 1686 1109 1746 ἦν
1138 1688 1490 1748 παρρησιάζεσθαι
1519 1691 1624 1749 πρὸς

169 1843 258 1878 quae
280 1833 500 1878 patiebantur
522 1834 690 1869 arbitrati.
734 1834 796 1869 hos
826 1834 884 1869 ille
915 1833 1050 1868 acribus
1073 1837 1110 1868 et
1138 1833 1191 1868 ira
1213 1833 1436 1879 flagrantibus
1457 1834 1624 1879 percelle-

168 1879 230 1913 bat
252 1879 348 1913 minis
363 1905 374 1922 ,
397 1891 483 1926 quas
506 1892 549 1914 ne
571 1881 686 1914 atatim
717 1880 754 1915 in
785 1892 857 1916 rem
889 1881 1078 1920 conferret,
1108 1879 1272 1925 quaedam
1299 1880 1488 1914 sustinebat
1509 1881 1622 1914 famae

169 1935 271 1968 cura,
297 1928 333 1959 et
356 1932 464 1959 metus
486 1937 530 1960 ne
550 1926 724 1960 videretur
753 1926 826 1961 sine
849 1937 951 1960 causa
983 1925 1104 1959 idonea
1134 1925 1277 1961 saevire.
1322 1930 1434 1960 tamen
1466 1931 1502 1960 et
1532 1926 1621 1959 hunc

167 1970 267 2015 paulo
290 1975 369 2015 post
390 1977 578 2016 respectum
601 1973 790 2013 eluctatus,
823 1971 1018 2006 Galactioui
1049 1971 1184 2016 quidem
1209 1972 1295 2005 eruit
1324 1972 1457 2013 oculos,
1481 1971 1619 2005 Meletio
1674 1991 1675 1994 =

166 2026 248 2050 vero
271 2015 416 2060 linguam
444 2018 599 2052 abscidit.
645 2018 747 2052 exilia
767 2018 971 2052 decernebat
992 2028 1102 2060 mera,
1125 2029 1198 2051 cum
1226 2017 1400 2051 remittere
1422 2029 1459 2050 se
1487 2017 1524 2050 in
1547 2017 1619 2051 cle-

166 2060 324 2095 mentiam
346 2063 492 2097 volebat.
539 2064 655 2108 itaque
675 2063 843 2098 Lazarum
867 2063 1098 2104 Gorianitem,
1131 2063 1240 2097 virum
1271 2062 1515 2104 venerabilem,
1546 2062 1617 2095 ista

167 2107 354 2142 moderatio
372 2109 541 2142 servavit:
579 2121 653 2143 cum
686 2110 773 2144 enim
805 2109 952 2143 misisset
982 2108 1039 2154 qui
1072 2119 1146 2142 eum
1170 2113 1413 2151 excaecarent,
1449 2107 1616 2141 revocatis

166 2151 211 2184 iis
233 2153 458 2188 exterminare
479 2155 563 2188 satis
597 2155 724 2190 habuit.
773 2158 810 2189 at
844 2153 1030 2189 Macarium
1063 2165 1127 2188 nec
1159 2165 1222 2188 sua
1243 2153 1515 2188 innocentissima
1535 2153 1617 2187 sim-

166 2196 320 2275 plicitas,
343 2210 431 2244 quae
453 2211 635 2244 cognomen
654 2201 702 2234 illi
736 2201 910 2235 columbae
931 2202 1131 2245 pepererat,
1164 2210 1228 2233 nec
1249 2199 1396 2232 locorum
1429 2198 1489 2232 ubi
1511 2198 1616 2242 dege-

193 2248 230 2276 at
251 2242 443 2278 dissitorum
469 2257 491 2279 a
521 2246 646 2280 nostris
682 2247 805 2280 finibus
837 2245 1080 2290 longinquitas,
1111 2245 1320 2290 imperatoris
1345 2243 1510 2278 saevitiae
1532 2245 1613 2278 sub-

168 2288 288 2321 traxit.
331 2289 385 2322 hic
407 2289 495 2323 enim
517 2290 609 2325 illum
632 2293 833 2336 postulatum
855 2292 1059 2334 maiestatis,
1084 2290 1180 2335 quasi
1204 2295 1357 2323 conatum
1379 2289 1415 2323 in
1437 2301 1476 2324 se
1497 2290 1612 2324 conci-

166 2337 243 2367 tare
272 2334 497 2368 Occiduorum
528 2336 689 2379 dynastas
718 2342 907 2380 tractuum,
937 2335 1172 2380 comprehendi
1203 2335 1334 2369 curavit
1363 2347 1425 2381 per
1454 2335 1615 2378 Icarium,

166 2379 266 2413 titulo
291 2384 326 2413 et
350 2380 475 2414 honore
495 2383 608 2425 magni
630 2382 725 2416 ducis
749 2383 848 2417 classi
870 2382 1104 2427 praesectum3
1132 2386 1300 2426 captoque
1322 2380 1508 2415 conditione
1531 2381 1613 2423 lata,

166 2429 206 2458 ut
228 2425 280 2458 vel
307 2425 439 2467 debitas
461 2437 520 2459 reo
543 2428 778 2471 perduellionis
800 2438 927 2474 poenas
949 2427 1082 2469 lueret,
1116 2426 1170 2460 vel
1195 2437 1253 2461 eas
1283 2427 1465 2461 redimeret
1487 2438 1614 2472 appro-

164 2470 277 2504 banda
301 2471 518 2505 ecclesiarum
539 2473 738 2518 concordia,
771 2474 825 2507 cui
858 2478 998 2507 eatenus
1029 2472 1244 2518 acquiescere
1273 2477 1449 2515 renuerat,
1481 2473 1516 2507 in
1540 2484 1614 2506 eum

165 2526 205 2550 se
227 2517 459 2550 obfirmantem
482 2517 517 2550 in
543 2519 726 2552 reiectione
751 2519 846 2564 pacis
879 2519 956 2563 lege
987 2523 1098 2552 actum
1130 2523 1194 2553 est.
1241 2519 1371 2553 Coccos
1394 2530 1475 2552 vero
1499 2529 1614 2552 mona-

166 2562 247 2596 chos
268 2569 448 2607 praetereo
461 2588 472 2604 ‚
494 2567 530 2597 et
553 2575 610 2597 eos
631 2565 688 2609 qui
711 2565 800 2609 apud
822 2564 914 2598 illum
937 2568 1043 2598 erant.
1091 2564 1143 2598 ita
1165 2564 1251 2599 enim
1282 2564 1460 2599 irritabilis
1482 2569 1558 2598 erat
1578 2563 1615 2597 in

163 2606 230 2640 hoc
252 2619 394 2652 genere,
424 2612 464 2642 ut
485 2609 684 2654 quicumque
715 2611 887 2655 proferret
917 2609 1015 2644 modo
1037 2610 1160 2656 aliquid
1183 2611 1225 2644 de
1255 2609 1496 2645 controversiis
1526 2620 1615 2654 quae

166 2656 248 2686 tunc
270 2654 489 2698 agitabantur
520 2655 555 2689 in
580 2656 785 2690 contrariam
806 2654 870 2700 ipsi
892 2655 1110 2699 sententiam,
1143 2656 1255 2691 statim
1278 2656 1499 2703 prolationem
1522 2654 1616 2687 exci-

165 2703 264 2742 peret
285 2710 447 2745 praesens
469 2711 589 2746 poena.
636 2712 698 2734 nec
723 2712 805 2735 vero
830 2699 1008 2735 discrimen
1031 2706 1090 2735 aut
1107 2701 1273 2737 delectum
1295 2702 1478 2736 adhibebat
1499 2699 1533 2733 in
1552 2699 1616 2733 ad-

165 2742 336 2779 mittendis
365 2745 409 2780 de
442 2757 481 2780 re
516 2746 577 2780 tali
611 2746 852 2781 delationibus:
885 2747 946 2781 sed
973 2747 1126 2793 quisquis
1155 2758 1394 2792 quemcumque
1424 2748 1613 2787 accusaret,

165 2788 256 2822 dicto
290 2791 396 2835 primo
429 2791 580 2826 faciebat
610 2792 723 2828 fidem.
775 2793 956 2838 quinetiam
987 2793 1233 2838 suspicionibus
1261 2793 1361 2828 meris
1391 2792 1426 2825 in
1459 2790 1613 2825 subditos

165 2834 260 2869 velut
278 2837 477 2873 testimoniis
498 2838 728 2881 innitebatur-3
760 2843 797 2873 et
826 2849 901 2873 cum
933 2850 956 2875 a.
975 2838 1060 2875 viris
1081 2840 1261 2884 gravibus,
1281 2838 1402 2886 quibus
1422 2837 1548 2872 licebat
1568 2835 1613 2871 li-
