1846 3262
201 246 265 291 98
627 241 864 286 GEORGII
898 242 1253 286 PACHYMERIS

200 359 296 407 τοὺς
315 356 357 399 δ’
385 351 654 410 ἐθεράπευεν,
687 353 876 412 ἀνοιγνύς
896 355 1086 414 φυλακὰς
1105 357 1171 399 καὶ
1186 360 1319 412 χρεῶν
1342 357 1550 412 δημοσίων
1570 356 1678 401 ἀπο-

200 426 307 469 λύων
337 424 434 474 τοὺς
468 421 737 481 ὠφληκότας,
787 419 1082 480 ἀπορουμένοις
1111 442 1154 468 τε
1185 425 1236 468 τὰ
1267 425 1371 482 πρὸς
1403 425 1507 481 ζωὴν
1537 427 1678 476 διδοὺς

201 491 508 551 ἀφθονώτερα,
545 493 618 535 καί
644 510 687 548 γε
718 499 805 543 τοῖς
838 493 1097 550 ἠδικημένοις
1129 492 1296 548 ἀμύνων
1323 496 1390 536 καὶ
1417 492 1699 551 φιλοτιμότε-’

148 574 180 607 D
204 580 276 619 ρον
308 562 491 619 προχέων
523 560 569 604 τὸ
607 561 803 615 δαψιλές,
843 561 945 606 ὥστ’
983 560 1083 605 εἶναι
1116 561 1203 617 ἅμα
1232 563 1306 615 μὲν
1336 562 1554 618 ἀνενεγκεῖν
1585 564 1679 620 περί

198 630 273 675 τού
303 649 392 674 τινα
414 632 481 673 καὶ
502 628 590 684 ἅμα
611 632 845 688 προβαίνειν
865 628 1035 688 γράμμα
1055 631 1268 686 βασιλικὸν
1290 629 1552 687 προστάσσον
1576 633 1708 677 {usi-5

200 719 256 759 νῳ
289 700 334 743 τὸ
367 699 473 742 κατὰ
504 697 727 756 βούλησιν,
766 701 800 742 εἲ
826 702 893 742 καὶ
924 702 1016 743 δυσὶ
1044 699 1208 757 χρόνοις
1224 699 1396 757 ὕστερον
1420 697 1676 754 ἀνελάμβανε

202 770 254 813 τὰ
299 768 642 827 προστεταγμένα.
715 767 791 811 κᾶν
828 766 908 825 πού
938 786 1000 819 τις
1031 769 1101 826 ἐφ’
1136 767 1196 819 οἷς
1224 767 1323 824 εἶχεν
1356 765 1600 823 ὀχλούμενος
1627 769 1674 812 τὸ

200 836 370 896 γράμμα
394 842 467 893 τῆς
483 835 651 893 χάριτος
671 835 927 893 προύτεινεν,
965 838 1094 888 εὐθὺς
1114 839 1241 895 φανὲν
1262 839 1454 894 δευτέρας
1474 839 1676 881 ι’νδικτιῶ-

201 925 272 957 νος
298 906 345 950 ὒν
372 906 448 961 τὴν
472 904 587 949 δόσιν
610 906 913 963 ἀπεψηφίζετο,
951 905 1005 957 ὥς
1025 908 1065 949 ἔν
1087 911 1215 965 καιρῷ
1235 908 1363 961 μηδὲν
1385 906 1592 964 ἀκριβείας
1607 908 1676 949 καὶ

150 983 183 1017 Ε
208 979 416 1033 προσοχῆς
450 974 540 1030 ἕχον
576 974 622 1018 τὸ
656 973 827 1031 γεγονός.
900 973 992 1019 τότε
1016 977 1145 1018 δὲκαὶ
1166 973 1290 1019 πόλλ’
1315 974 1421 1018 ἅττα
1446 980 1520 1018 τοῦ
1539 979 1675 1018 κοινοῦ
1688 979 1745 1014 10Υ

201 1047 385 1100 ταμιείου
404 1036 615 1101 ἐξεφόρει,
647 1046 714 1086 καὶ
735 1046 978 1100 δημηγορῶν
1001 1052 1085 1095 τοῖς
1107 1044 1421 1100 συνειλεγμένοις
1438 1044 1539 1098 πρὸς
1554 1042 1675 1101 χάριν

199 1104 392 1167 ἅπασαν,
421 1111 496 1156 εἶτ’
522 1114 775 1170 ἀμφοτέραις
810 1114 971 1164 ἐκείνοις
1003 1111 1179 1170 ἐξήντλει
1209 1114 1262 1156 τὰ
1291 1111 1511 1171 χρήματα,
1543 1111 1675 1168 χύδην

202 1185 400 1244 ἐκρίπτων
424 1182 599 1237 κυνηδὸν
623 1182 899 1239 συλλέγουσιν.

81 1267 110 1300 Ρ
134 1266 180 1301 63
332 1248 412 1293 Ἠν
452 1255 610 1304 ταῦτα,
683 1251 771 1310 (6)
810 1251 991 1300 κάκεῖνος
1032 1250 1106 1305 μέν
1143 1254 1398 1307 κατοχυροῦν
1431 1249 1507 1299 τὰς
1545 1248 1677 1306 ι’ίκρας

201 1319 409 1379 προύργου
428 1317 669 1374 ποιούμενος
678 1353 690 1372 ,
728 1319 815 1374 ἅμα
846 1321 889 1362 δὲ
919 1322 985 1362 καὶ
1008 1312 1354 1374 δηλοποιοῦμενος
1376 1319 1489 1377 αὐτῷ
1508 1316 1673 1375 προσιό-
1688 1321 1731 1357 15

203 1409 267 1450 mg»
299 1390 372 1445 τὴν
406 1393 479 1442 τῆς
507 1390 719 1442 βασιλείας
750 1386 998 1446 ἀνάρρησιν,
1039 1389 1101 1430 ἐπὶ
1137 1389 1435 1445 Φιλαδελφείας
1464 1387 1563 1443 ξ’γνω
1588 1405 1675 1442 χω-

206 1467 314 1515 ρεῖν,
355 1457 482 1500 λιπὼν
512 1457 582 1500 τὸν
615 1457 705 1501 νέον
739 1459 780 1500 ἓν
814 1457 1067 1516 Μαγνησίᾳ,
1100 1461 1347 1511 βασιλικῶς,
1384 1454 1439 1506 ὥς
1464 1455 1563 1509 ἔδει,
1598 1460 1675 1498 θε-

208 1525 495 1585 ραπευόμενον.
565 1528 772 1570 συνείπετο
798 1527 846 1569 δέ
866 1527 904 1570 οἳ
928 1527 995 1569 καὶ
1020 1524 1130 1568 ἅπαν
1152 1526 1199 1569 τὸ
1226 1524 1517 1583 στρατιωτικὸν
1542 1542 1676 1582 προα-

208 1599 347 1650 σπίζον
376 1599 451 1639 τοῦ
478 1595 681 1650 βασιλέως
709 1595 815 1652 μεθ’
841 1594 903 1639 ὅτι
925 1595 1114 1651 πλείστης
1134 1594 1290 1645 εὐνοίας
1312 1596 1378 1638 καὶ
1399 1593 1500 1652 πρὸς
1522 1593 1570 1636 τὸ
1598 1611 1675 1636 πο-

302 1706 355 1740 12.
380 1701 607 1751 ἀμφοτέροις
629 1706 668 1741 P.
691 1728 693 1731 .

210 1797 371 1833 frumenti
393 1797 552 1832 demensa
575 1796 769 1833 constituta.
816 1799 949 1844 plebem
981 1810 1066 1833 vero
1096 1798 1281 1845 praecipue
1303 1796 1463 1832 demulsit
1485 1795 1678 1842 aperiendis

213 1844 396 1887 custodiis,
427 1849 464 1878 et
485 1844 529 1878 iis
552 1844 611 1890 qui
634 1845 718 1878 fisco
744 1845 825 1890 quid
849 1846 1014 1880 deberent
1036 1857 1098 1879 nec
1122 1844 1282 1879 solvendo
1309 1847 1445 1886 essent,
1481 1843 1598 1876 liberis
1622 1841 1678 1875 di-

213 1890 404 1932 mittendis,
443 1894 626 1936 praeterea
654 1890 829 1935 largiendo
859 1892 1049 1926 liberaliter
1082 1891 1262 1932 alimenta,
1303 1896 1339 1924 et
1371 1900 1489 1935 passos
1523 1888 1678 1922 iniuriam

215 1937 439 1977 consolando,
481 1936 699 1971 vexatoribus
741 1949 853 1972 eorum
887 1938 1055 1982 condigno
1089 1936 1255 1982 supplicio
1290 1935 1453 1970 multatis.
1500 1939 1537 1969 et
1567 1934 1680 1968 inerat

215 1983 320 2017 multa
352 1981 561 2028 popularitas
582 1983 618 2016 in
641 1983 737 2017 modo
761 1984 846 2018 haec
869 1983 1014 2028 agendi,
1047 1983 1209 2017 facilitate
1239 1986 1276 2016 et
1305 1980 1548 2016 amabilissima
1579 1979 1678 2014 beni-

215 2029 350 2073 gnitate
373 2028 548 2072 largientis
571 2029 659 2063 dona
681 2041 744 2074 per
769 2042 809 2064 se
829 2036 927 2075 grata
951 2031 1053 2064 multo
1076 2029 1240 2063 reddente
1264 2027 1426 2072 gratiora.
1464 2027 1593 2073 quippe
1611 2038 1678 2060 non

216 2086 296 2109 raro
326 2074 442 2108 statim
470 2087 511 2109 ac
543 2075 630 2120 quis
652 2074 696 2109 de
724 2087 787 2110 sua
809 2076 968 2121 quapiam
997 2075 1204 2109 necessitate
1227 2074 1393 2108 retulerat
1415 2073 1459 2108 ad
1482 2073 1680 2118 principem,

218 2122 248 2155 is
270 2120 343 2154 sine
365 2131 459 2154 mora
482 2121 629 2167 diploma
652 2121 781 2166 regium
802 2122 871 2168 ipsi
894 2122 984 2168 quod
1009 2121 1206 2168 postulabat
1231 2131 1387 2154 asserens
1409 2120 1444 2154 in
1467 2131 1600 2153 manum
1619 2118 1679 2153 da-

219 2168 302 2207 bat,
325 2166 414 2200 unde
437 2165 469 2201 is
490 2166 604 2201 laetus
627 2167 762 2210 abibat,
786 2169 850 2203 etsi
873 2179 1108 2214 nonnunquam
1131 2179 1196 2201 non
1221 2166 1286 2200 nisi
1308 2172 1388 2211 post
1409 2165 1580 2200 biennium
1596 2176 1681 2211 pen—

219 2213 269 2246 sio
296 2212 503 2247 numeranda
524 2214 807 2259 perscriberetur.
851 2214 974 2260 quodsi
1007 2225 1124 2258 quem,
1155 2213 1214 2247 ubi
1237 2212 1403 2258 scriptum
1423 2214 1575 2257 legerat,
1605 2217 1682 2245 tae-

219 2260 318 2292 deret
340 2270 454 2292 morae
477 2261 690 2305 referretque
713 2260 860 2306 diploma
882 2269 917 2295 et
940 2260 1083 2306 gratiam
1104 2258 1359 2306 repraesentari
1392 2262 1572 2305 posceret,
1606 2257 1682 2303 pla-

214 2304 316 2338 cidus
335 2304 397 2353 ⁴ille
423 2316 464 2338 ac
489 2305 646 2340 renidens
670 2307 936 2351 recognoscebat
957 2307 1139 2351 scriptum,
1176 2311 1213 2339 et
1244 2305 1303 2339 ubi
1332 2316 1455 2339 revera
1485 2304 1627 2338 dilatum
1645 2303 1682 2338 in

221 2351 403 2384 secundam
425 2350 641 2386 indictionem
665 2353 788 2387 donum
807 2353 966 2396 videbat,
994 2352 1084 2386 ultro
1109 2352 1291 2386 damnabat
1310 2351 1517 2397 scripturam
1539 2348 1638 2396 quasi
1659 2361 1682 2383 a

222 2407 341 2441 parum
365 2399 497 2430 attento
520 2398 722 2445 minimeque
745 2400 900 2433 assecuto
933 2401 1076 2433 mentem
1109 2410 1205 2433 suam
1236 2397 1373 2432 librario
1400 2399 1598 2439 formatam,
1627 2395 1681 2429 iu-

220 2443 393 2488 bebatque
425 2443 561 2488 corrigi.
608 2445 660 2479 his
683 2450 719 2479 et
741 2445 907 2480 similibus
930 2446 973 2479 de
997 2444 1108 2479 causis
1134 2444 1360 2490 profundebat
1382 2442 1524 2488 largiter
1547 2440 1681 2476 aerario

223 2488 316 2534 prius
351 2488 446 2532 regio
477 2490 631 2524 conditas
661 2502 755 2536 opes.
802 2495 839 2526 et
873 2491 916 2526 ad
950 2491 1141 2526 concionem
1171 2490 1297 2537 passim
1327 2490 1468 2535 loquens
1498 2487 1608 2522 omnia
1636 2486 1681 2521 ad

224 2534 419 2579 popularem
449 2535 596 2579 gratiam
628 2537 834 2583 composita,
868 2542 1015 2583 utraque
1045 2548 1123 2571 mox
1157 2547 1257 2571 manu
1290 2535 1471 2570 hauriebat
1504 2546 1524 2569 e
1547 2533 1682 2579 publico

221 2580 382 2614 thesauro
415 2580 483 2614 vim
513 2583 680 2627 pecuniae
710 2584 879 2628 ingentem
893 2610 903 2626 ,
936 2582 1137 2618 effusissime
1166 2582 1346 2629 proiiciens
1375 2592 1463 2627 quae
1486 2579 1682 2615 avidissime

220 2626 475 2670 colligebantur.

315 2672 412 2707 Haec
433 2672 568 2717 quidem
592 2673 641 2707 sic
663 2685 700 2708 se
722 2675 904 2710 habebant.
951 2676 1024 2720 (6)
1055 2678 1226 2710 caeterum
1248 2674 1304 2709 ille
1327 2685 1452 2719 operae
1475 2671 1621 2719 pretium
1644 2681 1682 2706 se

223 2720 393 2753 facturum
414 2727 530 2761 ratus,
562 2719 593 2754 si
616 2732 713 2754 arces
736 2721 899 2765 muniret,
930 2722 1029 2756 simul
1051 2725 1087 2755 et
1110 2720 1283 2767 praesenti
1305 2722 1488 2764 conspectu
1511 2717 1683 2752 exhibitu-

224 2777 283 2799 rus
310 2764 464 2810 populis,
496 2765 556 2811 qu'i
576 2766 647 2800 eius
670 2765 907 2803 acclamationi
927 2780 992 2802 non
1013 2768 1259 2807 interfuerant,
1291 2765 1460 2811 specimen
1483 2764 1548 2799 sibi
1571 2762 1684 2798 credi-

224 2817 282 2845 tae
305 2822 484 2856 supremae
507 2812 708 2856 potestatis‚
739 2813 1004 2860 philadelphiam
1027 2813 1183 2848 decrevit
1205 2812 1392 2858 proficisci,
1427 2811 1546 2845 relicto
1577 2820 1683 2855 puero

224 2858 355 2901 collega
376 2857 578 2901 Magnesiae
613 2870 688 2892 cum
712 2860 827 2905 regio,
860 2861 913 2894 uti
936 2871 999 2904 par
1021 2865 1120 2902 erat,
1153 2859 1325 2894 satellitio.
1370 2864 1507 2892 secutus
1531 2867 1607 2891 eum
1630 2859 1684 2889 est

223 2903 402 2938 universus
425 2904 614 2947 exercitus,
652 2905 864 2941 circumdans
893 2906 1083 2953 principem
1104 2917 1179 2941 cum
1203 2905 1356 2940 omnibus
1379 2907 1415 2938 et
1439 2903 1530 2938 veris
1550 2900 1683 2937 indiciis
