1884 3262
256 198 370 247 550<
647 196 957 242 OBSERVAT.
986 194 1299 240 PACHYMER.

371 301 657 360 βεβρᾶναις
683 318 725 359 p.
748 302 889 348 492v.
910 306 975 346 19.
1031 303 1097 342 ita
1114 305 1364 345 concorditer
1387 310 1469 346 tres
1495 305 1610 345 codd.
1628 306 1709 344 nisi

261 363 371 417 quod
393 362 481 401 Vat.
504 362 553 400 ad
581 361 794 414 βεβρᾶναις
816 361 926 399 addit
943 361 1169 415 συμπίσσῃ,
1198 361 1340 400 omissa
1355 374 1453 401 voce
1473 358 1711 405 01161.νο-

258 421 341 460 luit
355 419 498 471 opinor
513 431 660 471 ponere
677 415 752 458 σῦν
769 417 906 477 πίσσῃ,
934 423 979 454 ut
999 417 1236 468 significaret
1252 418 1378 470 picem
1398 418 1568 457 additam
1586 432 1711 457 mem·

259 475 394 517 branis
416 473 574 513 urendis
593 487 713 527 supra
741 482 862 526 caput
891 473 1093 520 Calo‘ida03
1123 473 1190 525 qui
1211 474 1269 512 sic
1293 473 1446 526 capillis
1461 474 1614 515 flamma
1634 489 1710 527 ap-

260 533 408 586 plicata
434 530 627 598 correptis
655 536 885 568 excaecatus
915 529 1033 568 miser
1056 535 1126 569 est.
1187 527 1401 583 βεβραναις
1430 537 1527 582 puto
1558 531 1711 569 dictum

261 602 336 642 pro
352 583 568 639 μεβραναις
585 600 635 625 ex
649 599 746 626 voce
766 586 901 624 Latina
920 586 1196 623 membranae:
1226 586 1322 637 quid
1337 587 1439 625 enim
1458 586 1565 625 aliud
1585 589 1715 640 suspi-

263 644 360 683 cer?
390 643 487 694 quin
503 643 578 681 nisi
598 657 659 680 mc
675 643 806 682 deten
807 648 888 680 eret
906 655 1117 681 consensus
1138 642 1337 690 codicum,
1367 643 1565 681 crederem
1581 656 1714 683 errore

262 699 516 740 librariorum
547 699 740 751 scriptum
770 694 986 751 βεβραναις
1013 712 1086 750 pro
1109 695 1345 751 μεβρᾶναις,
1375 713 1422 737 eo
1441 699 1714 752 deceptorum,

264 756 374 809 quod
400 755 444 793 in
470 755 608 808 primis
635 755 924 807 exemplaribus
951 756 1058 794 unde
1086 754 1342 806 exscripsere,
1381 753 1427 797 τό
1457 757 1484 808 β
1514 768 1557 794 ea
1588 755 1716 807 figura

262 812 495 866 pingeretur
516 824 615 862 quae
636 825 775 864 parum
794 811 916 849 distat
935 826 956 849 a
978 828 1016 864 μ.
1073 810 1151 849 hoc
1179 810 1265 849 fieri
1294 812 1525 864 plerumque
1554 812 1718 850 solitum

264 882 369 919 esse,
397 874 548 906 norunt
563 867 631 918 qui
647 869 690 906 in
707 867 888 906 codicum
909 868 1149 906 Graecorum
1171 881 1292 906 manu
1310 874 1556 907 exaratorum
1574 868 1721 906 lectio-‘-

264 938 317 964 ne
334 924 482 963 versati
504 930 611 963 sunt.
665 924 800 962 locum
826 937 947 975 porro
976 924 1108 974 hunc,
1138 930 1185 962 ut
1204 923 1247 962 in
1265 924 1380 965 codd.
1399 925 1551 963 duobus
1577 925 1608 963 B
1627 930 1666 962 et
1683 923 1720 962 A

264 981 488 1051 legebatur,
517 979 805 1049 emendandum
832 993 882 1018 ex
909 980 1099 1018 Vaticano
1123 980 1286 1032 putavi,
1314 981 1498 1019 restituto
1526 980 1720 1020 inlocum

265 1037 381 1079 verbi
400 1031 492 1077 omn
510 1038 569 1092 τῷ
590 1033 665 1077 συν
683 1037 828 1090 πίσσῃ,
853 1035 960 1087 quod
983 1036 1053 1075 ille
1073 1036 1246 1087 suggerit
1274 1037 1366 1075 satis
1384 1037 1434 1075 ad
1452 1050 1538 1075 1em
1557 1037 1719 1078 faciens.

382 1077 581 1140 Βέκλας
614 1106 658 1144 p.
694 1095 748 1135 28
780 1105 820 1131 v-
852 1091 917 1134 14.
971 1108 1016 1134 το
1046 1090 1204 1146 συμβοῖν
1232 1091 1298 1133 ἐπὶ
1326 1095 1381 1147 τῷ
1407 1089 1532 1133 πάλαι
1558 1092 1718 1141 Βέκλας.

266 1148 474 1189 notissima
500 1154 559 1187 est
588 1148 808 1201 impostura
836 1147 989 1198 Photii,
1029 1161 1106 1200 qua
1138 1149 1198 1187 sui
1219 1149 1510 1187 revocationem
1533 1149 1581 1187 ab
1602 1149 1720 1187 exilio

267 1205 494 1244 eblanditus
512 1210 570 1243 est
588 1218 610 1242 a
629 1205 793 1257 decepto
813 1204 958 1242 Basilio
973 1204 1211 1256 imperatore
1223 1234 1235 1255 ,
1264 1205 1442 1244 fabulosa
1468 1205 1551 1243 eius
1578 1218 1722 1256 genea-

267 1261 374 1313 logia
408 1260 637 1313 supposita,
669 1260 816 1312 inqua
844 1260 975 1312 ipsum
1002 1259 1193 1299 Basilium
1211 1260 1448 1313 prophetice
1476 1260 1723 1313 designatum

272 1316 643 1356 comminiscebatur
659 1316 854 1355 vocabulo
875 1317 1024 1354 Beelas·
1045 1317 1213 1355 formato
1236 1330 1257 1355 e
1287 1317 1569 1368 primisliteris
1594 1317 1724 1356 nomi·

270 1386 371 1413 num
388 1372 521 1411 Basilii
536 1372 660 1425 ipsius
672 1402 684 1424 ,
713 1379 802 1412 tum
821 1371 940 1411 huius
959 1373 1134 1423 coniugis
1153 1373 1373 1423 Eudociae,
1403 1373 1578 1412 filiorum
1602 1387 1727 1426 prae-

272 1435 379 1468 terea
398 1429 527 1482 ipsius
543 1435 735 1481 quatuor,
766 1428 1038 1478 Constantini,
1069 1429 1224 1480 Leonis,
1254 1429 1491 1479 Alexandri,
1522 1430 1724 1482 Stephani.

274 1499 322 1524 ea
341 1486 429 1525 fuse
445 1490 659 1524 narrantur
686 1499 708 1523 a
727 1485 900 1526 Niceta'
887 1499 932 1525 m
952 1485 1036 1526 vita
1066 1486 1105 1525 S.
1125 1485 1269 1538 Ignatii
1297 1485 1546 1540 patriarchae
1563 1487 1625 1526 ΟΡ
1642 1493 1682 1527 et
1696 1500 1725 1525 a

274 1541 538 1581 Constantino
557 1541 747 1581 Manasse.

388 1595 592 1653 Βλάγκα
619 1605 661 1651 p-
682 1596 764 1642 365
793 1611 832 1638 v.
854 1596 920 1641 14.
975 1595 1022 1639 τό
1049 1595 1093 1638 δὲ
1094 1595 1217 1668 πρός
1236 1595 1303 1639 τᾶν
1331 1595 1500 1654 Βλαγκα.
1558 1599 1613 1638 ita
1631 1599 1722 1640 cod.

275 1653 790 1696 Allatianun.Barbe1-inus
827 1667 922 1694 vero
955 1652 1000 1696 τὸ
1029 1651 1126 1707 πρὸς
1159 1658 1217 1711 τῷ
1242 1652 1402 1712 Βλᾶγκᾳ
1437 1655 1726 1697 κοντοσκὲλιον.

276 1710 495 1749 Vaticanus
522 1710 605 1749 sine
627 1711 825 1751 mentione
852 1711 1127 1752 κοντοσκελίου
1147 1698 1205 1750 sie
1231 1710 1367 1750 habet:
1394 1708 1438 1752 τὸ
1460 1710 1505 1752 δὲ
1530 1709 1633 1766 πρὸς
1653 1709 1726 1753 τὸν

279 1764 486 1820 Βλαγκαν,
507 1766 551 1806 id
578 1768 755 1807 referens
780 1767 831 1805 ad
847 1780 995 1806 vocem
1009 1764 1200 1820 νεώριον,
1228 1768 1396 1819 navale,
1425 1769 1602 1821 superius
1621 1768 1726 1821 posi-

278 1827 374 1862 tam.
421 1822 518 1874 quid
544 1823 663 1862 fuerit
691 1823 759 1861 hic
782 1824 947 1861 Blanca
973 1823 1037 1863 vel
1066 1824 1272 1874 Blancas,
1301 1825 1344 1862 in
1371 1825 1636 1863 monumentis
1656 1830 1729 1863 aut:

279 1878 622 1946 descriptionibus
631 1879 1087 1931 Constantinopolitanae
1096 1879 1205 1918 urbis
1219 1879 1392 1932 reperire
1407 1881 1585 1919 nondum
1601 1880 1728 1933 potui.

394 1930 654 1999 ficana-0255·
691 1948 731 1987 p.
760 1935 842 1978 355
866 1948 907 1974 v
933 1938 972 1977 7.
1029 1935 1087 1973 sic
1121 1936 1293 1988 optimus
1322 1936 1450 1975 codex
1477 1937 1728 1987 Barberinus,

284 1989 398 2028 cuius
421 1991 651 2029 auctoritate
678 1990 954 2042 corrigendum
971 1997 1154 2043 putamus
1181 1991 1418 2030 Allatianum
1440 1992 1507 2044 qui
1528 1988 1730 2046 βοασκονς

282 2046 389 2084 clare
409 2046 514 2098 legit.
569 2060 661 2085 nam
681 2053 720 2086 et
737 2047 970 2096 Vaticanus,
999 2047 1127 2085 licet
1115 2061 1156 2086 m
1181 2046 1258 2086 boc
1277 2048 1473 2086 vocabulo
1493 2048 1728 2100 balbutiens,

284 2101 408 2153 magis
435 2102 490 2141 ad
517 2102 774 2142 Barberinum
799 2103 990 2153 inclinat,
1031 2103 1126 2143 dum
1153 2103 1210 2142 sic
1238 2103 1399 2143 exhibet
1433 2105 1543 2143 hunc
1573 2105 1730 2146 locum:

286 2155 361 2206 οὓς
376 2154 426 2207 δὴ
449 2156 654 2211 βοασμοῦς
671 2159 714 2201 οἷ
731 2158 861 2201 κοινοι
884 2159 1075 2214 λέγουσιν.
1133 2167 1295 2212 apparet
1311 2161 1451 2200 boatus
1473 2161 1622 2200 Graeca
1639 2161 1731 2199 1111-

285 2226 361 2264 gua
376 2215 531 2266 vulgari
552 2213 753 2269 βοασμούς
778 2216 928 2266 dictos,
965 2222 1004 2254 et
1029 2222 1215 2269 prompta
1238 2223 1295 2255 est
1322 2217 1530 2268 originatio
1561 2233 1640 2259 awo
1657 2219 1730 2258 τοῦ

281 2270 391 2323 βοοῖν
409 2276 448 2309 et
464 2267 641 2323 βοάζειν,
668 2272 774 2312 unde
789 2273 937 2312 rectior
955 2272 1130 2326 analogia
1150 2273 1283 2327 potius
1304 2269 1484 2328 βοασμόν
1500 2271 1732 2314 formaverit

285 2338 404 2378 quam
422 2324 613 2378 βοασκόν.

400 2384 602 2437 Γαβρᾶς
637 2397 677 2437 p.
704 2386 788 2428 282
814 2398 854 2426 v.
886 2388 950 2428 10.
1018 2383 1178 2425 invenio
1210 2381 1347 2440 Γᾶβροι
1379 2399 1524 2426 nomen
1557 2385 1729 2425 civitatis

287 2436 465 2476 Persicae
480 2440 589 2490 apud
608 2441 892 2491 Ptolemaeum,
923 2455 972 2479 ex
991 2455 1066 2493 qua
1079 2442 1244 2481 maioles
1263 2443 1447 2481 Germani
1466 2441 1728 2494 patriarchae,

291 2492 342 2531 de
369 2507 446 2545 quo
472 2494 538 2533 hic
563 2496 716 2546 agitur,
753 2503 862 2536 ortos
893 2498 1084 2550 oportuit.
1143 2505 1342 2537 caeterum
1371 2499 1473 2538 ratio
1494 2495 1731 2545 ἀντιθέσεως

292 2549 467 2600 exigeret
483 2556 530 2588 ut
550 2566 574 2588 a
595 2552 723 2590 Gabra
739 2554 885 2603 gentile
904 2568 1047 2593 nomen
1067 2555 1321 2605 formaretur,
1353 2556 1459 2606 quod
1476 2553 1732 2606 responderet

152 2614 180 2649 P
204 2613 271 2651 376
293 2607 352 2660 τῷ
379 2602 524 2655 Λάζος.
580 2607 657 2645 nisi
691 2615 824 2648 noster
854 2612 1013 2665 Γαβροῖς
1039 2611 1082 2649 in
1113 2618 1222 2650 recto
1254 2625 1328 2663 pro
1358 2607 1557 2665 Γαβρεύς
1553 2615 1631 2647 -aut
1655 2612 1751 2657 I'ar

295 2662 434 2755 βραιῖος
450 2662 646 2715 posuerit,
674 2677 811 2704 norma
838 2667 1008 2719 quadam
1033 2680 1104 2706 sua
1124 2669 1308 2721 propria,
1338 2673 1384 2707 ut
1402 2672 1507 2706 amat
1522 2678 1612 2704 cum
1631 2678 1732 2719 pau-
1808 2667 1811 2670 ’

294 2731 351 2755 cis
386 2718 494 2769 oqui.

410 2777 544 2827 Γασμ
553 2776 717 2816 ουλοι
745 2781 785 2814 et
811 2774 1177 2829 Γασμουλικόν
1215 2792 1254 2831 p.
1280 2780 1362 2821 309
1393 2790 1430 2817 ν.
1458 2779 1525 2820 14.
1589 2777 1734 2828 vulgus

296 2790 558 2881 Byzantinum
579 2830 776 2884 Hybridas
789 2844 846 2870 ex
875 2833 1023 2872 Latinis
1052 2834 1251 2887 patribus,
1283 2833 1473 2874 matribus
1491 2833 1650 2873 Graecis
1669 2846 1735 2872 na·
