1846 3262
200 177 298 223 200
619 170 855 217 GEORGII
889 168 1246 214 PACHYMERIS

202 284 405 334 δεσπότου
435 281 604 341 πάσχειν
634 283 796 340 ἐπέστη.
867 281 967 327 ἀλλ’
1005 280 1071 326 ὅτι
1101 282 1155 326 τὰ
1185 281 1293 343 καθ’
1316 280 1426 338 ἡμᾶς
1445 281 1488 326 ἔν
1509 287 1672 342 ταραχῇ

203 357 472 412 κατέστησενς
510 353 605 397 ἀλλ’
629 351 728 409 ἡμῖν
744 370 787 410 γε
805 350 1166 410 προθυμουμένοις
1184 354 1343 406 μᾶλλον
1360 350 1386 406 ἢ
1410 349 1547 410 τούτῳ
1565 352 1673 408 με’μ-
1727 379 1731 389 .

203 422 330 482 ψοιτό
358 441 434 474 τις.
503 421 599 465 ἀλλ’
634 420 697 466 ὅτι
727 420 933 479 ὗπεκρίθη
958 421 1030 464 τὸν
1061 420 1235 474 βασιλέα
1266 421 1334 463 καὶ
1363 421 1671 478 προσικέτευσε,·

204 496 273 538 καὶ
306 497 470 550 πρῶτον
501 492 577 548 μὲν
610 491 673 541 τίς
701 489 808 534 οἶδεν
839 489 891 534 ἂν
912 490 1053 545 ἀληθῆ
1073 493 1205 532 ταῦτα
1215 508 1230 544 ,·
1267 488 1370 549 ῥᾷον
1387 489 1529 540 αὐτοῖς
1546 490 1673 534 ἄλλον

155 575 185 610 c
210 562 298 607 ἀντὶ
317 565 391 604 τοῦ
411 560 600 614 ἀληθοῦς
619 560 848 617 ἐμφανίζειν
869 560 937 602 καὶ
955 558 1143 612 ἀπατᾶν,
1181 559 1215 600 εἲ
1235 557 1466 612 ἐπισταῖμεν
1477 590 1491 612 ,
1527 557 1554 614 ἢ
1575 564 1707 605 τοῦ-5

205 649 278 676 τον
309 629 436 674 ἄλλον
469 628 570 673 ὄντα
604 630 753 672 ἐκεῖνον
786 626 1111 686 ὑποκρινεῖσθαι.
1140 630 1145 634 “
1183 624 1269 670 εἶτα
1305 626 1411 670 ἴστω
1438 628 1675 673 καὶτοῦτο.

207 698 315 756 πλὴν
346 702 447 742 πᾶσι
477 698 552 752 μὲν
580 695 605 753 ἦ
633 701 708 741 τοῦ
738 698 922 747 πλείονος
943 697 1100 755 ἔφεσις,
1137 697 1205 738 καὶ
1225 695 1436 752 ἀγαπητὸν
1456 697 1531 751 μὲν
1550 696 1677 741 αὐτὸν

208 769 381 812 ἕκαστον
420 765 523 811 ὄντα
563 766 636 810 τὸν
679 764 1008 821 σπουδαζόμενον
1050 769 1134 809 τῶν
1175 768 1312 809 καλῶν
1355 761 1593 821 τυγχάνειν,
1643 767 1679 809 εἲ

209 837 253 880 δ’
287 832 382 890 οὖν,
418 834 526 879 ἀλλὰ
553 836 621 878 καὶ
642 835 690 878 τὸ
711 836 922 895 δοκοῦντα
943 831 1245 891 μεγαλύνεσθαι
1262 839 1413 891 μοῖραν
1436 833 1486 877 οὗ
1509 834 1584 890 τὴν
1604 851 1680 878 τυ-

207 909 367 963 χοῦσαν
405 905 639 962 φιλοτιμίας
667 903 758 959 ἔχει.
830 905 873 947 τί
900 899 972 947 οὖν
1004 901 1166 953 ἑαυτοῖς
1197 902 1392 961 ἀφέμενοι
1422 902 1677 961 μέμφεσθαι,
1691 914 1735 950 1ο

211 977 563 1032 συναρπασθεῖσιν
586 971 718 1023 οὕτως
737 974 804 1016 καὶ
822 974 1011 1016 κίνδυνον
1033 972 1375 1030 ἓπανῃρημένοις,
1410 976 1557 1027 μῶμον
1578 973 1681 1016 ἐκεί-

158 1055 190 1090 D
215 1060 273 1103 νῳ
289 1043 592 1100 προστρῖβομεν
600 1075 614 1095 ,
650 1044 717 1085 καὶ
734 1041 824 1085 ἀντὶ
843 1046 916 1086 τοῦ
938 1039 1078 1094 σώζειν
1096 1042 1272 1100 μεγίστῳ
1293 1038 1466 1100 κινδύνῳ
1484 1039 1682 1097 περιβάλ-

210 1116 358 1168 λομεν,·
396 1110 533 1160 ἄλλως
560 1127 603 1154 τε
613 1142 628 1164 ,
666 1112 701 1154 εἲ
727 1111 799 1154 καί
822 1111 861 1154 οἳ
890 1110 942 1154 τὰ
964 1107 1203 1166 παγχάλεπα
1221 1109 1475 1166 πέπρακται,
1511 1109 1559 1152 τὸ
1583 1114 1683 1166 γοῦν

212 1185 351 1237 σχῆμα
378 1184 453 1234 τῆς
483 1179 651 1230 ἱκετείας
683 1179 823 1223 ἱκανὸν
853 1181 920 1222 καὶ
950 1178 1022 1222 τὸν
1049 1176 1239 1239 κάκιστον
1258 1176 1410 1231 σώζειν.
1484 1177 1581 1221 οὐδὲ
1600 1179 1681 1236 γὰρ

213 1248 265 1293 ἂν
293 1249 337 1292 τί
359 1252 511 1292 παθεῖν
542 1248 689 1291 ἐκεῖνον
698 1280 712 1301 ,
751 1247 856 1290 ἀλλὰ
883 1248 926 1291 τί
953 1254 1081 1291 ποιεῖν
1107 1246 1220 1299 ἄξιον
1249 1246 1360 1303 ἡμᾶς
1387 1248 1753 1305 προσκοπεῖν.”15·

212 1321 346 1363 ταῦτα
375 1320 497 1360 τινῶν
526 1314 725 1373 λεγόντων
745 1315 874 1360 ἐδόκει
893 1317 999 1360 τισὶν
1024 1316 1182 1367 ἀδοξεῖν
1202 1316 1255 1360 τὰ
1270 1313 1450 1373 μεγάλα,
1495 1318 1529 1359 εἲ
1553 1334 1684 1360 κατα-

212 1392 406 1444 προοῖντο
431 1385 504 1428 τὸν
526 1385 672 1441 ἱκέτην.
741 1386 810 1428 καὶ
825 1385 874 1429 τὸ
891 1385 965 1441 μὲν
987 1386 1180 1441 διηνεκῶς
1198 1389 1385 1440 πολεμεῖν
1419 1386 1517 1440 (καὶ
1535 1385 1614 1442 γὰρ
1633 1385 1685 1429 ἃν

165 1460 197 1496 Ε
221 1453 377 1513 ἀνάγκῃ
397 1453 515 1497 τοῦτ’
538 1452 639 1497 εἶναι
660 1453 719 1510 μὴ
740 1453 1069 1511 περιγενομένους
1086 1458 1169 1499 τῶν
1191 1451 1357 1498 πάντων
1369 1486 1383 1507 ,
1417 1458 1540 1498 τοῦτο
1565 1454 1608 1498 δ’
1632 1450 1685 1512 ’ἦν

306 1551 342 1588 5.
366 1546 537 1598 ἄπαντᾷν
563 1550 606 1584 Ρ.
745 1549 800 1587 15.
827 1547 900 1595 ἂν]
924 1550 1006 1587 δεῖῖ
1145 1552 1201 1586 18.
1223 1550 1549 1597 περιγενομένοις-’.7

215 1629 444 1676 gestientibus
465 1639 529 1674 pro
552 1626 684 1662 domino
706 1627 832 1665 iniusta
853 1640 956 1675 passo
982 1628 1182 1665 vindicando
1209 1641 1364 1676 pugnare
1386 1631 1594 1676 supervenit.
1641 1640 1690 1667 an*

215 1677 298 1712 illud
321 1675 556 1716 causabimur,
579 1673 653 1708 eius
676 1675 791 1719 gratia
813 1677 1032 1722 perturbatas
1054 1688 1111 1710 res
1133 1681 1269 1711 nostras
1291 1677 1395 1711 esse?
1429 1677 1526 1722 atqui
1548 1679 1688 1713 nostrae

215 1722 332 1762 verius
365 1720 544 1766 praecipiti
575 1720 619 1754 ad
652 1721 840 1757 novandum
864 1722 1030 1757 audaciae
1051 1734 1153 1768 quam
1178 1723 1258 1757 huic
1281 1723 1381 1768 culpa
1401 1722 1501 1757 istius
1524 1724 1688 1759 tumultus

216 1765 450 1814 imputabitur.
496 1777 540 1800 an
563 1766 653 1811 quod
677 1777 715 1800 se
737 1767 980 1813 imperatorem
1001 1780 1078 1803 esse
1100 1768 1290 1811 simulavit,
1323 1774 1359 1803 et
1381 1772 1421 1803 ut
1443 1769 1503 1803 tali
1526 1770 1590 1804 sibi
1607 1781 1689 1805 suc-

221 1824 434 1850 curreremus
456 1812 595 1847 oravit‘iz
641 1813 783 1856 primum
807 1813 883 1859 quis
906 1814 972 1849 scit
996 1814 1174 1849 simulasse
1196 1813 1298 1856 illum,
1322 1818 1358 1849 et
1379 1826 1447 1848 non
1470 1827 1547 1850 esse
1570 1827 1688 1851 verum

221 1860 356 1907 qualem
389 1869 428 1893 se
460 1858 610 1892 nominat
637 1857 824 1894 Ioannem?
871 1862 907 1893 et
929 1860 984 1894 cui
1009 1864 1103 1895 certo
1127 1862 1254 1905 poterit
1277 1863 1433 1895 constare
1454 1860 1549 1895 illum
1572 1861 1688 1905 alium,

222 1917 323 1952 quem
357 1904 540 1940 ostendere
568 1903 666 1938 nobis
699 1915 738 1939 se
771 1909 912 1950 paratos
942 1907 1057 1948 aiunt,
1090 1907 1292 1941 custoditum
1322 1906 1413 1951 apud
1434 1906 1527 1952 ipsos
1550 1918 1690 1943 caecum

221 1950 508 1987 adolescentulum
540 1961 664 1985 revera
693 1950 857 1986 Ioannem
897 1963 974 1986 esse
1005 1952 1212 1986 Lascarim‘e
1256 1952 1378 1986 deinde
1409 1958 1483 1987 esto
1514 1953 1585 1995 ita,
1619 1954 1688 1989 sita

222 2003 338 2032 tamen
358 1996 421 2031 isti
444 1995 584 2040 culpae,
608 2007 651 2030 ne
674 2007 696 2030 a
719 1998 816 2032 nobis
838 2001 909 2032 tam
932 1998 1096 2032 atrociter
1118 1997 1321 2033 vindicanda
1335 1998 1510 2040 videatur,
1533 2011 1690 2044 magnam

222 2047 358 2090 partem
389 2041 539 2076 detrahit
568 2041 719 2076 invidiae
748 2043 866 2078 innata
898 2044 1050 2078 omnibus
1073 2049 1110 2078 et
1131 2044 1201 2079 late
1224 2043 1405 2078 communis
1436 2045 1604 2090 cupiditas
1625 2057 1690 2081 au-

224 2089 328 2134 gendi
350 2089 521 2123 fortunam
543 2099 649 2131 suam,
673 2089 875 2133 praesertim
894 2089 1074 2134 ingerente
1097 2102 1134 2125 se
1157 2090 1334 2125 crescendi
1355 2091 1531 2126 occasione
1555 2097 1591 2126 et
1612 2096 1689 2127 stu-

224 2136 292 2170 diis
323 2134 491 2169 hominum
521 2133 612 2168 ultro
646 2135 689 2168 ad
721 2136 849 2171 maiora
877 2136 1099 2178 vocantibus3
1135 2148 1202 2182 quo
1228 2141 1381 2182 tempore
1404 2137 1480 2182 quis
1502 2149 1569 2171 non
1592 2137 1692 2173 venia

225 2181 363 2226 dignam
395 2180 568 2215 existimet
599 2180 812 2216 ambitionem
847 2180 921 2216 eius
943 2182 1002 2227 qui
1023 2193 1164 2227 regnum
1186 2193 1208 2216 a
1230 2181 1423 2217 volentibus
1453 2183 1601 2218 delatum
1623 2195 1692 2219 non

225 2226 465 2272 recusaverit?
511 2225 596 2271 quid
627 2226 733 2271 igitur
763 2227 887 2263 attinet
917 2228 1016 2263 nobis
1046 2228 1147 2274 culpa
1178 2228 1296 2263 solutis
1325 2228 1377 2262 illi
1411 2228 1537 2264 crimen
1565 2229 1692 2275 impin-

227 2273 337 2317 gere?
381 2283 483 2317 quem
503 2273 622 2316 utique
645 2275 819 2308 absentem
839 2274 1088 2318 desideratum,
1127 2278 1361 2309 occurrentem
1383 2281 1536 2310 evectum
1549 2301 1561 2320 ‚
1596 2286 1639 2310 ac
1660 2274 1692 2311 si

227 2318 309 2364 quid
331 2317 367 2351 in
388 2329 429 2352 eo
452 2317 613 2363 deliquit,
643 2330 790 2364 peccare
813 2331 834 2355 a
855 2320 952 2355 nobis
975 2324 1129 2355 coactum
1152 2320 1245 2355 tueri
1266 2321 1380 2366 potius
1409 2325 1445 2355 et
1466 2332 1607 2356 servare
1628 2321 1692 2356 de-

227 2365 387 2399 beremus
417 2374 539 2408 quam,
574 2364 667 2409 quod
690 2364 763 2401 sine
784 2366 875 2402 iusta
895 2366 1148 2412 vituperatione
1180 2368 1358 2412 nequimus
1389 2367 1528 2410 facere,
1558 2367 1692 2412 gravis-

229 2409 314 2444 simo
344 2409 438 2442 illum
469 2409 621 2455 periculo
652 2421 844 2456 exponere,
880 2412 1120 2448 sitientissimis
1151 2413 1281 2447 cruoris
1310 2412 1383 2447 eius
1405 2412 1515 2458 ipsum
1537 2413 1693 2448 hostibus

230 2454 462 2490 condonando.
509 2455 607 2500 atqui
627 2457 683 2490 vel
705 2457 907 2493 atrocissimi
928 2462 1135 2505 compertum
1159 2458 1415 2504 convictumque
1435 2458 1560 2503 flagitii
1583 2458 1694 2504 pessi-

231 2511 389 2546 mumque
412 2500 522 2545 palam
547 2504 650 2546 caput
671 2502 810 2538 habitus
833 2504 1018 2551 supplicis,
1039 2506 1094 2539 fas
1117 2516 1158 2539 ac
1179 2504 1386 2539 verecundia
1408 2503 1636 2549 confugientis
1657 2504 1694 2539 in

230 2547 334 2581 fidem
356 2549 462 2592 atque
487 2546 617 2590 asylum
639 2550 861 2592 protectionis
884 2554 1040 2593 nostrae,
1061 2554 1242 2597 praestare
1261 2550 1426 2586 intactum
1446 2550 1694 2596 immunemque

230 2592 395 2627 communi
418 2592 635 2627 humanitatis
657 2594 780 2630 officior
796 2596 953 2632 deberet:
977 2608 1088 2643 neque
1110 2596 1198 2632 enim
1220 2599 1302 2631 tunc
1324 2600 1395 2631 tam
1417 2601 1577 2641 spectare
1590 2606 1696 2643 opor-

233 2641 327 2673 teret
348 2637 430 2684 quid
452 2649 528 2672 eum
548 2638 624 2684 pati
645 2638 773 2674 iustum
794 2645 910 2687 esset,
942 2654 1043 2688 quam
1074 2642 1155 2689 quid
1185 2653 1248 2678 nos
1275 2644 1391 2678 facere
1413 2641 1563 2677 deceret.
1609 2641 1696 2676 talia

234 2683 372 2730 quidam
400 2683 608 2718 disserentes
639 2686 890 2729 persuadebant
920 2689 1090 2734 aliquibus
1123 2700 1189 2723 non
1214 2699 1316 2735 posse
1346 2687 1420 2723 sine
1449 2699 1578 2723 summa
1609 2698 1696 2722 suae

235 2730 351 2775 gentis
381 2728 521 2764 infamia.
550 2729 648 2776 prodi
682 2732 726 2766 ab
758 2732 847 2778 ipsis
870 2733 1016 2780 dedique
1037 2734 1192 2776 hostibus
1213 2733 1410 2782 supplicem.
1454 2733 1558 2768 iidem
1578 2735 1695 2768 tamen

234 2775 330 2810 anxii
351 2786 465 2811 secum
486 2775 720 2821 inquirebant:
752 2779 834 2824 quid
864 2779 969 2824 igitur
995 2781 1187 2825 agendqu
1229 2787 1343 2816 utrum
1363 2779 1579 2826 pugnandum
1605 2790 1695 2814 sem-

235 2822 326 2867 per‘?
371 2821 408 2857 id
440 2821 569 2870 quippe
595 2824 783 2860 necessario
807 2825 966 2873 consequi
989 2837 1032 2861 ex
1054 2826 1228 2874 proposito
1251 2825 1493 2873 perseverandi
1513 2826 1557 2870 ad
1579 2827 1695 2861 extre-
