<?xml version="1.0" encoding="UTF-8"?>
<!DOCTYPE html PUBLIC "-//W3C//DTD XHTML 1.0 Transitional//EN"
    "http://www.w3.org/TR/xhtml1/DTD/xhtml1-transitional.dtd">
<html xmlns="http://www.w3.org/1999/xhtml" xml:lang="en" lang="en">
 <head>
  <title>
</title>
<meta http-equiv="Content-Type" content="text/html;charset=utf-8" />
  <meta name='ocr-system' content='tesseract 3.04.00' />
  <meta name='ocr-capabilities' content='ocr_page ocr_carea ocr_par ocr_line ocrx_word'/>
</head>
<body>
  <div class='ocr_page' id='page_1' title='image "./corpusscriptorum17niebuoft_0758.png"; bbox 0 0 1884 3262; ppageno 0'>
   <div class='ocr_carea' id='block_1_1' title="bbox 136 1684 253 1721">
    <p class='ocr_par' dir='ltr' id='par_1_1' title="bbox 136 1684 253 1721">
     <span class='ocr_line' id='line_1_1' title="bbox 136 1684 253 1721; baseline 0.017 -2"><span class='ocrx_word' id='word_1_1' title='bbox 136 1684 164 1719; x_wconf 87' lang='lat' dir='ltr'>P</span> <span class='ocrx_word' id='word_1_2' title='bbox 188 1685 253 1721; x_wconf 75' lang='lat'><strong>524</strong></span> 
     </span>
    </p>
   </div>
   <div class='ocr_carea' id='block_1_2' title="bbox 284 197 1333 280">
    <p class='ocr_par' dir='ltr' id='par_1_2' title="bbox 284 197 1333 280">
     <span class='ocr_line' id='line_1_2' title="bbox 284 197 1333 280; baseline -0.004 0"><span class='ocrx_word' id='word_1_3' title='bbox 284 232 384 280; x_wconf 83' lang='lat'><strong>740</strong></span> <span class='ocrx_word' id='word_1_4' title='bbox 679 200 990 275; x_wconf 75' lang='lat' dir='ltr'>OBSERVAT.</span> <span class='ocrx_word' id='word_1_5' title='bbox 1022 197 1333 276; x_wconf 66' lang='lat' dir='ltr'><strong>rAcHYMER.</strong></span> 
     </span>
    </p>
   </div>
   <div class='ocr_carea' id='block_1_3' title="bbox 808 360 1208 402">
    <p class='ocr_par' dir='ltr' id='par_1_3' title="bbox 808 360 1208 402">
     <span class='ocr_line' id='line_1_3' title="bbox 808 360 1208 402; baseline 0.008 -3"><span class='ocrx_word' id='word_1_6' title='bbox 808 360 864 399; x_wconf 88' lang='lat' dir='ltr'><strong>In</strong></span> <span class='ocrx_word' id='word_1_7' title='bbox 904 362 1208 402; x_wconf 84' lang='lat' dir='ltr'><strong>emersione.</strong></span> 
     </span>
    </p>
   </div>
   <div class='ocr_carea' id='block_1_4' title="bbox 281 437 1404 1016">
    <p class='ocr_par' dir='ltr' id='par_1_4' title="bbox 281 437 1404 1016">
     <span class='ocr_line' id='line_1_4' title="bbox 282 437 1400 493; baseline -0.005 -14"><span class='ocrx_word' id='word_1_8' title='bbox 282 440 398 480; x_wconf 80' lang='lat' dir='ltr'><strong>tertia</strong></span> <span class='ocrx_word' id='word_1_9' title='bbox 417 438 625 493; x_wconf 84' lang='lat' dir='ltr'><strong>parallaxis</strong></span> <span class='ocrx_word' id='word_1_10' title='bbox 640 437 894 491; x_wconf 80' lang='lat' dir='ltr'><strong>longitudinis</strong></span> <span class='ocrx_word' id='word_1_11' title='bbox 1182 439 1237 482; x_wconf 87' lang='lat'><strong>48</strong></span> <span class='ocrx_word' id='word_1_12' title='bbox 1351 442 1400 480; x_wconf 90' lang='lat'><strong>11</strong></span> 
     </span>
     <span class='ocr_line' id='line_1_5' title="bbox 281 494 1131 550; baseline -0.004 -15"><span class='ocrx_word' id='word_1_13' title='bbox 281 497 491 550; x_wconf 79' lang='lat' dir='ltr'><strong>parallaxis</strong></span> <span class='ocrx_word' id='word_1_14' title='bbox 518 497 656 546; x_wconf 79' lang='lat' dir='ltr'><strong>longit.</strong></span> <span class='ocrx_word' id='word_1_15' title='bbox 686 496 728 534; x_wconf 89' lang='lat' dir='ltr'><strong>in</strong></span> <span class='ocrx_word' id='word_1_16' title='bbox 757 494 969 534; x_wconf 83' lang='lat' dir='ltr'><strong>emersione</strong></span> <span class='ocrx_word' id='word_1_17' title='bbox 995 499 1131 547; x_wconf 84' lang='lat' dir='ltr'><strong>poste-</strong></span> 
     </span>
     <span class='ocr_line' id='line_1_6' title="bbox 337 550 1403 604; baseline -0.002 -12"><span class='ocrx_word' id='word_1_18' title='bbox 337 553 434 592; x_wconf 84' lang='lat' dir='ltr'>riori</span> <span class='ocrx_word' id='word_1_19' title='bbox 454 559 630 604; x_wconf 85' lang='lat' dir='ltr'><strong>tempore</strong></span> <span class='ocrx_word' id='word_1_20' title='bbox 1183 550 1235 592; x_wconf 88' lang='grc'><strong>15</strong></span> <span class='ocrx_word' id='word_1_21' title='bbox 1350 553 1403 593; x_wconf 90' lang='grc'><strong>10</strong></span> 
     </span>
     <span class='ocr_line' id='line_1_7' title="bbox 283 606 1400 649; baseline -0.004 -1"><span class='ocrx_word' id='word_1_22' title='bbox 283 609 499 648; x_wconf 82' lang='lat' dir='ltr'><strong>differentia</strong></span> <span class='ocrx_word' id='word_1_23' title='bbox 514 615 627 646; x_wconf 87' lang='lat' dir='ltr'><strong>motu</strong></span> <span class='ocrx_word' id='word_1_24' title='bbox 643 607 760 646; x_wconf 83' lang='lat' dir='ltr'><strong>valde</strong></span> <span class='ocrx_word' id='word_1_25' title='bbox 779 606 1026 646; x_wconf 77' lang='lat' dir='ltr'><strong>decrescente</strong></span> <span class='ocrx_word' id='word_1_26' title='bbox 1179 607 1235 649; x_wconf 79' lang='lat'><strong>33</strong></span> <span class='ocrx_word' id='word_1_27' title='bbox 1378 609 1400 647; x_wconf 94' lang='lat'>1</span> 
     </span>
     <span class='ocr_line' id='line_1_8' title="bbox 282 660 1127 705; baseline -0.005 -1"><span class='ocrx_word' id='word_1_28' title='bbox 282 665 387 705; x_wconf 85' lang='lat' dir='ltr'><strong>hanc</strong></span> <span class='ocrx_word' id='word_1_29' title='bbox 416 665 674 703; x_wconf 80' lang='lat' dir='ltr'><strong>differentiam</strong></span> <span class='ocrx_word' id='word_1_30' title='bbox 707 663 810 702; x_wconf 80' lang='lat' dir='ltr'><strong>adde</strong></span> <span class='ocrx_word' id='word_1_31' title='bbox 845 660 1005 702; x_wconf 83' lang='lat' dir='ltr'><strong>horario</strong></span> <span class='ocrx_word' id='word_1_32' title='bbox 1030 674 1127 702; x_wconf 82' lang='lat' dir='ltr'><strong>vero</strong></span> 
     </span>
     <span class='ocr_line' id='line_1_9' title="bbox 338 720 1401 760; baseline -0.001 0"><span class='ocrx_word' id='word_1_33' title='bbox 338 722 455 760; x_wconf 85' lang='lat' dir='ltr'><strong>lunae</strong></span> <span class='ocrx_word' id='word_1_34' title='bbox 475 735 496 758; x_wconf 89' lang='lat' dir='ltr'>a</span> <span class='ocrx_word' id='word_1_35' title='bbox 518 720 597 758; x_wconf 86' lang='lat' dir='ltr'><strong>sole</strong></span> <span class='ocrx_word' id='word_1_36' title='bbox 1178 720 1234 760; x_wconf 81' lang='lat'><strong>29</strong></span> <span class='ocrx_word' id='word_1_37' title='bbox 1345 720 1401 759; x_wconf 81' lang='lat'><strong>28</strong></span> 
     </span>
     <span class='ocr_line' id='line_1_10' title="bbox 282 773 1132 828; baseline -0.005 -12"><span class='ocrx_word' id='word_1_38' title='bbox 282 777 328 817; x_wconf 89' lang='lat' dir='ltr'><strong>fit</strong></span> <span class='ocrx_word' id='word_1_39' title='bbox 349 784 480 817; x_wconf 89' lang='lat' dir='ltr'><strong>motus</strong></span> <span class='ocrx_word' id='word_1_40' title='bbox 506 776 690 816; x_wconf 83' lang='lat' dir='ltr'><strong>horarius</strong></span> <span class='ocrx_word' id='word_1_41' title='bbox 717 788 908 828; x_wconf 79' lang='lat' dir='ltr'><strong>apparens</strong></span> <span class='ocrx_word' id='word_1_42' title='bbox 932 773 1132 815; x_wconf 83' lang='lat' dir='ltr'><strong>velocissi-</strong></span> 
     </span>
     <span class='ocr_line' id='line_1_11' title="bbox 389 831 1404 873; baseline -0.002 0"><span class='ocrx_word' id='word_1_43' title='bbox 389 846 477 873; x_wconf 83' lang='lat' dir='ltr'><strong>mus</strong></span> <span class='ocrx_word' id='word_1_44' title='bbox 1181 831 1237 872; x_wconf 83' lang='lat'><strong>62</strong></span> <span class='ocrx_word' id='word_1_45' title='bbox 1347 831 1404 871; x_wconf 80' lang='lat'><strong>29</strong></span> 
     </span>
     <span class='ocr_line' id='line_1_12' title="bbox 869 964 1134 1016; baseline -0.011 -11"><span class='ocrx_word' id='word_1_46' title='bbox 869 965 905 1005; x_wconf 87' lang='lat' dir='ltr'>A</span> <span class='ocrx_word' id='word_1_47' title='bbox 914 980 941 1005; x_wconf 89' lang='lat' dir='ltr'>n</span> <span class='ocrx_word' id='word_1_48' title='bbox 951 979 973 1004; x_wconf 87' lang='lat' dir='ltr'>a</span> <span class='ocrx_word' id='word_1_49' title='bbox 985 965 999 1003; x_wconf 90' lang='lat' dir='ltr'>l</span> <span class='ocrx_word' id='word_1_50' title='bbox 1012 979 1036 1003; x_wconf 92' lang='lat' dir='ltr'><strong>o</strong></span> <span class='ocrx_word' id='word_1_51' title='bbox 1045 964 1134 1016; x_wconf 83' lang='lat' dir='ltr'><strong>gia.</strong></span> 
     </span>
    </p>
   </div>
   <div class='ocr_carea' id='block_1_5' title="bbox 279 1038 1730 1150">
    <p class='ocr_par' dir='ltr' id='par_1_5' title="bbox 279 1038 1730 1150">
     <span class='ocr_line' id='line_1_13' title="bbox 389 1038 1730 1095; baseline -0.005 -11"><span class='ocrx_word' id='word_1_52' title='bbox 389 1045 443 1084; x_wconf 87' lang='lat' dir='ltr'><strong>Ut</strong></span> <span class='ocrx_word' id='word_1_53' title='bbox 462 1045 528 1084; x_wconf 89' lang='lat' dir='ltr'><strong>hic</strong></span> <span class='ocrx_word' id='word_1_54' title='bbox 549 1050 681 1082; x_wconf 87' lang='lat' dir='ltr'><strong>motus</strong></span> <span class='ocrx_word' id='word_1_55' title='bbox 705 1057 893 1095; x_wconf 82' lang='lat' dir='ltr'><strong>apparens</strong></span> <span class='ocrx_word' id='word_1_56' title='bbox 949 1047 1004 1085; x_wconf 79' lang='lat'><strong>62</strong></span> <span class='ocrx_word' id='word_1_57' title='bbox 1059 1045 1114 1086; x_wconf 83' lang='lat'><strong>29</strong></span> <span class='ocrx_word' id='word_1_58' title='bbox 1171 1041 1224 1080; x_wconf 80' lang='lat' dir='ltr'><strong>ad</strong></span> <span class='ocrx_word' id='word_1_59' title='bbox 1280 1043 1412 1091; x_wconf 85' lang='lat'><strong>3600,</strong></span> <span class='ocrx_word' id='word_1_60' title='bbox 1467 1039 1525 1078; x_wconf 86' lang='lat' dir='ltr'><strong>ita</strong></span> <span class='ocrx_word' id='word_1_61' title='bbox 1545 1038 1730 1091; x_wconf 80' lang='lat' dir='ltr'><strong>scrupula</strong></span> 
     </span>
     <span class='ocr_line' id='line_1_14' title="bbox 279 1098 1723 1150; baseline -0.003 -9"><span class='ocrx_word' id='word_1_62' title='bbox 279 1101 430 1141; x_wconf 79' lang='lat' dir='ltr'><strong>mediae</strong></span> <span class='ocrx_word' id='word_1_63' title='bbox 448 1102 666 1141; x_wconf 81' lang='lat' dir='ltr'>durationis</span> <span class='ocrx_word' id='word_1_64' title='bbox 721 1104 775 1142; x_wconf 81' lang='lat'><strong>31</strong></span> <span class='ocrx_word' id='word_1_65' title='bbox 832 1101 888 1143; x_wconf 87' lang='lat'><strong>35</strong></span> <span class='ocrx_word' id='word_1_66' title='bbox 944 1100 997 1137; x_wconf 79' lang='lat' dir='ltr'><strong>nd</strong></span> <span class='ocrx_word' id='word_1_67' title='bbox 1012 1105 1166 1150; x_wconf 85' lang='lat' dir='ltr'><strong>tempus</strong></span> <span class='ocrx_word' id='word_1_68' title='bbox 1188 1098 1413 1137; x_wconf 85' lang='lat' dir='ltr'><strong>emersionis</strong></span> <span class='ocrx_word' id='word_1_69' title='bbox 1467 1099 1523 1138; x_wconf 85' lang='lat'><strong>30</strong></span> <span class='ocrx_word' id='word_1_70' title='bbox 1579 1099 1635 1138; x_wconf 78' lang='lat'><strong>20</strong></span> <span class='ocrx_word' id='word_1_71' title='bbox 1721 1127 1723 1129; x_wconf 62' lang='grc'><em>»</em></span> 
     </span>
    </p>
   </div>
   <div class='ocr_carea' id='block_1_6' title="bbox 769 1228 1563 1284">
    <p class='ocr_par' dir='ltr' id='par_1_6' title="bbox 769 1228 1563 1284">
     <span class='ocr_line' id='line_1_15' title="bbox 769 1228 1563 1284; baseline 0.001 -14"><span class='ocrx_word' id='word_1_72' title='bbox 769 1232 973 1284; x_wconf 80' lang='lat' dir='ltr'>Integra</span> <span class='ocrx_word' id='word_1_73' title='bbox 1013 1230 1231 1271; x_wconf 82' lang='lat' dir='ltr'><strong>duratio</strong></span> <span class='ocrx_word' id='word_1_74' title='bbox 1341 1229 1396 1274; x_wconf 83' lang='lat'><strong>57</strong></span> <span class='ocrx_word' id='word_1_75' title='bbox 1508 1228 1563 1273; x_wconf 87' lang='lat'><strong>47</strong></span> 
     </span>
    </p>
   </div>
   <div class='ocr_carea' id='block_1_7' title="bbox 371 1744 1626 2214">
    <p class='ocr_par' dir='ltr' id='par_1_7' title="bbox 371 1744 1626 2214">
     <span class='ocr_line' id='line_1_16' title="bbox 371 1744 1626 2214; baseline 0 1048"><span class='ocrx_word' id='word_1_76' title='bbox 371 1744 1626 2214; x_wconf 95' lang='lat' dir='ltr'><strong> </strong></span> 
     </span>
    </p>
   </div>
   <div class='ocr_carea' id='block_1_8' title="bbox 275 1306 1731 2651">
    <p class='ocr_par' dir='ltr' id='par_1_8' title="bbox 275 1306 1731 2463">
     <span class='ocr_line' id='line_1_17' title="bbox 276 1306 1731 1410; baseline -0.002 -3"><span class='ocrx_word' id='word_1_77' title='bbox 276 1368 435 1407; x_wconf 84' lang='lat' dir='ltr'><strong>initium</strong></span> <span class='ocrx_word' id='word_1_78' title='bbox 602 1394 605 1396; x_wconf 79' lang='lat'><strong><em>—</em></strong></span> <span class='ocrx_word' id='word_1_79' title='bbox 1172 1308 1230 1407; x_wconf 50' lang='grc' dir='ltr'><strong>ἐξ</strong></span> <span class='ocrx_word' id='word_1_80' title='bbox 1350 1306 1404 1407; x_wconf 56' lang='lat'><strong>1}-</strong></span> <span class='ocrx_word' id='word_1_81' title='bbox 1507 1361 1563 1405; x_wconf 79' lang='lat'><strong>84</strong></span> <span class='ocrx_word' id='word_1_82' title='bbox 1628 1408 1630 1410; x_wconf 57' lang='grc'><strong>,</strong></span> <span class='ocrx_word' id='word_1_83' title='bbox 1674 1364 1731 1404; x_wconf 77' lang='grc'><strong>28</strong></span> 
     </span>
     <span class='ocr_line' id='line_1_18' title="bbox 277 1416 1730 1474; baseline -0.001 -11"><span class='ocrx_word' id='word_1_84' title='bbox 277 1424 449 1463; x_wconf 84' lang='lat' dir='ltr'><strong>medium</strong></span> <span class='ocrx_word' id='word_1_85' title='bbox 471 1423 620 1474; x_wconf 82' lang='lat' dir='ltr'>eclipsis</span> <span class='ocrx_word' id='word_1_86' title='bbox 649 1421 768 1472; x_wconf 84' lang='lat' dir='ltr'><strong>(Maii</strong></span> <span class='ocrx_word' id='word_1_87' title='bbox 1171 1420 1226 1462; x_wconf 78' lang='lat'><strong>25</strong></span> <span class='ocrx_word' id='word_1_88' title='bbox 1343 1423 1396 1461; x_wconf 92' lang='grc'><strong>10</strong></span> <span class='ocrx_word' id='word_1_89' title='bbox 1537 1421 1559 1459; x_wconf 89' lang='grc'>1</span> <span class='ocrx_word' id='word_1_90' title='bbox 1674 1416 1730 1461; x_wconf 83' lang='grc'><strong>50</strong></span> 
     </span>
     <span class='ocr_line' id='line_1_19' title="bbox 277 1474 1728 1525; baseline -0.002 -7"><span class='ocrx_word' id='word_1_91' title='bbox 277 1481 367 1519; x_wconf 86' lang='lat' dir='ltr'><strong>finis</strong></span> <span class='ocrx_word' id='word_1_92' title='bbox 568 1502 570 1505; x_wconf 96' lang='lat'>·</span> <span class='ocrx_word' id='word_1_93' title='bbox 1172 1477 1228 1519; x_wconf 83' lang='lat'><strong>25</strong></span> <span class='ocrx_word' id='word_1_94' title='bbox 1343 1479 1396 1517; x_wconf 89' lang='lat'><strong>10</strong></span> <span class='ocrx_word' id='word_1_95' title='bbox 1508 1477 1579 1525; x_wconf 39' lang='lat'><strong>32,</strong></span> <span class='ocrx_word' id='word_1_96' title='bbox 1675 1474 1728 1516; x_wconf 83' lang='lat'><strong>10</strong></span> 
     </span>
     <span class='ocr_line' id='line_1_20' title="bbox 275 1531 1109 1588; baseline -0.007 -10"><span class='ocrx_word' id='word_1_97' title='bbox 275 1534 616 1588; x_wconf 80' lang='lat' dir='ltr'><strong>Constantinopoli</strong></span> <span class='ocrx_word' id='word_1_98' title='bbox 637 1541 728 1587; x_wconf 85' lang='lat' dir='ltr'><strong>post</strong></span> <span class='ocrx_word' id='word_1_99' title='bbox 748 1531 915 1572; x_wconf 78' lang='lat' dir='ltr'><strong>mediam</strong></span> <span class='ocrx_word' id='word_1_100' title='bbox 937 1537 1109 1575; x_wconf 85' lang='lat' dir='ltr'><strong>noctem.</strong></span> 
     </span>
     <span class='ocr_line' id='line_1_21' title="bbox 451 1655 1560 1714; baseline -0.005 -6"><span class='ocrx_word' id='word_1_101' title='bbox 451 1668 614 1709; x_wconf 80' lang='lat' dir='ltr'><strong>emersio</strong></span> <span class='ocrx_word' id='word_1_102' title='bbox 647 1665 715 1705; x_wconf 82' lang='lat' dir='ltr'><strong>An</strong></span> <span class='ocrx_word' id='word_1_103' title='bbox 846 1655 849 1658; x_wconf 49' lang='grc'><strong>’</strong></span> <span class='ocrx_word' id='word_1_104' title='bbox 882 1664 1105 1714; x_wconf 81' lang='lat' dir='ltr'><strong>Septentrio</strong></span> <span class='ocrx_word' id='word_1_105' title='bbox 1251 1663 1465 1703; x_wconf 75' lang='lat' dir='ltr'><strong>incidentia</strong></span> <span class='ocrx_word' id='word_1_106' title='bbox 1495 1662 1560 1702; x_wconf 81' lang='lat' dir='ltr'><strong>Ac</strong></span> 
     </span>
     <span class='ocr_line' id='line_1_22' title="bbox 905 2203 1091 2271; baseline 0 -1"><span class='ocrx_word' id='word_1_107' title='bbox 905 2203 1091 2271; x_wconf 16' lang='lat' dir='ltr'><strong>‘Meridies</strong></span> 
     </span>
     <span class='ocr_line' id='line_1_23' title="bbox 707 2333 1304 2385; baseline 0.003 -16"><span class='ocrx_word' id='word_1_108' title='bbox 707 2333 912 2384; x_wconf 71' lang='lat' dir='ltr'><strong>Typus’</strong></span> <span class='ocrx_word' id='word_1_109' title='bbox 967 2333 1304 2385; x_wconf 72' lang='lat' dir='ltr'><strong>eclipseos</strong></span> 
     </span>
     <span class='ocr_line' id='line_1_24' title="bbox 606 2409 1394 2463; baseline 0.004 -16"><span class='ocrx_word' id='word_1_110' title='bbox 606 2409 648 2447; x_wconf 89' lang='lat' dir='ltr'><strong>in</strong></span> <span class='ocrx_word' id='word_1_111' title='bbox 675 2409 871 2461; x_wconf 81' lang='lat' dir='ltr'><strong>triangulo</strong></span> <span class='ocrx_word' id='word_1_112' title='bbox 899 2410 995 2449; x_wconf 86' lang='lat' dir='ltr'><strong>ABG</strong></span> <span class='ocrx_word' id='word_1_113' title='bbox 1022 2410 1248 2463; x_wconf 83' lang='lat' dir='ltr'><strong>rectangulo</strong></span> <span class='ocrx_word' id='word_1_114' title='bbox 1275 2410 1319 2450; x_wconf 88' lang='lat' dir='ltr'><strong>in</strong></span> <span class='ocrx_word' id='word_1_115' title='bbox 1345 2410 1394 2450; x_wconf 85' lang='lat' dir='ltr'><strong>A.</strong></span> 
     </span>
    </p>

    <p class='ocr_par' dir='ltr' id='par_1_9' title="bbox 276 2474 1718 2651">
     <span class='ocr_line' id='line_1_25' title="bbox 278 2474 1718 2533; baseline 0.003 -9"><span class='ocrx_word' id='word_1_116' title='bbox 278 2499 329 2525; x_wconf 86' lang='lat' dir='ltr'><strong>ex</strong></span> <span class='ocrx_word' id='word_1_117' title='bbox 349 2499 500 2525; x_wconf 89' lang='lat' dir='ltr'><strong>summa</strong></span> <span class='ocrx_word' id='word_1_118' title='bbox 517 2488 895 2528; x_wconf 78' lang='lat' dir='ltr'><strong>semidiametrorum</strong></span> <span class='ocrx_word' id='word_1_119' title='bbox 1323 2492 1377 2533; x_wconf 83' lang='lat'><strong>31</strong></span> <span class='ocrx_word' id='word_1_120' title='bbox 1454 2474 1456 2476; x_wconf 21' lang='grc' dir='ltr'>Ι</span> <span class='ocrx_word' id='word_1_121' title='bbox 1491 2487 1543 2530; x_wconf 84' lang='grc'><strong>41</strong></span> <span class='ocrx_word' id='word_1_122' title='bbox 1655 2477 1718 2529; x_wconf 72' lang='lat' dir='ltr'><strong>BC</strong></span> 
     </span>
     <span class='ocr_line' id='line_1_26' title="bbox 276 2541 1718 2585; baseline 0.004 -6"><span class='ocrx_word' id='word_1_123' title='bbox 276 2543 372 2580; x_wconf 83' lang='lat' dir='ltr'><strong>tolle</strong></span> <span class='ocrx_word' id='word_1_124' title='bbox 387 2556 521 2581; x_wconf 87' lang='lat' dir='ltr'><strong>arcum</strong></span> <span class='ocrx_word' id='word_1_125' title='bbox 535 2543 638 2583; x_wconf 85' lang='lat' dir='ltr'><strong>inter</strong></span> <span class='ocrx_word' id='word_1_126' title='bbox 658 2551 794 2584; x_wconf 82' lang='lat' dir='ltr'><strong>centra</strong></span> <span class='ocrx_word' id='word_1_127' title='bbox 1353 2547 1381 2585; x_wconf 78' lang='lat'>2</span> <span class='ocrx_word' id='word_1_128' title='bbox 1492 2546 1548 2584; x_wconf 80' lang='lat'><strong>22</strong></span> <span class='ocrx_word' id='word_1_129' title='bbox 1651 2541 1718 2580; x_wconf 78' lang='lat' dir='ltr'><strong>AB</strong></span> 
     </span>
     <span class='ocr_line' id='line_1_27' title="bbox 278 2596 1718 2651; baseline 0.003 -15"><span class='ocrx_word' id='word_1_130' title='bbox 278 2598 397 2637; x_wconf 85' lang='lat' dir='ltr'><strong>habes</strong></span> <span class='ocrx_word' id='word_1_131' title='bbox 416 2599 618 2651; x_wconf 81' lang='lat' dir='ltr'><strong>scrupulos</strong></span> <span class='ocrx_word' id='word_1_132' title='bbox 640 2601 788 2640; x_wconf 80' lang='lat' dir='ltr'><strong>mediae</strong></span> <span class='ocrx_word' id='word_1_133' title='bbox 805 2600 1021 2639; x_wconf 79' lang='lat' dir='ltr'><strong>durationis</strong></span> <span class='ocrx_word' id='word_1_134' title='bbox 1322 2603 1374 2643; x_wconf 83' lang='lat'><strong>31</strong></span> <span class='ocrx_word' id='word_1_135' title='bbox 1488 2598 1542 2641; x_wconf 82' lang='lat'><strong>85</strong></span> <span class='ocrx_word' id='word_1_136' title='bbox 1651 2596 1718 2635; x_wconf 77' lang='lat' dir='ltr'><strong>AC</strong></span> 
     </span>
    </p>
   </div>
   <div class='ocr_carea' id='block_1_9' title="bbox 277 2700 1717 2947">
    <p class='ocr_par' dir='ltr' id='par_1_10' title="bbox 277 2700 1717 2934">
     <span class='ocr_line' id='line_1_28' title="bbox 389 2700 1716 2765; baseline -0.003 -16"><span class='ocrx_word' id='word_1_137' title='bbox 389 2711 455 2750; x_wconf 88' lang='grc' dir='ltr'><strong>ΙΙΙ.</strong></span> <span class='ocrx_word' id='word_1_138' title='bbox 511 2710 574 2750; x_wconf 85' lang='lat' dir='ltr'><strong>Ex</strong></span> <span class='ocrx_word' id='word_1_139' title='bbox 597 2700 675 2750; x_wconf 83' lang='lat' dir='ltr'><strong>hoc</strong></span> <span class='ocrx_word' id='word_1_140' title='bbox 699 2713 922 2765; x_wconf 84' lang='lat' dir='ltr'><strong>epilogismo</strong></span> <span class='ocrx_word' id='word_1_141' title='bbox 951 2713 1204 2753; x_wconf 88' lang='lat' dir='ltr'><strong>clarissimum</strong></span> <span class='ocrx_word' id='word_1_142' title='bbox 1233 2713 1313 2751; x_wconf 84' lang='lat' dir='ltr'><strong>fit·</strong></span> <span class='ocrx_word' id='word_1_143' title='bbox 1301 2727 1343 2751; x_wconf 85' lang='lat' dir='ltr'>m</span> <span class='ocrx_word' id='word_1_144' title='bbox 1372 2710 1501 2762; x_wconf 82' lang='lat' dir='ltr'><strong>eclipsi</strong></span> <span class='ocrx_word' id='word_1_145' title='bbox 1522 2708 1716 2760; x_wconf 80' lang='lat' dir='ltr'><strong>descripta</strong></span> 
     </span>
     <span class='ocr_line' id='line_1_29' title="bbox 278 2766 1717 2821; baseline -0.003 -16"><span class='ocrx_word' id='word_1_146' title='bbox 278 2767 443 2819; x_wconf 85' lang='lat' dir='ltr'><strong>reperiri</strong></span> <span class='ocrx_word' id='word_1_147' title='bbox 470 2766 712 2807; x_wconf 86' lang='lat' dir='ltr'><strong>characteres</strong></span> <span class='ocrx_word' id='word_1_148' title='bbox 743 2783 765 2806; x_wconf 82' lang='lat' dir='ltr'>a</span> <span class='ocrx_word' id='word_1_149' title='bbox 792 2769 1009 2821; x_wconf 86' lang='lat' dir='ltr'><strong>Nicephoro</strong></span> <span class='ocrx_word' id='word_1_150' title='bbox 1038 2770 1212 2820; x_wconf 75' lang='lat' dir='ltr'><strong>Gregora</strong></span> <span class='ocrx_word' id='word_1_151' title='bbox 1240 2769 1478 2820; x_wconf 80' lang='lat' dir='ltr'><strong>designatos,</strong></span> <span class='ocrx_word' id='word_1_152' title='bbox 1520 2778 1665 2803; x_wconf 85' lang='lat' dir='ltr'>annum</span> <span class='ocrx_word' id='word_1_153' title='bbox 1693 2778 1717 2802; x_wconf 80' lang='lat' dir='ltr'>a</span> 
     </span>
     <span class='ocr_line' id='line_1_30' title="bbox 277 2815 1716 2875; baseline 0.001 -14"><span class='ocrx_word' id='word_1_154' title='bbox 277 2823 426 2861; x_wconf 84' lang='lat' dir='ltr'><strong>mundo</strong></span> <span class='ocrx_word' id='word_1_155' title='bbox 443 2823 603 2863; x_wconf 87' lang='lat' dir='ltr'><strong>condito</strong></span> <span class='ocrx_word' id='word_1_156' title='bbox 623 2825 753 2874; x_wconf 83' lang='lat'>6775,</span> <span class='ocrx_word' id='word_1_157' title='bbox 783 2825 826 2863; x_wconf 78' lang='lat' dir='ltr'><strong>id</strong></span> <span class='ocrx_word' id='word_1_158' title='bbox 843 2831 902 2863; x_wconf 88' lang='lat' dir='ltr'><strong>est</strong></span> <span class='ocrx_word' id='word_1_159' title='bbox 920 2825 1065 2864; x_wconf 82' lang='lat' dir='ltr'><strong>Christi</strong></span> <span class='ocrx_word' id='word_1_160' title='bbox 1085 2829 1211 2875; x_wconf 82' lang='grc'>1267,</span> <span class='ocrx_word' id='word_1_161' title='bbox 1239 2825 1330 2864; x_wconf 84' lang='lat' dir='ltr'><strong>Maii</strong></span> <span class='ocrx_word' id='word_1_162' title='bbox 1349 2824 1451 2862; x_wconf 87' lang='lat' dir='ltr'><strong>diem</strong></span> <span class='ocrx_word' id='word_1_163' title='bbox 1469 2815 1547 2869; x_wconf 70' lang='lat'><strong>25,</strong></span> <span class='ocrx_word' id='word_1_164' title='bbox 1576 2819 1716 2860; x_wconf 74' lang='lat' dir='ltr'><strong>horam</strong></span> 
     </span>
     <span class='ocr_line' id='line_1_31' title="bbox 277 2876 1715 2947; baseline -0.001 -30"><span class='ocrx_word' id='word_1_165' title='bbox 277 2885 367 2947; x_wconf 72' lang='lat' dir='ltr'><strong>ente</strong></span> <span class='ocrx_word' id='word_1_166' title='bbox 392 2879 593 2919; x_wconf 85' lang='lat' dir='ltr'><strong>meridiem</strong></span> <span class='ocrx_word' id='word_1_167' title='bbox 621 2884 668 2931; x_wconf 85' lang='lat'><strong>3,</strong></span> <span class='ocrx_word' id='word_1_168' title='bbox 698 2886 738 2919; x_wconf 87' lang='lat' dir='ltr'><strong>et</strong></span> <span class='ocrx_word' id='word_1_169' title='bbox 767 2880 905 2933; x_wconf 87' lang='lat' dir='ltr'><strong>digitos</strong></span> <span class='ocrx_word' id='word_1_170' title='bbox 931 2894 1053 2934; x_wconf 84' lang='lat' dir='ltr'><strong>prope</strong></span> <span class='ocrx_word' id='word_1_171' title='bbox 1080 2885 1155 2933; x_wconf 85' lang='lat'><strong>12,</strong></span> <span class='ocrx_word' id='word_1_172' title='bbox 1182 2881 1290 2920; x_wconf 83' lang='lat' dir='ltr'><strong>unde</strong></span> <span class='ocrx_word' id='word_1_173' title='bbox 1312 2885 1421 2919; x_wconf 78' lang='lat' dir='ltr'><strong>tanta</strong></span> <span class='ocrx_word' id='word_1_174' title='bbox 1441 2876 1686 2917; x_wconf 79' lang='lat' dir='ltr'><strong>obscuritas</strong></span> <span class='ocrx_word' id='word_1_175' title='bbox 1672 2889 1715 2915; x_wconf 88' lang='lat' dir='ltr'><strong>m</strong></span> 
     </span>
    </p>
   </div>
  </div>
 </body>
</html>
