1884 3262
283 187 384 237 494
520 170 528 177 ’
691 188 938 233 GEORGII'
964 190 1311 238 PAcimmzms

282 296 356 357 μὲν
377 301 523 350 ἐκεῖνος
543 301 646 355 ζωῆς
663 297 894 355 ἓπωδῦνου,
927 298 1160 357 ἀπήλλακτο
1178 303 1223 345 δὲ
1251 303 1318 345 καὶ
1343 302 1534 357 βασιλεὺς
1554 307 1628 357 τῆς
1653 302 1725 346 ἐπ’

261 370 418 426 ·ἒκείνῳ
438 369 667 425 φροντίδος.
739 368 863 418 αὐτὸς
890 370 935 412 δὲ
960 370 1012 412 τὰ
1042 369 1146 413 κατὰ
1171 369 1243 413 τὸν
1262 367 1465 427 Σάγγαριν
1483 368 1729 428 περιηγησά-

282 453 426 490 μενος,
470 437 536 477 καὶ
568 436 620 478 τὰ
651 436 772 478 ἐκεῖσε
801 435 978 494 φρούρια
1005 438 1048 481 ἐν
1076 437 1255 495 ἀσφαλεῖ
1277 442 1328 495 τῇ
1358 436 1506 482 ἑαυτοῦ
1522 440 1727 499 παρουσία

281 503 475 558 θέμενος,
514 506 779 558 Γαμηλιῶνος
795 505 923 559 μηνὸς
939 503 1183 561 ὑποστρέφει
1204 505 1306 561 πρὸς
1327 503 1458 549 πόλιν.
1523 504 1727 564 πατριάρ-

278 589 356 626 χης
386 572 430 613 δὲ
461 573 630 625 πλησίον
660 571 795 614 ἐλθὼν
824 574 1025 625 Νικαίας,
1077 575 1143 615 καὶ
1173 571 1354 630 ’Ἐννᾶτῳ
1390 571 1699 627 ἐναυλισάμενος
1708 586 1759 626 ‚5

140 642 169 674 Ρ
191 641 260 677 337
284 642 479 682 εἰσελθεῖν
500 639 573 694 τὴν
594 637 710 682 πόλιν
731 639 804 682 οὐκ
819 639 943 697 ἔκρινε
966 638 1014 683 τό
1038 638 1080 696 γ’
1102 641 1223 683 ἐκεῖνο
1245 641 1348 683 δεῖν·
1383 640 1515 682 θέλειν
1531 641 1608 696 γὰρ
1627 641 1728 695 ἔχειν

278 705 437 750 διδόναι
452 707 524 749 καί
539 723 580 762 γε
600 707 813 762 γνωρίμοις
842 710 909 750 καὶ
927 708 1179 765 προσγενέσιν
1207 707 1418 764 εὐεργετεῖν
1426 739 1440 760 ,
1467 708 1592 762 μηδὲν
1611 709 1655 750 δὲ
1678 707 1726 751 τὸ

279 775 375 818 κατ’
397 776 518 818 ἐκεῖνο
537 779 679 831 καιροῦ
701 774 897 832 εὐπορεῖν.
963 776 1010 818 τὸ
1031 776 1072 818 δ’
1097 773 1334 818 εἰσελθόντα
1354 773 1474 817 πάλιν
1493 775 1551 829 μὴ
1571 775 1729 831 εὐεργε-

280 850 362 886 τεῖν
380 840 434 892 ὥς
455 842 589 895 ἄξιον,
630 840 794 893 ἀνάξιον
825 842 973 886 ἑαυτοῦ
1002 845 1068 886 καὶ
1096 847 1178 886 τῶν
1196 843 1254 898 μὴ
1271 841 1506 899 πρεπόντων
1521 849 1607 892 τοῖς
1627 843 1727 885 ἐκεί-
1781 840 1786 846 ’

279 928 354 954 νου
374 909 606 967 πράγμασιν
624 909 738 968 ᾤετο.
807 909 906 954 ὅθεν
924 913 991 954 καὶ
1013 908 1225 968 πρύμναν,
1261 911 1308 953 τὸ
1327 915 1402 953 τοῦ
1421 908 1566 966 λόγου,
1603 921 1782 967 neoc-10

284 977 458 1032 σάμενος
488 979 763 1021 Πολυπιθίων
789 995 832 1021 τε
860 979 1042 1033 ἐπέβαινε
1071 981 1136 1021 καὶ
1155 980 1230 1034 τὴν
1250 980 1442 1034 ταχίστην
1461 976 1729 1035 ὗποστρέφειν

284 1045 406 1102 ἴγνω·
442 1044 467 1101 ἦ
488 1045 565 1102 γὰρ
585 1050 658 1100 τῆς
675 1044 875 1100 ὖψιόσεως
895 1046 1015 1104 ἑορτὴ
1037 1046 1194 1103 ἀπεῖργε
1211 1051 1284 1088 τοῦ
1309 1046 1367 1100 μὴ
1387 1043 1616 1102 βραδύνειν.
1667 1049 1727 1105 τῷ

283 1131 347 1156 τοι
362 1116 427 1156 καὶ
447 1114 569 1163 αὐτὸς
594 1114 697 1156 κατὰ
724 1112 877 1168 πόδας,
914 1109 1221 1171 τρισκαιδεκάτῃ
1239 1117 1529 1169 Γαμηλιῶνος,
1565 1110 1728 1168 ἀπήντα

235 1187 266 1221 Β
289 1182 390 1237 πρὸς
407 1179 536 1224 πόλιν.
603 1183 693 1237 περὶ
713 1183 756 1224 δὲ
775 1186 849 1224 τοῦ
868 1182 971 1224 καθ’
995 1180 1120 1224 αὑτὸν
1139 1180 1481 1235 ὑποστελλόμενος
1501 1178 1559 1230 ὥς
1575 1180 1635 1235 μὴ
1657 1179 1726 1223 διὰ

281 1250 334 1293 τὰ
363 1250 642 1303 συμβαίνοντα
667 1247 868 1305 ὀλιγώρως
895 1248 994 1303 ἔχειν
1018 1250 1177 1304 δοκοίη,
1216 1247 1302 1303 ἅμα
1330 1253 1388 1307 τῷ
1406 1252 1481 1304 τῆς
1502 1247 1600 1297 νειὸς
1619 1247 1724 1291 ἀπο·
1736 1262 1780 1298 15

281 1322 405 1372 βῆναι
428 1316 530 1373 πρὸς
547 1317 717 1368 βασιλέα
743 1317 803 1372 ἤϊε
813 1350 827 1370 ,
866 1316 1074 1373 διημέρευέ
1091 1334 1132 1359 τε
1157 1316 1259 1372 πρὸς
1271 1313 1413 1374 χάριν,
1451 1315 1636 1372 καὶπρὸς
1651 1315 1726 1370 τὴν

282 1383 428 1440 ἑορτὴν
460 1384 697 1438 κεκλημένος
736 1385 839 1442 πρὸς
866 1385 1066 1439 βασιλέως
1095 1385 1253 1439 ἕτοιμος
1281 1380 1332 1439 ἦν
1371 1383 1506 1426 ἐλθών
1535 1384 1723 1427 ἐκτελεῖν·

278 1454 402 1495 παντὶ
430 1451 507 1508 γὰρ
533 1450 769 1495 ὑπέστελλεν
797 1451 941 1495 ἑαυτὸν
967 1451 1107 1511 τρόπῳ
1139 1454 1181 1503 ἐξ
1210 1450 1306 1494 ὅτου
1333 1469 1406 1508 περ
1431 1458 1516 1501 τοῖς
1538 1451 1727 1508 ὄχληροῖς

280 1520 551 1576 προσέκυρσε,
587 1523 653 1562 καὶ
673 1521 838 1576 μεγίστη
858 1527 983 1577 μοῖρα
1003 1525 1085 1563 τῶν
1111 1521 1166 1570 εἷς
1188 1520 1235 1562 τὸ
1255 1521 1428 1576 μετρίως
1449 1517 1595 1575 διάγειν
1612 1520 1726 1561 ἐλπί-

236 1590 267 1624 C
291 1590 372 1631 δων
392 1586 418 1643 ἦ
441 1587 543 1645 πρὸς
565 1587 635 1631 τὸν
655 1589 826 1644 βασιλέα
856 1587 1094 1645 ὖποποίησις
1119 1578 1394 1645 κατεφαίνετο.
1461 1591 1535 1642 τῆς
1563 1587 1638 1642 μὲν
1652 1581 1779 1630 οὗνΞΟ

277 1706 389 1752 potuit
410 1706 491 1752 quin
515 1717 558 1740 ex
578 1705 765 1740 intervallis
788 1706 910 1742 iterata
931 1707 1066 1753 saepius
1088 1707 1124 1741 in
1143 1717 1219 1741 sese
1241 1706 1384 1741 saevitia
1404 1705 1477 1741 voti
1498 1704 1611 1740 miseri
1633 1715 1726 1739 com·-

278 1763 343 1797 pos
366 1753 459 1785 brevi
482 1753 603 1794 fieret,
626 1752 661 1785 in
692 1753 748 1785 illa
771 1752 1005 1797 desperatione
1026 1753 1128 1787 vitam
1155 1754 1275 1787 finiens
1298 1758 1333 1786 et
1353 1753 1587 1796 imperatorem
1608 1750 1726 1785 solici-

279 1797 397 1831 tudine
419 1798 462 1831 de
485 1809 522 1830 se
544 1798 698 1830 liberans.
744 1798 775 1831 is
809 1804 918 1832 autem
941 1799 1050 1832 obiter
1071 1798 1253 1843 inspectiS,
1287 1803 1323 1831 et
1355 1809 1421 1842 quo
1445 1808 1529 1841 opus
1551 1797 1723 1831 habebant

279 1842 450 1887 praesidio
473 1843 635 1884 firmatis,
670 1843 805 1876 arcibus
836 1844 928 1877 circa
961 1844 1158 1887 Sangarim,
1191 1843 1382 1887 Septembri
1413 1852 1526 1876 mense
1547 1841 1584 1874 in
1605 1842 1724 1876 urbem

278 1887 476 1921 revertitur.
522 1887 714 1931 patriarcha
735 1900 815 1922 vero
841 1899 1035 1933 progressus
1057 1899 1163 1934 usque
1186 1889 1228 1921 ad
1250 1888 1403 1922 viciniam
1424 1886 1596 1928 Nicaeae,
1619 1890 1654 1919 et
1676 1886 1723 1920 ad

279 1933 450 1967 Ennatum
480 1932 550 1966 sive
572 1932 703 1966 Nonum
734 1933 940 1978 hospitatus,
973 1934 1105 1978 ingredi
1135 1935 1251 1967 urbem
1281 1933 1399 1967 noluit.
1445 1943 1545 1966 causa
1577 1931 1626 1966 sic
1648 1936 1723 1966 sta-

280 1977 400 2011 tuendi
422 1978 507 2019 fuit,
530 1978 621 2022 quod
650 1978 731 2011 nihil
760 1980 900 2012 haberet
931 1986 1011 2013 tunc
1044 1979 1089 2013 ad
1119 1990 1250 2012 manum
1280 1978 1368 2011 unde
1397 1982 1557 2022 cognatos
1578 1987 1658 2011 suos
1680 1988 1723 2011 ac

280 2023 511 2064 necessarios,
543 2023 601 2067 qui
622 2024 716 2057 multi
738 2024 905 2068 degebant
926 2025 1020 2066 illic,
1051 2029 1293 2058 muneraretur.
1337 2023 1496 2057 indecens
1525 2026 1636 2056 autem
1666 2022 1723 2056 in-

283 2072 482 2113 gratumque
512 2068 707 2111 videbatur,
737 2081 800 2103 nec
831 2075 890 2104 aut
914 2075 1051 2104 caetera
1079 2081 1140 2104 sua
1168 2069 1300 2113 dignum
1330 2069 1497 2112 elegantia
1530 2073 1589 2102 aut
1618 2068 1722 2102 rebus

284 2114 357 2148 eius
381 2114 609 2154 conducibile,
640 2115 745 2159 primo
778 2119 856 2160 post
885 2116 1040 2160 adeptum
1068 2126 1229 2149 summum
1259 2115 1417 2148 honorem
1452 2113 1506 2148 sui
1539 2120 1723 2158 conspectu

281 2159 366 2193 nihil
399 2159 467 2193 suis
503 2159 630 2201 largiri.
676 2172 781 2204 quare
810 2160 844 2194 in
876 2172 1029 2206 proram,
1058 2161 1147 2206 quod
1171 2160 1314 2202 dicitur,
1347 2159 1540 2193 incumbens
1561 2164 1722 2204 retroque

283 2204 363 2238 inde
387 2204 526 2247 cedens,
547 2204 737 2250 Polypithia
759 2206 932 2251 superavit
961 2210 997 2240 et
1027 2206 1201 2240 confestim
1223 2205 1349 2239 reverti
1372 2205 1566 2239 constituit:
1587 2215 1663 2238 nam
1685 2207 1723 2238 et

283 2250 497 2283 exaltationis
530 2251 639 2284 crucis
669 2251 839 2286 imminens
869 2253 990 2285 festum
1020 2251 1219 2296 increpabat
1247 2261 1368 2285 moras.
1419 2250 1584 2284 festinans
1616 2249 1721 2294 igitur

282 2294 340 2328 die
362 2295 592 2330 tertiadecima
614 2296 821 2341 Septembris
842 2299 956 2332 urbem
977 2298 1096 2331 tenuit.
1142 2308 1182 2330 ac
1202 2296 1353 2331 solicitus
1371 2296 1414 2330 de
1435 2306 1499 2330 sua
1514 2295 1603 2340 apud
1624 2295 1723 2340 prin-

282 2340 391 2384 cipem
413 2341 547 2384 gratia,
578 2352 676 2386 quam
700 2353 742 2375 ne
764 2342 961 2387 refrigerari
990 2343 1198 2387 contingeret
1219 2353 1285 2375 non
1307 2341 1471 2376 immerito
1491 2342 1639 2375 fortasse
1659 2351 1722 2374 ve-

280 2386 423 2420 rebatur
453 2387 496 2420 ob
527 2397 568 2420 ea
601 2397 688 2431 quae
719 2387 754 2420 in
781 2399 883 2422 causa
914 2388 1101 2422 schismatis
1135 2388 1171 2421 in
1203 2387 1275 2422 dies
1297 2387 1517 2428 eveniebant,
1549 2386 1720 2431 plerisque

280 2430 518 2464 reluctantium
550 2432 626 2475 paci
666 2434 797 2477 culpam
835 2445 961 2467 omnem
991 2435 1102 2468 Vecco
1134 2433 1396 2478 imputantibus,
1438 2431 1720 2477 querentibusque

276 2474 388 2520 ipsum
419 2476 553 2520 scriptis
584 2476 652 2510 suis
684 2478 845 2513 terminos
877 2485 1008 2525 patrum
1044 2484 1080 2514 et
1110 2480 1180 2513 fixa
1212 2479 1370 2523 dogmata
1400 2477 1586 2512 convellere
1615 2482 1720 2522 atque

278 2521 371 2555 ultra
401 2521 532 2554 modum
561 2532 688 2556 omnem
721 2524 846 2558 efferri.
893 2526 935 2558 ob
964 2526 1068 2566 haec,
1105 2524 1266 2569 inquam,
1297 2524 1364 2558 sibi
1391 2524 1511 2557 timens
1540 2520 1654 2555 statim
1676 2533 1719 2556 ac

279 2565 360 2600 navi
394 2565 584 2608 exscendit,
622 2568 665 2600 ad
697 2569 859 2614 palatium
893 2576 988 2605 recta
1017 2570 1168 2616 perrexit
1198 2569 1455 2615 imperatorique
1490 2567 1577 2600 diem
1609 2572 1718 2602 totum

279 2610 523 2646 officiosissime
555 2611 710 2655 adstitit,
743 2615 916 2660 eidemque
947 2617 989 2650 ad
1019 2618 1141 2650 festum
1174 2615 1311 2649 vocanti
1333 2619 1486 2660 paratum
1504 2623 1545 2646 te
1567 2612 1610 2646 ad
1633 2624 1718 2646 eun-

281 2657 360 2690 dum
392 2660 428 2691 et
458 2657 690 2691 celebrandum
721 2661 882 2694 exhibuit.
928 2662 1124 2696 mirabiliter
1145 2661 1230 2695 enim
1259 2672 1300 2694 ex
1322 2661 1379 2694 illo
1401 2661 1548 2694 mutatus
1568 2657 1625 2702 qui
1646 2662 1718 2693 tam

279 2702 386 2735 libere
409 2706 509 2736 antea
531 2702 695 2736 obsistere
716 2704 858 2749 principi
883 2707 1047 2749 audebat,
1077 2718 1164 2742 nnnc
1186 2707 1229 2740 ad
1263 2711 1376 2740 nutum
1406 2704 1478 2738 eius
1507 2714 1546 2737 se
1567 2703 1719 2748 fingebat

281 2747 319 2780 in
342 2747 511 2790 omnibus,
542 2747 637 2782 malis
666 2749 816 2783 nimirum
843 2749 885 2783 iis
908 2752 1070 2796 domitus,
1101 2763 1186 2795 quae
1214 2762 1347 2796 passum
1368 2761 1443 2786 enm
1465 2759 1508 2783 ex
1530 2749 1718 2784 offensione

282 2793 430 2839 Augusti
449 2793 552 2830 nimia
570 2792 678 2839 ipsius
700 2794 857 2831 libertate
875 2796 1000 2833 irritati
1018 2797 1172 2845 superius
1191 2797 1374 2832 retulimus.
1419 2799 1456 2831 et
1472 2796 1604 2830 fructus
1618 2794 1718 2830 huius
