<?xml version="1.0" encoding="UTF-8"?>
<!DOCTYPE html PUBLIC "-//W3C//DTD XHTML 1.0 Transitional//EN"
    "http://www.w3.org/TR/xhtml1/DTD/xhtml1-transitional.dtd">
<html xmlns="http://www.w3.org/1999/xhtml" xml:lang="en" lang="en">
 <head>
  <title>
</title>
<meta http-equiv="Content-Type" content="text/html;charset=utf-8" />
  <meta name='ocr-system' content='tesseract 3.04.00' />
  <meta name='ocr-capabilities' content='ocr_page ocr_carea ocr_par ocr_line ocrx_word'/>
</head>
<body>
  <div class='ocr_page' id='page_1' title='image "./corpusscriptorum17niebuoft_0081.png"; bbox 0 0 1846 3262; ppageno 0'>
   <div class='ocr_carea' id='block_1_1' title="bbox 397 209 1621 256">
    <p class='ocr_par' dir='ltr' id='par_1_1' title="bbox 397 209 1621 256">
     <span class='ocr_line' id='line_1_1' title="bbox 397 209 1621 256; baseline 0.003 -4"><span class='ocrx_word' id='word_1_1' title='bbox 397 210 475 252; x_wconf 90' lang='lat' dir='ltr'>DE</span> <span class='ocrx_word' id='word_1_2' title='bbox 512 209 791 253; x_wconf 89' lang='lat' dir='ltr'><strong>MICHAELE</strong></span> <span class='ocrx_word' id='word_1_3' title='bbox 830 209 1209 255; x_wconf 86' lang='lat' dir='ltr'><strong>PALAEOLOGO</strong></span> <span class='ocrx_word' id='word_1_4' title='bbox 1244 210 1292 255; x_wconf 86' lang='lat' dir='ltr'>L.</span> <span class='ocrx_word' id='word_1_5' title='bbox 1329 209 1365 254; x_wconf 92' lang='grc' dir='ltr'>Ι.</span> <span class='ocrx_word' id='word_1_6' title='bbox 1556 210 1621 256; x_wconf 90' lang='grc'>63</span> 
     </span>
    </p>
   </div>
   <div class='ocr_carea' id='block_1_2' title="bbox 78 321 1731 1836">
    <p class='ocr_par' dir='ltr' id='par_1_2' title="bbox 78 321 1731 1836">
     <span class='ocr_line' id='line_1_2' title="bbox 143 321 1622 382; baseline 0 -14"><span class='ocrx_word' id='word_1_7' title='bbox 143 324 251 380; x_wconf 68' lang='grc' dir='ltr'><strong><em>εἶχον</em></strong></span> <span class='ocrx_word' id='word_1_8' title='bbox 267 328 351 367; x_wconf 85' lang='grc' dir='ltr'>τῶν</span> <span class='ocrx_word' id='word_1_9' title='bbox 375 328 593 382; x_wconf 78' lang='grc' dir='ltr'><em>φοβερῶν,</em></span> <span class='ocrx_word' id='word_1_10' title='bbox 623 322 799 368; x_wconf 71' lang='grc' dir='ltr'><strong><em>ἑκάστου</em></strong></span> <span class='ocrx_word' id='word_1_11' title='bbox 832 325 1050 379; x_wconf 77' lang='grc' dir='ltr'><em>ζητοῦντος</em></span> <span class='ocrx_word' id='word_1_12' title='bbox 1078 324 1126 368; x_wconf 84' lang='grc' dir='ltr'>τὸ</span> <span class='ocrx_word' id='word_1_13' title='bbox 1146 321 1380 377; x_wconf 74' lang='grc' dir='ltr'><strong><em>σώζεσθαι,</em></strong></span> <span class='ocrx_word' id='word_1_14' title='bbox 1417 322 1622 381; x_wconf 75' lang='grc' dir='ltr'><strong><em>ἀπαίρου-</em></strong></span> 
     </span>
     <span class='ocr_line' id='line_1_3' title="bbox 142 391 1619 451; baseline 0.001 -15"><span class='ocrx_word' id='word_1_15' title='bbox 142 410 208 437; x_wconf 91' lang='grc' dir='ltr'>σιν</span> <span class='ocrx_word' id='word_1_16' title='bbox 228 393 384 436; x_wconf 69' lang='grc' dir='ltr'><strong><em>ἐκεῖθεν</em></strong></span> <span class='ocrx_word' id='word_1_17' title='bbox 403 391 557 446; x_wconf 75' lang='grc' dir='ltr'><strong><em>εὐθύς,</em></strong></span> <span class='ocrx_word' id='word_1_18' title='bbox 596 393 669 451; x_wconf 70' lang='grc' dir='ltr'>ἐφ’</span> <span class='ocrx_word' id='word_1_19' title='bbox 701 393 725 437; x_wconf 79' lang='grc' dir='ltr'>ὅ</span> <span class='ocrx_word' id='word_1_20' title='bbox 755 411 795 437; x_wconf 90' lang='grc' dir='ltr'>τι</span> <span class='ocrx_word' id='word_1_21' title='bbox 826 394 894 435; x_wconf 84' lang='grc' dir='ltr'>καὶ</span> <span class='ocrx_word' id='word_1_22' title='bbox 915 394 1209 449; x_wconf 76' lang='grc' dir='ltr'><strong><em>παραγένοιντο</em></strong></span> <span class='ocrx_word' id='word_1_23' title='bbox 1232 393 1290 449; x_wconf 83' lang='grc' dir='ltr'>μὴ</span> <span class='ocrx_word' id='word_1_24' title='bbox 1311 395 1619 451; x_wconf 76' lang='grc' dir='ltr'><strong><em>φροντίσαντες,</em></strong></span> 
     </span>
     <span class='ocr_line' id='line_1_4' title="bbox 141 460 1618 522; baseline 0 -16"><span class='ocrx_word' id='word_1_25' title='bbox 141 465 209 506; x_wconf 79' lang='grc' dir='ltr'>καὶ</span> <span class='ocrx_word' id='word_1_26' title='bbox 229 462 305 506; x_wconf 73' lang='grc' dir='ltr'><strong><em>οὖν</em></strong></span> <span class='ocrx_word' id='word_1_27' title='bbox 323 462 458 506; x_wconf 78' lang='grc' dir='ltr'><strong><em>οὐδενὶ</em></strong></span> <span class='ocrx_word' id='word_1_28' title='bbox 479 460 621 522; x_wconf 82' lang='grc' dir='ltr'><strong><em>κόσμῳ</em></strong></span> <span class='ocrx_word' id='word_1_29' title='bbox 646 460 876 520; x_wconf 83' lang='grc' dir='ltr'><strong><em>φεύγοντες.</em></strong></span> <span class='ocrx_word' id='word_1_30' title='bbox 944 466 1004 519; x_wconf 80' lang='grc' dir='ltr'>τῷ</span> <span class='ocrx_word' id='word_1_31' title='bbox 1021 464 1098 516; x_wconf 80' lang='grc' dir='ltr'><strong><em>μὲν</em></strong></span> <span class='ocrx_word' id='word_1_32' title='bbox 1118 466 1284 516; x_wconf 83' lang='grc' dir='ltr'><strong><em>βασιλεῖ</em></strong></span> <span class='ocrx_word' id='word_1_33' title='bbox 1304 462 1472 520; x_wconf 81' lang='grc' dir='ltr'><em>ἀσφαλῆ</em></span> <span class='ocrx_word' id='word_1_34' title='bbox 1494 464 1618 506; x_wconf 73' lang='grc' dir='ltr'><strong><em>πλέον</em></strong></span> 
     </span>
     <span class='ocr_line' id='line_1_5' title="bbox 139 528 1615 592; baseline 0.001 -18"><span class='ocrx_word' id='word_1_35' title='bbox 139 531 167 588; x_wconf 79' lang='grc' dir='ltr'>ἢ</span> <span class='ocrx_word' id='word_1_36' title='bbox 200 529 403 590; x_wconf 85' lang='grc' dir='ltr'><strong><em>πρότερον</em></strong></span> <span class='ocrx_word' id='word_1_37' title='bbox 433 531 485 576; x_wconf 81' lang='grc' dir='ltr'>τὰ</span> <span class='ocrx_word' id='word_1_38' title='bbox 516 536 591 588; x_wconf 84' lang='grc' dir='ltr'>τῆς</span> <span class='ocrx_word' id='word_1_39' title='bbox 621 536 808 590; x_wconf 82' lang='grc' dir='ltr'><strong><em>φυλακῆς</em></strong></span> <span class='ocrx_word' id='word_1_40' title='bbox 840 533 1060 592; x_wconf 52' lang='grc' dir='ltr'><strong><em>ἐφεστῶσι,</em></strong></span> <span class='ocrx_word' id='word_1_41' title='bbox 1109 528 1171 586; x_wconf 81' lang='grc' dir='ltr'>μή</span> <span class='ocrx_word' id='word_1_42' title='bbox 1199 549 1239 574; x_wconf 89' lang='grc' dir='ltr'>τι</span> <span class='ocrx_word' id='word_1_43' title='bbox 1267 533 1335 574; x_wconf 78' lang='grc' dir='ltr'>καὶ</span> <span class='ocrx_word' id='word_1_44' title='bbox 1363 537 1615 590; x_wconf 75' lang='grc' dir='ltr'><strong><em>νεωτερισθῇ</em></strong></span> 
     </span>
     <span class='ocr_line' id='line_1_6' title="bbox 108 593 1394 644; baseline -0.002 0"><span class='ocrx_word' id='word_1_45' title='bbox 108 601 275 644; x_wconf 56' lang='lat' dir='ltr'>satior.</span> <span class='ocrx_word' id='word_1_46' title='bbox 1224 607 1227 611; x_wconf 89' lang='grc'><strong>’</strong></span> <span class='ocrx_word' id='word_1_47' title='bbox 1392 593 1394 595; x_wconf 29' lang='lat'>¹</span> 
     </span>
     <span class='ocr_line' id='line_1_7' title="bbox 281 666 1614 727; baseline 0 -13"><span class='ocrx_word' id='word_1_48' title='bbox 281 669 404 714; x_wconf 72' lang='grc' dir='ltr'><strong><em>Οὕτω</em></strong></span> <span class='ocrx_word' id='word_1_49' title='bbox 440 669 728 727; x_wconf 76' lang='grc' dir='ltr'><strong><em>συγχυθέντων</em></strong></span> <span class='ocrx_word' id='word_1_50' title='bbox 760 666 977 722; x_wconf 73' lang='grc' dir='ltr'><strong><em>ἁπάντων,</em></strong></span> <span class='ocrx_word' id='word_1_51' title='bbox 999 723 1002 725; x_wconf 14' lang='grc' dir='ltr'><strong>Α</strong></span> <span class='ocrx_word' id='word_1_52' title='bbox 1027 667 1200 717; x_wconf 66' lang='grc' dir='ltr'><strong><em>ἕκαστος</em></strong></span> <span class='ocrx_word' id='word_1_53' title='bbox 1227 668 1281 711; x_wconf 81' lang='grc' dir='ltr'>τὰ</span> <span class='ocrx_word' id='word_1_54' title='bbox 1309 668 1419 712; x_wconf 76' lang='grc' dir='ltr'><strong><em>καθ’</em></strong></span> <span class='ocrx_word' id='word_1_55' title='bbox 1449 667 1614 723; x_wconf 76' lang='grc' dir='ltr'><strong><em>ἔαυτόν,</em></strong></span> 
     </span>
     <span class='ocr_line' id='line_1_8' title="bbox 139 737 1731 798; baseline 0.001 -15"><span class='ocrx_word' id='word_1_56' title='bbox 139 738 196 790; x_wconf 80' lang='grc' dir='ltr'>ὥς</span> <span class='ocrx_word' id='word_1_57' title='bbox 227 739 326 795; x_wconf 74' lang='grc' dir='ltr'><strong><em>εἶχε,</em></strong></span> <span class='ocrx_word' id='word_1_58' title='bbox 364 740 700 796; x_wconf 75' lang='grc' dir='ltr'><strong><em>κατησφαλῖζετο.</em></strong></span> <span class='ocrx_word' id='word_1_59' title='bbox 773 738 878 798; x_wconf 74' lang='lat'>(20)</span> <span class='ocrx_word' id='word_1_60' title='bbox 908 740 976 781; x_wconf 80' lang='grc' dir='ltr'>καὶ</span> <span class='ocrx_word' id='word_1_61' title='bbox 1000 739 1039 781; x_wconf 81' lang='grc' dir='ltr'>οἶ</span> <span class='ocrx_word' id='word_1_62' title='bbox 1066 738 1142 792; x_wconf 75' lang='grc' dir='ltr'><strong><em>μὲν</em></strong></span> <span class='ocrx_word' id='word_1_63' title='bbox 1167 737 1275 795; x_wconf 78' lang='grc' dir='ltr'>ἀμφὶ</span> <span class='ocrx_word' id='word_1_64' title='bbox 1300 737 1372 780; x_wconf 80' lang='grc' dir='ltr'>τὸν</span> <span class='ocrx_word' id='word_1_65' title='bbox 1395 741 1611 792; x_wconf 78' lang='grc' dir='ltr'><strong><em>Καρυανί-</em></strong></span> <span class='ocrx_word' id='word_1_66' title='bbox 1634 749 1662 784; x_wconf 87' lang='grc' dir='ltr'>Ρ</span> <span class='ocrx_word' id='word_1_67' title='bbox 1686 750 1731 784; x_wconf 84' lang='grc'>36</span> 
     </span>
     <span class='ocr_line' id='line_1_9' title="bbox 138 805 1617 867; baseline -0.002 -14"><span class='ocrx_word' id='word_1_68' title='bbox 138 827 215 865; x_wconf 85' lang='grc' dir='ltr'>την</span> <span class='ocrx_word' id='word_1_69' title='bbox 234 810 639 867; x_wconf 80' lang='grc' dir='ltr'><strong><em>πρωτοβεστιαρίτην</em></strong></span> <span class='ocrx_word' id='word_1_70' title='bbox 655 806 748 851; x_wconf 86' lang='grc' dir='ltr'><strong><em>τότε</em></strong></span> <span class='ocrx_word' id='word_1_71' title='bbox 765 805 1036 864; x_wconf 78' lang='grc' dir='ltr'><strong><em>τυγχάνοντα,</em></strong></span> <span class='ocrx_word' id='word_1_72' title='bbox 1075 806 1210 863; x_wconf 72' lang='grc' dir='ltr'><strong><em>ἄνδρα</em></strong></span> <span class='ocrx_word' id='word_1_73' title='bbox 1229 807 1404 864; x_wconf 76' lang='grc' dir='ltr'><strong><em>γεραρὸν</em></strong></span> <span class='ocrx_word' id='word_1_74' title='bbox 1424 810 1492 850; x_wconf 80' lang='grc' dir='ltr'>καὶ</span> <span class='ocrx_word' id='word_1_75' title='bbox 1512 812 1617 851; x_wconf 78' lang='grc' dir='ltr'><strong><em>’πολ-</em></strong></span> 
     </span>
     <span class='ocr_line' id='line_1_10' title="bbox 139 876 1614 934; baseline -0.001 -13"><span class='ocrx_word' id='word_1_76' title='bbox 139 883 215 922; x_wconf 80' lang='grc' dir='ltr'>λοῦ</span> <span class='ocrx_word' id='word_1_77' title='bbox 251 879 364 929; x_wconf 82' lang='grc' dir='ltr'><strong><em>τινὸς</em></strong></span> <span class='ocrx_word' id='word_1_78' title='bbox 398 878 534 931; x_wconf 69' lang='grc' dir='ltr'><strong><em>ἄξιον,</em></strong></span> <span class='ocrx_word' id='word_1_79' title='bbox 577 882 686 934; x_wconf 83' lang='grc' dir='ltr'><strong><em>φυγῇ</em></strong></span> <span class='ocrx_word' id='word_1_80' title='bbox 718 879 898 934; x_wconf 74' lang='grc' dir='ltr'><strong><em>ἐχρῶντο</em></strong></span> <span class='ocrx_word' id='word_1_81' title='bbox 936 876 1039 932; x_wconf 83' lang='grc' dir='ltr'><strong><em>πρὸς</em></strong></span> <span class='ocrx_word' id='word_1_82' title='bbox 1070 876 1243 933; x_wconf 75' lang='grc' dir='ltr'><strong><em>Πέρσας</em></strong></span> <span class='ocrx_word' id='word_1_83' title='bbox 1273 876 1614 930; x_wconf 81' lang='grc' dir='ltr'><strong><em>αὐτομολοῦντες,</em></strong></span> 
     </span>
     <span class='ocr_line' id='line_1_11' title="bbox 85 943 1662 1003; baseline -0.001 -13"><span class='ocrx_word' id='word_1_84' title='bbox 85 948 189 991; x_wconf 83' lang='grc' dir='ltr'>10οὗ</span> <span class='ocrx_word' id='word_1_85' title='bbox 223 952 391 1002; x_wconf 83' lang='grc' dir='ltr'><strong><em>βασιλεῖ</em></strong></span> <span class='ocrx_word' id='word_1_86' title='bbox 423 947 705 1003; x_wconf 74' lang='grc' dir='ltr'><strong><em>ἓγκοτοῦντες,</em></strong></span> <span class='ocrx_word' id='word_1_87' title='bbox 753 947 861 990; x_wconf 77' lang='grc' dir='ltr'><em>ἀλλὰ</em></span> <span class='ocrx_word' id='word_1_88' title='bbox 891 947 982 1003; x_wconf 81' lang='grc' dir='ltr'><strong><em>περὶ</em></strong></span> <span class='ocrx_word' id='word_1_89' title='bbox 1014 944 1176 995; x_wconf 74' lang='grc' dir='ltr'><strong><em>ἑαυτοῖς</em></strong></span> <span class='ocrx_word' id='word_1_90' title='bbox 1205 943 1434 995; x_wconf 74' lang='grc' dir='ltr'>δεδοικότες</span> <span class='ocrx_word' id='word_1_91' title='bbox 1451 946 1519 988; x_wconf 77' lang='grc' dir='ltr'><strong><em>διὰ</em></strong></span> <span class='ocrx_word' id='word_1_92' title='bbox 1540 947 1615 1001; x_wconf 72' lang='grc' dir='ltr'>τὴν</span> <span class='ocrx_word' id='word_1_93' title='bbox 1658 972 1662 977; x_wconf 87' lang='grc'><em>·</em></span> 
     </span>
     <span class='ocr_line' id='line_1_12' title="bbox 137 1013 1616 1074; baseline -0.002 -14"><span class='ocrx_word' id='word_1_94' title='bbox 137 1021 221 1060; x_wconf 80' lang='grc' dir='ltr'>τῶν</span> <span class='ocrx_word' id='word_1_95' title='bbox 240 1013 494 1074; x_wconf 78' lang='grc' dir='ltr'><strong><em>πραγμάτων</em></strong></span> <span class='ocrx_word' id='word_1_96' title='bbox 527 1014 733 1072; x_wconf 78' lang='grc' dir='ltr'><strong><em>σύγχυσιν.</em></strong></span> <span class='ocrx_word' id='word_1_97' title='bbox 804 1017 882 1059; x_wconf 75' lang='grc' dir='ltr'><strong><em>εἴτε</em></strong></span> <span class='ocrx_word' id='word_1_98' title='bbox 911 1015 991 1073; x_wconf 82' lang='grc' dir='ltr'>γὰρ</span> <span class='ocrx_word' id='word_1_99' title='bbox 1010 1013 1279 1068; x_wconf 77' lang='grc' dir='ltr'><strong><em>αὐτοβούλως</em></strong></span> <span class='ocrx_word' id='word_1_100' title='bbox 1300 1013 1451 1071; x_wconf 78' lang='grc' dir='ltr'><strong><em>ὥρμων</em></strong></span> <span class='ocrx_word' id='word_1_101' title='bbox 1471 1015 1511 1058; x_wconf 80' lang='grc' dir='ltr'>οἱ</span> <span class='ocrx_word' id='word_1_102' title='bbox 1527 1017 1616 1057; x_wconf 77' lang='grc' dir='ltr'><strong><em>ἐπι-</em></strong></span> 
     </span>
     <span class='ocr_line' id='line_1_13' title="bbox 135 1082 1665 1142; baseline -0.003 -13"><span class='ocrx_word' id='word_1_103' title='bbox 135 1086 305 1140; x_wconf 74' lang='grc' dir='ltr'><strong><em>θέμενοι</em></strong></span> <span class='ocrx_word' id='word_1_104' title='bbox 334 1082 394 1140; x_wconf 87' lang='grc' dir='ltr'>μή</span> <span class='ocrx_word' id='word_1_105' title='bbox 426 1102 535 1136; x_wconf 88' lang='grc' dir='ltr'><strong><em>τινος</em></strong></span> <span class='ocrx_word' id='word_1_106' title='bbox 565 1089 891 1142; x_wconf 82' lang='grc' dir='ltr'>παρορμῶντος,</span> <span class='ocrx_word' id='word_1_107' title='bbox 938 1084 1041 1139; x_wconf 66' lang='grc' dir='ltr'><strong><em>ἔχειν</em></strong></span> <span class='ocrx_word' id='word_1_108' title='bbox 1068 1085 1136 1127; x_wconf 82' lang='grc' dir='ltr'>καὶ</span> <span class='ocrx_word' id='word_1_109' title='bbox 1165 1082 1288 1126; x_wconf 78' lang='grc' dir='ltr'><strong><em>πάλιν</em></strong></span> <span class='ocrx_word' id='word_1_110' title='bbox 1315 1084 1448 1134; x_wconf 76' lang='grc' dir='ltr'><strong><em>οὕτως</em></strong></span> <span class='ocrx_word' id='word_1_111' title='bbox 1479 1082 1613 1141; x_wconf 78' lang='grc' dir='ltr'><strong><em>ὁρμᾶν</em></strong></span> <span class='ocrx_word' id='word_1_112' title='bbox 1636 1090 1665 1123; x_wconf 91' lang='grc' dir='ltr'>Β</span> 
     </span>
     <span class='ocr_line' id='line_1_14' title="bbox 135 1150 1616 1210; baseline -0.001 -13"><span class='ocrx_word' id='word_1_113' title='bbox 135 1155 240 1210; x_wconf 76' lang='grc' dir='ltr'>μηδ’</span> <span class='ocrx_word' id='word_1_114' title='bbox 273 1154 410 1198; x_wconf 82' lang='grc' dir='ltr'><strong><em>ὁτιοῦν</em></strong></span> <span class='ocrx_word' id='word_1_115' title='bbox 431 1155 715 1205; x_wconf 76' lang='grc' dir='ltr'><strong><em>κολασθέντας</em></strong></span> <span class='ocrx_word' id='word_1_116' title='bbox 729 1168 739 1179; x_wconf 83' lang='grc'><em>·</em></span> <span class='ocrx_word' id='word_1_117' title='bbox 771 1155 849 1198; x_wconf 78' lang='grc' dir='ltr'><strong><em>εἴτε</em></strong></span> <span class='ocrx_word' id='word_1_118' title='bbox 872 1156 940 1197; x_wconf 82' lang='grc' dir='ltr'>καὶ</span> <span class='ocrx_word' id='word_1_119' title='bbox 960 1154 1076 1196; x_wconf 74' lang='grc' dir='ltr'><strong><em>ἄλλοι</em></strong></span> <span class='ocrx_word' id='word_1_120' title='bbox 1097 1157 1209 1208; x_wconf 83' lang='grc' dir='ltr'><strong><em>σφᾶς</em></strong></span> <span class='ocrx_word' id='word_1_121' title='bbox 1231 1150 1448 1209; x_wconf 76' lang='grc' dir='ltr'><strong><em>ὁρμῶντας</em></strong></span> <span class='ocrx_word' id='word_1_122' title='bbox 1469 1152 1616 1208; x_wconf 78' lang='grc' dir='ltr'><strong><em>παρώ-</em></strong></span> 
     </span>
     <span class='ocr_line' id='line_1_15' title="bbox 135 1221 1615 1280; baseline -0.001 -13"><span class='ocrx_word' id='word_1_123' title='bbox 135 1241 290 1280; x_wconf 88' lang='grc' dir='ltr'><strong><em>τρυναν</em></strong></span> <span class='ocrx_word' id='word_1_124' title='bbox 302 1258 316 1277; x_wconf 89' lang='grc'><strong><em>,</em></strong></span> <span class='ocrx_word' id='word_1_125' title='bbox 354 1225 529 1274; x_wconf 76' lang='grc' dir='ltr'><strong><em>ἐκείνους</em></strong></span> <span class='ocrx_word' id='word_1_126' title='bbox 557 1226 624 1266; x_wconf 81' lang='grc' dir='ltr'>καὶ</span> <span class='ocrx_word' id='word_1_127' title='bbox 645 1224 747 1267; x_wconf 78' lang='grc' dir='ltr'><strong><em>κατ’</em></strong></span> <span class='ocrx_word' id='word_1_128' title='bbox 777 1224 917 1267; x_wconf 82' lang='grc' dir='ltr'><strong><em>αὐτῶν</em></strong></span> <span class='ocrx_word' id='word_1_129' title='bbox 940 1221 1211 1280; x_wconf 74' lang='grc' dir='ltr'><strong><em>παροτρύνειν</em></strong></span> <span class='ocrx_word' id='word_1_130' title='bbox 1230 1221 1353 1277; x_wconf 69' lang='grc' dir='ltr'><strong><em>ἔχειν,</em></strong></span> <span class='ocrx_word' id='word_1_131' title='bbox 1389 1222 1615 1265; x_wconf 79' lang='grc' dir='ltr'><strong><em>κάντεῦθεν</em></strong></span> 
     </span>
     <span class='ocr_line' id='line_1_16' title="bbox 82 1290 1611 1354; baseline -0.004 -15"><span class='ocrx_word' id='word_1_132' title='bbox 82 1306 125 1339; x_wconf 87' lang='grc'>15</span> <span class='ocrx_word' id='word_1_133' title='bbox 138 1292 378 1337; x_wconf 79' lang='grc' dir='ltr'><strong><em>κινδυνεύειν</em></strong></span> <span class='ocrx_word' id='word_1_134' title='bbox 410 1293 470 1348; x_wconf 85' lang='grc' dir='ltr'>μὴ</span> <span class='ocrx_word' id='word_1_135' title='bbox 497 1296 820 1349; x_wconf 79' lang='grc' dir='ltr'><strong><em>προσδοκῶντας</em></strong></span> <span class='ocrx_word' id='word_1_136' title='bbox 860 1290 1063 1354; x_wconf 77' lang='grc' dir='ltr'><strong><em>πολλούς,</em></strong></span> <span class='ocrx_word' id='word_1_137' title='bbox 1113 1293 1182 1334; x_wconf 78' lang='grc' dir='ltr'>καὶ</span> <span class='ocrx_word' id='word_1_138' title='bbox 1210 1295 1371 1346; x_wconf 83' lang='grc' dir='ltr'><strong><em>μᾶλλον</em></strong></span> <span class='ocrx_word' id='word_1_139' title='bbox 1404 1291 1502 1341; x_wconf 81' lang='grc' dir='ltr'>τούς</span> <span class='ocrx_word' id='word_1_140' title='bbox 1544 1291 1611 1333; x_wconf 76' lang='grc' dir='ltr'>ἐπ’</span> 
     </span>
     <span class='ocr_line' id='line_1_17' title="bbox 135 1358 1613 1420; baseline -0.003 -14"><span class='ocrx_word' id='word_1_141' title='bbox 135 1364 322 1414; x_wconf 73' lang='grc' dir='ltr'><strong><em>ἔξουσίας</em></strong></span> <span class='ocrx_word' id='word_1_142' title='bbox 341 1362 485 1415; x_wconf 75' lang='grc' dir='ltr'><strong><em>ὄντας,</em></strong></span> <span class='ocrx_word' id='word_1_143' title='bbox 521 1360 583 1413; x_wconf 80' lang='grc' dir='ltr'>οἷς</span> <span class='ocrx_word' id='word_1_144' title='bbox 605 1360 626 1406; x_wconf 80' lang='grc' dir='ltr'>ὅ</span> <span class='ocrx_word' id='word_1_145' title='bbox 650 1361 814 1419; x_wconf 76' lang='grc' dir='ltr'><strong><em>φθόνος</em></strong></span> <span class='ocrx_word' id='word_1_146' title='bbox 830 1361 1002 1420; x_wconf 80' lang='grc' dir='ltr'><strong><em>ὖφεῖρπε</em></strong></span> <span class='ocrx_word' id='word_1_147' title='bbox 1022 1360 1152 1410; x_wconf 74' lang='grc' dir='ltr'><strong><em>πολὺς</em></strong></span> <span class='ocrx_word' id='word_1_148' title='bbox 1170 1362 1238 1403; x_wconf 80' lang='grc' dir='ltr'>καὶ</span> <span class='ocrx_word' id='word_1_149' title='bbox 1258 1358 1398 1410; x_wconf 79' lang='grc' dir='ltr'><strong><em>δεινός.</em></strong></span> <span class='ocrx_word' id='word_1_150' title='bbox 1469 1361 1508 1403; x_wconf 77' lang='grc' dir='ltr'>οἳ</span> <span class='ocrx_word' id='word_1_151' title='bbox 1536 1362 1613 1414; x_wconf 81' lang='grc' dir='ltr'><strong><em>μὲν</em></strong></span> 
     </span>
     <span class='ocr_line' id='line_1_18' title="bbox 136 1427 1610 1487; baseline -0.001 -13"><span class='ocrx_word' id='word_1_152' title='bbox 136 1427 210 1474; x_wconf 73' lang='grc' dir='ltr'><strong><em>οὖν</em></strong></span> <span class='ocrx_word' id='word_1_153' title='bbox 240 1432 309 1475; x_wconf 81' lang='grc' dir='ltr'><strong><em>διὰ</em></strong></span> <span class='ocrx_word' id='word_1_154' title='bbox 337 1436 472 1475; x_wconf 79' lang='grc' dir='ltr'><strong><em>ταῦτα</em></strong></span> <span class='ocrx_word' id='word_1_155' title='bbox 499 1431 713 1487; x_wconf 78' lang='grc' dir='ltr'><strong><em>αὐτονυχεὶ</em></strong></span> <span class='ocrx_word' id='word_1_156' title='bbox 742 1431 847 1475; x_wconf 75' lang='grc' dir='ltr'><strong><em>εὖθύ</em></strong></span> <span class='ocrx_word' id='word_1_157' title='bbox 879 1432 1088 1487; x_wconf 80' lang='grc' dir='ltr'><strong><em>Περσίδος</em></strong></span> <span class='ocrx_word' id='word_1_158' title='bbox 1126 1429 1205 1472; x_wconf 65' lang='lat' dir='ltr'>dvc&gt;</span> <span class='ocrx_word' id='word_1_159' title='bbox 1236 1427 1388 1485; x_wconf 77' lang='grc' dir='ltr'><strong><em>κράτος</em></strong></span> <span class='ocrx_word' id='word_1_160' title='bbox 1414 1428 1610 1484; x_wconf 74' lang='grc' dir='ltr'><strong><em>ἤλαυνον,</em></strong></span> 
     </span>
     <span class='ocr_line' id='line_1_19' title="bbox 134 1496 1666 1558; baseline -0.003 -14"><span class='ocrx_word' id='word_1_161' title='bbox 134 1500 251 1544; x_wconf 71' lang='grc' dir='ltr'><strong><em>ἄλλοι</em></strong></span> <span class='ocrx_word' id='word_1_162' title='bbox 268 1501 312 1544; x_wconf 74' lang='grc' dir='ltr'>δ’</span> <span class='ocrx_word' id='word_1_163' title='bbox 346 1501 530 1556; x_wconf 80' lang='grc' dir='ltr'><strong><em>ἀλλαχοῦ</em></strong></span> <span class='ocrx_word' id='word_1_164' title='bbox 561 1499 820 1558; x_wconf 85' lang='grc' dir='ltr'><strong><em>ἀνεχώρουν,</em></strong></span> <span class='ocrx_word' id='word_1_165' title='bbox 858 1497 1072 1549; x_wconf 77' lang='grc' dir='ltr'><strong><em>κινδύνους</em></strong></span> <span class='ocrx_word' id='word_1_166' title='bbox 1098 1496 1358 1555; x_wconf 79' lang='grc' dir='ltr'><strong><em>ὖφορώμενοι</em></strong></span> <span class='ocrx_word' id='word_1_167' title='bbox 1377 1498 1476 1548; x_wconf 76' lang='grc' dir='ltr'>τούς</span> <span class='ocrx_word' id='word_1_168' title='bbox 1495 1500 1609 1554; x_wconf 79' lang='grc' dir='ltr'><strong><em>μεγί-</em></strong></span> <span class='ocrx_word' id='word_1_169' title='bbox 1635 1502 1666 1536; x_wconf 88' lang='lat' dir='ltr'>C</span> 
     </span>
     <span class='ocr_line' id='line_1_20' title="bbox 134 1565 1615 1626; baseline -0.002 -13"><span class='ocrx_word' id='word_1_170' title='bbox 134 1587 283 1623; x_wconf 88' lang='grc' dir='ltr'><strong><em>στους,</em></strong></span> <span class='ocrx_word' id='word_1_171' title='bbox 320 1569 438 1612; x_wconf 77' lang='grc' dir='ltr'><strong><em>ἄλλοι</em></strong></span> <span class='ocrx_word' id='word_1_172' title='bbox 466 1571 511 1613; x_wconf 75' lang='grc' dir='ltr'>δὲ</span> <span class='ocrx_word' id='word_1_173' title='bbox 540 1573 607 1613; x_wconf 79' lang='grc' dir='ltr'>καὶ</span> <span class='ocrx_word' id='word_1_174' title='bbox 638 1568 694 1620; x_wconf 82' lang='grc' dir='ltr'>ιῦς</span> <span class='ocrx_word' id='word_1_175' title='bbox 725 1568 846 1613; x_wconf 79' lang='grc' dir='ltr'><strong><em>οἷοίτ’</em></strong></span> <span class='ocrx_word' id='word_1_176' title='bbox 882 1565 989 1625; x_wconf 76' lang='grc' dir='ltr'><strong><em>ἦσαν</em></strong></span> <span class='ocrx_word' id='word_1_177' title='bbox 1025 1566 1359 1626; x_wconf 75' lang='grc' dir='ltr'><strong><em>διεφυλάττοντο.</em></strong></span> <span class='ocrx_word' id='word_1_178' title='bbox 1431 1565 1615 1621; x_wconf 73' lang='grc' dir='ltr'><strong><em>ὅμέντοι</em></strong></span> 
     </span>
     <span class='ocr_line' id='line_1_21' title="bbox 78 1635 1612 1696; baseline -0.005 -11"><span class='ocrx_word' id='word_1_179' title='bbox 78 1651 175 1696; x_wconf 73' lang='grc' dir='ltr'><strong><em>Ξογε</em></strong></span> <span class='ocrx_word' id='word_1_180' title='bbox 194 1640 322 1695; x_wconf 87' lang='grc' dir='ltr'><strong><em>με’γας</em></strong></span> <span class='ocrx_word' id='word_1_181' title='bbox 340 1643 618 1690; x_wconf 82' lang='grc' dir='ltr'><strong><em>κονοσταῧλος</em></strong></span> <span class='ocrx_word' id='word_1_182' title='bbox 641 1640 740 1689; x_wconf 82' lang='grc' dir='ltr'>τούς</span> <span class='ocrx_word' id='word_1_183' title='bbox 759 1638 963 1696; x_wconf 72' lang='grc' dir='ltr'><strong><em>ἀδελφοὺς</em></strong></span> <span class='ocrx_word' id='word_1_184' title='bbox 983 1635 1228 1693; x_wconf 74' lang='grc' dir='ltr'><strong><em>ἐπιστήσας,</em></strong></span> <span class='ocrx_word' id='word_1_185' title='bbox 1265 1637 1382 1686; x_wconf 73' lang='grc' dir='ltr'><strong><em>νέους</em></strong></span> <span class='ocrx_word' id='word_1_186' title='bbox 1402 1635 1526 1686; x_wconf 68' lang='grc' dir='ltr'><strong><em>ὄντας</em></strong></span> <span class='ocrx_word' id='word_1_187' title='bbox 1543 1638 1612 1679; x_wconf 81' lang='grc' dir='ltr'>καὶ</span> 
     </span>
     <span class='ocr_line' id='line_1_22' title="bbox 132 1702 1610 1766; baseline -0.003 -15"><span class='ocrx_word' id='word_1_188' title='bbox 132 1706 354 1761; x_wconf 78' lang='grc' dir='ltr'><strong><em>συνετούς,</em></strong></span> <span class='ocrx_word' id='word_1_189' title='bbox 395 1702 450 1751; x_wconf 78' lang='grc' dir='ltr'><strong><em>ὧν</em></strong></span> <span class='ocrx_word' id='word_1_190' title='bbox 480 1707 626 1766; x_wconf 82' lang='grc' dir='ltr'><strong><em>ἅτερος</em></strong></span> <span class='ocrx_word' id='word_1_191' title='bbox 656 1709 732 1763; x_wconf 72' lang='grc' dir='ltr'><strong><em>μὲν</em></strong></span> <span class='ocrx_word' id='word_1_192' title='bbox 764 1705 958 1764; x_wconf 80' lang='grc' dir='ltr'><strong><em>Ἰωάννης</em></strong></span> <span class='ocrx_word' id='word_1_193' title='bbox 986 1705 1008 1750; x_wconf 81' lang='grc' dir='ltr'><strong>ὅ</strong></span> <span class='ocrx_word' id='word_1_194' title='bbox 1039 1707 1086 1750; x_wconf 76' lang='grc' dir='ltr'>δὲ</span> <span class='ocrx_word' id='word_1_195' title='bbox 1111 1704 1301 1762; x_wconf 78' lang='grc' dir='ltr'><strong><em>δεύτερος</em></strong></span> <span class='ocrx_word' id='word_1_196' title='bbox 1326 1705 1424 1759; x_wconf 74' lang='grc' dir='ltr'><strong><em>μετ’</em></strong></span> <span class='ocrx_word' id='word_1_197' title='bbox 1460 1707 1610 1750; x_wconf 74' lang='grc' dir='ltr'><strong><em>ἐκεῖνον</em></strong></span> 
     </span>
     <span class='ocr_line' id='line_1_23' title="bbox 132 1773 1609 1836; baseline -0.003 -15"><span class='ocrx_word' id='word_1_198' title='bbox 132 1780 448 1828; x_wconf 83' lang='grc' dir='ltr'><strong><em>Κωνσταντῖνος</em></strong></span> <span class='ocrx_word' id='word_1_199' title='bbox 486 1778 694 1836; x_wconf 75' lang='grc' dir='ltr'><strong><em>ἐλέγοντο,</em></strong></span> <span class='ocrx_word' id='word_1_200' title='bbox 736 1776 945 1836; x_wconf 78' lang='grc' dir='ltr'><strong><em>ὄφφικίοις</em></strong></span> <span class='ocrx_word' id='word_1_201' title='bbox 974 1774 1092 1820; x_wconf 67' lang='grc' dir='ltr'><strong><em>οὔπω</em></strong></span> <span class='ocrx_word' id='word_1_202' title='bbox 1122 1774 1477 1831; x_wconf 74' lang='grc' dir='ltr'><strong><em>σεμνυνομένους,</em></strong></span> <span class='ocrx_word' id='word_1_203' title='bbox 1532 1773 1609 1825; x_wconf 78' lang='grc' dir='ltr'>τὰς</span> 
     </span>
    </p>
   </div>
   <div class='ocr_carea' id='block_1_3' title="bbox 222 1930 1163 1981">
    <p class='ocr_par' dir='ltr' id='par_1_3' title="bbox 222 1930 1163 1981">
     <span class='ocr_line' id='line_1_24' title="bbox 222 1930 1163 1981; baseline -0.004 -10"><span class='ocrx_word' id='word_1_204' title='bbox 222 1936 256 1971; x_wconf 87' lang='grc'>3.</span> <span class='ocrx_word' id='word_1_205' title='bbox 279 1932 375 1981; x_wconf 69' lang='grc' dir='ltr'><strong><em>μὲν]</em></strong></span> <span class='ocrx_word' id='word_1_206' title='bbox 397 1933 551 1980; x_wconf 62' lang='grc' dir='ltr'><strong><em>μέντοιῗ</em></strong></span> <span class='ocrx_word' id='word_1_207' title='bbox 688 1934 745 1969; x_wconf 78' lang='grc'>22.</span> <span class='ocrx_word' id='word_1_208' title='bbox 772 1930 793 1970; x_wconf 85' lang='grc' dir='ltr'><strong><em>ὁ</em></strong></span> <span class='ocrx_word' id='word_1_209' title='bbox 819 1935 1100 1976; x_wconf 76' lang='grc' dir='ltr'><strong><em>Κωνσταντῖνος</em></strong></span> <span class='ocrx_word' id='word_1_210' title='bbox 1121 1933 1163 1968; x_wconf 87' lang='grc' dir='ltr'>Ρ.</span> 
     </span>
    </p>
   </div>
   <div class='ocr_carea' id='block_1_4' title="bbox 129 2069 1604 2260">
    <p class='ocr_par' dir='ltr' id='par_1_4' title="bbox 129 2069 1604 2260">
     <span class='ocr_line' id='line_1_25' title="bbox 129 2069 1602 2120; baseline -0.003 -12"><span class='ocrx_word' id='word_1_211' title='bbox 129 2073 261 2109; x_wconf 86' lang='lat' dir='ltr'>cunctis</span> <span class='ocrx_word' id='word_1_212' title='bbox 299 2086 410 2120; x_wconf 87' lang='lat' dir='ltr'>aeque</span> <span class='ocrx_word' id='word_1_213' title='bbox 446 2073 587 2109; x_wconf 87' lang='lat' dir='ltr'>dominis</span> <span class='ocrx_word' id='word_1_214' title='bbox 609 2077 646 2109; x_wconf 84' lang='lat' dir='ltr'>et</span> <span class='ocrx_word' id='word_1_215' title='bbox 678 2073 834 2115; x_wconf 76' lang='lat' dir='ltr'>famulis,</span> <span class='ocrx_word' id='word_1_216' title='bbox 863 2085 1069 2120; x_wconf 86' lang='lat' dir='ltr'>unoquoque</span> <span class='ocrx_word' id='word_1_217' title='bbox 1088 2071 1123 2107; x_wconf 88' lang='lat' dir='ltr'>in</span> <span class='ocrx_word' id='word_1_218' title='bbox 1146 2071 1240 2106; x_wconf 90' lang='lat' dir='ltr'>lucro</span> <span class='ocrx_word' id='word_1_219' title='bbox 1264 2073 1412 2116; x_wconf 83' lang='lat' dir='ltr'>ponente</span> <span class='ocrx_word' id='word_1_220' title='bbox 1434 2069 1465 2104; x_wconf 86' lang='lat' dir='ltr'>si</span> <span class='ocrx_word' id='word_1_221' title='bbox 1488 2069 1602 2105; x_wconf 83' lang='lat' dir='ltr'>salvus</span> 
     </span>
     <span class='ocr_line' id='line_1_26' title="bbox 129 2118 1603 2166; baseline -0.004 -11"><span class='ocrx_word' id='word_1_222' title='bbox 129 2120 313 2163; x_wconf 83' lang='lat' dir='ltr'>evaderet,</span> <span class='ocrx_word' id='word_1_223' title='bbox 337 2121 525 2156; x_wconf 81' lang='lat' dir='ltr'>abscedunt</span> <span class='ocrx_word' id='word_1_224' title='bbox 548 2120 628 2156; x_wconf 85' lang='lat' dir='ltr'>inde</span> <span class='ocrx_word' id='word_1_225' title='bbox 651 2123 807 2163; x_wconf 86' lang='lat' dir='ltr'>tandem,</span> <span class='ocrx_word' id='word_1_226' title='bbox 831 2120 916 2155; x_wconf 88' lang='lat' dir='ltr'>nihil</span> <span class='ocrx_word' id='word_1_227' title='bbox 936 2120 1034 2166; x_wconf 88' lang='lat' dir='ltr'>pensi</span> <span class='ocrx_word' id='word_1_228' title='bbox 1065 2119 1231 2154; x_wconf 79' lang='lat' dir='ltr'>habentes</span> <span class='ocrx_word' id='word_1_229' title='bbox 1257 2128 1324 2163; x_wconf 91' lang='lat' dir='ltr'>quo</span> <span class='ocrx_word' id='word_1_230' title='bbox 1346 2118 1536 2158; x_wconf 81' lang='lat' dir='ltr'>ferrentur,</span> <span class='ocrx_word' id='word_1_231' title='bbox 1560 2127 1603 2150; x_wconf 90' lang='lat' dir='ltr'>ac</span> 
     </span>
     <span class='ocr_line' id='line_1_27' title="bbox 129 2162 1604 2213; baseline -0.004 -12"><span class='ocrx_word' id='word_1_232' title='bbox 129 2167 227 2211; x_wconf 85' lang='lat' dir='ltr'>quasi</span> <span class='ocrx_word' id='word_1_233' title='bbox 250 2167 421 2212; x_wconf 82' lang='lat' dir='ltr'>fugientes</span> <span class='ocrx_word' id='word_1_234' title='bbox 452 2167 542 2202; x_wconf 88' lang='lat' dir='ltr'>nullo</span> <span class='ocrx_word' id='word_1_235' title='bbox 566 2167 696 2202; x_wconf 89' lang='lat' dir='ltr'>ordine.</span> <span class='ocrx_word' id='word_1_236' title='bbox 743 2167 891 2212; x_wconf 81' lang='lat' dir='ltr'>principi</span> <span class='ocrx_word' id='word_1_237' title='bbox 922 2167 1056 2213; x_wconf 87' lang='lat' dir='ltr'>quidem</span> <span class='ocrx_word' id='word_1_238' title='bbox 1080 2165 1276 2200; x_wconf 84' lang='lat' dir='ltr'>validiorem</span> <span class='ocrx_word' id='word_1_239' title='bbox 1299 2174 1400 2209; x_wconf 88' lang='lat' dir='ltr'>quam</span> <span class='ocrx_word' id='word_1_240' title='bbox 1422 2162 1518 2208; x_wconf 87' lang='lat' dir='ltr'>prius</span> <span class='ocrx_word' id='word_1_241' title='bbox 1541 2173 1604 2196; x_wconf 86' lang='lat' dir='ltr'>cu-</span> 
     </span>
     <span class='ocr_line' id='line_1_28' title="bbox 129 2213 1348 2260; baseline -0.002 -14"><span class='ocrx_word' id='word_1_242' title='bbox 129 2213 277 2248; x_wconf 82' lang='lat' dir='ltr'>stodiam</span> <span class='ocrx_word' id='word_1_243' title='bbox 299 2218 494 2259; x_wconf 87' lang='lat' dir='ltr'>apponunt,</span> <span class='ocrx_word' id='word_1_244' title='bbox 519 2226 563 2248; x_wconf 82' lang='lat' dir='ltr'>ne</span> <span class='ocrx_word' id='word_1_245' title='bbox 586 2214 667 2260; x_wconf 88' lang='lat' dir='ltr'>quid</span> <span class='ocrx_word' id='word_1_246' title='bbox 691 2225 735 2248; x_wconf 88' lang='lat' dir='ltr'>ex</span> <span class='ocrx_word' id='word_1_247' title='bbox 759 2225 800 2247; x_wconf 85' lang='lat' dir='ltr'>eo</span> <span class='ocrx_word' id='word_1_248' title='bbox 823 2225 932 2248; x_wconf 82' lang='lat' dir='ltr'>novae</span> <span class='ocrx_word' id='word_1_249' title='bbox 955 2213 1006 2248; x_wconf 88' lang='lat' dir='ltr'>rei</span> <span class='ocrx_word' id='word_1_250' title='bbox 1028 2216 1146 2257; x_wconf 88' lang='lat' dir='ltr'>posset</span> <span class='ocrx_word' id='word_1_251' title='bbox 1170 2221 1348 2254; x_wconf 79' lang='lat' dir='ltr'>exurgere.</span> 
     </span>
    </p>
   </div>
   <div class='ocr_carea' id='block_1_5' title="bbox 123 2265 1607 2869">
    <p class='ocr_par' dir='ltr' id='par_1_5' title="bbox 123 2265 1607 2869">
     <span class='ocr_line' id='line_1_29' title="bbox 220 2265 1604 2318; baseline -0.003 -15"><span class='ocrx_word' id='word_1_252' title='bbox 220 2270 281 2304; x_wconf 87' lang='lat' dir='ltr'>Sic</span> <span class='ocrx_word' id='word_1_253' title='bbox 305 2271 456 2306; x_wconf 85' lang='lat' dir='ltr'>confusis</span> <span class='ocrx_word' id='word_1_254' title='bbox 479 2272 632 2314; x_wconf 82' lang='lat' dir='ltr'>cunctis,</span> <span class='ocrx_word' id='word_1_255' title='bbox 662 2271 896 2318; x_wconf 89' lang='lat' dir='ltr'>unusquisque</span> <span class='ocrx_word' id='word_1_256' title='bbox 927 2270 1105 2306; x_wconf 84' lang='lat' dir='ltr'>securitati</span> <span class='ocrx_word' id='word_1_257' title='bbox 1132 2281 1174 2303; x_wconf 90' lang='lat' dir='ltr'>ac</span> <span class='ocrx_word' id='word_1_258' title='bbox 1198 2267 1297 2302; x_wconf 78' lang='lat' dir='ltr'>saluti</span> <span class='ocrx_word' id='word_1_259' title='bbox 1319 2265 1480 2313; x_wconf 86' lang='lat' dir='ltr'>propriae</span> <span class='ocrx_word' id='word_1_260' title='bbox 1502 2275 1604 2310; x_wconf 83' lang='lat' dir='ltr'>quam</span> 
     </span>
     <span class='ocr_line' id='line_1_30' title="bbox 128 2314 1605 2362; baseline -0.003 -12"><span class='ocrx_word' id='word_1_261' title='bbox 128 2319 270 2361; x_wconf 83' lang='lat' dir='ltr'>poterat</span> <span class='ocrx_word' id='word_1_262' title='bbox 292 2316 548 2361; x_wconf 80' lang='lat' dir='ltr'>diligentissime</span> <span class='ocrx_word' id='word_1_263' title='bbox 575 2319 733 2353; x_wconf 83' lang='lat' dir='ltr'>cavebat.</span> <span class='ocrx_word' id='word_1_264' title='bbox 783 2319 863 2362; x_wconf 75' lang='lat'><strong>(20)</strong></span> <span class='ocrx_word' id='word_1_265' title='bbox 887 2322 926 2352; x_wconf 84' lang='lat' dir='ltr'>at</span> <span class='ocrx_word' id='word_1_266' title='bbox 950 2317 1154 2361; x_wconf 82' lang='lat' dir='ltr'>Caryanites</span> <span class='ocrx_word' id='word_1_267' title='bbox 1178 2314 1312 2360; x_wconf 84' lang='lat' dir='ltr'>quidem</span> <span class='ocrx_word' id='word_1_268' title='bbox 1335 2318 1418 2347; x_wconf 87' lang='lat' dir='ltr'>tunc</span> <span class='ocrx_word' id='word_1_269' title='bbox 1440 2318 1605 2358; x_wconf 86' lang='lat' dir='ltr'>protove-</span> 
     </span>
     <span class='ocr_line' id='line_1_31' title="bbox 127 2359 1607 2406; baseline -0.003 -11"><span class='ocrx_word' id='word_1_270' title='bbox 127 2362 279 2396; x_wconf 86' lang='lat' dir='ltr'>stiarites</span> <span class='ocrx_word' id='word_1_271' title='bbox 293 2387 305 2404; x_wconf 94' lang='lat'>,</span> <span class='ocrx_word' id='word_1_272' title='bbox 340 2363 394 2397; x_wconf 87' lang='lat' dir='ltr'>vir</span> <span class='ocrx_word' id='word_1_273' title='bbox 431 2369 546 2398; x_wconf 89' lang='lat' dir='ltr'>aetate</span> <span class='ocrx_word' id='word_1_274' title='bbox 567 2363 634 2398; x_wconf 88' lang='lat' dir='ltr'>iam</span> <span class='ocrx_word' id='word_1_275' title='bbox 657 2369 792 2398; x_wconf 88' lang='lat' dir='ltr'>matura</span> <span class='ocrx_word' id='word_1_276' title='bbox 825 2364 1032 2398; x_wconf 83' lang='lat' dir='ltr'>venerabilis</span> <span class='ocrx_word' id='word_1_277' title='bbox 1054 2362 1235 2406; x_wconf 83' lang='lat' dir='ltr'>meritique</span> <span class='ocrx_word' id='word_1_278' title='bbox 1259 2359 1413 2400; x_wconf 89' lang='lat' dir='ltr'>maximi,</span> <span class='ocrx_word' id='word_1_279' title='bbox 1444 2368 1520 2392; x_wconf 88' lang='lat' dir='ltr'>cum</span> <span class='ocrx_word' id='word_1_280' title='bbox 1544 2369 1607 2391; x_wconf 85' lang='lat' dir='ltr'>ne-</span> 
     </span>
     <span class='ocr_line' id='line_1_32' title="bbox 127 2406 1605 2456; baseline -0.003 -14"><span class='ocrx_word' id='word_1_281' title='bbox 127 2409 287 2443; x_wconf 82' lang='lat' dir='ltr'>cessariis</span> <span class='ocrx_word' id='word_1_282' title='bbox 321 2414 361 2443; x_wconf 89' lang='lat' dir='ltr'>et</span> <span class='ocrx_word' id='word_1_283' title='bbox 394 2410 619 2445; x_wconf 79' lang='lat' dir='ltr'>familiaribus</span> <span class='ocrx_word' id='word_1_284' title='bbox 649 2410 727 2456; x_wconf 85' lang='lat' dir='ltr'>ipsa</span> <span class='ocrx_word' id='word_1_285' title='bbox 749 2416 850 2445; x_wconf 89' lang='lat' dir='ltr'>nocte</span> <span class='ocrx_word' id='word_1_286' title='bbox 882 2409 1029 2445; x_wconf 77' lang='lat' dir='ltr'>recessit</span> <span class='ocrx_word' id='word_1_287' title='bbox 1050 2408 1283 2452; x_wconf 77' lang='lat' dir='ltr'>transfugiens</span> <span class='ocrx_word' id='word_1_288' title='bbox 1306 2406 1348 2439; x_wconf 86' lang='lat' dir='ltr'>ad</span> <span class='ocrx_word' id='word_1_289' title='bbox 1369 2406 1514 2446; x_wconf 86' lang='lat' dir='ltr'>Persas,</span> <span class='ocrx_word' id='word_1_290' title='bbox 1537 2415 1605 2438; x_wconf 89' lang='lat' dir='ltr'>non</span> 
     </span>
     <span class='ocr_line' id='line_1_33' title="bbox 128 2451 1605 2502; baseline -0.003 -14"><span class='ocrx_word' id='word_1_291' title='bbox 128 2455 219 2500; x_wconf 87' lang='lat' dir='ltr'>quod</span> <span class='ocrx_word' id='word_1_292' title='bbox 239 2455 440 2501; x_wconf 83' lang='lat' dir='ltr'>imperatori</span> <span class='ocrx_word' id='word_1_293' title='bbox 472 2462 711 2498; x_wconf 76' lang='lat' dir='ltr'>succenseret,</span> <span class='ocrx_word' id='word_1_294' title='bbox 743 2457 803 2490; x_wconf 80' lang='lat' dir='ltr'>sed</span> <span class='ocrx_word' id='word_1_295' title='bbox 837 2457 928 2502; x_wconf 90' lang='lat' dir='ltr'>quod</span> <span class='ocrx_word' id='word_1_296' title='bbox 952 2456 1020 2490; x_wconf 87' lang='lat' dir='ltr'>sibi</span> <span class='ocrx_word' id='word_1_297' title='bbox 1053 2459 1222 2489; x_wconf 81' lang='lat' dir='ltr'>metueret</span> <span class='ocrx_word' id='word_1_298' title='bbox 1244 2454 1287 2487; x_wconf 91' lang='lat' dir='ltr'>ob</span> <span class='ocrx_word' id='word_1_299' title='bbox 1313 2451 1605 2497; x_wconf 80' lang='lat' dir='ltr'>perturbationem</span> 
     </span>
     <span class='ocr_line' id='line_1_34' title="bbox 125 2497 1607 2549; baseline -0.003 -15"><span class='ocrx_word' id='word_1_300' title='bbox 125 2512 251 2535; x_wconf 87' lang='lat' dir='ltr'>rerum.</span> <span class='ocrx_word' id='word_1_301' title='bbox 299 2503 374 2537; x_wconf 79' lang='lat' dir='ltr'>sive</span> <span class='ocrx_word' id='word_1_302' title='bbox 397 2504 483 2537; x_wconf 88' lang='lat' dir='ltr'>enim</span> <span class='ocrx_word' id='word_1_303' title='bbox 519 2503 556 2536; x_wconf 87' lang='lat' dir='ltr'>id</span> <span class='ocrx_word' id='word_1_304' title='bbox 579 2514 644 2549; x_wconf 85' lang='lat' dir='ltr'>per</span> <span class='ocrx_word' id='word_1_305' title='bbox 666 2514 705 2537; x_wconf 79' lang='lat' dir='ltr'>se</span> <span class='ocrx_word' id='word_1_306' title='bbox 728 2502 861 2537; x_wconf 87' lang='lat' dir='ltr'>nemine</span> <span class='ocrx_word' id='word_1_307' title='bbox 891 2502 1078 2546; x_wconf 78' lang='lat' dir='ltr'>instigante</span> <span class='ocrx_word' id='word_1_308' title='bbox 1100 2499 1254 2535; x_wconf 81' lang='lat' dir='ltr'>seditiosi</span> <span class='ocrx_word' id='word_1_309' title='bbox 1277 2498 1352 2533; x_wconf 85' lang='lat' dir='ltr'>ausi</span> <span class='ocrx_word' id='word_1_310' title='bbox 1374 2503 1495 2539; x_wconf 86' lang='lat' dir='ltr'>erant,</span> <span class='ocrx_word' id='word_1_311' title='bbox 1529 2497 1607 2530; x_wconf 86' lang='lat' dir='ltr'>iure</span> 
     </span>
     <span class='ocr_line' id='line_1_35' title="bbox 125 2544 1606 2596; baseline -0.003 -16"><span class='ocrx_word' id='word_1_312' title='bbox 125 2547 240 2581; x_wconf 85' lang='lat' dir='ltr'>timeri</span> <span class='ocrx_word' id='word_1_313' title='bbox 269 2549 370 2594; x_wconf 85' lang='lat' dir='ltr'>paria</span> <span class='ocrx_word' id='word_1_314' title='bbox 402 2560 520 2584; x_wconf 86' lang='lat' dir='ltr'>rursus</span> <span class='ocrx_word' id='word_1_315' title='bbox 557 2549 693 2584; x_wconf 83' lang='lat' dir='ltr'>eosdem</span> <span class='ocrx_word' id='word_1_316' title='bbox 728 2554 960 2583; x_wconf 84' lang='lat' dir='ltr'>attentaturos</span> <span class='ocrx_word' id='word_1_317' title='bbox 982 2549 1141 2593; x_wconf 82' lang='lat' dir='ltr'>impune,</span> <span class='ocrx_word' id='word_1_318' title='bbox 1173 2557 1300 2580; x_wconf 87' lang='lat' dir='ltr'>summo</span> <span class='ocrx_word' id='word_1_319' title='bbox 1323 2544 1520 2578; x_wconf 84' lang='lat' dir='ltr'>discrimine</span> <span class='ocrx_word' id='word_1_320' title='bbox 1542 2554 1606 2596; x_wconf 58' lang='lat' dir='ltr'>ge:</span> 
     </span>
     <span class='ocr_line' id='line_1_36' title="bbox 124 2589 1605 2641; baseline -0.003 -15"><span class='ocrx_word' id='word_1_321' title='bbox 124 2594 270 2628; x_wconf 86' lang='lat' dir='ltr'>rentium</span> <span class='ocrx_word' id='word_1_322' title='bbox 303 2595 546 2640; x_wconf 81' lang='lat' dir='ltr'>magistratus,</span> <span class='ocrx_word' id='word_1_323' title='bbox 580 2596 617 2630; x_wconf 85' lang='lat' dir='ltr'>in</span> <span class='ocrx_word' id='word_1_324' title='bbox 649 2607 735 2641; x_wconf 82' lang='lat' dir='ltr'>qnos</span> <span class='ocrx_word' id='word_1_325' title='bbox 765 2595 886 2640; x_wconf 83' lang='lat' dir='ltr'>gravis</span> <span class='ocrx_word' id='word_1_326' title='bbox 915 2594 1134 2629; x_wconf 82' lang='lat' dir='ltr'>incumbebat</span> <span class='ocrx_word' id='word_1_327' title='bbox 1154 2592 1304 2627; x_wconf 84' lang='lat' dir='ltr'>invidia:</span> <span class='ocrx_word' id='word_1_328' title='bbox 1335 2591 1410 2625; x_wconf 82' lang='lat' dir='ltr'>sive</span> <span class='ocrx_word' id='word_1_329' title='bbox 1430 2589 1524 2636; x_wconf 86' lang='lat' dir='ltr'>ipsos</span> <span class='ocrx_word' id='word_1_330' title='bbox 1548 2589 1605 2623; x_wconf 83' lang='lat' dir='ltr'>alu</span> 
     </span>
     <span class='ocr_line' id='line_1_37' title="bbox 124 2635 1603 2688; baseline -0.003 -16"><span class='ocrx_word' id='word_1_331' title='bbox 124 2638 349 2685; x_wconf 84' lang='lat' dir='ltr'>impulerant,</span> <span class='ocrx_word' id='word_1_332' title='bbox 373 2643 476 2676; x_wconf 87' lang='lat' dir='ltr'>etiam</span> <span class='ocrx_word' id='word_1_333' title='bbox 499 2642 623 2676; x_wconf 85' lang='lat' dir='ltr'>iterum</span> <span class='ocrx_word' id='word_1_334' title='bbox 647 2641 881 2676; x_wconf 77' lang='lat' dir='ltr'>concitandam</span> <span class='ocrx_word' id='word_1_335' title='bbox 903 2641 971 2675; x_wconf 85' lang='lat' dir='ltr'>vim</span> <span class='ocrx_word' id='word_1_336' title='bbox 996 2640 1176 2674; x_wconf 78' lang='lat' dir='ltr'>militarem</span> <span class='ocrx_word' id='word_1_337' title='bbox 1200 2639 1244 2673; x_wconf 87' lang='lat' dir='ltr'>ab</span> <span class='ocrx_word' id='word_1_338' title='bbox 1268 2638 1386 2672; x_wconf 80' lang='lat' dir='ltr'>iisdem</span> <span class='ocrx_word' id='word_1_339' title='bbox 1409 2636 1445 2670; x_wconf 87' lang='lat' dir='ltr'>in</span> <span class='ocrx_word' id='word_1_340' title='bbox 1469 2635 1603 2688; x_wconf 72' lang='lat' dir='ltr'>minime</span> 
     </span>
     <span class='ocr_line' id='line_1_38' title="bbox 124 2686 1603 2730; baseline -0.003 -12"><span class='ocrx_word' id='word_1_341' title='bbox 124 2687 303 2730; x_wconf 81' lang='lat' dir='ltr'>opinantes</span> <span class='ocrx_word' id='word_1_342' title='bbox 326 2689 450 2722; x_wconf 76' lang='lat' dir='ltr'>multos</span> <span class='ocrx_word' id='word_1_343' title='bbox 472 2688 547 2722; x_wconf 87' lang='lat' dir='ltr'>iure</span> <span class='ocrx_word' id='word_1_344' title='bbox 577 2687 764 2723; x_wconf 82' lang='lat' dir='ltr'>formidari.</span> <span class='ocrx_word' id='word_1_345' title='bbox 809 2687 868 2722; x_wconf 87' lang='lat' dir='ltr'>alii</span> <span class='ocrx_word' id='word_1_346' title='bbox 892 2687 1050 2722; x_wconf 86' lang='lat' dir='ltr'>similiter</span> <span class='ocrx_word' id='word_1_347' title='bbox 1072 2686 1140 2720; x_wconf 91' lang='lat' dir='ltr'>alio</span> <span class='ocrx_word' id='word_1_348' title='bbox 1170 2696 1209 2720; x_wconf 85' lang='lat' dir='ltr'>se</span> <span class='ocrx_word' id='word_1_349' title='bbox 1240 2687 1466 2729; x_wconf 86' lang='lat' dir='ltr'>receperunt,</span> <span class='ocrx_word' id='word_1_350' title='bbox 1490 2692 1603 2715; x_wconf 78' lang='lat' dir='ltr'>maxi-</span> 
     </span>
     <span class='ocr_line' id='line_1_39' title="bbox 123 2728 1599 2781; baseline -0.004 -16"><span class='ocrx_word' id='word_1_351' title='bbox 123 2742 178 2765; x_wconf 87' lang='lat' dir='ltr'>ma</span> <span class='ocrx_word' id='word_1_352' title='bbox 201 2745 360 2781; x_wconf 86' lang='lat' dir='ltr'>quaeque</span> <span class='ocrx_word' id='word_1_353' title='bbox 383 2734 451 2769; x_wconf 87' lang='lat' dir='ltr'>rati</span> <span class='ocrx_word' id='word_1_354' title='bbox 473 2735 563 2769; x_wconf 88' lang='lat' dir='ltr'>domi</span> <span class='ocrx_word' id='word_1_355' title='bbox 596 2734 810 2769; x_wconf 85' lang='lat' dir='ltr'>manentibus</span> <span class='ocrx_word' id='word_1_356' title='bbox 843 2733 1041 2778; x_wconf 83' lang='lat' dir='ltr'>impendere</span> <span class='ocrx_word' id='word_1_357' title='bbox 1063 2732 1230 2779; x_wconf 83' lang='lat' dir='ltr'>pericula.</span> <span class='ocrx_word' id='word_1_358' title='bbox 1278 2741 1381 2776; x_wconf 88' lang='lat' dir='ltr'>porro</span> <span class='ocrx_word' id='word_1_359' title='bbox 1405 2729 1463 2762; x_wconf 89' lang='lat' dir='ltr'>alii</span> <span class='ocrx_word' id='word_1_360' title='bbox 1485 2728 1530 2781; x_wconf 51' lang='lat' dir='ltr'>in·</span> <span class='ocrx_word' id='word_1_361' title='bbox 1544 2733 1599 2760; x_wconf 83' lang='lat' dir='ltr'>at-</span> 
     </span>
     <span class='ocr_line' id='line_1_40' title="bbox 123 2773 1598 2826; baseline -0.003 -15"><span class='ocrx_word' id='word_1_362' title='bbox 123 2783 221 2813; x_wconf 78' lang='lat' dir='ltr'>tenta</span> <span class='ocrx_word' id='word_1_363' title='bbox 243 2781 297 2815; x_wconf 84' lang='lat' dir='ltr'>sui</span> <span class='ocrx_word' id='word_1_364' title='bbox 327 2781 480 2826; x_wconf 88' lang='lat' dir='ltr'>ipsorum</span> <span class='ocrx_word' id='word_1_365' title='bbox 509 2781 666 2815; x_wconf 74' lang='lat' dir='ltr'>custodia</span> <span class='ocrx_word' id='word_1_366' title='bbox 699 2781 910 2826; x_wconf 81' lang='lat' dir='ltr'>perstabant.</span> <span class='ocrx_word' id='word_1_367' title='bbox 958 2784 996 2815; x_wconf 87' lang='lat' dir='ltr'>at</span> <span class='ocrx_word' id='word_1_368' title='bbox 1026 2789 1170 2823; x_wconf 83' lang='lat' dir='ltr'>magnus</span> <span class='ocrx_word' id='word_1_369' title='bbox 1193 2776 1408 2811; x_wconf 83' lang='lat' dir='ltr'>conostaulus</span> <span class='ocrx_word' id='word_1_370' title='bbox 1432 2773 1598 2808; x_wconf 81' lang='lat' dir='ltr'>fratribus</span> 
     </span>
     <span class='ocr_line' id='line_1_41' title="bbox 124 2821 1599 2869; baseline -0.004 -10"><span class='ocrx_word' id='word_1_371' title='bbox 124 2824 285 2869; x_wconf 88' lang='lat' dir='ltr'>(quorum</span> <span class='ocrx_word' id='word_1_372' title='bbox 308 2831 391 2861; x_wconf 85' lang='lat' dir='ltr'>natu</span> <span class='ocrx_word' id='word_1_373' title='bbox 414 2826 523 2861; x_wconf 80' lang='lat' dir='ltr'>maior</span> <span class='ocrx_word' id='word_1_374' title='bbox 551 2828 717 2868; x_wconf 83' lang='lat' dir='ltr'>Ioannes,</span> <span class='ocrx_word' id='word_1_375' title='bbox 748 2827 858 2861; x_wconf 87' lang='lat' dir='ltr'>minor</span> <span class='ocrx_word' id='word_1_376' title='bbox 882 2825 1127 2860; x_wconf 82' lang='lat' dir='ltr'>Constantinus</span> <span class='ocrx_word' id='word_1_377' title='bbox 1147 2823 1352 2866; x_wconf 83' lang='lat' dir='ltr'>vocabatur)</span> <span class='ocrx_word' id='word_1_378' title='bbox 1380 2821 1425 2855; x_wconf 88' lang='lat' dir='ltr'>ad</span> <span class='ocrx_word' id='word_1_379' title='bbox 1448 2830 1599 2854; x_wconf 86' lang='lat' dir='ltr'>commn-</span> 
     </span>
    </p>
   </div>
   <div class='ocr_carea' id='block_1_6' title="bbox 121 2869 1596 2919">
    <p class='ocr_par' dir='ltr' id='par_1_6' title="bbox 121 2869 1596 2919">
     <span class='ocr_line' id='line_1_42' title="bbox 121 2869 1596 2919; baseline -0.003 -14"><span class='ocrx_word' id='word_1_380' title='bbox 121 2881 198 2906; x_wconf 88' lang='lat' dir='ltr'>nem</span> <span class='ocrx_word' id='word_1_381' title='bbox 234 2873 379 2908; x_wconf 80' lang='lat' dir='ltr'>tutelam</span> <span class='ocrx_word' id='word_1_382' title='bbox 412 2873 574 2909; x_wconf 78' lang='lat' dir='ltr'>adhibitis</span> <span class='ocrx_word' id='word_1_383' title='bbox 602 2873 756 2908; x_wconf 89' lang='lat' dir='ltr'>idoneam</span> <span class='ocrx_word' id='word_1_384' title='bbox 788 2876 911 2919; x_wconf 72' lang='lat' dir='ltr'>cuique</span> <span class='ocrx_word' id='word_1_385' title='bbox 943 2871 1094 2908; x_wconf 85' lang='lat' dir='ltr'>subiecit</span> <span class='ocrx_word' id='word_1_386' title='bbox 1123 2869 1427 2916; x_wconf 86' lang='lat' dir='ltr'>praesidiariomm</span> <span class='ocrx_word' id='word_1_387' title='bbox 1451 2877 1596 2901; x_wconf 85' lang='lat' dir='ltr'>manum.</span> 
     </span>
    </p>
   </div>
  </div>
 </body>
</html>
