1846 3262
212 215 273 260 12
633 214 869 259 GEORGII
905 214 1261 260 PACHYMERIS

207 346 297 386 φειν
310 361 323 382 ,
369 327 421 384 ἢν
450 344 512 378 τις
544 327 649 384 λέγοι
692 327 884 385 ἑωρακὼς
919 327 945 385 ἢ
986 330 1054 372 καὶ
1094 324 1277 379 ἀκούσας
1312 323 1460 381 αῧτός,
1502 328 1674 380 πιστοὺς

208 397 253 440 ‹5'
276 397 407 452 ἀξιοίη
426 397 524 446 τούς
543 395 703 455 λόγους,
733 399 768 440 εἰ
785 395 913 453 μόνον
931 397 1050 455 λέγοι,
1073 399 1320 454 λογίζεσθαι,
1344 396 1438 440 ἀλλ’
1463 395 1673 453 αὐτόπτης

206 466 259 509 τὰ
273 471 441 509 πλεῖστα
456 464 587 516 οὕτως
603 466 765 522 ’ξυμβὰν
786 464 972 524 γεγονώς,
993 466 1018 523 ἢ
1039 468 1104 510 καὶ
1121 466 1275 521 μαθὼν
1295 465 1477 523 ἀκριβῶς
1493 466 1598 523 παρ’
1615 461 1672 510 ὧν

206 535 253 578 τὸ
293 538 457 591 πρῶτον
494 532 643 591 ὥράθη
675 535 940 593 πραχθέντα,
987 535 1093 592 πλὴν
1125 535 1167 578 δ’
1203 535 1276 579 οὐκ
1308 532 1528 592 ἀμάρτυρα
1565 534 1672 578 ἀλλὰ

155 613 184 646 C
208 605 274 646 καὶ
298 607 465 654 πολλοῖς
499 601 638 654 ἅλλοις
669 603 1023 661 συνηγορούμενα,
1061 602 1116 654 ὥς
1146 604 1196 647 ἂν
1216 604 1273 660 μὴ
1307 601 1509 658 ὅξύμπας
1523 591 1703 661 χρόνοςὲ

206 669 331 730 φύσιν
365 671 467 727 ἴχων
495 672 549 716 τὰ
568 673 701 716 πολλοὶ
731 671 920 730 κρύπτειν
948 680 1117 729 συχναῖς
1143 677 1349 723 κυκλικαΐς
1378 669 1580 729 περιόδοις
1605 673 1675 716 καὶ

206 738 285 784 ‘cdo‘
292 740 304 756 ²
327 740 508 800 ἀφανίσῃ
530 741 634 785 κατὰ
652 742 799 800 μικρὸν
829 744 992 799 ἐξίτηλα
1020 747 1070 799 τῇ
1090 744 1340 800 παραδρομῇ
1370 738 1584 798 γιγνόμενα
1605 741 1703 786 διὰ*

205 810 253 853 τὸ
286 810 467 868 φανέντα
498 807 756 867 κρύπτεσθαι
789 809 925 854 πάντα
956 809 1135 868 ἀνάγκην
1167 809 1291 864 εἶναι,
1335 809 1390 860 ὥς
1411 807 1491 853 πού
1509 827 1571 860 τις
1591 814 1675 854 τῶν
1735 854 1737 857 ,

207 883 350 936 σοφῶν
369 878 447 936 ἔφη
470 881 536 922 καὶ
557 879 729 936 ἀληθῶς
747 878 1058 937 ἔγνωμάτευσεν.
1119 879 1167 924 οὐ
1185 880 1268 936 μὴν
1287 876 1393 923 ὥστε
1411 880 1479 922 καὶ
1502 877 1550 922 τὸ
1570 878 1674 935 ἀλη-

204 949 281 998 θὲς
313 949 403 1005 περὶ
431 946 647 999 ἐλάττονος
673 953 748 992 τοῦ
776 947 959 1004 ψεύδους
985 946 1244 1006 ποιήσασθαι
1267 949 1356 1005 περὶ
1385 944 1583 991 τοιούτων
1605 947 1673 991 λέ·
1685 957 1729 992 10

203 1031 353 1073 γοντα·
392 1017 574 1074 ἱστορίας
605 1015 710 1074 γάρ,
749 1016 806 1069 ὡς
831 1017 882 1062 ἄν
910 1035 972 1069 τις
1004 1018 1132 1072 εἴποι,
1168 1017 1284 1074 ψυχὴ
1310 1015 1336 1073 ἡ
1367 1015 1567 1072 ἀλήθεια,
1605 1017 1675 1060 καὶ

205 1085 252 1129 τὸ
279 1090 353 1140 τῆς
384 1085 584 1142 ἀληθείας
608 1091 751 1143 χρῆμα
782 1085 1003 1144 ἐπάναγκες
1033 1084 1163 1142 ἱερόν,
1212 1085 1232 1130 ὃ
1264 1087 1309 1130 δὲ
1335 1085 1415 1143 πρὸ
1448 1084 1604 1141 ταύτης
1623 1085 1672 1128 τὸ

152 1170 183 1204 1)
207 1157 364 1209 ψεῦδος
395 1153 505 1211 ἄγων
532 1154 722 1210 ἄντικρυς
749 1154 970 1212 ἱερόσυλος.
1041 1155 1176 1206 ἄλλως
1211 1173 1255 1199 τε
1288 1156 1357 1198 καὶ
1393 1152 1491 1210 ἡμῖν
1524 1153 1673 1208 ἣκιστα

204 1221 404 1281 πρόθεσις
421 1230 508 1274 τοῖς
527 1228 748 1279 πραχθεῖσι
771 1225 946 1281 μέγεθος
977 1225 1178 1274 ἐντιθέναι
1191 1258 1204 1277 ,
1235 1222 1458 1279 ὦσανείπερ
1485 1222 1674 1277 κινουμέ-

205 1310 292 1343 νοις
311 1295 354 1336 {n
381 1294 529 1348 μίσους
554 1291 579 1348 ἢ
607 1293 688 1348 μὴν
719 1293 878 1344 εὐνοίας
891 1326 904 1348 ,
947 1292 1004 1345 ὥς
1022 1293 1074 1338 ἂν
1093 1293 1214 1336 πλέον
1237 1292 1263 1349 ἢ
1293 1291 1398 1342 εἰκὸς
1421 1290 1446 1347 ἢ
1467 1290 1514 1336 τὸ
1536 1295 1672 1342 κακῶς
1685 1300 1727 1336 15

206 1361 370 1416 ξυμβὰν
399 1361 654 1418 διασυρείηῆ
691 1362 738 1405 τὸ
766 1358 809 1405 εὗ
848 1363 1055 1418 ξυμπεσόν
1087 1361 1317 1418 ὗμνηθείη,
1354 1365 1429 1404 τοῦ
1452 1358 1575 1417 λόγου
1596 1360 1674 1411 τὰς

204 1430 332 1480 ἀκοὰς
352 1428 631 1486 γοητεύοντος.
704 1431 839 1486 ἐπειδὴ
856 1431 935 1488 γὰρ
961 1431 1012 1475 τὰ
1044 1429 1283 1487 ὅπουὸλήπου
1316 1429 1557 1488 πραχθέντα
1587 1429 1673 1472 Ξ-’στι

200 1500 275 1554 μὲν
294 1500 361 1542 καὶ
386 1499 595 1552 διεξιέναι,
639 1496 700 1549 οἷς
729 1499 779 1555 δὴ
814 1502 880 1542 καὶ
908 1501 1033 1556 λέγειν
1063 1501 1329 1555 βουλομένοις
1353 1500 1485 1551 ἐστίν,
1521 1498 1606 1541 ἔστι
1628 1497 1673 1541 δὲ

202 1570 271 1610 καὶ
290 1568 360 1610 ἐᾶν
380 1567 566 1625 ἄρρητα,
602 1566 660 1622 μὴ
690 1565 867 1624 ἀνάγκης
891 1566 1104 1625 ὑπούσης,
1143 1574 1234 1629 νικᾷ
1265 1568 1361 1612 κατ’
1390 1566 1491 1622 ἐμὴν
1508 1564 1672 1623 γνώμην

147 1643 180 1676 Ε
206 1636 252 1679 τὸ
291 1640 449 1679 σιωπᾶν
478 1635 504 1691 ’ἢ
537 1635 585 1678 τὸ
614 1636 738 1692 λέγειν
767 1636 902 1687 ἄλλως
933 1637 959 1692 ἢ
987 1636 1042 1687 ὡς
1069 1635 1363 1694 ἐπράχθησαν,
1401 1637 1468 1678 καὶ
1491 1643 1729 1692 κρεῖττονΞο

204 1702 336 1760 δήπου
355 1711 442 1754 τοῖς
460 1701 654 1747 ἀκούουσι
673 1704 719 1748 τὸ
739 1705 795 1760 μὴ
815 1703 1042 1759 μανθάνειν
1056 1705 1160 1756 ὅλως
1179 1705 1205 1761 ἢ
1225 1705 1272 1748 τὸ
1290 1701 1517 1760 μανθάνειν
1538 1703 1673 1754 ἄλλως

201 1772 228 1829 ἢ
250 1771 304 1824 ὥς
324 1771 350 1830 ἡ
372 1772 502 1824 ὅντως
522 1773 683 1831 ἱστορία
709 1771 925 1829 βούλεται,
962 1772 1017 1825 ὦς
1046 1776 1199 1817 ἐκεῖθεν
1217 1774 1292 1830 μέν
1312 1778 1385 1830 τῆς
1406 1770 1539 1827 ἁπλῆς
1560 1774 1673 1816 εἷσα-

204 1952 309 1986 saepe
337 1939 503 1976 scribenti
537 1940 720 1985 usuvenit,
753 1940 830 1976 dum
864 1940 962 1976 nimis
995 1940 1099 1976 facile
1132 1939 1285 1975 creditur
1314 1939 1403 1975 omni
1435 1937 1492 1985 qui
1517 1937 1611 1974 dicat
1633 1950 1672 1975 se

204 1987 341 2022 audisse
365 1992 424 2021 aut
450 1987 599 2031 vidisse,
634 1999 749 2022 verum
782 1987 841 2033 qui
873 1999 934 2033 per
959 1999 1010 2022 me
1033 1988 1109 2034 ipse
1132 1988 1296 2033 pleraque
1320 1985 1461 2021 viderim
1485 1985 1536 2020 sic
1560 1985 1672 2020 conti-

203 2034 296 2079 gisse
319 2038 358 2068 ut
381 2034 508 2074 refero,
535 2034 589 2068 vel
613 2033 643 2067 si
668 2035 710 2068 ab
735 2033 811 2069 aliis
836 2034 1048 2080 acceperim,
1072 2033 1254 2079 diligenter
1277 2032 1480 2067 excusserint}
1503 2044 1525 2066 a
1548 2031 1673 2077 quibus

206 2081 352 2126 primum
377 2091 418 2114 ea
441 2080 511 2114 sint
537 2079 612 2116 visa
634 2079 714 2115 dum
749 2081 894 2123 fierent,
927 2092 968 2115 ac
1002 2092 1066 2115 nec
1097 2081 1148 2115 sic
1172 2080 1270 2114 unius
1295 2077 1488 2114 testimonio
1514 2077 1672 2112 credide-

207 2126 288 2168 rim,
320 2126 380 2160 sed
415 2126 593 2161 multorum
634 2126 854 2160 affirmationi
894 2126 1065 2161 concordi.
1121 2125 1245 2172 scripsi
1279 2132 1412 2167 autem,
1456 2136 1499 2158 ne
1535 2127 1671 2170 tempus

210 2179 335 2217 suapte
367 2177 492 2207 natura
522 2171 700 2207 involvens
735 2184 775 2207 ac
798 2178 920 2218 tegens
944 2173 1070 2214 multa,
1102 2173 1299 2217 crebrisque
1321 2172 1392 2206 suis
1412 2170 1671 2205 circuitionibus

210 2219 370 2261 obruens,
395 2219 481 2253 haec
503 2230 637 2264 quoque
661 2219 777 2253 deleat
800 2219 970 2264 fugientia
992 2219 1067 2266 ipso
1091 2218 1249 2253 decursu.
1289 2229 1430 2253 necesse
1452 2217 1582 2262 quippe
1606 2221 1671 2259 est,

210 2276 300 2310 quae
334 2265 519 2310 aliquando
551 2266 625 2299 visa
653 2271 757 2308 sunt,
787 2266 925 2311 contegi
956 2266 1114 2308 taudem,
1147 2271 1184 2300 ut
1218 2265 1339 2299 doctus
1363 2264 1498 2310 quidam
1522 2262 1673 2297 asseruit

211 2323 251 2345 ac
282 2323 365 2345 vere
400 2311 644 2356 pronuntiavit.
690 2312 750 2346 sed
783 2323 894 2357 neque
927 2324 990 2357 par
1016 2316 1070 2347 est
1100 2313 1143 2346 de
1176 2311 1230 2346 his
1252 2312 1353 2346 rebus
1386 2310 1555 2344 dicentem
1576 2319 1672 2343 meu-

210 2356 309 2392 dacio
333 2357 471 2392 minoris
494 2356 612 2391 facere
636 2358 828 2393 veritatem.
875 2358 1040 2394 historiae
1063 2370 1223 2404 namque,
1247 2358 1297 2392 uti
1323 2356 1399 2402 quis
1423 2355 1572 2398 dixerit,
1595 2353 1682 2390 ani-'

209 2415 264 2437 ma
285 2404 440 2445 veritas;
464 2410 499 2439 et
523 2404 653 2439 veritas
675 2404 752 2449 ipsa
775 2416 898 2439 revera
920 2416 976 2439 res
998 2416 1097 2440 sacra
1121 2410 1184 2440 est.
1232 2404 1262 2438 is
1285 2404 1391 2448 igitur
1409 2402 1466 2448 qui
1487 2401 1594 2448 pluris
1616 2401 1671 2436 fa—

209 2450 259 2484 cit
281 2450 500 2492 mendacium,
525 2456 644 2495 aperte
667 2450 852 2496 sacrilegus
874 2455 937 2485 est.
986 2456 1022 2486 at
1044 2463 1156 2497 neque
1181 2451 1388 2495 propositum
1412 2449 1510 2484 nobis
1533 2453 1588 2482 est.
1605 2459 1670 2492 ge-

208 2494 272 2530 stis
298 2496 438 2531 aliorum
463 2496 599 2541 pondus
623 2497 773 2539 addere,
798 2497 896 2542 quasi
921 2497 979 2531 vel
1002 2497 1080 2532 odio
1105 2498 1158 2532 vel
1183 2496 1421 2531 benevolentia
1443 2505 1668 2536 moveremur,

208 2544 307 2576 utet
337 2543 428 2588 quod
462 2543 550 2576 male
581 2543 728 2583 accidit,
764 2543 840 2587 plus
873 2555 983 2588 aequo
1014 2543 1204 2585 laceretur,
1235 2549 1271 2577 et.
1305 2542 1395 2588 quod
1419 2541 1508 2576 belle
1531 2539 1667 2582 cecidit,

207 2588 395 2634 impensius
421 2589 635 2629 celebretur3
659 2588 805 2624 historia
826 2589 1017 2635 legentibus
1041 2590 1244 2635 imponente.
1283 2581 1556 2636 quandoquidem
1579 2586 1669 2621 enim

209 2646 452 2681 quaecunque,
476 2634 586 2669 ubivis
602 2638 776 2669 terrarum
800 2642 898 2680 gesta
920 2640 1019 2678 sunt,
1042 2636 1126 2671 licet
1149 2635 1283 2682 quidem
1306 2645 1448 2670 narrare
1470 2635 1669 2678 argumenta

211 2680 349 2717 dicendi
382 2681 642 2727 quaerentibus,
678 2681 760 2715 licet
795 2687 830 2716 et
863 2682 1021 2717 omittere
1053 2683 1205 2724 indicta,
1238 2683 1326 2716 nulla
1350 2679 1558 2716 necessitate
1581 2677 1668 2712 scri-

210 2727 293 2761 bere
316 2732 482 2772 cogente,
505 2727 612 2762 satius
636 2727 791 2773 profecto
815 2728 879 2771 sit,
903 2732 941 2763 ut
965 2740 1030 2774 ego
1054 2729 1191 2775 quidem
1215 2728 1386 2769 arbitror,
1409 2725 1544 2761 silentio
1568 2735 1670 2771 prae·

210 2772 315 2807 terire
340 2785 442 2819 quam
465 2785 564 2809 secus
587 2785 628 2808 ac
653 2778 753 2818 gesta
775 2780 855 2808 suut
878 2775 1027 2810 tradere.
1079 2780 1234 2821 praestat
1264 2774 1349 2809 enim
1369 2771 1564 2818 legentibus
1586 2770 1671 2805 nihil

211 2830 327 2853 eorum
352 2820 442 2855 scire
466 2832 566 2866 quam
591 2826 712 2854 contra
736 2831 777 2855 ac
802 2832 885 2855 vere
911 2824 988 2856 acta
1012 2828 1092 2856 sunt
1114 2821 1243 2857 doceri.
1289 2820 1382 2855 illinc
1411 2819 1498 2854 enim
1522 2817 1671 2852 inscien-

211 2864 262 2900 tia
286 2866 473 2911 quaedam,
496 2871 531 2902 et
554 2866 697 2913 simplex
720 2865 778 2902 illa
800 2867 959 2914 quidem,
982 2867 1193 2911 innascitur,
1217 2867 1339 2902 nullam
1362 2865 1499 2901 inurens
1521 2863 1672 2915 turpituss
