1884 3262
557 238 561 240 >
577 207 689 255 LIB.
708 210 743 255 1.
794 207 1160 255 GLOSSARIUM.
1502 204 1601 253 541

150 323 261 363 cuius
279 322 347 361 liic
363 320 541 360 meminit
559 320 822 373 Pachyt'neres
838 314 1062 372 νοσοκὸμον
1079 324 1120 357 et
1135 316 1469 374 valetudinarium
1485 320 1603 356 enra-

147 387 276 419 to'rem
295 378 478 418 michaeli
496 378 730 428 Palaeologo
748 376 986 415 moribundo
1002 375 1241 425 adhaesisse3
1272 374 1336 413 cui
1357 388 1446 413 cum
1461 374 1601 413 intima

147 437 232 474 eius
255 436 447 487 temporis
468 435 696 474 admoveret
717 433 954 482 ministeria,
982 433 1098 471 facile
1126 432 1236 482 signa
1263 431 1402 470 mortis
1417 431 1602 470 instantis

147 493 357 531 observare
383 492 571 543 potuerit.
626 491 726 530 tales
751 490 854 528 enim
877 488 1176 541 imperatoribus
1194 487 1602 540 Constantinopolita-

146 549 209 588 nis
229 561 299 600 per
318 548 414 586 haec
431 554 610 600 tempora
634 546 859 585 ministrare
877 545 1139 590 consuevisse,
1171 545 1239 596 qui
1257 545 1423 582 actuarii
1440 545 1601 584 nomine

146 606 190 643 in
210 605 410 644 Palatinae
428 603 630 656 dignitatis
652 602 845 642 honorem
865 608 1002 641 evecto
1018 601 1062 639 in
1080 601 1169 640 nula
1190 607 1441 639 versarentur
1458 615 1601 640 curan.

146 662 220 700 dae
254 661 520 712 Augustorum
543 660 787 710 valetudini,
817 659 934 697 docet
958 671 1033 696 nos
1066 658 1180 696 locus
1206 657 1366 707 Georgii
1388 657 1601 709 Acropoli-

144 724 208 756 tae
240 718 281 755 in
302 718 406 757 nist.
408 732 470 786 ,tp
491 716 546 760 34
575 717 636 757 ed.
654 717 745 766 Reg.
775 711 968 769 ἀντιλέγει
997 712 1042 755 δὲ
1069 718 1153 762 τοῖς
1177 714 1401 783 λεγομένοις
1420 712 1442 755 ὃ
1464 712 1601 766 ἱατρος

146 770 364 823 Νικόλαος,
393 770 493 827 ἆνηρ
517 770 660 841 ἥκιστα
684 771 757 825 μὲν
781 772 1024 824 φιλοσοφίας
1048 769 1270 823 μετασχών,
1301 768 1422 823 ἄκρος
1448 768 1493 811 δὲ
1521 786 1600 822 την

145 831 299 871 οἰκείαν
318 829 480 899 τέχνην-ἶ
509 829 577 870 καὶ
596 826 763 882 μάλιστα
781 844 860 897 την
876 826 943 868 §ad
961 828 1100 880 πείρας
1123 826 1432 880 γινωσκομένην.
1487 823 1599 867 πάνυ

145 885 191 928 δὲ
206 903 322 935 ουτος
340 883 523 939 ηγαπᾶτο
538 889 590 942 τῇ
608 886 804 939 βασιλίδι,
833 881 1076 938 ἆκτουαρίου
1099 884 1143 924 δὲ
1161 881 1238 936 εἶχε
1256 882 1388 936 τιμήν.
1445 896 1494 922 en
1519 884 1602 922 Ni«

144 944 281 982 colaus
312 944 489 981 medicus
521 943 564 981 in
597 948 682 982 arte
715 956 784 981 sua
816 942 1038 990 excellens,
1067 946 1107 979 et
1132 941 1361 992 praesertim
1381 939 1463 978 eius
1480 939 1603 1004 praxi·

143 1005 262 1051 atque
285 1013 364 1038 usu
389 1000 550 1049 dexter,
580 998 623 1037 in
651 998 839 1049 obsequio
868 1004 953 1037 erat
971 998 1103 1036 Irenes
1121 998 1320 1048 Augustae
1341 996 1506 1035 actuarii
1527 996 1601 1034 di-z

143 1057 313 1107 gnitate:
352 1055 493 1106 quidni
518 1069 652 1106 parem
676 1068 859 1106 operam,
899 1053 989 1106 pari
1015 1059 1313 1092 auctoramento
1345 1053 1476 1103 tituli,
1514 1053 1598 1091 Mi-

142 1111 271 1151 chaeli
294 1111 473 1161 Augusto
495 1118 735 1150 memoratus
755 1110 835 1149 hoc
852 1111 941 1149 loco
961 1110 1156 1148 Cabasilas
1175 1110 1383 1149 nsvaverit
1396 1109 1416 1147 ’.Ρ

255 1163 346 1208 ἄλλ
359 1164 482 1222 ἅγια
509 1181 548 1220 p.
569 1171 650 1211 310
671 1181 713 1209 v.
731 1167 772 1210 4.
827 1167 895 1205 hic
915 1180 1058 1205 vocem
1077 1163 1276 1220 ἆλλαγίοις
1294 1166 1508 1206 Vaticanus
1529 1165 1600 1204 in—.
1617 1168 1646 1202 P
1666 1168 1734 1203 368

141 1225 383 1277 terpolator,
413 1230 457 1263 ut
478 1224 579 1263 solet
600 1223 760 1276 quando
789 1237 872 1262 non
894 1223 1101 1274 intelligit,
1132 1224 1295 1263 omittit.
1339 1236 1391 1261 ne
1419 1236 1594 1274 quaera-

139 1295 229 1320 mus
260 1281 452 1332 originem
484 1279 601 1318 huius
626 1280 812 1318 vocabuli
831 1280 876 1318 in
900 1280 1048 1318 Graeca
1071 1281 1204 1331 lingua
1219 1311 1229 1329 ‚
1258 1280 1430 1318 deterret
1452 1286 1594 1318 auctor

139 1337 246 1390 ipse,
276 1338 344 1389 qui
366 1351 448 1376 nou
470 1337 638 1375 obscure
657 1337 808 1375 indicat
822 1337 1074 1388 peregrinum
1092 1336 1134 1374 id
1154 1349 1235 1375 esse
1251 1342 1290 1374 et
1309 1350 1384 1374 usu
1403 1336 1488 1374 illic
1502 1337 1593 1375 vul-

139 1394 224 1445 gari
250 1394 422 1432 militum
449 1394 733 1446 plerorumque
761 1399 987 1432 exterorum
1003 1393 1154 1432 tritum.
1214 1406 1284 1444 ego
1303 1393 1430 1430 donec
1450 1393 1591 1431 verisi-

139 1449 273 1489 milius
303 1450 452 1502 aliquid
479 1450 618 1488 afferat
643 1449 858 1501 quispiam,
886 1449 1068 1501 suspicor
1095 1449 1290 1488 Gallicum
1321 1462 1403 1487 esse
1425 1455 1492 1487 aut
1520 1449 1592 1487 de-

138 1507 353 1545 formatum
372 1519 424 1545 ex
442 1506 610 1545 Gallico.
665 1519 757 1544 nam
779 1506 883 1544 Galli
897 1507 980 1545 sive
998 1506 1163 1556 Franci,
1190 1512 1236 1544 ut
1251 1505 1498 1545 notissimum
1517 1511 1600 1554 ests

137 1563 330 1615 permulti
352 1563 400 1601 ab
422 1563 535 1601 annis
560 1564 683 1601 ferme
710 1562 895 1601 ducentis
917 1563 1124 1601 occasione
1146 1576 1347 1601 sacrarum
1368 1561 1600 1614 expeditio-v

138 1632 233 1657 num
257 1619 300 1657 in
328 1619 407 1658 illis
435 1618 611 1671 partibus
637 1619 917 1659 militaverant.
973 1619 1016 1657 hi
1041 1633 1163 1672 porro
1192 1632 1280 1658 cum
1300 1618 1455 1657 soleant
1476 1618 1589 1657 sedes

138 1675 191 1714 ad
216 1675 505 1714 hibernandum
532 1675 740 1714 attributas
770 1675 964 1714 militibus
989 1676 1031 1714 in
1060 1676 1170 1728 pagis
1198 1682 1268 1714 aut
1293 1675 1452 1728 oppidis
1481 1676 1605 1712 allo-2

135 1733 347 1784 giamenta
364 1732 451 1772 sive
468 1733 628 1784 allogia
642 1745 788 1772 vocare
810 1731 953 1782 (hodie
971 1732 1113 1770 dicunt
1131 1733 1188 1770 les
1205 1733 1404 1784 legemem
1421 1730 1471 1770 de
1489 1746 1589 1784 gen-s·

139 1787 189 1826 de
207 1787 376 1842 guerre)
389 1821 401 1840 ,
434 1801 478 1828 ea
496 1789 756 1842 Pachymeres
776 1789 895 1828 unius
911 1789 1050 1828 literae
1073 1790 1291 1828 mutatione
1309 1788 1449 1839 allagia
1467 1802 1591 1827 voca..

137 1846 254 1884 verit.
308 1859 372 1886 res
399 1852 531 1885 autem
557 1845 653 1884 satis
678 1845 816 1884 suadet
842 1845 948 1898 ipsa,
974 1845 1051 1884 ista
1079 1859 1246 1899 corpora
1270 1845 1418 1884 diversi
1435 1845 1599 1896 generis-

136 1901 309 1941 militum
327 1903 595 1941 contuberniis
614 1909 653 1941 et
666 1901 851 1955 hospitiis
869 1902 988 1941 fuisse
1007 1902 1155 1953 divisa,
1183 1902 1238 1941 ita
1257 1908 1302 1940 nt
1321 1901 1602 1954 paphlagones

136 1957 253 1996 verbi
277 1960 402 2010 gratia
430 1973 513 1997 uno
542 1959 587 1998 in
615 1958 763 2011 oppido
786 1959 995 1998 stationem
1012 1958 1218 2007 haberent,
1247 1958 1477 1997 Thracesin
1493 1959 1587 2009 alio,

135 2013 310 2067 Phryges
326 2015 558 2055 Macedones
575 2016 677 2068 Mysi
694 2016 810 2055 Cares
829 2022 868 2054 et
882 2016 1027 2067 reliqui
1047 2016 1245 2065 similiter,
1275 2022 1393 2066 atque
1410 2016 1508 2054 adeo
1525 2021 1587 2054 tot

134 2077 266 2109 essent
292 2084 459 2124 corpora
487 2079 585 2124 quot
606 2072 749 2123 allogia
776 2072 861 2111 sive
890 2072 1060 2124 hospitia
1080 2079 1150 2111 aut
1165 2073 1259 2110 loca
1270 2071 1444 2110 hibernis
1466 2072 1586 2109 attri-

134 2125 252 2176 buta,
281 2129 388 2167 unde
414 2129 630 2168 invaluerit
647 2135 693 2167 ut
711 2129 818 2182 ipsae
834 2129 925 2168 illae
947 2129 1120 2179 legiones
1143 2130 1299 2179 allogia
1319 2128 1403 2166 sive
1422 2127 1585 2178 allagia

135 2182 375 2223 dicerentur.
431 2184 529 2224 haec
545 2187 577 2223 si
596 2185 726 2223 minus
741 2185 912 2237 cuipiam
930 2186 1156 2235 arriserint,
1183 2185 1380 2223 remittam
1400 2184 1582 2234 equidem

135 2239 221 2277 cius
246 2253 364 2278 causa
380 2254 463 2278 non
483 2247 641 2292 gravate
665 2242 715 2280 de
733 2242 885 2292 origine
906 2256 953 2280 ac
973 2242 1199 2280 notatione:
1226 2242 1276 2280 de
1300 2240 1463 2279 notione
1484 2240 1580 2292 qui-

137 2295 226 2333 dem
241 2297 352 2335 vocis
367 2309 509 2336 vereor
521 2304 568 2336 ut
584 2298 746 2348 possim,
771 2312 862 2336 cum
879 2299 963 2336 eius
981 2304 1120 2336 auctor
1123 2312 1182 2336 em
1201 2297 1363 2335 habeam
1378 2296 1578 2336 idoneum.

136 2351 328 2403 Georgius
357 2352 503 2405 Acrop.
525 2366 562 2395 c.
578 2355 632 2397 59
651 2354 751 2393 Hist.
771 2369 810 2406 p.
831 2357 887 2397 66
906 2354 965 2395 ed.
990 2355 1082 2404 Reg.
1110 2355 1160 2392 de
1183 2354 1352 2423 quodam
1381 2353 1599 2391 Constan-·

132 2408 222 2447 tino
252 2409 482 2474 Margarite‚
510 2410 683 2461 primum
713 2410 810 2449 dicit
834 2411 954 2449 fuisse
974 2408 1126 2448 illum
1109 2408 1278 2463 ἄρχοντα
1297 2406 1481 2475 ᾇλλογὶου
1500 2406 1579 2450 oev’-

132 2467 229 2515 τοῦ,
254 2465 441 2505 nimirum
458 2466 554 2518 imp.
572 2465 791 2516 Theodori3
821 2473 904 2506 tum
926 2480 1013 2519 pag.
1031 2474 1219 2518 sequente
1236 2467 1309 2505 id
1296 2480 1428 2519 ipsum
1446 2467 1597 2518 expli-1

133 2534 229 2560 cans
255 2521 312 2560 ait
338 2521 364 2564 o‘
389 2519 433 2563 δὲ
455 2521 638 2575 βασιλευς
659 2520 905 2575 Θεόδωρος
887 2520 1059 2575 α’ρχοντα
1082 2526 1156 2575 τῆς
1176 2520 1301 2564 αυτοῦ
1323 2519 1576 2574 κατωνόμακε

132 2573 296 2627 τάξεως.
354 2578 655 2617 Constantinum
683 2579 933 2629 Margaritem
962 2593 1077 2630 quem
1103 2587 1193 2619 ante
1214 2580 1369 2618 dixerat
1388 2575 1575 2632 ἆλλαγίου

132 2632 377 2686 βασιλέως”
350 2650 541 2702 αρχοντα,
579 2649 689 2674 nunc
716 2641 836 2674 vocat
873 2651 1044 2688 αρχοντα
1074 2639 1146 2689 τῆς
1179 2633 1326 2686 τάξεως
1358 2637 1576 2689 βασιλικῆς.
1594 2652 1596 2654 ·

132 2689 254 2740 igitur
273 2691 378 2729 idem
394 2688 503 2740 τάξις
519 2697 559 2730 et
575 2687 776 2744 ἆλλᾶγιον.
831 2689 961 2741 τάξεις
987 2698 1118 2732 autem
1143 2699 1182 2734 et
1206 2690 1382 2748 τάγματα
1404 2693 1577 2744 legiones

132 2752 203 2818 aut
224 2746 406 2786 cohortes
425 2747 584 2788 Graecis
606 2748 732 2788 dictas
755 2748 844 2800 quis
865 2749 990 2788 nescit
1017 2750 1092 2803 *)'2

148 2872 167 2878 ”
219 2867 270 2913 *)
313 2870 361 2905 cf.
383 2869 514 2907 Possin.
535 2869 690 2906 Glossar.
711 2870 851 2907 alterum
875 2870 1111 2918 (Androntc.)
1133 2883 1170 2908 v.
1193 2867 1438 2916 dumi-extr.
