1884 3262
574 244 578 248 .
595 211 706 255 LIB.
725 211 760 256 1.
805 210 1172 256 GLOSSARIUM.
1524 213 1623 260 577

108 366 115 369 „
164 323 296 364 fixisse.
351 321 419 361 illa
436 328 559 374 porro
577 322 721 362 verba:
747 325 872 364 ταῦτα
890 320 967 378 γέρ
984 317 1091 375 ἦσαν
1108 321 1156 364 τό
1171 318 1317 374 πάλαι,
1338 322 1624 366 'vident'ur‘re-

166 381 315 432 spicere
353 380 499 418 festum
530 379 781 431 scenopegiae
815 386 886 419 aut
915 380 1262 419 tabernaculorum
1292 395 1314 418 a
1341 381 1492 421 Iudaeis
1528 383 1623 423 olim

166 435 357 476 celebrari
389 436 550 475 solitum
574 437 618 474 in
643 436 873 475 memoriam
902 437 1008 475 vitae
1037 450 1060 474 a
1083 438 1262 489 patribus
1293 438 1335 476 in
1361 439 1627 480 tabernaculis

164 499 390 533 transactae
410 506 481 544 per
498 506 623 531 annos
638 493 896 545 quadraginta
912 493 954 531 in
972 493 1141 532 deserto.
1178 494 1252 533 etsi
1270 500 1401 533 autem
1418 496 1626 548 Scriptura

166 551 237 591 ubi
262 549 341 588 hoc
364 551 510 588 festum
535 550 786 601 praescribit,
814 550 1036 588 meminerit
1051 556 1207 588 tantum
1226 551 1371 589 diserte
1386 553 1627 592 tabernacu-

167 608 298 646 lorum
324 613 546 645 erectorum
573 613 688 645 extra
713 607 873 655 domos,
903 607 999 645 satis
1029 613 1163 644 tamen
1187 621 1359 659 pronum
1387 610 1541 648 creditu
1568 617 1629 650 est

167 664 427 703 adhibitarad
456 663 565 702 hunc
592 677 710 702 usum
735 664 912 715 plaustra
938 664 1059 702 ramis
1078 664 1298 703 virentibus
1319 678 1487 716 superne
1510 673 1628 717 tecta,

168 727 210 759 et
234 727 389 759 caetero
417 720 626 772 splendore
644 721 745 759 varii
766 726 930 759 ornatus
951 720 1111 772 agrestis
1130 721 1355 760 festivitatis
1372 722 1542 762 laetitiae
1562 737 1628 762 ce-

101 800 105 807 ·
166 777 381 816 lebrandae
402 778 716 827 accommodata,
747 790 847 829 quae
864 777 930 816 hie
948 784 1085 815 noster
1102 779 1300 830 λαμπίνας
1319 785 1450 819 vocat.

280 849 619 899 λειτουργεῖν
649 859 687 898 Ρ.
718 844 800 887 874
828 859 867 885 v,
901 847 965 886 17.
1022 843 1101 883 hoc
1125 844 1212 884 loco
1238 860 1301 885 res
1325 847 1407 898 ipsa
1435 849 1555 900 exigit
1580 856 1630 888 ut

166 900 215 944 τὸ
231 905 470 956 λειτουργεῖν
493 916 575 940 non
595 902 824 954 simpliciter
846 908 959 940 sonet
978 901 1135 940 missam
1155 903 1236 941 sive
1259 917 1410 943 sacram
1430 905 1630 956 liturgiam

170 960 388 1007 celebrare,
428 959 498 997 sed
529 959 572 997 id
603 960 731 997 facere
760 959 876 996 simul
906 971 994 996 cum
1026 958 1192 1007 Latinis,
1224 959 1270 997 iis
1298 973 1378 998 una
1409 963 1632 1000 communi-

169 1016 318 1065 cando;
365 1015 407 1053 in
443 1028 523 1066 quo
560 1021 646 1053 erat
684 1015 759 1053 sita
797 1014 1016 1052 schismatis
1054 1015 1221 1053 amotio:
1261 1030 1354 1054 nam
1395 1017 1632 1057 schismatici

171 1073 311 1112 Graeci
344 1072 504 1109 Latinos
534 1078 582 1110 ut
608 1071 970 1110 excommunicatos
998 1078 1039 1110 et
1065 1070 1285 1111 haereticos
1312 1067 1355 1111 in
1386 1077 1631 1114 consortium

167 1143 255 1169 sacr
259 1142 372 1167 orum
391 1128 600 1167 admittere
615 1128 861 1167 recusabant.

282 1195 444 1242 λέπας
471 1209 509 1247 p
526 1197 610 1238 385
634 1209 673 1234 v.
695 1198 760 1238 10.
818 1212 874 1244 ως
892 1193 1012 1243 λέπας
1030 1194 1186 1260 πέτρας.
1241 1202 1360 1236 vetus
1378 1198 1633 1249 proverbium

168 1267 220 1292 ex
236 1252 527 1305 Aristophane
518 1266 558 1290 111
578 1252 720 1302 Pluto,
749 1246 817 1291 ubi
840 1251 1095 1304 Chremylum
1118 1253 1173 1291 sic
1197 1252 1426 1304 loquentem
1444 1255 1540 1294 facit
1558 1256 1632 1294 sub

169 1311 290 1350 finem

180 1372 183 1374 “
391 1380 448 1413 ως·
472 1359 666 1413 εὐτόνως,
700 1380 730 1403 ω
757 1365 840 1404 Ζεῦ
862 1361 1115 1416 βασιλεῦ,τό
1135 1361 1304 1420 γρᾴδιον

393 1419 524 1473 ὥσπερ
549 1420 669 1468 λε’πας
691 1436 744 1475 τῳ
770 1422 961 1476 μειρακίω
982 1422 1245 1472 προσίσχεται.

173 1471 225 1518 ad
255 1491 371 1530 quem
396 1478 529 1516 locum
560 1478 615 1515 sic
645 1482 812 1514 annotat
844 1483 960 1515 vetus
991 1476 1237 1515 scholiastes.
1275 1475 1398 1526 λέπας
1424 1474 1637 1531 κογχυλιον

173 1532 366 1587 εφιζάνον
391 1539 478 1582 ταῖς
502 1533 662 1602 πέτραις
690 1549 735 1573 oi:
744 1529 914 1581 ἀὐταῖς
939 1547 1265 1586 προσπηγνυται,
1296 1532 1638 1582 δυσαποσπάστως

175 1592 287 1644 εχον,
316 1587 480 1632 ἕπειδαν
510 1606 570 1638 τις
602 1586 728 1630 αὐτοῦ
759 1591 981 1642 βουληθείη
1008 1591 1158 1642 λαβεῖν.
1215 1589 1355 1628 similia
1382 1589 1488 1628 idem
1519 1591 1637 1629 docet

175 1649 228 1687 ad
248 1661 408 1687 versum
426 1647 536 1685 hunc
554 1646 675 1685 alium
694 1646 868 1685 eiusdem
886 1645 1193 1698 Aristophanis
1181 1661 1225 1685 m
1245 1646 1393 1699 Vespis‚
1421 1660 1503 1686 non
1520 1646 1636 1699 longe

174 1706 198 1744 a
219 1704 428 1759 principio,

612 1754 910 1825 προκαθεύδει
900 1774 989 1812 πρω
1011 1755 1120 1799 πάνυ

394 1829 528 1869 ωσπερ
547 1814 669 1864 λέπας
688 1811 972 1868 προσεχόμενος
990 1818 1047 1868 τῷ
1067 1815 1186 1856 κίονι.

174 1873 279 1925 idem
298 1871 364 1911 alii
380 1873 551 1925 scriptor
554 1886 592 1910 es
612 1872 792 1911 tradunt.
848 1871 1029 1923 lepadem
1047 1871 1151 1910 hanc
1169 1870 1360 1910 concham
1377 1871 1540 1910 Plautus
1558 1872 1636 1910 La-

175 1930 259 1970 fine
279 1935 397 1968 vocat
412 1943 494 1967 non
510 1929 638 1967 semel.
694 1929 842 1967 Plinius
860 1935 992 1966 tamen
1010 1928 1172 1967 videtur
1190 1928 1405 1966 buccinum
1426 1930 1636 1980 appellem

174 1987 247 2027 ubi
265 1986 366 2024 enim
389 1986 414 2025 l.
435 1989 462 2028 9
487 1999 519 2024 c.
536 1989 590 2028 36
620 1985 835 2023 buccinum
857 1985 960 2023 dixit
979 1998 1060 2023 esse
1079 1988 1270 2023 minorem
1290 1985 1481 2023 concham
1499 1985 1559 2022 acl
1575 1988 1636 2022 si..

177 2040 450 2082 militudinem
477 2044 561 2080 eius
581 2042 744 2080 baccini
764 2056 843 2094 qao
867 2056 992 2079 sonus
1017 2040 1174 2091 editur,
1204 2040 1311 2079 unde
1330 2048 1389 2078 est
1409 2055 1539 2078 causa
1559 2056 1637 2078 no-

178 2101 303 2148 mini,
335 2099 453 2150 paulo
478 2105 569 2150 post
597 2098 727 2138 addit:
759 2099 972 2137 buccinam
990 2099 1154 2136 nonnisi
1164 2099 1295 2149 petris
1311 2096 1524 2145 adhaeret,
1553 2099 1636 2135 cir-

178 2170 306 2209 caque
326 2156 511 2206 scopulos
532 2156 683 2207 legitur
702 2154 764 2209 *).

195 2267 201 2271 ,
293 2237 454 2275 μακαρ
467 2222 544 2273 ίτη
558 2239 578 2270 ς
614 2236 653 2274 p.
678 2224 763 2264 282
791 2226 923 2265 v.16.
981 2221 1025 2262 ἐκ
1052 2216 1259 2274 Γερμανου
1290 2221 1366 2260 τοῦ
1402 2219 1636 2271 μακαρίτου.

179 2278 391 2330 aliquando
417 2278 567 2316 credidi
593 2278 787 2329 designari
812 2278 891 2317 hoc
919 2278 1006 2316 loco
1030 2279 1069 2317 S.
1089 2278 1331 2317 Germanum
1349 2276 1391 2314 P.
1414 2276 1455 2315 C.
1479 2276 1635 2327 scriptis

180 2336 330 2374 clarum
344 2363 354 2382 ,
385 2334 453 2385 qui
472 2334 616 2372 eluisti
645 2348 747 2374 anno
770 2338 870 2383 714,
900 2334 1114 2386 imperante
1132 2332 1335 2372 Anastasio
1354 2331 1554 2383 Augusto,
1582 2345 1636 2370 ex

181 2381 371 2443 Cyzicena
391 2390 510 2428 sede'
500 2404 540 2428 m
561 2391 1034 2442 Constantinopolitanam
1053 2397 1111 2428 est
1130 2389 1358 2428 translatus.
1411 2388 1634 2440 impellebat

181 2448 234 2486 ad
253 2448 308 2486 sic
329 2446 572 2499 opinandum
594 2447 740 2485 mentio
764 2447 1010 2498 antiquitatis
1028 2447 1087 2485 bis
1106 2445 1287 2485 hocloco
1304 2445 1494 2496 repetita,
1523 2444 1636 2495 quasi

180 2503 359 2543 indicans
380 2504 621 2541 Germanum
638 2502 746 2541 hunc
765 2503 1032 2554 patriarcham
1049 2516 1199 2542 novum
1217 2515 1266 2540 ex
1282 2501 1423 2541 ultima
1438 2507 1635 2541 vetustate

183 2560 362 2611 exempla
383 2566 422 2598 et
443 2566 652 2612 praecepta
679 2559 948 2598 emendandae
968 2559 1148 2598 ecclesiae
1165 2559 1258 2598 inde
1276 2570 1401 2609 usque
1416 2558 1466 2595 ab
1482 2557 1578 2595 actis
1597 2562 1636 2593 et

183 2617 340 2670 scriptis
374 2616 499 2654 sancti
525 2616 710 2654 Germani
732 2629 926 2654 accersere
951 2616 1159 2655 studuisse.
1213 2628 1354 2654 verum
1379 2627 1430 2656 re
1447 2613 1637 2651 attentius

185 2673 365 2713 consxdei
368 2680 432 2711 ata
453 2672 692 2724 probabilius
719 2672 936 2712 existimavi
954 2673 1010 2724 agi
1038 2673 1114 2711 hoc
1131 2673 1219 2711 loco
1238 2672 1287 2710 de
1305 2672 1498 2709 Germano
1521 2670 1636 2718 longe

184 2730 411 2786 recentioris
437 2729 645 2768 memoriae
671 2728 921 2787 patriarcha,
949 2730 1060 2768 cuius
1081 2735 1249 2769 mortem
1268 2734 1310 2767 et
1328 2726 1495 2777 elogium
1515 2724 1637 2763 habes

280 2855 319 2898 ³)
365 2855 412 2890 cf.
434 2852 588 2889 Glossar.
611 2853 764 2886 alterum.

249 2927 425 2973 Georgius
455 2928 602 2972 Pachym
607 2939 677 2962 eres
706 2927 738 2960 Ι.
1315 2922 1368 2962 37
