1884 3262
226 216 323 263 340
608 210 845 256 GEORGII
878 210 1226 255 PACHYMERIS

221 346 338 385 χετο,
366 324 410 368 (ἐν
433 324 627 379 ἐλογίζετο
647 325 713 366 καὶ
730 322 933 379 Ἀρσένιον
953 321 1052 366 εἶναι
1069 323 1135 365 καὶ
1150 319 1316 380 Ἰωσήφ,
1348 322 1396 367 οὗ
1416 329 1583 379 γυμνοῖς
1605 321 1680 366 αὗ-

225 404 312 444 τοῖς
342 393 551 449 προσέχων
579 399 665 442 τοῖς
691 392 957 447 γιγνομένοις,
986 390 1041 442 ὥς
1072 391 1143 434 τὸν
1168 391 1242 446 μὲν
1263 393 1407 447 κρίνειν
1430 391 1680 446 ἀδικηθέντα

225 464 295 507 τὸν
314 463 358 504 δ’
381 459 627 516 ἐπιβήτορα·
664 464 797 502 ταῦτα
818 460 893 517 γὰρ
914 463 1152 516 χαμερποῦς
1173 459 1281 508 τινὸς
1310 461 1487 508 διανοίας
1510 462 1575 502 καὶ
1596 477 1680 514 μη-

227 533 294 574 osv
314 527 485 584 ἐχοῦσης
507 534 588 572 τῶν
609 527 823 583 παρόντων
847 529 966 571 πλέον
986 530 1041 578 εἷς
1060 530 1241 582 θεωρίαν
1262 525 1408 582 ἡγεῖτο,
1444 526 1539 569 ἀλλ’
1563 527 1682 577 εἷδώς

227 603 329 642 θεοῦ
365 599 438 653 μὲν
471 597 518 639 τὸ
554 597 752 646 εὐσταθὲς
772 599 837 639 καὶ
856 597 1067 653 ἀκίνητονξ
1105 594 1341 651 ἀνθρώπων
1362 596 1407 638 δὲ
1429 594 1474 638 τό
1492 597 1619 650 μηδὲν
1639 595 1713 638 ἔν5

225 668 367 722 μηδενὶ
399 667 462 708 ἐπὶ
493 670 566 708 τοῦ
598 665 724 708 αὐτοῦ
745 664 821 708 κᾶν
841 665 975 721 βραχὺ
997 665 1127 719 μένειν
1160 659 1231 721 (εὖ
1252 663 1330 720 γὰρ
1350 665 1415 706 καὶ
1433 661 1682 722 Ἡρακλείτῳ

178 749 207 782 c
231 738 420 791 εἰρῆσθαι
453 734 498 777 τὸ
532 733 590 788 μὴ
619 734 683 775 ἐπὶ
703 738 775 776 τοῦ
795 734 922 776 αὐτοῦ
940 732 1040 775 εἶναι
1066 734 1126 782 δὶς
1154 731 1345 785 βάπτειν,
1382 733 1449 774 καὶ
1476 729 1683 790 Κρατύλῳ

227 808 383 859 μᾶλλον
412 801 467 852 ὡς
491 802 596 856 μηδὲ
623 800 754 854 ἅπαξ,
793 807 875 845 τῶν
896 799 1146 857 πραγμάτων
1164 802 1279 855 δίκην
1300 800 1462 856 ἀείρρου
1482 797 1684 856 ῥεύματος

229 866 593 927 παρατρεχόντων)
606 902 620 922 ,
653 869 712 924 μὴ
732 870 868 913 καινὸν
891 869 990 917 εἶναι
1006 869 1107 925 μηδ’
1128 868 1260 918 ἄλλως
1284 869 1419 921 ξένον,
1450 869 1485 910 εἶ
1503 869 1570 910 καὶ
1587 867 1683 924 Ἀρ-

170 973 187 989 ,
230 940 359 989 σένιος
389 939 583 981 ἀδικοῖτο.
653 938 700 980 τὸ
729 938 806 994 γὰρ
837 938 1052 993 ἀναγκαῖον
1073 935 1117 979 ἓν
1138 935 1239 979 εἶναι
1262 939 1326 979 καὶ
1348 933 1476 990 μόνον
1495 935 1543 979 τὸ
1569 933 1682 978 εὖσε-
1695 945 1740 980 10

229 1009 318 1062 βές,
355 1005 503 1049 τούτου
536 1006 580 1048 δὲ
606 1006 855 1061 τηρουμένου
888 1002 1011 1048 τᾶλλ’
1043 1005 1298 1061 ἀπερρΐφθαι
1326 1002 1480 1060 ἀνάγκη
1509 1010 1595 1054 τοῖς
1617 1004 1683 1046 αἶ-

229 1076 440 1131 ρουμένοις
461 1076 530 1128 ζῆν
552 1073 655 1116 κατὰ
677 1071 841 1128 τρόπον.
895 1073 1017 1116 ταῦτ’
1039 1073 1122 1128 ἄρα
1142 1075 1207 1114 καὶ
1224 1073 1375 1128 Ἰωσὴφ
1396 1073 1566 1126 ἐδέχετο,
1592 1072 1684 1115 καί-

228 1161 291 1186 τοι
320 1142 421 1197 πρὸς
438 1144 588 1184 ,ἐκεῖνον
616 1139 747 1190 οὕτως
768 1141 868 1195 ἔχων
892 1139 947 1190 ὥς
966 1142 1071 1196 μηδὲ
1092 1144 1165 1195 τῆς
1184 1140 1325 1195 κέλλης
1347 1140 1525 1190 ἐξελθὼν
1552 1144 1683 1195 προϋ-

179 1221 212 1256 Ι)
235 1216 436 1264 παντῆσαι
447 1241 460 1262 ,
516 1208 621 1251 ἀλλὰ
659 1210 764 1263 μηδὲ
806 1207 1014 1264 προσιόντι
1062 1211 1408 1264 προεξαναστῆναι
1453 1205 1680 1264 μακρόθεν,

229 1278 336 1334 μηδ’
359 1277 459 1319 ἄλλο
477 1293 515 1319 τι
534 1281 614 1319 τῶν
634 1278 689 1326 εἷς
705 1278 889 1319 θωπείαν
910 1278 975 1318 καὶ
1000 1276 1335 1331 σμικροπρέπειαν
1354 1278 1411 1325 εἷς
1431 1274 1550 1330 χάριν
1571 1275 1684 1334 αὐτῷ
1696 1288 1738 1324 15

232 1343 554 1402 διαπράξασθαι.
624 1344 670 1386 τὸ
699 1344 776 1400 γὰρ
804 1344 906 1401 πρὸς
934 1345 1181 1402 φιλοσοφίαν
1209 1344 1403 1394 ἐπικλινές
1423 1345 1490 1386 καὶ
1513 1343 1560 1386 τὸ
1581 1343 1685 1401 πρὸς

233 1474 410 1522 personis,
444 1473 534 1508 nullo
564 1476 722 1519 respectu
753 1472 961 1519 privatarum
982 1473 1148 1508 rationum
1170 1473 1214 1508 de
1236 1472 1490 1519 quibuscunque
1510 1473 1686 1510 iudicanti.

233 1533 315 1565 ergo
348 1519 426 1554 huic
451 1518 511 1553 tali
543 1519 703 1553 Arsenius
727 1523 786 1553 aut
808 1520 972 1565 Iosephus
994 1520 1126 1553 nomina
1152 1525 1251 1554 erant
1272 1530 1387 1561 mera,
1415 1519 1538 1565 quibus
1563 1518 1687 1553 auditis

234 1567 320 1601 nihil
351 1566 408 1599 ille
438 1576 520 1599 sane
543 1565 586 1598 ad
610 1566 761 1599 favorem
788 1565 994 1600 iuvidiamve
1015 1570 1220 1601 moveretur.
1267 1576 1367 1599 unum
1399 1565 1565 1599 interesse
1585 1569 1686 1610 puta·

234 1614 295 1646 bat
325 1622 407 1652 sua,
437 1610 561 1644 iustum
595 1610 771 1655 amplecti,
804 1616 977 1645 nocentem
1006 1610 1166 1645 aversari.
1211 1616 1282 1645 tum
1316 1611 1359 1644 de
1389 1610 1501 1644 causis
1532 1610 1684 1655 protinus

235 1657 319 1702 ipsis
349 1657 422 1690 siue
455 1655 664 1700 praeiudicio
688 1668 709 1690 a
732 1656 884 1700 personis
907 1657 1009 1690 ducto
1032 1655 1194 1690 statuenti
1216 1656 1376 1690 Arsenius
1407 1656 1540 1702 quidem
1562 1655 1686 1690 iniuste

237 1703 414 1745 deiectus,
449 1701 614 1746 Iosephus
637 1701 807 1745 illegitime
829 1703 981 1736 intrusus
1003 1702 1193 1736 videbatur,
1239 1702 1330 1736 trahi
1352 1702 1438 1736 enim
1460 1701 1496 1735 in
1519 1700 1685 1735 censendo

236 1748 397 1782 iudicium
420 1759 441 1781 a
464 1747 597 1787 studio,
621 1751 658 1780 et
680 1748 827 1791 pendens
850 1747 1024 1782 arbitrium
1047 1747 1176 1781 liberae
1197 1748 1316 1782 mentis
1338 1746 1490 1781 inclinari
1513 1745 1685 1782 momentis

236 1799 297 1828 aut
319 1791 470 1837 obsequii
495 1791 628 1826 obnoxii
647 1798 707 1826 aut
728 1798 1004 1836 quaestuosarum
1026 1793 1214 1834 rationum,
1240 1793 1323 1827 vitio
1345 1793 1536 1838 imputabat
1557 1792 1686 1828 animae

237 1838 327 1873 humi
350 1837 537 1882 reptantis,
570 1849 634 1871 nec
656 1837 812 1872 attollere
834 1850 872 1872 se
895 1844 996 1882 aptae
1019 1849 1123 1882 supra
1145 1850 1288 1872 massam
1318 1839 1404 1872 hanc
1426 1838 1524 1872 vilem
1548 1849 1685 1871 crassae

239 1882 462 1918 concretionis
483 1881 519 1915 in
541 1882 850 1927 contemplationem
871 1883 936 1918 sibi
960 1895 1182 1926 congenerum
1206 1889 1242 1917 et
1267 1895 1305 1917 se
1325 1884 1499 1927 dignarum
1531 1882 1683 1916 idearum

239 1927 426 1974 superioris
454 1928 628 1972 sphaerae.
675 1933 847 1962 caeterum
877 1933 917 1962 ut
947 1928 985 1961 in
1017 1928 1092 1962 rivo
1123 1928 1314 1972 profluente
1341 1933 1410 1962 tam
1435 1934 1684 1962 momentaneus

240 1979 294 2008 est
325 1973 485 2007 transitus
519 1972 767 2007 succedentium
801 1973 944 2007 invicem
977 1973 1162 2018 irrequieto
1191 1985 1292 2008 cursu
1314 1975 1461 2019 partium
1485 1984 1615 2019 aquae,
1645 1976 1685 2007 ut

238 2030 335 2054 nemo
365 2019 416 2052 bis
447 2019 482 2052 in
515 2018 671 2059 eandem,
702 2018 794 2063 quod
817 2023 909 2052 recte
930 2019 1065 2053 dicebat
1086 2019 1301 2061 Heraclitus,
1336 2019 1475 2063 digitum
1495 2019 1684 2053 immersum

240 2064 352 2111 possit
372 2063 521 2107 tingere,
553 2063 650 2101 immo
681 2075 723 2096 ne
753 2064 852 2097 semel
876 2065 1023 2109 quidem,
1058 2064 1088 2098 si
1113 2065 1252 2108 Cratylo
1276 2064 1445 2106 creditur,
1479 2064 1684 2098 existimanti

241 2110 375 2144 unicam
407 2120 539 2154 quoque
568 2109 760 2143 tinctionem
783 2109 938 2154 pluribusv
965 2109 1110 2143 vicissim
1131 2110 1336 2155 respondere
1359 2110 1530 2155 particulis
1553 2120 1685 2154 semper

243 2155 388 2190 labentis
418 2156 544 2196 undae,
576 2154 658 2188 nihil
681 2166 799 2188 novum
823 2160 882 2189 aut
906 2154 1115 2209 inopinatum
1137 2155 1243 2189 videri
1266 2156 1412 2198 debere,
1445 2155 1476 2189 si
1498 2155 1600 2190 rebus
1622 2156 1685 2189 hu-

245 2201 351 2235 manis
374 2199 521 2234 instabili
543 2211 619 2234 sese
643 2199 808 2244 vertigine
830 2201 1061 2243 volventibus,
1092 2201 1249 2246 nullaque
1271 2201 1325 2235 vel
1349 2201 1392 2235 ad
1417 2202 1519 2236 breve
1539 2200 1684 2246 spatium

244 2246 383 2280 immota
415 2250 648 2290 permanente,
689 2245 850 2280 Arsenius
883 2258 1018 2291 quoque
1047 2245 1124 2280 vice
1156 2258 1218 2281 sua
1250 2257 1369 2292 passus
1397 2250 1488 2280 esset
1518 2246 1685 2281 iniuriam.

244 2303 346 2337 porro
376 2291 600 2325 necessarium
631 2290 667 2324 in
688 2291 759 2325 vita
781 2302 881 2327 unum
906 2303 998 2334 esse,
1032 2295 1149 2325 tenere
1177 2293 1324 2327 officium
1355 2291 1533 2336 religiosae
1555 2291 1686 2337 deoque

245 2336 416 2371 subiectae
447 2335 590 2375 mentis3
619 2336 653 2370 iu
684 2348 749 2382 quo
782 2338 839 2381 qui
873 2343 1027 2382 perstare
1055 2337 1147 2371 volet
1176 2342 1213 2371 et
1245 2349 1286 2371 ex
1317 2337 1524 2382 praescripto
1548 2337 1685 2371 virtutis

244 2381 382 2422 vivere,
404 2381 551 2415 abiicere
571 2381 659 2415 hunc
683 2386 839 2427 oporteat
861 2394 959 2417 curas
981 2382 1168 2417 mortalium
1189 2388 1394 2426 eventuum,
1424 2385 1460 2416 et
1482 2382 1589 2416 anxiis
1611 2386 1685 2416 stu-

247 2426 312 2461 diis
334 2426 477 2471 sapienti
501 2438 635 2460 casuum
656 2427 902 2462 occurrentium
925 2428 1080 2473 neglectu
1102 2428 1203 2462 semel
1226 2428 1372 2472 defungi.
1418 2427 1504 2462 haec
1526 2439 1600 2462 cum
1623 2437 1684 2472 pe-

246 2471 419 2506 culiariter
446 2471 623 2506 familiaria
645 2473 710 2506 sibi
733 2473 889 2517 dogmata
910 2478 980 2508 tum
1002 2473 1204 2508 Blemmidas
1226 2475 1368 2519 Iosepho
1398 2484 1508 2507 coram
1530 2471 1595 2518 ipsi
1615 2471 1685 2505 dis·

245 2517 424 2555 seruisset.
449 2517 678 2562 comprobavit
700 2518 755 2552 ille
778 2519 1014 2564 laudavitque3
1036 2531 1099 2553 nec
1121 2526 1268 2554 mutuam
1291 2522 1333 2553 ab
1357 2518 1412 2553 illo
1434 2524 1544 2552 tamen
1566 2527 1683 2551 assen-

245 2562 381 2596 tationis
405 2562 502 2596 ullius
525 2563 691 2607 expressit
712 2564 830 2598 vicem.
876 2565 961 2599 adeo
984 2564 1068 2598 enim
1092 2566 1134 2599 ab
1158 2565 1234 2599 huic
1257 2564 1421 2599 adulando
1444 2562 1554 2598 abfuit
1572 2562 1684 2596 Blem-

245 2608 368 2649 midas,
390 2613 430 2640 ut
450 2618 559 2652 neque
581 2607 625 2641 ad
648 2620 686 2641 se
707 2608 907 2644 invisentem
927 2610 1151 2655 patriarcham
1174 2611 1304 2645 obviam
1327 2622 1348 2644 e
1370 2609 1454 2643 cella
1475 2607 1610 2653 prodire
1632 2607 1685 2640 di-

249 2658 430 2697 gnaretur,
462 2663 502 2686 ac
533 2664 576 2686 ne
606 2653 757 2697 ingresso
780 2656 912 2700 quidem
934 2661 969 2690 et
995 2655 1038 2689 'ad
1061 2656 1231 2690 sedentem
1252 2655 1361 2701 ipsum
1384 2652 1537 2699 pergenti
1564 2663 1606 2686 ex
1629 2651 1682 2686 in-

248 2697 392 2732 tervallo
415 2703 609 2742 assurgeret
630 2704 688 2732 aut
709 2699 807 2733 ullam
829 2701 959 2734 omnino
981 2701 1167 2736 tralatitiae
1190 2701 1288 2736 istius
1314 2698 1519 2734 urbanitatis
1539 2709 1683 2731 venera-

246 2743 368 2777 tionem
401 2749 537 2778 curaret
564 2743 744 2786 adhibere,
779 2745 890 2789 pusilli
921 2757 995 2780 esse
1025 2750 1128 2792 atque
1153 2747 1197 2782 ad
1222 2745 1420 2781 servitutem
1442 2743 1564 2778 abiecti
1585 2742 1685 2777 animi

248 2793 408 2834 reputans
437 2788 483 2823 ad
516 2789 699 2823 huiusmodi
730 2801 806 2824 sese
839 2791 981 2836 aucupia
1010 2792 1141 2836 gratiae
1173 2791 1360 2826 demittere.
1407 2799 1499 2824 mens
1531 2788 1683 2822 nimirum

248 2834 319 2868 eius
342 2838 566 2880 exaggeratae
588 2834 758 2870 cuiusdam
782 2839 816 2869 et
837 2836 968 2871 modum
990 2848 1230 2883 supergressae
1252 2837 1425 2882 vulgarem
1455 2833 1684 2880 philosophiae
