1884 3262
277 215 375 261 436
693 209 926 254 GEORGII
958 203 1302 252 PACHYMERIS

273 323 462 378 Ἰωάννην
479 323 522 365 δὲ
542 321 587 364 τὸ
606 320 717 375 γένος
733 324 799 364 καὶ
819 321 894 375 τὴν
916 319 996 381 ἀφ’
1021 317 1149 363 αὑτοῦ
1179 316 1372 375 σῦναρσιν
1393 319 1644 373 κατοχυροῦν
1661 316 1717 366 εἲς

278 394 404 447 ἀρχὴν
425 389 491 434 οἷά
513 390 552 433 τ’
579 389 677 433 ὅντα
699 392 765 432 καὶ
794 393 949 443 μᾶλλον
977 388 1155 443 διέκρινε.
1226 388 1291 428 καὶ
1313 391 1471 436 πολλοῖς
1493 403 1534 441 γε
1553 385 1716 440 ἤρεσκεν

274 459 299 514 ἡ
321 457 476 514 βουλή,
513 458 582 500 τὸν
601 462 672 500 τοῦ
694 459 844 511 Μυτζῆ
869 457 957 499 υἱὸν
980 458 1035 504 εἷς
1061 453 1244 510 γαμβρὸν
1262 454 1448 509 γενέσθαι
1465 458 1522 511 τῷ
1540 456 1712 505 βασιλεῖ’,

227 536 229 538 ’
274 530 338 570 καὶ
360 526 490 576 οὕτως
512 527 575 568 ἐπὶ
597 530 644 582 τῇ
666 523 846 582 πρόσθεν
863 525 1048 582 βασιλείᾳ
1069 520 1327 565 καταστάντα
1343 525 1628 576 συνεγερθῆναι
1650 521 1715 561 καὶ

137 608 161 641 Ρ
184 606 251 642 298
275 595 347 637 ἀπ’
369 594 496 637 αὐτοῦ
521 594 738 645 βασιλέως,
777 592 863 647 ἅμα
890 593 964 645 μὲν
991 591 1058 633 διὰ
1089 591 1134 633 τὸ
1166 589 1267 644 πρὸς
1297 593 1354 646 τῷ
1382 590 1532 643 Μυτζῆ
1558 589 1747 632 δίκαιονό

273 665 339 707 καὶ
369 663 414 704 τὸ
444 661 522 703 ἀπὸ
554 665 636 703 τῶν
661 660 843 716 πατέρων
861 660 987 702 αὐτοῦ
1016 658 1118 714 πρὸς
1151 662 1260 714 σφᾶς
1278 655 1439 712 ἱλαρόν,
1478 655 1564 708 ἅμα
1583 656 1717 698 δὲκαὶ

273 730 341 774 διὰ
362 731 436 785 τὴν
457 734 530 771 τοῦ
550 729 749 781 βασιλέως
767 728 869 784 πρὸς
889 726 1012 770 αὐτὸν
1035 727 1296 781 κηδεμονίαν,
1332 724 1409 767 ὅσα
1430 726 1494 766 καὶ
1515 726 1718 778 πενθεροῦ

273 798 375 854 πρὸς
403 794 601 852 γαμβρόν.
670 795 772 844 εἰκὸς
805 796 850 837 δὲ
879 797 944 836 καὶ
976 795 1046 836 τὸν
1072 797 1277 847 Λαχανᾶν
1305 793 1347 835 ἔκ
1377 789 1501 846 τύχης
1528 790 1717 845 ἐξαίφνης

224 878 226 881 ’
273 865 541 921 φυσηθέντα,
597 860 914 918 ὖποχαλάσαντα
960 862 1035 911 τὰς
1075 860 1204 916 ὁρμὰς
1249 864 1450 916 φανεισῶν
1485 857 1716 912 Ῥωμαὶὶεῶν

243 927 247 930 ”
274 936 395 976 ἐκεῖσε
415 929 624 985 δυνάμεων
645 931 670 986 ἢ
697 931 798 987 πρὸς
819 931 1004 972 δουλείαν
1029 927 1240 972 ὑποπεσεῖν
1270 927 1295 983 ἢ
1325 928 1407 982 μὴν
1437 928 1508 969 καί
1523 943 1600 969 που
1617 942 1716 981 κρυ-

225 1010 254 1044 Β
277 1006 400 1056 βῆναι
419 997 643 1056 φεύγοντα,
678 999 736 1053 μὴ
756 997 897 1052 ἔχοντα
918 997 998 1054 ὅπῃ
1029 996 1109 1052 ἄρα
1127 999 1191 1039 καὶ
1213 997 1475 1051 ἶσχυρίσαιτο.
1544 994 1718 1048 Μαρίαν

223 1287 252 1320 C

271 1070 316 1111 δὲ
338 1070 404 1110 καὶ
426 1069 553 1109 παῖδα
583 1064 733 1122 ταύτης
756 1067 855 1125 ῥᾷον
884 1065 980 1115 τοὺς
1002 1066 1250 1119 Τερνοβίτας
1278 1066 1522 1120 προδοῦναι·
1557 1061 1608 1104 τὰ
1639 1059 1717 1115 γὰρ

272 1137 374 1191 πρὸς
406 1135 554 1185 αὐτοὺς
583 1135 732 1190 ἐκείνης
767 1133 871 1176 κακὰ
902 1131 949 1176 οὗ
986 1137 1184 1175 τοσοῦτον
1213 1131 1335 1188 μικρὰ
1375 1130 1477 1174 ὥστε
1509 1131 1574 1172 καὶ
1604 1126 1717 1185 λήθῃ

272 1203 440 1247 διδόναι.

413 1272 458 1314 5.
529 1268 676 1311 Ταῦθ’
708 1267 728 1311 ὃ
761 1267 950 1320 βασιλεὺς
974 1264 1317 1321 βουλευσάμενος,
1345 1266 1418 1308 »καὶ
1445 1265 1518 1320 τὴν
1542 1263 1620 1306 ἀπὸ
1642 1266 1715 1305 τοῦ

271 1337 523 1393 πατριάρχου
555 1336 709 1390 βουλὴν
735 1335 900 1389 πέμψας
935 1335 976 1377 ἓν
1015 1332 1259 1390 ἀπορρήτοις
1289 1331 1426 1388 ἐζήτει.
1493 1334 1558 1375 καὶ
1591 1331 1635 1382 ὃς
1663 1330 1715 1374 τὰ

271 1405 402 1448 πολλὰ
426 1404 526 1459 πρὸς
561 1404 631 1447 τὸν
663 1405 836 1458 Μυτζῆν
861 1402 1021 1458 ἔρρεπε,
1064 1405 1129 1444 καὶ
1147 1401 1315 1458 γράφων
1335 1401 1408 1456 τὴν
1428 1401 1489 1442 ἐπὶ
1514 1405 1564 1457 τῇ
1585 1403 1715 1455 βουλῇ

270 1473 401 1530 ῥοπὴν
430 1473 576 1514 ἐδίδου.
657 1475 780 1514 τοῦτο
813 1473 879 1513 καὶ
907 1471 1093 1526 Πρίγκιψ
1131 1468 1153 1512 ὃ
1189 1467 1448 1525 ἶερομόναχος
1480 1466 1712 1518 Θεοδόσιος,

212 1569 218 1571 «
271 1541 460 1592 ἀξιωθεὶς
480 1540 545 1581 καὶ
568 1531 687 1590 οὗτος
718 1538 819 1595 πρὸς
849 1538 1086 1593 συμβουλὴν
1107 1537 1180 1593 τὴν
1202 1539 1290 1595 περὶ
1312 1536 1490 1590 τούτων,
1526 1535 1712 1593 ἔγραφεν,

270 1715 431 1748 Ioannem
455 1716 489 1747 in
511 1724 693 1757 generum,
718 1716 753 1747 et
779 1712 833 1747 ius
864 1713 902 1747 ei*
928 1724 1052 1758 genere
1084 1724 1126 1747 ac
1147 1712 1351 1748 hereditaria
1372 1712 1502 1747 ratione
1524 1712 1716 1756 competens

270 1760 314 1794 ad
338 1760 440 1793 istum
471 1759 693 1803 principatum
723 1758 856 1804 imperii
888 1759 1017 1793 viribus
1050 1759 1218 1793 fulciendi.
1263 1770 1326 1793 nec
1360 1757 1467 1793 videri
1498 1756 1716 1791 dubitandum

270 1804 351 1850 quin
375 1816 415 1838 eo
439 1804 545 1847 magis
567 1804 763 1838 inclinarent
786 1804 941 1849 Bulgari,
975 1816 1016 1838 ac
1044 1805 1142 1838 facile
1173 1806 1382 1850 praeferrent
1409 1804 1554 1837 barbaro
1577 1801 1715 1836 subulco

270 1850 426 1884 iuvenem
450 1849 708 1892 nobilissimum,
731 1855 801 1883 tum
824 1850 929 1893 patris
953 1850 1024 1883 eius
1048 1850 1185 1894 Mytzae
1217 1855 1372 1894 respectu
1396 1848 1450 1882 cui
1471 1859 1608 1892 regnum
1630 1847 1714 1880 Bul-

270 1895 387 1940 gariae
420 1894 568 1928 debitum
599 1896 701 1929 fuisse
725 1895 974 1938 meminissent,
1010 1900 1079 1928 tum
1103 1895 1261 1928 memoria
1284 1895 1372 1928 mitis
1398 1895 1432 1927 in
1454 1894 1544 1938 ipsos
1568 1892 1715 1937 laetique

235 1977 238 1981 ⁴
270 1940 403 1986 imperii
426 1940 583 1974 maiorum
615 1940 687 1974 eius
718 1949 944 1982 caeterorum,
981 1946 1050 1974 tum
1081 1941 1223 1985 denique
1246 1945 1334 1974 metu
1358 1939 1467 1984 palam
1491 1938 1522 1972 ei
1546 1937 1715 1971 foederati

269 1991 408 2031 tamque
432 1990 505 2019 arto
537 1990 574 2019 et
606 1985 775 2019 insolubili
804 1985 943 2031 pietatis
971 1986 1176 2020 domesticae
1208 1986 1338 2019 vinculo
1362 1983 1631 2018 irrevocabiliter
1653 1983 1715 2016 ad-

271 2031 383 2065 stricti
402 2030 640 2076 imperatoris‚
675 2035 800 2076 quanta
826 2031 913 2065 inter
942 2042 1094 2065 socerum
1125 2038 1160 2065 et
1182 2042 1339 2076 generum
1367 2029 1547 2064 intercedit
1568 2028 1714 2063 necessi-

271 2077 373 2119 tud03
398 2088 440 2110 ex
463 2087 529 2121 quo
562 2077 646 2110 certi
680 2081 793 2110 essent
822 2077 903 2110 totis
937 2088 1010 2111 eum
1042 2076 1171 2122 imperii
1204 2077 1331 2110 viribus
1363 2075 1602 2116 adiuvandum3
1624 2073 1714 2120 quod

268 2123 438 2158 ,videntem
461 2121 653 2156 Lachanam
676 2125 750 2156 erat
770 2122 950 2157 verisimile
970 2121 1184 2156 remissurum
1207 2122 1319 2156 statim
1337 2122 1471 2155 multum
1496 2121 1538 2154 de
1561 2119 1714 2164 audacia,

270 2171 305 2202 et
333 2178 522 2213 compresso
546 2171 675 2201 tumore
698 2179 764 2213 quo
787 2179 824 2202 as
848 2167 968 2202 irautis
989 2168 1144 2202 fortunae
1174 2179 1256 2201 aura
1285 2168 1390 2201 levem
1422 2167 1584 2200 hactenus
1606 2164 1714 2199 homi-

270 2225 346 2247 nem
377 2214 556 2253 inflasset,
586 2215 699 2247 furere
727 2219 796 2248 tam
840 2213 968 2247 icenter
997 2213 1200 2256 desiturum,
1231 2217 1333 2258 atque
1357 2212 1413 2246 ubi
1435 2212 1603 2246 Romanas
1625 2210 1714 2245 acies

272 2259 308 2292 in
331 2270 390 2292 suo
415 2259 480 2293 sibi
502 2258 573 2292 solo
594 2258 725 2293 videret
748 2259 931 2305 oppositas,
955 2263 1014 2293 aut
1036 2259 1070 2292 in
1092 2258 1288 2292 servitutem
1307 2258 1512 2304 relapsurum
1526 2256 1712 2302 pristinam,

273 2309 332 2337 aut
354 2305 435 2348 fuga
461 2308 610 2347 matura,
631 2304 796 2338 damnatis
815 2305 1028 2350 praevalendi
1048 2305 1192 2349 spebus,
1225 2305 1372 2338 latebras
1402 2302 1524 2337 alicubi
1557 2306 1714 2348 captatu—

272 2360 358 2384 rum.
405 2349 547 2383 Mariam
570 2361 670 2394 porro
692 2350 862 2395 filiumque
883 2350 954 2384 eius
975 2350 1074 2384 facile
1097 2350 1287 2396 prodendos
1306 2361 1326 2384 a
1344 2349 1549 2392 Teruobitis,
1570 2347 1607 2382 in
1628 2357 1713 2394 quo-

273 2406 346 2428 rum
369 2399 483 2434 essent
504 2400 648 2440 uterque
671 2396 861 2441 potestate,
885 2395 1064 2430 verisimile
1086 2408 1128 2430 ex
1151 2407 1191 2430 eo
1214 2407 1312 2437 esse,
1333 2395 1420 2440 quod
1443 2397 1559 2428 tantae
1580 2405 1622 2427 ac
1642 2397 1712 2426 tam

271 2445 425 2474 recentes
463 2444 618 2474 extarent
648 2441 794 2475 mulieris
824 2442 896 2475 eius
927 2441 963 2476 iu
984 2441 1087 2487 ‘ipsos
1125 2441 1285 2483 iniuriae,
1318 2446 1357 2475 ut
1385 2451 1498 2475 earum
1531 2439 1624 2485 ipsos
1645 2437 1711 2472 iam

270 2485 371 2531 plane
393 2485 515 2519 oblitos
536 2486 694 2520 credibile
712 2498 778 2521 non
800 2490 898 2522 esset.

363 2530 396 2565 5.
441 2531 537 2565 Haec
561 2543 634 2564 cum
657 2543 677 2566 a
700 2532 839 2567 concilio
870 2533 962 2567 dicta
991 2538 1126 2574 essent,
1159 2532 1343 2576 imperator
1374 2529 1586 2576 patriarchae
1610 2539 1713 2573 super

274 2587 317 2610 ea
338 2587 377 2610 re
396 2576 597 2611 sententiam
627 2577 866 2622 exquirendam
896 2578 1047 2624 putavit,
1081 2578 1212 2612 arcanis
1245 2589 1306 2623 per
1331 2577 1423 2612 viros
1445 2575 1583 2610 idoneos
1604 2573 1713 2607 missis

274 2621 396 2656 literis.
441 2621 498 2656 ille
519 2621 553 2655 in
577 2622 726 2665 Mytzam
748 2627 868 2668 sponte
897 2624 1020 2658 dudum
1043 2635 1104 2658 sua
1127 2634 1336 2670 propensum
1368 2621 1470 2656 celeri
1489 2619 1655 2664 rescripto
1677 2618 1714 2653 id

275 2666 447 2702 consilium
468 2666 597 2712 prolixe
617 2670 880 2711 commendavit,
912 2674 948 2703 et
969 2669 1124 2704 videlicet
1155 2667 1390 2714 praerogativa
1419 2669 1536 2701 tantae
1565 2663 1714 2698 auctori-

275 2713 360 2747 tatis
388 2712 538 2747 ultimum
573 2712 609 2746 in
640 2724 711 2747 eam
744 2717 873 2758 partem
907 2714 1066 2760 pendenti
1094 2714 1324 2750 deliberationi
1355 2714 1551 2747 momentum
1572 2709 1711 2745 addidit.

275 2759 390 2793 eodem
415 2770 554 2801 concors
575 2758 719 2793 accessit
739 2758 895 2793 iudicium
916 2760 1162 2799 hiercmonachi
1177 2758 1362 2795 Theodosii
1382 2760 1598 2803 cognomento
1615 2755 1714 2790 Prin·

276 2803 378 2849 cipis:
403 2812 482 2839 nam'
501 2803 655 2840 adhunc
677 2815 810 2850 quoque
831 2804 1014 2849 inperator
1034 2805 1203 2851 consilium
1224 2804 1395 2852 postulans
1412 2802 1625 2849 scripserat,
1655 2803 1713 2836 ut-

1730 933 1773 966 10

1729 1268 1770 1304 15
