1846 3262
210 220 275 265 32
630 218 780 262 GEOR
788 217 865 261 ΘΠ
907 217 1258 262 PACHYMERIS

154 338 186 372 B
243 343 245 346 ’
350 333 429 378 12.
498 328 639 382 Νόσος
668 326 718 386 ἦν
751 328 992 386 ἔνσκήψασα
1021 336 1080 390 τῷ
1115 335 1356 387 κρατοῦντι,
1403 331 1471 373 καὶ
1504 327 1526 384 ἧ
1554 326 1674 379 νόσος

211 398 345 457 δεινή·
383 400 594 455 ἐπείληπτο
615 399 692 456 γὰρ
711 403 973 444 καταπίπτων
994 399 1196 456 συχνάκις.
1268 399 1314 443 τό
1337 399 1381 442 δ’
1408 395 1478 453 ἦν,
1519 396 1573 449 ὦς
1593 398 1675 440 ἔοι-

211 488 304 521 κεν,
351 470 394 511 ἔκ
422 469 563 520 ζέσεως
592 474 767 526 φυσικῆς
797 471 1023 525 ἓγκαρδιόυ.
1093 468 1217 522 ὅθεν,
1265 467 1402 522 οἶμαι,
1441 470 1508 510 καὶ
1536 467 1584 510 τὸ
1609 466 1676 509 εὖ-

211 540 312 596 φυὲς
334 539 469 596 ἐκείνῳ
491 540 556 581 καὶ
577 536 679 594 ὑπὲρ
703 539 749 581 τὸ
771 544 978 595 προσῆκον
998 535 1071 593 ἦν,
1111 538 1157 580 οὐ
1190 538 1402 593 στέγοντος
1431 540 1505 578 τοῦ
1527 536 1675 592 μορίου

213 608 261 651 τὸ
291 605 431 656 πάθος
454 607 677 650 κάντεῦθεν
701 608 992 663 ἐκτρεπομένου
1020 611 1094 650 τοῦ
1118 605 1295 658 εἷκότος,
1335 603 1390 655 ὥς
1411 605 1516 659 μηδὲ
1531 604 1709 660 χρησί-ὄ

212 693 318 732 μους
350 673 544 726 πολλάκις
577 676 824 731 ἀναπέμπειν
851 682 908 735 τῷ
933 674 1140 734 ἐγκεφάλῳ
1160 676 1233 725 τὰς
1256 672 1540 725 ἀναπνεύσεις,
1580 671 1679 715 ὅθεν

216 747 284 789 καὶ
307 745 355 788 τὸ
377 746 622 801 λογίζεσθαι.
695 747 737 788 ἐν
771 744 905 804 τούτῳ
937 745 1015 802 γὰρ
1048 747 1114 787 καὶ
1134 742 1372 801 φιλοσόφων
1395 742 1477 798 ἔριν
1499 743 1588 795 περὶ
1605 743 1680 783 τοῦ

170 827 200 862 c
225 821 389 872 φρονεῖν
424 812 688 879 συμβιβάζειν
718 831 778 864 τις
809 815 913 870 ἔχοι·
960 814 1063 870 πηγὴ
1097 813 1175 870 γὰρ
1217 816 1420 868 λογισμῶν
1458 809 1483 866 ἢ
1515 811 1679 865 καρδία,

218 884 324 938 πλὴν
346 883 606 938 ἀναγομένων
626 883 728 938 πρὸς
750 883 822 926 τὸν
842 883 1085 939 ἐγκέφαλον,
1126 881 1179 932 (ὃς
1212 884 1357 930 ἐκεῖνος
1385 880 1635 933 συμμετρίας
1657 875 1683 932 ἢ

218 953 302 1008 μὴν
323 952 604 1007 ἀσυμμετρίας
626 952 730 1006 ἔχοι,
764 951 894 1002 οὕτως
910 955 1202 995 εἷδοποιεΐσθαι
1222 951 1436 1004 συμβαίνει
1467 947 1514 991 τὸ
1535 943 1683 1002 ἀναγό-
1696 953 1739 987 10

219 1038 354 1077 μενον,
427 1019 519 1063 τότε
543 1023 678 1063 τοίνυν
701 1019 991 1076 ἐπιπιπτούσης
1011 1019 1203 1075 συχνάκις
1222 1025 1295 1074 τῆς
1316 1016 1462 1070 νόσου,
1503 1015 1576 1059 οὐκ
1598 1013 1681 1057 οἶδ’

223 1088 401 1142 ὁπόθεν,
439 1088 596 1144 μήνιμα
618 1088 716 1132 εἶναι
734 1090 780 1132 τὸ
803 1089 942 1139 πάθος
962 1088 982 1132 ὃ
1005 1089 1172 1144 πάσχων
1198 1091 1240 1130 ἐκ
1272 1086 1516 1142 μαγγανείας
1538 1080 1688 1138 δαιμό-

221 1177 307 1202 νιον
330 1156 601 1213 ὑπελάμβανε.
647 1160 712 1201 καὶ
735 1159 773 1202 οἳ
791 1160 865 1213 μὲν
885 1161 1028 1202 πολλοὶ
1051 1163 1133 1201 τῶν
1158 1157 1248 1209 ἔξω,
1288 1154 1348 1204 οἷς
1369 1151 1420 1210 ἦν
1443 1153 1494 1196 τὰ
1514 1156 1688 1196 τοιαῦτα

223 1226 446 1280 πιστεύειν,
483 1228 528 1270 τὸ
553 1227 730 1283 ἔγκλημα
760 1229 1028 1284 προσέτριβον
1057 1234 1143 1277 τοῖς
1165 1222 1442 1277 Μουζάλωσι,
1478 1221 1591 1278 παρὰ
1617 1218 1690 1264 λό-

173 1310 205 1344 D
230 1314 317 1354 γον,
348 1298 414 1339 aaz
437 1294 492 1346 ὡς
511 1296 583 1338 οὐκ
603 1295 652 1339 ἂν
672 1296 994 1352 προσεδόκησαν,
1031 1301 1113 1340 τῶν
1135 1291 1378 1348 ἀξιωμάτων
1398 1295 1568 1346 τυχοῦσι
1583 1304 1592 1314 ·
1630 1292 1688 1348 τῷ
1701 1292 1744 1328 15

226 1367 364 1421 μέντοι
383 1382 425 1421 γε
446 1363 645 1420 πάσχοντι
669 1370 749 1415 πᾶς
768 1365 951 1415 ὕποπτος
970 1362 1033 1421 ἦν,
1070 1367 1104 1408 εἰ
1121 1362 1248 1419 μόνον
1266 1379 1327 1412 τις
1348 1363 1412 1404 ἐπὶ
1429 1359 1691 1416 μαγγανείαις

227 1435 487 1492 κατηγοροίη.
562 1434 661 1477 ὅθεν
697 1437 762 1477 καὶ
794 1439 973 1477 πλεῖστοι
1000 1437 1066 1477 καὶ
1095 1438 1177 1477 τῶν
1204 1430 1408 1487 τυχόντων
1429 1424 1692 1482 συνελαμβά-

226 1521 346 1547 νοντο
359 1536 372 1556 ,
412 1503 453 1545 εἷ’
467 1499 546 1544 πού
580 1520 640 1552 τις
667 1501 844 1560 γρύξειεν
876 1506 1068 1559 ἐγκαλῶν.
1140 1503 1206 1545 καὶ
1226 1499 1246 1544 ὃ
1266 1501 1340 1555 μὲν
1359 1496 1515 1542 διώκων
1532 1513 1693 1553 μαγγα-

227 1574 337 1622 νείας
357 1571 482 1615 ἄλλον
501 1569 603 1629 ὖπὲρ
623 1571 770 1615 ἑαυτοῦ
790 1571 982 1622 πολλάκις
1001 1571 1025 1627 ἢ
1051 1575 1122 1613 τοῦ
1140 1571 1310 1626 πλησίον
1325 1564 1557 1624 προῦβαλλε
1573 1563 1696 1621 τοῦγ-

229 1645 365 1697 κλημα
376 1673 390 1694 ,
439 1638 494 1690 ὡς
533 1643 648 1691 δίκας
687 1639 921 1697 ληψόμενος
955 1642 1193 1691 ἀποδείξας·
1243 1636 1493 1694 ἀναγόμενον
1520 1636 1566 1678 δὲ
1591 1633 1751 1692 πρὸς20

289 1776 291 1778 -
325 1751 360 1787 5.
385 1747 535 1789 εἰκότως
558 1749 599 1784 Ρ.

329 1855 385 1891 12.
433 1853 616 1887 Invaserat
638 1852 875 1899 imperatorem
899 1853 1058 1894 morbus,
1084 1855 1119 1886 et
1141 1851 1170 1886 is
1195 1850 1329 1897 quidem
1352 1849 1490 1895 gravis,
1520 1847 1699 1894 epilepsia,

235 1913 303 1948 qua
325 1899 471 1935 subinde
497 1900 727 1944 apprehensus
751 1900 963 1934 concidebat.
1008 1899 1104 1944 origo
1129 1898 1200 1932 eius
1221 1897 1448 1932 verisimiliter
1467 1895 1700 1940 imputabatur

236 1947 385 1983 naturali
419 1946 702 1980 effervescentiae
735 1946 871 1988 cordis;
903 1957 1001 1990 quam
1038 1953 1074 1980 et
1104 1956 1238 1979 causam
1270 1943 1302 1978 ei
1326 1943 1434 1978 fuisse
1463 1952 1541 1976 reor
1563 1940 1700 1975 ruboris

237 1995 274 2028 in
298 1993 395 2026 vultu
421 1992 601 2036 flagrantis
612 1993 668 2037 ⁴⁸),
693 1993 782 2026 haud
807 2003 884 2026 sese
907 1992 1067 2026 videlicet
1091 1992 1249 2036 capiente
1274 1991 1399 2024 ardore
1423 1986 1587 2033 principis
1610 1986 1700 2020 illius

240 2039 402 2080 membri,
427 2041 510 2083 quin
533 2039 627 2072 foras
651 2049 757 2083 usque
783 2038 818 2072 in
843 2050 880 2072 os
904 2043 940 2072 et
963 2050 1068 2082 genas
1093 2042 1289 2082 erumpente
1311 2034 1441 2070 interni
1474 2039 1588 2068 aestus
1611 2032 1702 2066 indi-

242 2087 296 2121 cio
321 2097 359 2119 se
384 2084 559 2131 proderet.
607 2084 667 2118 sed
693 2093 729 2119 et
759 2084 918 2129 fuligines
951 2097 993 2118 ex
1027 2084 1093 2118 isto
1118 2084 1274 2118 incendio
1309 2093 1443 2116 sursum
1466 2080 1503 2114 in
1527 2079 1703 2113 cerebrum

241 2132 400 2178 perlatae
423 2130 567 2164 rationis
592 2141 688 2164 usum
717 2132 975 2176 perturbabant.
1021 2130 1113 2176 quod
1136 2128 1413 2175 quemadmodum
1429 2127 1502 2168 fiat,
1523 2130 1705 2171 quantum-

241 2179 298 2213 vis
330 2177 524 2222 philosophi
558 2175 711 2210 rixentur
743 2177 833 2211 inter
864 2188 961 2220 sese,
993 2184 1122 2211 certum
1144 2182 1257 2210 tamen
1281 2172 1517 2220 experientiae
1537 2170 1705 2215 suffragio

244 2230 299 2258 est
321 2225 450 2258 fontem
474 2223 560 2257 recti
584 2222 701 2257 iudicii
718 2234 776 2257 cor
801 2235 898 2264 esse,
922 2228 957 2257 et
978 2230 1081 2268 prout
1104 2223 1304 2256 exhalantur
1329 2232 1371 2254 ex
1395 2231 1435 2253 eo
1459 2215 1707 2253 accommodati

245 2270 291 2305 ad
313 2281 432 2303 sanum
460 2273 763 2314 temperamentum
789 2269 911 2314 capitis
935 2275 996 2304 aut
1018 2268 1050 2303 ei
1074 2267 1266 2303 adversarii
1287 2276 1454 2312 vapores,
1484 2264 1535 2298 ita
1558 2262 1708 2297 delirare

244 2315 413 2351 hominem
436 2321 497 2349 aut
517 2327 651 2360 sapere.
698 2321 781 2350 tunc
803 2316 911 2360 igitur
933 2315 1124 2349 istiusmodi
1150 2314 1329 2359 caliginum
1362 2310 1571 2346 incommodo
1589 2309 1626 2343 in
1649 2320 1708 2343 ce-

245 2364 380 2397 rebrum
405 2361 549 2406 appulsu
572 2362 715 2396 subinde
740 2363 916 2407 perculsus
949 2373 1055 2407 aeger
1078 2361 1235 2395 laborare
1271 2370 1309 2393 se
1331 2359 1367 2393 vi
1399 2368 1504 2392 saeva
1526 2355 1605 2390 mali
1623 2355 1708 2390 dae-

245 2407 355 2444 monis
385 2419 556 2452 magorum
592 2409 723 2442 artibus
754 2407 901 2442 immissa
933 2407 1118 2442 iudicabat.
1163 2418 1205 2440 ac
1235 2406 1362 2451 vulgus
1392 2404 1529 2450 quidem
1552 2401 1597 2436 ad
1622 2400 1708 2436 talia

246 2453 419 2489 credulum
436 2453 561 2487 crimen
576 2453 648 2488 eius
672 2454 826 2488 maleficii
842 2453 1052 2498 impingebat
1072 2451 1319 2493 Muzalonibus‚
1346 2451 1446 2496 quasi
1465 2448 1523 2494 qui
1543 2458 1609 2482 nou
1628 2458 1710 2482 con-

246 2500 335 2536 tenti
355 2499 580 2544 dignitatibus
600 2501 771 2534 concessis
786 2501 830 2535 ad
849 2500 1004 2542 maiores,
1027 2500 1149 2544 quibus
1167 2498 1358 2539 inhiabant,
1379 2497 1468 2531 viam
1489 2494 1555 2529 sibi
1573 2505 1613 2528 eo
1633 2504 1710 2527 sce-

247 2546 321 2581 lere
343 2550 545 2580 sternerent.
572 2557 676 2590 aegro
700 2553 809 2580 autem
829 2551 1007 2592 suspectus
1030 2545 1142 2591 quivis
1160 2551 1247 2586 erat,
1275 2555 1376 2589 quem
1398 2540 1712 2588 quomodocumque

248 2591 436 2626 insimulari
470 2592 732 2637 praestigiarum
767 2592 913 2626 audiret.
961 2604 1068 2638 quare
1095 2591 1209 2626 statim
1241 2590 1284 2625 ad
1319 2589 1443 2635 primos
1474 2596 1631 2622 susurros
1657 2583 1712 2619 vel

251 2644 382 2672 temere
405 2637 631 2672 deferentium
656 2638 748 2673 obvii
774 2638 900 2684 passim
924 2640 1051 2683 quique
1082 2637 1467 2683 comprehendebantur.
1515 2644 1581 2678 quo
1604 2631 1713 2666 anim-

252 2685 397 2732 adverso
428 2683 486 2730 qui
520 2683 664 2730 aliquem
695 2684 861 2726 oderant,
900 2690 1027 2719 certam
1067 2696 1139 2718 eam
1173 2683 1307 2718 inibant
1337 2680 1502 2716 rationem
1526 2678 1601 2713 eius
1623 2676 1712 2712 male

253 2729 436 2775 multandi,
467 2733 506 2764 ut
528 2729 595 2765 iam
618 2730 745 2766 delatio
774 2731 908 2775 magiae
931 2730 1091 2765 indicium
1115 2734 1208 2765 esset
1229 2730 1304 2765 irae
1325 2727 1476 2762 iniustae
1497 2734 1626 2772 poenas
1648 2733 1713 2770 per

348 2867 386 2913 *)
411 2867 457 2901 cf.
479 2867 614 2902 Possin.
637 2867 793 2903 Glossar.
817 2866 913 2903 alter.
939 2877 971 2901 v.
996 2863 1170 2912 Εὖφυής.
