1884 3262
204 159 325 207 ³246
646 158 883 203 GEORGII
916 159 1269 205 PACHYMERIS

175 277 207 314 Ε
233 270 420 322 ἐπιόντας
436 271 507 315 τὸν
536 268 833 327 ἐντυγχάνοντα
861 271 977 329 σφίσι
1003 271 1182 328 μεληδὸν
1209 271 1598 332 κατασφάττοντας,
1636 273 1693 325 ὥς

227 341 327 385 εἶναι
350 340 424 395 τὴν
449 339 609 382 ε’κείνων
635 338 741 381 θέαν
765 338 853 395 ἅμα
871 341 937 383 καὶ
956 339 1144 384 θάνατον
1164 340 1388 397 οἴκτιστον,
1425 347 1508 387 τῶν
1530 342 1690 401 φόβων,

227 409 339 464 οἶμαι
351 441 364 460 ,
400 404 771 450 εἲδωλοποιούντων
789 408 842 451 τοὶ
862 406 981 464 πάθη
1003 411 1069 452 καὶ
1093 414 1336 466 γρηγοροῦσι
1355 413 1422 454 καὶ
1443 412 1496 454 τὰ
1512 413 1571 467 μὴ
1591 411 1692 455 ὄντα

225 465 488 519 πλαττόντων
509 474 748 533 ὀφθαλμοῖς
767 477 814 520 τὸ
831 477 998 521 ὄπτικόν
1018 478 1296 532 πλανωμένοις
1315 481 1381 521 καὶ
1400 484 1473 534 τῆς
1492 480 1693 536 ἀληθείας

225 541 567 600 ἀποτυγχάνουσι.
639 544 686 587 τὸ
712 545 790 601 γὰρ
820 546 925 589 κατὰ
954 551 1051 589 νοῦν
1075 546 1256 604 φοβερὸν
1277 546 1491 602 λαμβάνον
1506 549 1554 591 τὸ
1575 549 1726 596 ὅπη-5

226 610 320 664 κόν,
356 610 413 663 ὥς
433 620 519 662 τοῖς
541 612 621 664 ἔξω
640 615 873 658 σκοτασθὲν
896 615 963 657 διὰ
984 615 1031 658 τὸ
1053 616 1191 671 περιὸν
1212 620 1288 671 τῆς
1307 617 1472 669 δειλίας,
1503 618 1570 659 καὶ
1589 617 1694 660 κατὰ

225 678 381 738 τρόπον
411 682 564 736 βλέπον
580 715 593 734 ,
648 689 859 738 προσεῖχεν
898 681 953 734 ὥς
991 684 1147 739 ἀληθεῖ
1174 684 1615 745 εἷδωλοπλαστουμένῳ
1642 689 1694 742 τῇ

228 751 460 810 φαντασίᾳ,
499 751 565 792 καὶ
584 749 605 792 ὃ
624 748 787 793 ’ῧπενόει
804 749 932 807 μόνον
963 751 1018 803 ὥς
1050 752 1097 795 ὂν
1127 751 1364 806 ὖπετόπαζε.
1436 755 1480 796 τί
1495 754 1574 811 γὰρ
1595 755 1696 797 ἐκεί-

85 825 112 859 Ρ
141 824 206 860 164
230 835 314 868 νοις
344 817 545 875 ἠβούλετο
574 818 621 861 τὸ
652 819 704 861 τὰ
733 819 974 877 ἀνύπαρκτα
1002 819 1056 871 ὥς
1086 823 1127 864 ἓν
1158 820 1382 865 ὑποστάσει
1403 821 1502 865 ὄντα
1525 826 1697 866 πιστοῦ-

230 891 334 931 σθαι
345 907 360 943 ,·
397 887 436 930 οἱ
470 886 512 929 δ’
553 885 769 938 ἀκούοντες
799 893 882 932 τῶν
910 887 1096 947 πρόσθεν
1117 890 1193 944 μὲν
1225 889 1484 949 ἔξεκρούοντο
1499 924 1513 944 ,
1553 895 1697 934 παλιν-
1709 906 1754 940 10

221 959 480 1013 ,δρομοῦντες
497 954 541 998 δ’
566 957 607 1006 ἒς
626 956 762 1007 οἴκους
785 958 825 1000 οἳ
843 959 917 1012 μὲν
934 965 1025 1008 ταῖς
1040 960 1202 1015 γωνίαις
1221 958 1387 1014 ἐζήτουν
1407 958 1700 1017 παραδύεσθαι

222 1024 338 1068 4κατὰ
364 1024 411 1067 τὸ
432 1025 570 1080 σφίσιν
601 1025 743 1077 αὐτοῖς
765 1028 820 1077 εἷς
851 1029 1058 1083 σωτηρίαν
1086 1027 1227 1071 ἱκανὸν
1253 1025 1539 1083 νομιζόμενον,
1572 1030 1639 1071 καὶ
1661 1028 1700 1071 οἳ

231 1094 306 1149 μὲν
336 1091 497 1150 τάφους
528 1091 656 1136 πάλαι
689 1094 1035 1139 κατατεθνεώτων
1062 1094 1317 1152 ἄνοιγνύντες
1341 1097 1544 1151 εῗσέδυον,
1580 1097 1619 1140 οἶ
1647 1097 1696 1139 δ’

233 1161 437 1219 ἀσφαλέσι
455 1159 594 1211 τόποις
623 1160 795 1213 ἑαυτοὺς
823 1164 1096 1207 ἒνεπίστευον·
1139 1164 1256 1208 ἄλλοι
1288 1166 1333 1207 δὲ
1355 1165 1559 1222 ἀνδρῶδὲς
1576 1183 1616 1208 τι
1633 1167 1701 1208 καὶ

234 1229 472 1287 θαρραλέον
491 1228 707 1285 ἡγούμενοι
723 1229 916 1287 πράττειν
937 1231 1043 1275 ὅπλα
1072 1250 1115 1275 τε
1145 1235 1404 1291 περιετίθουν
1442 1236 1508 1277 καὶ
1537 1232 1701 1291 λόγχαις
1714 1246 1756 1281 15

186 1332 190 1335 »
235 1298 310 1341 σὺν
345 1298 509 1341 ἀσπίσιν
538 1299 714 1355 ἐχρῶντο
746 1302 813 1342 καὶ
846 1301 918 1343 τὸν
949 1299 1200 1357 ἡγησόμενον
1226 1300 1446 1357 ἐξεζήτουν.
1518 1298 1625 1357 ἦσαν
1657 1304 1703 1346 δὲ

184 1378 213 1410 Β
238 1364 330 1410 τότε
354 1365 374 1409 ὅ
394 1367 469 1421 μὲν
491 1368 547 1415 εἷς
566 1369 822 1423 προστασίαν
850 1373 927 1424 τῆς
955 1368 1112 1419 πόλεως
1140 1371 1381 1427 τεταγμένος
1412 1371 1486 1414 οὐκ
1513 1367 1556 1414 εὖ
1586 1371 1705 1421 εἲδώς

235 1434 424 1490 πολέμων
444 1434 550 1477 ἀλλὰ
570 1435 796 1491 λημμάτιον
820 1435 841 1479 ὃ
867 1440 1167 1494 Μανουηλίτης
1194 1438 1423 1492 Νικόλαος,
1453 1439 1575 1494 τιμὴν
1605 1439 1706 1494 ἔχων

234 1504 282 1547 τὸ
303 1507 605 1560 προκαθῆσθαι
626 1509 700 1558 τῆς
720 1504 897 1559 πόλεως,
937 1506 1053 1550 ἄλλοι
1081 1508 1126 1550 δὲ
1151 1512 1332 1551 πλεῖστοι
1362 1512 1598 1562 πολεμικαῖς
1632 1510 1708 1563 ἔμ-

239 1574 412 1628 πειρίαις
430 1573 752 1629 ἐντεθραμμένοι
765 1607 779 1628 ,
818 1572 880 1625 οἷς
904 1575 1076 1630 οὐδεμία
1096 1593 1159 1626 τις
1185 1577 1278 1633 ἐνῆν
1297 1577 1343 1620 τὸ
1366 1575 1554 1632 τηνικάδε
1572 1577 1704 1621 ἔννοια
1714 1594 1761 1628 20

240 1644 314 1683 τοῦ
335 1637 530 1690 πολλάκις
549 1644 614 1683 καὶ
634 1645 790 1697 ψεῦδος
813 1642 911 1686 εἶναι
939 1644 985 1687 τὸ
1007 1642 1302 1702 φημιζόμενον,
1333 1645 1441 1712 ἀλλδι
1457 1651 1557 1690 πᾶσι
1575 1645 1706 1696 κοινὸς

334 1761 368 1795 6.
396 1758 482 1807 καὶ]
505 1758 556 1806 μὴ
568 1760 587 1794 ?

241 1878 316 1914 tes,
341 1874 418 1909 dum
440 1874 557 1910 hostes
580 1875 769 1921 quempiam
794 1876 860 1911 sibi
882 1877 1018 1912 obvium
1040 1880 1252 1915 membratim
1277 1880 1552 1926 concerpserint,
1577 1879 1708 1915 difficili

240 1920 364 1954 iudicio
385 1921 606 1955 immaniorne
627 1922 686 1955 illa
708 1923 893 1957 crudelitas
917 1925 1031 1958 caedis
1054 1936 1097 1958 an
1113 1927 1247 1960 tristius
1270 1931 1306 1960 et
1327 1927 1551 1960 miserabilius
1574 1933 1711 1970 specta-

238 1968 353 2000 culum
377 1966 492 2002 fuerit.
540 1968 742 2007 crediderim
765 1973 931 2003 terrorem
945 1996 956 2012 ‚
988 1974 1108 2016 partes
1138 1972 1353 2007 invadentem
1377 1973 1534 2018 Morphei
1549 1997 1559 2015 ,
1583 1972 1712 2006 somnia

242 2012 461 2055 vigilantibus
483 2016 575 2047 tetra
609 2015 777 2059 quaedam
811 2015 1022 2060 obiectam,
1047 2020 1150 2062 atque
1176 2023 1216 2051 ut
1238 2030 1303 2063 per
1323 2023 1456 2053 noctem
1480 2018 1712 2063 imaginationi

244 2059 333 2092 solet
355 2069 479 2103 sopor,
512 2059 561 2093 ita
592 2060 696 2093 oculis
732 2061 809 2094 luce
840 2062 951 2106 palam
980 2063 1150 2106 illusisse,
1182 2065 1257 2099 visa
1289 2064 1490 2098 ostentando
1514 2065 1612 2098 salsa.
1658 2065 1712 2099 vis

243 2115 364 2149 nempe
387 2105 447 2138 illa
479 2109 532 2138 est
563 2104 704 2140 insanae
732 2106 946 2150 formidinis,
978 2108 1035 2142 ubi
1066 2114 1211 2144 mentem
1241 2110 1535 2154 consternaverit,
1561 2112 1712 2144 furorem

246 2149 327 2183 inde
349 2149 456 2184 oculis
478 2150 677 2195 effundere,
709 2156 748 2186 ut
777 2153 842 2187 sibi
875 2165 989 2188 coram
1012 2165 1153 2190 cernere
1183 2162 1314 2191 moesta
1345 2162 1503 2201 tetraque
1532 2156 1713 2191 simulacra

247 2195 450 2238 videantur,
473 2208 562 2242 quae
584 2209 629 2231 nu
673 2209 750 2232 uam
769 2199 839 2234 sint
860 2200 943 2234 alibi
965 2212 1065 2246 quam
1088 2202 1122 2235 in
1145 2214 1262 2236 errore
1285 2202 1460 2237 delirantis
1483 2202 1598 2246 animi,
1620 2201 1714 2238 unici

249 2242 392 2275 artificis
414 2242 545 2276 illorum
564 2268 574 2284 ,
598 2255 620 2288 p
661 2244 820 2278 suasione
842 2248 995 2291 quamvis
1024 2258 1114 2281 vana
1142 2248 1318 2294 stultaque
1340 2249 1376 2283 in
1400 2252 1494 2282 certo
1518 2248 1715 2283 affirmandi

248 2287 407 2321 fiduciam
430 2289 635 2325 abundante.
682 2291 767 2324 talia
790 2291 850 2337 qui
873 2304 894 2326 a
917 2297 1038 2327 contra
1058 2293 1271 2328 venientibus
1295 2295 1494 2335 audierant,
1517 2296 1714 2329 referebant

249 2336 344 2366 retro
383 2333 503 2378 pedem
537 2334 654 2369 domos
684 2347 815 2371 versus.
862 2349 943 2383 pars
975 2339 1116 2383 angulos
1151 2342 1418 2382 scrutabantur,
1450 2340 1559 2375 sicubi
1595 2351 1714 2375 cavum

249 2377 438 2412 invenirent
460 2391 528 2424 quo
553 2390 591 2414 se
626 2382 897 2427 compingerent:
930 2385 990 2418 alii
1027 2385 1119 2419 aliud
1147 2387 1266 2421 salutis
1290 2399 1383 2433 spem
1409 2387 1558 2421 offerens
1586 2386 1713 2421 latibu-

247 2425 316 2457 lum
340 2425 536 2468 captabant.
583 2438 647 2460 nec
676 2427 819 2463 deerant
849 2430 905 2476 qui
935 2431 1101 2476 sepulcris
1139 2432 1264 2466 dudum
1295 2438 1503 2467 mortuorum
1533 2443 1609 2466 sese
1630 2431 1714 2480 insi-

249 2473 393 2503 nuantes
415 2470 466 2504 ibi
489 2476 688 2507 mussarent.
737 2474 820 2509 locis
842 2476 979 2521 quidam
1001 2477 1138 2511 munitis
1161 2483 1196 2512 et
1219 2479 1307 2513 firmi
1331 2479 1443 2524 operis
1466 2483 1571 2523 caput
1591 2477 1715 2512 vitam-

249 2526 317 2560 que
339 2517 629 2553 commendabant.
677 2519 720 2553 ab
745 2520 795 2554 his
818 2521 943 2557 diversi
967 2523 1115 2557 nonnulli
1136 2523 1237 2569 digno
1257 2524 1360 2568 viris,
1384 2531 1420 2559 et
1443 2527 1482 2558 ut
1507 2524 1590 2569 ipsis
1616 2524 1714 2558 vide-

249 2561 378 2603 batur,
416 2573 580 2606 generoso
614 2565 772 2609 consilio,
805 2569 908 2602 armis
935 2568 1083 2612 indutis,
1119 2575 1258 2616 arrepta
1286 2571 1406 2606 lancea
1436 2574 1622 2615 scutoque,
1653 2569 1716 2615 qui

251 2606 393 2641 duceret
426 2608 587 2643 adversus
620 2610 750 2645 hostem
782 2615 1006 2657 quaerebant.
1037 2616 1148 2650 'homo
1173 2621 1249 2651 erat
1278 2617 1358 2652 urbi
1378 2615 1594 2662 praepositus
1615 2626 1716 2661 prae-

251 2652 370 2687 darum
393 2664 493 2699 quam
519 2655 725 2699 praeliorum
749 2659 925 2701 scientior,
949 2661 1153 2696 Manuelites
1175 2662 1349 2697 Nicolaus.
1396 2661 1474 2696 huic
1496 2662 1604 2696 honor
1625 2662 1717 2696 obti-

251 2704 350 2742 gerat
373 2700 591 2745 praesidendi
612 2706 695 2735 tunc
717 2703 880 2738 Nicaeae.
929 2712 1028 2740 erant
1050 2712 1087 2741 et
1110 2708 1169 2743 alii
1192 2709 1346 2754 plurimi,
1377 2707 1516 2742 militiae
1548 2718 1611 2742 usu
1633 2719 1716 2742 non-

251 2744 364 2788 nullo,
399 2745 578 2780 multorum
613 2755 774 2782 annorum
805 2750 984 2795 stipendiis
1015 2752 1147 2789 imbuti.
1205 2755 1322 2788 horum
1359 2754 1441 2788 nulli
1472 2757 1542 2787 tum
1565 2753 1717 2787 venitin

253 2794 400 2826 mentem
424 2791 576 2837 cogitare
601 2804 707 2829 vanos
730 2794 929 2843 plerumque
951 2797 1035 2832 ferri
1059 2799 1222 2835 eiusmodi
1252 2811 1426 2843 rumores,
1458 2799 1606 2846 ideoque
1628 2799 1718 2834 serio
