1884 3262
685 238 790 285 LIB.
805 239 860 285 11.
912 239 1115 286 NOTAE.
1221 262 1225 272 τ
1526 244 1623 290 625

170 344 301 398 iectis,
339 347 590 387 arithmetica
615 348 763 388 musica
789 347 1001 401 geometria
1037 356 1078 389 et
1109 352 1367 401 astronomia,
1405 330 1499 392 satis
1528 367 1623 407 per-

167 411 304 456 ceptas
335 403 482 443 habere
517 405 702 457 potuisse.
764 408 972 455 παίδευσις
1009 407 1201 458 siquidem
1232 406 1435 462 ἐγκύκλιος
1467 416 1530 449 tot
1555 411 1625 450 illa

167 461 522 512 complectebatur,
550 467 598 500 ut
623 474 674 500 ex
697 462 840 501 Ioanne
857 464 997 502 Tzetze
1014 464 1270 516 intelligitur,
1293 466 1348 504 sic
1367 465 1417 504 de
1439 465 1502 506 his
1521 468 1621 507 scri-

167 517 286 556 bente
306 517 471 558 Chiliad.
498 521 547 560 11
566 523 657 557 sect.
675 521 777 560 367:

604 570 790 644 ἐγκύκλια
804 571 1031 644 μαθήματα
1053 577 1266 617 καλοῦνται

384 624 408 670 ὅ
438 626 584 679 κύκλος
610 646 654 671 το
685 630 946 685 συμπέρασμα
973 628 1136 672 πάντων
1165 647 1245 672 των
1265 629 1527 686 μαθημάτων,

383 689 688 751 γραμματικῆς,
707 688 942 740 ῥητορικῆς,
973 684 1097 740 αὐτῆς
1121 689 1375 739 φιλοσοφίας,

383 741 452 782 καὶ
471 758 552 782 των
564 756 773 810 τεσσαρων
790 741 834 784 δὲ
853 746 1002 796 τεχνῶν
1020 748 1101 784 τῶν
1118 740 1197 784 υπ’
1220 740 1348 797 αὐτην
1372 745 1580 799 κειμένων,
1607 782 1612 785 .

383 799 456 849 τῆς
474 794 728 867 ἆριθμούσης
742 829 754 848 ,
783 802 978 852 μουσικῆς
997 800 1065 841 καὶ
1082 803 1151 852 τῆς
1167 802 1407 855 γεωμετρίας

379 853 448 894 καὶ
465 870 538 906 της
555 851 885 908 ου’ρανοβαμονος
902 853 1026 909 αυτοῖς
1048 853 1322 910 αστρονομίας.
1411 904 1414 908 ,

163 909 290 947 fateor
313 908 515 949 interdum
539 911 660 949 solam
684 913 977 963 ‹rrammaticam
1005 913 1214 981 ἐγκυκλίου
1244 910 1489 962 παιδεύσεως
1506 929 1619 955 men—

163 966 272 1003 tione
303 966 495 1017 designaii
527 983 626 1007 κατα
657 982 917 1020 καταχρησιν,
968 985 1015 1009 ου
1044 967 1149 1024 λόγω
1178 968 1222 1010 δὲ
1247 971 1398 1024 κυρίῳ,
1437 977 1483 1009 ut
1514 973 1619 1012 idem

163 1022 323 1059 Tzetzes
355 1023 499 1061 ibidem
525 1023 723 1074 loquitur;
752 1038 825 1062 nec
851 1038 896 1063 eo
919 1024 1062 1063 infitias
1088 1025 1214 1064 videri
1239 1039 1351 1076 posse
1369 1027 1546 1066 locutum
1571 1043 1617 1067 eo

162 1090 279 1115 sensu
308 1053 725 1130 Acropolitan1,‹luni
752 1080 802 1118 de
830 1081 895 1118 illa
926 1094 1044 1131 quam
1069 1081 1283 1133 percepisse
1304 1082 1382 1120 iam
1402 1090 1484 1121 tum
1503 1097 1543 1122 se
1563 1086 1619 1124 ait

161 1134 358 1184 encyclica
393 1135 575 1173 doctrina
604 1136 738 1174 statim
764 1134 934 1176 subdit
916 1153 970 1189 ην
988 1154 1263 1190 γραμματικην
1279 1136 1618 1191 κατονομάζουσιν

162 1190 205 1230 οἵ
228 1190 369 1230 πολλοί
397 1205 522 1243 quam
553 1192 740 1244 plerique
773 1196 1090 1245 grammaticam
1120 1197 1350 1244 nominant,
1384 1198 1616 1246 praesertim

161 1259 251 1285 cum
268 1246 386 1298 paulo
407 1254 517 1299 post,
547 1262 581 1289 c.
610 1249 797 1287 nimirum
822 1253 896 1298 32,
923 1249 1027 1288 idem
1060 1250 1248 1301 adiungat
1279 1263 1319 1288 se
1345 1250 1548 1290 hortatu
1536 1268 1615 1292 un-

158 1303 352 1368 peratoris
378 1303 556 1354 Ioannis,
587 1304 639 1342 ad
665 1318 779 1356 quem
803 1305 944 1343 missus
964 1307 1116 1355 fuerat,
1144 1302 1373 1362 υψηλοτέρα
1392 1311 1470 1348 τῶν
1487 1306 1614 1363 λόγων

158 1354 365 1399 παιδευσει
393 1359 460 1400 και
498 1364 672 1414 λογικοῖς
701 1359 966 1413 παιδεύμασιν
1007 1375 1166 1414 opeiam
1202 1348 1379 1427 dedisse,
1427 1365 1615 1416 magistro

159 1414 370 1453 Theodoro
389 1416 648 1468 Exapterygo.
705 1431 845 1457 verum
863 1417 961 1456 haec
975 1431 1056 1456 non
1074 1419 1261 1457 obstant
1249 1432 1327 1458 lam
1343 1394 1514 1471 positis,²³
1523 1435 1613 1461 cum

158 1471 210 1510 sit
226 1484 322 1511 vero
350 1472 512 1510 similius
544 1489 813 1527 γραμματικῆς
842 1474 1079 1513 vocabulum
1108 1488 1190 1513 non
1208 1489 1523 1528 καταχρηστικως
1542 1478 1612 1517 sed

157 1528 305 1580 κυρίως
329 1527 383 1566 ibi
408 1529 675 1581 Acropolitam
703 1544 932 1583 usurpasse,
962 1544 1007 1568 ac
1034 1545 1114 1569 non
1143 1531 1303 1569 alterius
1320 1533 1470 1582 generis
1489 1533 1611 1574 disci-

155 1584 281 1636 plinas
299 1584 367 1622 sed
381 1585 567 1624 maiorem
587 1586 628 1624 in
646 1586 724 1625 iam
742 1585 953 1639 degustatis
969 1600 1018 1638 pl
1020 1601 1215 1638 ocressum
1234 1587 1276 1625 in
1293 1587 1426 1627 schola
1437 1589 1610 1641 Exapte-

155 1654 168 1679 1
170 1653 243 1692 ygi
261 1641 477 1691 quaesisse,
507 1642 651 1710 quippe
676 1656 698 1681 a
726 1657 826 1695 quo,
855 1649 900 1682 ut
924 1643 1008 1696 ipse
1026 1657 1122 1682 mox
1152 1643 1280 1693 addit,
1319 1651 1466 1697 septem
1496 1647 1609 1685 annis

156 1696 258 1735 nihil
282 1697 356 1735 nisi
370 1701 452 1739 ταῖν
469 1714 705 1751 ποιηματων
724 1698 951 1753 σαφήνειαν
973 1699 1041 1740 καὶ
1056 1702 1128 1753 τῆς
1142 1715 1224 1740 των
1246 1673 1371 1753 λογων
1393 1701 1528 1754 τέχνης
1547 1704 1610 1743 δι-

156 1754 375 1794 δασκαλίαν
407 1756 650 1807 peiceperit,
680 1770 849 1808 quorum
880 1762 1065 1795 neutrum
1092 1756 1311 1807 encyclicae
1332 1757 1471 1796 limites
1489 1771 1608 1796 exce-

157 1809 228 1848 dit.
286 1809 453 1874 denique
479 1788 674 1850 sexdeciin
698 1820 837 1852 natum
866 1826 988 1851 annos
1008 1825 1048 1850 se
1074 1813 1116 1851 in
1135 1813 1288 1851 Ioannis
1313 1814 1442 1853 aulam
1459 1815 1607 1853 admis-

154 1878 242 1904 sum
273 1866 366 1904 satis
393 1868 595 1906 manifeste
628 1868 871 1908 demonstrat
901 1869 1148 1921 Acropolita‚
1186 1869 1282 1907 dum
1310 1883 1343 1908 c.
1363 1873 1416 1912 32
1439 1871 1606 1921 primam

152 1934 237 1961 rem
257 1923 430 1962 omnium
455 1936 555 1975 quae
582 1925 654 1976 ipsi
681 1925 724 1964 in
753 1927 943 1965 comitatu
971 1925 1124 1964 Ioannis
1153 1924 1317 1976 Augusti
1344 1927 1605 1978 contigerunt,

153 1985 346 2018 memorat
376 1980 437 2019 sui
473 1981 727 2020 traditionem
762 1983 805 2021 in
847 1982 1091 2034 disciplinam
1126 1980 1324 2020 Theodori
1353 1982 1610 2035 Exapterygi,⁴

154 2048 270 2086 quem
298 2048 339 2074 se
364 2037 500 2076 audire
524 2038 667 2091 cepisse
695 2039 751 2077 ait
778 2038 1106 2080 ἑπτακαιδέκατον
1134 2037 1220 2086 ἔτος
1242 2035 1391 2091 ἄγοντα
1409 2038 1607 2077 decimum

152 2093 367 2143 septimum
386 2101 565 2145 agentem
586 2109 762 2133 annum:
779 2095 917 2146 quodsi
937 2095 1015 2133 iam
1033 2093 1241 2132 undecimo
1261 2094 1399 2132 aetatis
1417 2095 1469 2132 ad
1487 2095 1605 2133 Ioan-

154 2160 244 2186 nem
271 2147 460 2197 venisset,
500 2151 739 2202 oportuisset
765 2164 855 2190 eum
885 2151 938 2190 ibi
958 2163 1029 2188 sex
1049 2150 1144 2187 totis
1160 2149 1270 2187 annis
1287 2150 1370 2187 sine
1386 2150 1466 2188 ulla
1482 2165 1603 2189 occu-

152 2205 313 2255 patione
330 2203 535 2244 desedisse.
591 2221 665 2258 pro
683 2214 791 2246 certo
807 2208 925 2260 igitur
938 2205 1165 2244 habendum
1185 2211 1298 2244 sexto
1320 2205 1471 2245 decimo
1490 2213 1601 2245 aeta-

153 2261 205 2299 tis
233 2273 335 2298 anno
376 2261 518 2313 cepisse
547 2261 812 2315 Acropolitam
848 2263 985 2302 Ioanni
1017 2263 1193 2313 Augusto
1232 2261 1455 2302 adhaerere.
1522 2278 1600 2315 quo

154 2322 286 2354 autem
311 2315 355 2354 id
382 2318 554 2356 eiusdem
579 2319 734 2358 Ioannis
751 2320 903 2372 imperii
923 2325 1041 2369 atque
1062 2319 1158 2356 adeo
1181 2317 1326 2357 Christi
1346 2332 1449 2358 anno
1468 2321 1602 2367 contie.

152 2372 273 2423 gerit,
300 2373 584 2424 explorandum
605 2389 713 2413 nunc
734 2383 804 2417 est.
862 2377 1077 2415 adventum
1102 2374 1143 2413 in
1167 2374 1296 2412 aulam
1316 2374 1471 2414 Ioannis
1485 2390 1600 2416 suum
1622 2381 1652 2416 P
1674 2385 1742 2421 436

152 2431 195 2467 in
221 2429 263 2467 id
287 2435 444 2481 tempus
471 2430 650 2469 incidisse
676 2439 814 2471 narrat
839 2431 1084 2483 Acropolita,
1120 2444 1198 2481 quo
1225 2436 1402 2482 tempore
1421 2432 1598 2472 Roberto

152 2486 384 2524 Latinorum
415 2486 649 2538 imperatore
677 2495 835 2527 mortuo
862 2489 1026 2527 Ioannes
1056 2486 1149 2526 olim
1179 2486 1505 2539 Ierosolymorum
1530 2503 1604 2528 rex

153 2542 534 2595 Constantinopolim
571 2542 844 2583 est'evocatus
885 2545 935 2583 ad
963 2556 1026 2583 res
1049 2543 1129 2582 illic
1154 2543 1431 2595 moderandas,
1472 2546 1602 2595 quoad

152 2599 370 2637 Balduinus
386 2612 485 2652 puer
501 2601 543 2638 in
575 2606 742 2638 aetatem
763 2602 925 2653 imperio
941 2601 1120 2638 idoneam
1144 2599 1389 2639 adolevisset.
1445 2602 1601 2639 Rober-

152 2662 220 2692 tus
251 2661 380 2693 autem
413 2669 516 2694 anno
547 2655 692 2695 Christi
726 2661 833 2700 1228
859 2663 930 2696 aut
964 2655 1139 2707 sequenti
1171 2661 1230 2694 est
1263 2663 1466 2707 mortuus3
1493 2657 1598 2694 unde

152 2710 308 2749 Ioannis
327 2713 560 2751 Brennensis
580 2726 629 2751 ex
649 2714 783 2760 Italia,
813 2714 881 2752 ubi
901 2713 1086 2765 Gregorio
1110 2712 1222 2751 Nono
1243 2713 1456 2762 militabat,
1488 2714 1595 2750 Con-

153 2769 447 2820 stantinopolim
475 2770 659 2821 appulsus
679 2769 730 2807 ad
751 2769 843 2812 Chr.
874 2743 1000 2812 1229&
997 2776 1066 2808 aut
1088 2771 1194 2810 1230
1215 2769 1406 2820 pertinet,
1436 2769 1593 2819 quando

153 2821 319 2863 loannes
349 2825 548 2874 Batatza,
564 2827 631 2877 qui
662 2840 764 2865 anno
793 2826 936 2865 Christi
968 2829 1075 2869 1222
1103 2824 1311 2863 Theodoro
1343 2826 1496 2864 Lascari
1523 2839 1597 2864 suo

153 2893 286 2917 socero
309 2888 568 2931 successerat,
598 2888 782 2922 octavum
804 2889 893 2923 aut
901 2896 1056 2922 nonum
1079 2881 1231 2934 imperii
1246 2895 1392 2921 annum
1411 2894 1597 2921 numma-

208 2941 383 2986 Georgae'us
413 2943 636 2987 Pacliymeres
667 2945 694 2979 Ι.
1269 2938 1324 2979 40
