1884 3262
440 236 515 277 DE
545 234 822 278 MICHAELE
850 234 1233 280 PALAEOLOGO
1269 237 1318 283 L.
1348 235 1424 283 III.
1555 235 1661 283 1241

325 350 405 396 26.
479 349 594 400 Τέως
614 349 681 402 δέ,
711 347 911 407 πρότερον
929 348 954 404 ἢ
976 354 1110 393 ταῦτα
1134 355 1395 407 γεγενῆσθαι,
1435 350 1517 393 ἐπεὶ
1534 351 1665 402 πολὺς
1687 357 1716 390 Ρ
1742 358 1809 392 160

185 418 206 460 ὅ
229 417 487 476 πατριάρχης
509 417 678 462 moli-mv
701 415 750 475 ἦν
773 421 846 462 τὸν
865 419 1040 472 βασιλέα
1063 420 1170 462 κατὰ.
1192 424 1459 476 Χριστιανῶν
1488 421 1664 478 ἐκστρα-

186 486 314 531 τεύειν
332 487 387 539 ὥς
408 489 483 532 οὐκ
514 487 768 544 εὐοὸἦσοντα
789 486 953 538 πάντως
982 489 1207 545 ἐμφυλίους
1232 494 1424 532 κινοῦντα
1442 489 1664 544 πολέμους,

183 556 276 601 τότε
292 557 351 614 μὴ
375 557 481 601 κατὰ
505 556 662 614 τρόπον
686 557 900 612 βασιλικὸν
926 561 980 614 -τῇ
1002 559 1321 601 Κωνσταντίνου
1349 555 1664 614 ἐπιδημήσαντι,

150 639 172 673 5
187 631 245 685 τῷ
263 625 429 686 μεγάλῳ
458 632 535 686 νεῷ
563 625 772 670 ἐπιστάντι
793 626 867 684 ἐφ’
903 620 937 684 ᾧ
960 631 1244 682 προσκυνῆσαι
1272 628 1341 670 καὶ
1360 626 1590 670 ἀποδοῦναι
1611 628 1666 671 τὰ

183 702 257 751 τῆς
274 697 535 754 εὐχαριστίας
563 694 712 754 ῥύσια,
750 693 1008 739 κατελθώνὸ
1038 693 1295 751 πατριάρχης
1325 694 1504 748 ὠνείδιζέ
1527 714 1572 739 τε
1591 696 1658 739 εὖ·
1683 700 1712 733 Β

182 764 291 819 θύς,
327 767 633 821 προσεπιτιθεὶς
655 767 723 808 καὶ
754 765 830 813 τὰς
858 766 914 814 εἷς
939 764 1042 808 θεὸν
1065 770 1140 821 τῆς
1174 765 1383 820 σωτηρίας
1414 765 1566 808 ἐκείνου
1598 765 1666 808 εἷ’-

179 838 422 892 χαρισιίας,
459 837 526 878 καὶ
548 838 641 894 “τῷ
662 839 750 893 θεῷ
772 832 918 889 χάρις”
938 834 1070 890 ἔλεγεν
1090 833 1185 878 “ihc
1204 835 1405 887 σέσωσαι,
1442 836 1510 877 καὶ
1528 836 1666 891 χερσὶν

185 906 233 948 οὗ
254 904 540 961 παραὸέὸοσαι
565 910 649 947 τῶν
671 904 747 958 τὴν
776 903 855 959 σὴν
873 903 1015 958 ψυχὴν
1032 901 1265 959 ζητούντων
1283 903 1463 960 ἐχθρῶν.
1534 905 1578 946 τί
1598 906 1668 946 δαὶ

129 988 173 1021 10
187 975 237 1017 τὰ
258 974 362 1028 παρ’
389 975 490 1028 ἐμοῦ
510 990 575 1015 σοι
593 970 686 1016 τότε
709 970 930 1028 λεγόμενας
962 971 987 1027 ἢ
1009 973 1056 1015 οὗ
1086 973 1294 1029 με’μνησαι
1318 970 1374 1022 ὦς
1394 972 1470 1027 τὴν
1490 972 1667 1028 ἐκστρα-

182 1045 294 1087 τείαν
323 1041 504 1086 ἐκώλυον
530 1040 586 1092 ὥς
611 1041 660 1085 οὗ
682 1043 958 1085 συνοιόουσαν
987 1041 1205 1099 divortunt-gg
1243 1041 1290 1085 οὗ
1321 1041 1420 1091 τοὺς
1441 1040 1667 1098 ἐμφυλίους
1693 1054 1724 1087 C

180 1112 386 1167 πολέμους
416 1111 609 1166 ἀντέλεγον
639 1111 696 1166 μὴ
732 1113 888 1166 ζητεῖν;
925 1113 992 1154 καὶ
1021 1112 1064 1154 τί
1091 1128 1133 1168 γε
1165 1111 1266 1154 ἄλλο
1295 1110 1320 1166 ἢ
1342 1112 1388 1154 σὲ
1407 1109 1476 1153 imi
1497 1111 1572 1162 τὰς
1591 1110 1669 1161 σὰς

182 1180 376 1237 δυνάμεις
403 1183 460 1232 εἷς
487 1179 627 1236 μάχην
654 1184 713 1239 τῷ
748 1178 927 1238 δεσπότῃ
960 1181 1138 1236 ΙΙἸιχαὴλ
1165 1179 1268 1223 ι’ἕναι
1296 1181 1364 1223 καὶ
1397 1186 1486 1230 τοῖς
1515 1180 1666 1224 ἐκείνου

181 1249 487 1308 στρατεύμασιν
502 1270 517 1306 ,·
554 1249 632 1305 οὐχ
657 1248 745 1304 ἅμα
781 1249 832 1293 σὺ
866 1250 942 1304 μὲν
968 1254 1028 1309 τῷ
1057 1253 1247 1308 Χριστοῦ
1267 1247 1553 1305 ἐνεσημοίνθης
1574 1247 1670 1293 ὄνό-

128 1332 280 1376 15ματι
319 1320 501 1370 κάκεῖνος
529 1317 687 1375 Mitem*
714 1322 905 1375 Χριστοῦ
931 1339 945 1374 ,·
988 1320 1094 1362 τίσιν
1133 1318 1297 1362 εὐκτέον
1317 1352 1331 1371 ,
1375 1317 1513 1373 ἔλεγον
1542 1315 1666 1371 τότε,

182 1394 406 1440 ποιοῦντας
440 1389 516 1439 τὰς
551 1391 607 1439 εἷς
627 1388 728 1431 θεὸν
759 1389 912 1438 ἱκεσίας
924 1421 938 1440 ,
977 1390 1044 1430 καὶ
1070 1387 1176 1431 κατὰ
1195 1389 1317 1430 τίνων
1340 1385 1557 1442 ὅμιλητίον
1579 1391 1670 1446 θεῷ

183 1458 239 1509 ὥς
266 1457 503 1513 ἐκσπόνδων
535 1456 724 1514 ἐχθρῶνς
775 1458 819 1500 αἱ
847 1455 950 1511 ὑπὲρ
984 1455 1102 1512 ἡμῶν
1132 1456 1247 1511 εὐχαὶ
1277 1457 1343 1498 καὶ
1370 1454 1475 1513 ὑπὲρ
1496 1457 1663 1500 ’ἐκείνων
1686 1471 1719 1507 1)
1750 1450 1755 1453 ’

182 1526 371 1580 πάντως,
411 1525 625 1582 ἐπειδήπερ
654 1529 723 1570 καὶ
755 1530 854 1581 μιᾶς
884 1524 1075 1581 μάνδρας
1105 1526 1196 1568 ἐστὲ
1227 1529 1302 1568 τοῦ
1321 1528 1527 1582 Χριστοῦ.
1594 1530 1668 1569 νῦν

183 1598 250 1651 δέ,
287 1597 386 1640 ἀλλ’
418 1595 638 1651 εὐλογητὸς
666 1593 804 1652 κύριος
835 1593 855 1638 ὅ
889 1592 1120 1652 ρυσάμενςός
1151 1612 1195 1637 σε
1225 1596 1268 1645 ἐξ
1298 1595 1464 1651 ἐχθρῶν
1488 1591 1669 1650 ἀνόμων.

126 1667 361 1715 Ξοέπέσεισε
395 1662 473 1723 γάρ
510 1682 575 1708 σοι
613 1665 745 1722 σφέας
782 1663 854 1721 ἐφ’
893 1659 1003 1724 ᾧπερ
1037 1663 1272 1718 ἀναμνῆσαι
1307 1661 1364 1714 ὥς
1402 1662 1474 1713 οὓς
1505 1659 1580 1718 μέν
1610 1662 1666 1714 ὥς
1693 1679 1720 1714 Ρ
1747 1680 1811 1715 161

274 1825 332 1859 26.
382 1822 566 1857 Caeterum
590 1822 787 1868 priusquam
818 1823 905 1857 haec
935 1823 1077 1865 fierent,
1111 1825 1305 1868 opportune
1341 1820 1553 1856 occasionem
1576 1822 1668 1856 arri-

183 1875 310 1915 puerat
332 1869 554 1915 imperatoris
577 1869 782 1914 obiurgandi
806 1870 1010 1913 patriarcha.
1058 1870 1184 1904 multus
1207 1872 1236 1902 is
1261 1867 1387 1901 dudum
1411 1869 1526 1902 fuerat
1548 1867 1583 1901 in
1606 1868 1669 1907 de·

184 1917 350 1950 hortando
387 1917 593 1961 imperatore
623 1916 667 1949 ab
701 1916 974 1960 expeditionibus
998 1915 1164 1950 adversus
1192 1914 1406 1948 Christianos
1427 1913 1669 1960 suscipiendis,

183 1974 250 1996 non
275 1974 498 2005 successuras
531 1962 677 1996 feliciter
708 1974 769 1996 eas
798 1962 863 2007 ipsi
895 1962 1119 1996 denuntians:
1151 1973 1263 2006 neque
1294 1960 1386 1994 enim
1424 1960 1515 1994 civili
1549 1965 1670 1994 contra

182 2009 335 2043 eiusdem
364 2007 539 2053 religionis
570 2009 786 2054 professores
819 2009 910 2043 bello
941 2009 1040 2043 deum
1074 2008 1263 2043 adiutorem
1297 2008 1384 2040 sore.
1431 2006 1517 2040 talia
1538 2007 1670 2041 frustra

181 2066 287 2100 saepe
310 2068 331 2089 a
356 2067 395 2090 se
417 2054 580 2089 monitum
603 2054 724 2089 videns
747 2059 850 2096 tunc,
872 2067 937 2089 non
962 2058 1002 2089 ut
1023 2055 1231 2099 imperatore
1266 2052 1405 2097 dignum
1438 2054 1575 2092 suerat,
1607 2052 1668 2086 sed

182 2101 346 2135 indecora
366 2103 451 2146 fuga
473 2101 531 2134 vix
555 2100 685 2135 salvum
710 2113 788 2135 sese
811 2102 1035 2147 recipientem
1059 2099 1417 2144 Constantinopolim,
1442 2098 1501 2132 ubi
1523 2098 1669 2143 primum

183 2147 214 2180 is
238 2159 259 2181 a
281 2148 396 2181 reditu
416 2159 576 2192 magnum
600 2147 637 2181 in
668 2149 831 2192 templum
863 2160 901 2183 se
926 2147 1072 2182 contulit
1100 2147 1159 2180 dei
1191 2144 1355 2180 adorandi
1388 2148 1424 2178 et
1447 2155 1510 2189 pro
1533 2145 1668 2178 evitato

183 2205 312 2227 summo
334 2193 532 2227 discrimine
555 2193 687 2237 gratias
709 2194 832 2238 agendi
866 2205 990 2235 causa,
1024 2193 1177 2228 cominus
1200 2191 1367 2226 accedens
1389 2190 1583 2235 increpavit
1605 2201 1669 2235 pa-

184 2240 250 2272 lam
275 2239 389 2273 verbis
413 2239 504 2273 haud
527 2239 707 2282 mollibus,
729 2241 766 2274 id
789 2246 922 2275 tantum
945 2240 1182 2274 intermiscens
1209 2236 1440 2278 delinimenti,
1474 2240 1514 2270 ut
1546 2243 1670 2280 gratu-

182 2285 249 2318 lari
271 2297 309 2319 se
332 2285 431 2319 simul
452 2285 520 2330 ipsi
541 2285 684 2319 salutem
706 2285 882 2332 insperato
906 2292 1100 2329 servatam,
1124 2283 1319 2319 vreddendis
1342 2283 1406 2316 deo
1434 2294 1498 2327 pro
1522 2294 1569 2317 ea
1585 2293 1670 2327 gra-

183 2332 260 2374 tiis,
294 2331 505 2373 significaret
524 2356 534 2374 ,
558 2333 649 2365 “deo
671 2332 803 2376 gratias
817 2332 836 2349 ''
857 2333 1014 2378 inquiens
1031 2359 1041 2375 ,
1066 2331 1185 2376 “quod
1210 2330 1326 2364 salvus
1349 2329 1491 2363 evasisti
1507 2353 1519 2368 ,
1542 2334 1579 2362 et
1601 2339 1668 2362 non

182 2389 222 2423 es
253 2377 402 2411 traditus
432 2377 585 2411 manibus
618 2377 765 2412 hostium
797 2379 1035 2424 quaerentium
1066 2378 1211 2413 animam
1245 2381 1351 2410 tuam.
1398 2374 1521 2420 ecquid
1554 2380 1669 2409 autem

183 2435 300 2458 eorum
324 2423 504 2458 meministi
528 2435 619 2469 quae
641 2435 746 2469 saepe
769 2426 859 2470 apud
882 2429 920 2459 te
943 2425 1017 2470 egi,
1051 2423 1288 2469 expeditiones
1319 2420 1514 2456 istiusmodi
1535 2421 1670 2455 dissua-

183 2471 266 2504 dens
289 2476 330 2504 ut
352 2481 493 2516 prorsus
517 2469 663 2504 noxias?
697 2482 764 2504 non
787 2471 860 2504 dixi
883 2476 920 2505 et
942 2471 1034 2505 serio
1059 2469 1259 2504 denuntiavi
1282 2468 1347 2502 tibi
1369 2479 1414 2502 ne
1436 2467 1526 2502 bella
1551 2467 1668 2501 civilia

183 2516 405 2562 susciperes?
428 2527 490 2550 cur
517 2528 599 2561 ergo
633 2522 671 2550 te
704 2521 854 2562 tuasque
885 2517 1004 2562 copias
1036 2515 1202 2551 Michaeli
1230 2514 1397 2560 despotae
1434 2513 1668 2558 exer-&tuique

184 2563 258 2596 eius
279 2562 316 2596 in
342 2561 454 2597 aciem
476 2573 683 2607 progressus
705 2563 889 2598 obiecisti?
922 2574 1034 2597 nonne
1064 2570 1102 2596 et
1133 2566 1172 2596 tn
1193 2561 1330 2596 nomine
1354 2559 1488 2595 Christi
1510 2559 1668 2604 signatus

184 2620 222 2642 es
245 2613 283 2643 et
304 2609 363 2643 ille
388 2608 562 2642 Christum
587 2609 746 2653 agnoscit
772 2609 939 2644 dominum
955 2610 974 2643 2
1005 2609 1096 2643 inter
1117 2608 1227 2650 tales,
1249 2607 1395 2648 aiebam,
1419 2606 1550 2652 praelio
1574 2617 1668 2640 com-

183 2654 285 2689 misso
311 2667 375 2700 pro
398 2655 524 2700 quibus
559 2654 760 2689 orabimus?
793 2656 883 2690 utris
904 2654 1104 2698 victoriam,
1122 2655 1222 2689 -utris
1245 2653 1376 2688 cladem
1399 2653 1585 2698 impetrare
1607 2663 1667 2685 co-

184 2701 339 2735 nabimur
362 2713 384 2735 a
408 2701 497 2743 deo,
531 2701 614 2735 dum
645 2701 753 2735 sacris
785 2703 996 2748 operamur?
1031 2706 1172 2736 neutros
1207 2699 1357 2736 hostium
1374 2699 1504 2732 habere
1526 2708 1667 2732 numero

183 2758 382 2791 possumus,
407 2747 566 2793 utrisque
590 2747 749 2782 adstricti
772 2744 938 2783 communi
970 2748 1114 2782 foedere
1134 2746 1324 2790 religionis.
1372 2756 1459 2790 quas
1482 2756 1545 2790 pro
1567 2743 1666 2778 vobis

181 2804 302 2837 preces
324 2792 520 2836 offerimus,
551 2794 691 2828 eaedem
714 2806 778 2839 pro
800 2794 866 2828 illis
888 2795 1025 2836 valent,
1059 2793 1330 2840 quandoquidem
1356 2792 1402 2825 ad
1431 2802 1535 2826 mlum
1556 2801 1667 2835 aeque

184 2839 282 2872 ambo
311 2839 493 2884 pertinetis
522 2839 611 2875 ovile
646 2840 794 2885 pastoris
822 2840 963 2875 Christi.
1010 2851 1101 2874 nunc
1133 2844 1247 2875 autem
1271 2837 1474 2872 benedictus
1497 2835 1665 2876 dominus,

184 2884 242 2930 qui
268 2884 431 2919 liberavit
456 2890 492 2919 te
515 2887 560 2920 ab
592 2887 749 2921 hostibus
778 2899 799 2921 a
822 2887 899 2934 lege
924 2886 1055 2922 Christi
1078 2886 1217 2928 alienis,
1241 2895 1328 2931 quos
1349 2882 1488 2917 immisit
1509 2883 1545 2916 in
1567 2886 1604 2917 te
1626 2886 1667 2916 ut

241 2937 416 2983 Georgius
447 2939 675 2983 Pachymeres
706 2941 735 2973 Ι.
1332 2935 1383 2974 16
