1884 3262
421 210 497 254 DE
527 209 804 254 MICHAELE
836 210 1208 272 PALAEOLOGO
1243 210 1294 253 L.
1325 208 1402 255 VI.
1535 207 1633 255 495

183 325 304 378 τιμῆς
328 319 462 381 ἔκείνῳ
483 320 662 366 ἐλάττων
693 324 861 380 φροντὶς
886 318 939 366 11'011
948 355 963 376 ,
999 322 1048 366 τὸ
1073 323 1118 365 δὲ
1135 318 1482 379 πατριαρχεῦοντα
1501 323 1637 366 διακε-

181 395 258 446 νῆς
285 393 538 445 ἐνοχλεῖσθαι
567 391 638 433 ἴσα
671 393 739 433 καὶ
762 395 821 450 τῷ
849 388 1024 449 θανάτῳ
1053 392 1194 434 ἐτίθει.
1261 390 1284 433 ὃ
1314 391 1366 445 δὴ
1394 393 1461 433 καὶ
1488 392 1531 434 ἔκ
1559 395 1635 434 τοῦ

182 457 484 514 προστυχόντος
512 457 812 513 ὕπονοούμενον
841 454 892 514 ἦν
921 458 1212 512 τεθυμωμένον
1246 462 1321 500 τοῦ
1351 459 1551 512 βασιλέως
1579 461 1636 509 εἷς

181 525 307 569 ἅπαν.
377 527 425 569 τὸ
443 526 519 582 γὰρ
537 529 604 569 καὶ
626 527 724 576 τοὺς
745 528 914 576 οἰκείους
940 527 1212 578 διασειέσθαι,
1248 528 1314 568 καὶ
1330 524 1390 576 οἷς
1412 526 1462 568 ι’ὶν
1486 525 1634 577 ἔκεῖνος

149 593 350 651 ὄέθᾶρρει
371 598 529 648 μᾶλλον
557 593 614 644 ὥς
632 593 736 651 παρ’
769 596 905 652 ἐκείνῳ
933 594 1232 649 τεθραμμένοις
1251 595 1316 636 καὶ
1347 591 1469 648 δόξης
1485 599 1635 648 τυχοῦ-

181 678 268 714 σιν,
300 663 462 705 ἀθετεῖν
481 663 555 716 μὲν
574 663 625 705 τὰ
646 664 879 718 συγκείμενα
901 661 995 704 οὐδ’
1023 661 1124 711 ςἷλως
1145 662 1278 714 ἐποίει,
1315 661 1362 703 τὸ
1383 663 1427 704 δὲ
1445 662 1547 717 πρὸς
1562 662 1634 705 τὸν

178 728 530 786 πατριαρχεύοντα
551 729 628 779 τὰς
646 732 778 780 αἶτίας
800 729 908 785 ἄγειν
932 728 975 787 (ἦ
995 729 1072 785 γὰρ
1095 729 1286 786 ἀναφορὰ
1307 733 1381 771 τοῦ
1401 728 1633 772 σκανδάλου

179 799 295 852 σᾳίσι
314 798 416 854 πρὸς
432 797 578 840 ἐκεῖνον
599 794 647 853 ἦν
656 831 670 850 ,
708 796 764 848 ὥς
783 797 939 854 ἔλεγον,
977 797 1172 853 ἀσφαλεῖς
1192 797 1237 840 τὸ
1262 796 1354 839 κατ’
1377 796 1500 840 αὐτὸν
1525 801 1626 840 Λα-
1648 805 1682 839 D

178 867 340 918 τίνους,
377 866 488 922 παρὰ
504 864 634 921 μόνην
650 865 725 920 τὴν
755 868 798 908 ἔν
830 869 888 924 τῷ
915 864 1111 924 συμβόλῳ
1141 862 1388 922 πρόσθεσιν,
1422 864 1631 921 κρίνοντα)

126 943 171 976 10
184 933 341 987 ἕτοιμον
367 929 417 989 ἦν
446 934 489 975 ἐκ
521 938 595 976 τοῦ
620 933 753 992 ῥᾷστα
778 935 846 976 καὶ
863 938 1107 990 προφανῶς,
1143 934 1210 975 καὶ
1233 932 1552 991 ἀμφοτέρωθεν,
1586 933 1631 976 ἴκ

177 1018 221 1043 τε
237 1001 436 1055 βασιλέως
457 1002 523 1043 καὶ
542 1005 623 1043 τῶν
646 998 906 1055 πασχόντων,
945 999 966 1043 ὃ
984 1000 1102 1055 ὄχλος
1121 1000 1233 1059 αὐτῷ
1248 1002 1493 1057 περιίστατο,
1530 1003 1631 1058 ἐκεί-

116 1102 121 1105 «
179 1086 251 1111 νου
270 1070 343 1123 μὲν
364 1067 420 1118 ὥς
441 1070 514 1123 τὴν
532 1073 614 1110 τῶν
633 1070 787 1111 οἰκείων
804 1067 1068 1118 ἀπολωλότος
1086 1067 1244 1111 εὔνοιαν
1254 1101 1268 1121 ,
1302 1073 1386 1111 τῶν
1410 1070 1455 1111 δὲ
1477 1071 1542 1111 καὶ
1565 1068 1626 1111 δι’

175 1136 302 1179 αὐτὸν
332 1134 572 1190 πασχόντων
596 1137 654 1191 μὴ
685 1136 815 1179 ἔῶντα
846 1136 900 1179 τὰ
929 1136 1186 1192 πεπραγμένα
1222 1140 1281 1195 τῷ
1301 1134 1438 1195 χρόνῳ
1469 1141 1628 1192 μᾶλλον

175 1202 481 1259 ἑποχαλᾶσθαι.
551 1208 675 1247 τοῦτο
700 1205 846 1259 ξυνέβη
873 1206 939 1246 καὶ
960 1204 1098 1254 ἄλλοις
1125 1206 1349 1256 πλείστοις,
1387 1204 1629 1259 ξυμβεβήκει

122 1280 167 1315 15
177 1273 221 1315 δὲ
233 1275 297 1314 καὶ
315 1273 613 1330 Κωνσταντίνῳ
633 1277 689 1331 τῷ
702 1272 968 1330 Ἀκροπολίτῃ
986 1274 1120 1330 καὶτῷ
1140 1270 1344 1331 Θεοδώρῳ
1359 1271 1619 1326 Μουζάλωνι,
1642 1282 1675 1316 Ε

177 1337 298 1401 (26)
330 1335 386 1383 ὧν
407 1340 478 1383 τὸν
499 1341 572 1393 μέν
597 1341 710 1396 παρὰ
739 1344 813 1383 τοῦ
842 1340 997 1396 πατρὸς
1016 1345 1089 1382 τοῦ
1107 1339 1283 1396 μεγάλου
1299 1341 1523 1396 λογοθέτου
1545 1346 1620 1384 λα-
1644 1350 1673 1385 P
1694 1351 1763 1386 338

173 1408 262 1461 βῶν
281 1407 402 1464 ἀνῆγε
421 1405 622 1450 παιδεύων
639 1410 706 1451 καὶ
726 1410 868 1452 οἰκεῖον
887 1408 1151 1453 ἀποκαθίστα
1168 1410 1208 1459 ἐς
1228 1407 1291 1452 ὅτι
1315 1406 1519 1464 μάλιστα,
1553 1409 1626 1453 τὸν

265 1504 323 1539 12.
345 1501 642 1545 ἆπολωλεκότοςῒ

174 1594 330 1640 obsequii
350 1606 415 1629 non
439 1606 566 1641 parvus
588 1594 637 1629 illi
661 1593 822 1630 constitit.
868 1606 944 1630 nam
966 1598 1146 1641 utcumque
1167 1607 1232 1630 non
1254 1595 1424 1641 probabat
1440 1594 1623 1641 imperator

172 1641 436 1675 centroversiam
459 1643 501 1675 de
524 1641 679 1685 dogmate
701 1640 849 1683 moveri,
883 1646 918 1675 et
940 1642 975 1674 in
1009 1642 1104 1686 pacis
1127 1641 1264 1685 negotio
1287 1641 1428 1675 ulterius
1449 1652 1518 1675 rem
1542 1653 1623 1686 pro—

171 1685 252 1719 vehi
274 1697 373 1731 quam
396 1691 570 1732 pactorum
592 1692 828 1720 conventorum
859 1698 932 1720 cum
955 1687 1084 1721 Latinis
1106 1688 1260 1732 praecise
1282 1687 1479 1721 tuendorum
1502 1698 1625 1721 neces-

171 1731 258 1765 sitas
278 1737 453 1776 posceret,
473 1743 599 1766 summa
620 1733 770 1777 perstitit
791 1734 980 1766 constantia
1000 1733 1035 1767 in
1059 1734 1265 1777 protegendo
1288 1734 1399 1768 Vecco
1412 1757 1423 1773 ,
1447 1744 1562 1778 quem,
1583 1738 1623 1767 ut

171 1776 266 1818 dixi,
288 1778 444 1822 publicae
466 1779 589 1822 passim
612 1777 770 1822 querelae
791 1779 1013 1811 traducebant
1044 1778 1140 1823 quasi
1157 1781 1290 1813 sontem
1314 1784 1417 1822 atque
1449 1783 1622 1812 auctorem

169 1823 459 1900 perturbationum
483 1823 730 1868 praesentium,
760 1822 889 1857 idcirco
916 1824 1005 1868 quod
1037 1824 1125 1857 haud
1157 1828 1331 1858 contentus
1361 1827 1542 1869 utcumque
1563 1830 1622 1857 to-

184 1867 275 1900 erari
294 1869 514 1913 usurparique
530 1869 751 1910 concordiam,
775 1868 994 1902 contenderet
1018 1869 1155 1914 insuper
1177 1869 1409 1903 demonstrare
1431 1875 1524 1902 recte
1539 1880 1620 1903 sen-

171 1912 239 1946 tire
261 1913 399 1947 Latinos
429 1914 465 1948 in
497 1914 652 1958 dogmate
684 1915 727 1947 de
759 1914 971 1958 processione
1001 1915 1118 1948 Sancti
1140 1915 1310 1959 Spiritus,
1343 1926 1384 1948 ac
1405 1914 1463 1949 vix
1486 1915 1620 1959 culpam

171 1969 286 1992 eorum
309 1958 415 1993 levem
449 1966 647 2003 agnosceret
669 1960 844 1993 dumtaxat
874 1961 907 1994 in
939 1960 1111 1994 additione
1135 1963 1178 1994 ad
1201 1960 1383 2004 symbolum
1406 1961 1620 1997 attentanda.

169 2003 255 2037 haec
282 2004 523 2038 incredibiliter
555 2005 744 2039 efferabant
772 2005 1004 2050 plerorumque
1036 2006 1174 2040 animos.
1230 2006 1408 2051 opinioque
1437 2006 1617 2040 multorum

170 2059 237 2082 non
258 2049 478 2084 inverisimilis
500 2050 584 2092 fuit,
616 2051 646 2084 si
678 2052 721 2084 ab
757 2051 807 2084 his
839 2051 968 2085 Veccus
998 2054 1242 2095 temperasset,
1280 2053 1426 2085 futurum
1450 2051 1555 2084 fuisse
1576 2054 1616 2084 ut

169 2093 292 2128 sensim
314 2096 428 2129 fervor
450 2097 636 2130 schismatis
659 2103 914 2130 consenesceret
945 2101 980 2130 et
1002 2102 1122 2130 cuncta
1144 2100 1293 2141 tempore
1322 2096 1366 2130 ad
1389 2096 1619 2140 tranquillita-

170 2141 239 2172 tem
262 2147 544 2183 componerentur.
591 2153 664 2175 cum
688 2142 789 2185 igitur
811 2153 853 2176 ex
883 2142 936 2176 his
958 2143 1058 2175 fieret
1078 2148 1117 2175 ut
1139 2142 1287 2187 quotidie
1317 2142 1517 2175 fervidiores
1538 2141 1616 2186 qni-

170 2184 248 2217 dam
280 2185 352 2219 zelo
374 2186 560 2221 inconsulto
592 2190 848 2232 prorumperent
877 2188 919 2221 ad
950 2188 1134 2232 negandam
1163 2186 1359 2232 imperatori
1388 2186 1616 2220 obedientiam

169 2229 204 2262 in
226 2229 271 2263 iis
294 2241 382 2275 quae
405 2232 450 2265 ad
480 2233 723 2266 observandam
746 2244 863 2277 pacem
894 2233 990 2266 iuxta
1016 2239 1117 2279 pacta
1140 2232 1413 2276 praescribebat,
1445 2232 1614 2277 iidemque

169 2274 396 2319 patriarcham
418 2278 598 2321 transfugii
620 2278 662 2311 ad
685 2285 802 2322 partes
824 2279 1016 2312 Latinorum
1039 2278 1306 2319 criminarentur,
1327 2277 1509 2321 imperator
1532 2289 1615 2312 con-

168 2320 273 2354 temni
293 2332 332 2354 se
352 2321 579 2357 inobedientia
599 2324 805 2357 subditorum
827 2324 1008 2368 patientius
1030 2326 1198 2364 tolerans,
1223 2322 1270 2356 ita
1290 2322 1532 2357 exardescebat
1549 2335 1614 2369 pro

167 2365 364 2410 patriarcba
386 2370 425 2400 ut
445 2367 529 2401 istas
550 2368 586 2401 in
607 2380 681 2402 eum
702 2369 849 2402 iactatas
871 2370 1102 2403 accusationes
1135 2373 1243 2402 morte
1264 2368 1360 2412 peius
1383 2369 1534 2403 aversari
1556 2369 1612 2402 vi-

167 2410 317 2446 deretur.
363 2423 438 2446 cum
460 2417 571 2447 antem
600 2413 664 2447 hoc
683 2414 814 2448 nomine
844 2415 1057 2448 vehementer
1077 2414 1282 2448 irasceretur
1303 2413 1430 2448 cunctis
1462 2425 1506 2449 ex
1525 2425 1615 2460 quo-

168 2467 310 2501 cumque
332 2457 450 2492 ordine
470 2469 511 2492 ac
532 2470 680 2503 genere,
701 2460 759 2504 qui
780 2459 862 2493 talia
883 2465 1146 2502 murmurarent,
1167 2463 1236 2493 tum
1260 2459 1533 2504 impotentissime
1557 2461 1611 2494 in-

167 2501 371 2546 dignabatur
393 2504 524 2548 quoties
553 2504 588 2538 id
619 2504 695 2537 illos
726 2515 830 2547 agere
850 2505 1008 2545 videbat,
1038 2505 1290 2549 quos-caritate
1311 2505 1496 2550 praecipua
1519 2517 1612 2539 com-

166 2547 287 2592 plexus
309 2549 486 2583 educasset
516 2561 539 2584 a
567 2549 705 2594 pueris,
738 2550 916 2584 extulisset
937 2550 1134 2592 bonoribus,
1155 2550 1298 2596 ideoque
1319 2551 1362 2585 ad
1385 2550 1522 2596 quidvis
1547 2551 1613 2584 sibi

167 2593 416 2638 obsequendum
438 2595 631 2639 ingentibus
652 2595 716 2628 sibi
738 2600 931 2629 auctoratos
953 2596 1127 2630 beneficiis
1144 2596 1309 2630 crederet.
1355 2608 1397 2631 ex
1416 2597 1486 2638 bis,
1510 2607 1614 2641 prae-

167 2640 224 2671 ter
247 2639 331 2674 alios
353 2640 511 2685 plurimos
533 2641 756 2675 stomachatus
778 2641 811 2673 in
838 2642 982 2675 Veccum
1005 2653 1070 2675 non
1093 2642 1248 2685 impune,
1271 2642 1337 2676 duo
1361 2653 1443 2686 prae
1465 2641 1612 2675 caeteris

167 2683 328 2726 fuerunt,
360 2686 600 2720 Constantinus
629 2686 824 2731 Acropolita
847 2692 883 2720 et
914 2686 1112 2721 Theodorus
1141 2688 1297 2729 Muzalo,
1327 2698 1486 2733 quorum,
1510 2698 1613 2730 prae-

166 2729 284 2763 sertim
305 2730 513 2776 Muzalonis,
538 2743 636 2766 casus
658 2732 714 2766 bic
736 2732 911 2766 memorari
931 2743 995 2766 non
1018 2733 1079 2767 abs
1096 2744 1135 2767 re
1151 2734 1267 2778 opinor
1281 2734 1395 2767 fuerit.
1440 2733 1521 2776 (26)
1549 2733 1611 2765 bo-

167 2783 242 2807 rum
262 2775 353 2809 illum
376 2777 563 2823 quidem-a
586 2782 685 2823 patre
714 2789 834 2822 magno
864 2778 1038 2822 logotheta
1068 2785 1243 2824 acceptum
1276 2779 1438 2812 educarat
1459 2777 1549 2822 apud
1571 2789 1610 2812 se

165 2817 408 2869 informarique
436 2822 574 2870 optimis
605 2823 740 2859 artibus
761 2827 899 2859 curarat
915 2823 1124 2871 imperator,
1152 2825 1285 2882 sibique
1313 2823 1383 2859 iam
1410 2822 1527 2858 intime
1547 2823 1611 2858 ad-
