1884 3262
235 183 332 228 352
653 170 889 224 GEORGII
922 180 1272 228 PACHYMERIS

232 293 396 351 νῦμφην
427 289 618 335 δεικνύειν
650 293 818 349 πενιχρὰ
844 297 1059 350 φοροῦσαν
1090 295 1157 337 καὶ
1188 297 1365 357 ταλασίᾳ
1395 297 1693 355 προσέχουσαν,

234 365 300 407 καὶ
329 359 500 405 “office”
523 360 647 416 λέγειν
665 364 767 418 χειρὶ
790 361 1000 405 δεικνύντα
1032 367 1153 413 ’(ταΐς
1172 360 1351 420 νύμφαις
1376 364 1490 421 ἡμεῖς
1511 384 1694 424 προσφε-

182 438 212 471 Β
236 428 442 486 ρόμεθα.”
508 424 615 484 ἦσαν
636 431 687 486 δὴ
708 432 774 473 καὶ
796 431 848 474 τὰ
871 431 968 474 κατ’
994 431 1145 481 αὐτοὺς
1163 432 1210 475 τὸ
1231 431 1426 489 παράπαν
1454 433 1545 478 λιτά
1564 453 1606 479 τε
1628 439 1694 478 καὶ

233 500 373 552 εὐτελῆ
387 531 400 550 ,
438 495 493 548 ὥς
514 498 667 553 ἀποζῆν
695 497 847 554 θήραις
873 502 939 542 καὶ
971 499 1230 550 κλέπτοντας.
1299 499 1355 551 ὥς
1381 507 1479 558 γοῦν
1496 501 1695 560 ὑπέστρε-

234 585 314 624 φον
334 567 373 609 οἱ
395 566 651 623 πεμφθέντες
668 570 734 610 καὶ
756 567 934 624 ἀκριβῶς
953 567 1126 623 ἐδήλουν
1142 573 1200 627 τῷ
1223 567 1456 628 πατριάρχῃ
1477 570 1504 614 ἅ
1522 589 1564 615 τε
1589 570 1693 616 εἶδον
1707 581 1728 617 5

234 637 300 679 καὶ
329 635 356 678 ἃ
388 634 568 690 ἤκουσαν
583 668 596 688 ,
633 635 858 679 ἔπε’κλασάν
878 653 919 680 τε
942 644 1026 687 τοῖς
1046 639 1135 694 περὶ
1168 639 1316 681 ἐκεῖνον
1346 639 1421 693 τὴν
1441 642 1695 696 προθυμίαν,

233 706 299 747 καὶ
319 706 408 759 περὶ
430 702 590 754 ἑαυτοῖς
619 703 864 762 ὠρρώδουν,
894 706 951 761 μὴ
974 707 1040 748 καὶ
1058 707 1101 748 ἐκ
1132 710 1206 749 τοῦ
1236 712 1489 764 παραχρῆμα
1517 700 1696 765 ε’νὲδραις

229 777 426 828 χαλεπαῖς
452 772 722 830 περιπέσοιεν·
767 773 814 817 οὗ
848 776 926 831 γὰρ
960 772 1066 829 εἶχον
1089 772 1287 818 πιστεύειν
1319 775 1492 832 ἀνδράσι
1521 776 1579 832 μὴ
1609 778 1696 821 ἔπι-

233 841 523 898 στρεφομὲνοις
554 840 750 898 αἰσχύνης
784 845 850 885 καὶ
868 843 1076 897 μέμψεως.
1145 844 1244 893 τέως
1262 842 1388 901 ᾔεσαν
1409 846 1466 895 εἰς
1487 845 1534 889 τὸ
1552 843 1695 900 πρόσω

184 922 215 957 c
237 915 387 959 νωθεΐς
402 912 505 960 τινὲς
521 910 596 965 τὴν
617 912 783 966 πορείαν
805 913 870 954 καὶ
890 918 975 961 τοῖς
994 910 1103 961 ὅλοις
1124 910 1319 962 ὖπόπτως
1337 912 1508 968 ἔχοντες.
1578 911 1632 965 ὥς
1651 914 1695 956 δὲ
1709 923 1752 956 10

231 978 458 1033 κατέλαβον
478 979 552 1034 τὴν
567 979 734 1034 Ἀχρίδα
746 1013 759 1032 ,
785 980 859 1034 τὴν
876 981 951 1034 μὲν
966 981 1162 1034 βασιλίδα
1192 983 1259 1023 καὶ
1293 981 1341 1024 τὸ
1364 983 1453 1037 περὶ
1484 981 1614 1039 αὐτὴν
1633 984 1695 1025 οῗ-

232 1047 387 1091 κετικὸν
409 1049 475 1089 καὶ
500 1046 598 1090 ὅσον
615 1050 670 1098 εἷς
689 1049 913 1103 θεραπείαν
944 1047 1074 1090 αὐτοῦ
1102 1065 1181 1090 που
1210 1049 1534 1093 διαναπαύουσιν
1546 1083 1560 1104 ,
1594 1051 1695 1094 ἐκεῖ·

230 1133 294 1159 νοι
312 1116 356 1158 δὲ
374 1115 647 1171 προαγγέλους
669 1116 770 1173 πρὸς
795 1116 968 1172 Οὕρεσιν
995 1116 1220 1169 πέμποντες
1250 1119 1317 1159 καὶ
1345 1117 1462 1160 αὐτοὶ
1493 1119 1695 1172 σχολαίως

231 1190 318 1234 τοῖς
338 1182 480 1237 πρόσω
511 1185 796 1239 προσέβαινον.
864 1189 915 1241 τῇ
942 1182 1119 1242 Πολόγῳ
1150 1186 1195 1226 δὲ
1226 1183 1606 1241 παραγγειλάντων,
1643 1186 1694 1241 ἣν

232 1252 283 1307 δὴ
303 1251 431 1301 ἄλσος
458 1256 560 1294 θεοῦ
599 1253 738 1295 ε’κεῒνοι
767 1252 871 1294 κατὰ
896 1257 1087 1308 γλῶσσαν
1111 1252 1255 1295 εἴποιεν
1267 1285 1281 1305 ,
1318 1256 1385 1296 καὶ
1406 1253 1486 1309 ἤδη
1507 1256 1573 1296 καὶ
1592 1255 1694 1311 πρὸς
1707 1261 1750 1295 15

230 1322 457 1363 Λιπαίνιον
480 1318 625 1362 ἰόντων
637 1353 651 1372 ,
691 1321 887 1373 πέμπεται
905 1321 979 1374 μὲν
1005 1319 1185 1375 πρέσβυς
1202 1321 1356 1364 ἐκεῖθεν
1375 1320 1395 1364 ὅ
1423 1324 1489 1364 καὶ
1506 1320 1694 1377 μεσάζων

180 1403 212 1438 Ῑ)
235 1389 415 1440 ἐκείνων,
453 1391 494 1430 Γ
491 1385 656 1444 εώργιος
689 1387 900 1440 τοῦνομα,
947 1382 981 1446 ᾧ
1013 1388 1063 1442 δὴ
1091 1390 1159 1432 καὶ
1187 1386 1308 1443 λόχος
1328 1389 1490 1445 ἀνδρῶν
1512 1389 1694 1446 ἐνεδρεύ-

233 1473 309 1507 σας
327 1457 613 1512 προσεζημίου.
683 1456 758 1506 τὰς
782 1455 824 1499 δ’
856 1456 1022 1513 ἐνέδρας
1054 1459 1120 1498 καὶ
1147 1454 1289 1513 πρώην
1318 1457 1358 1500 οἱ
1395 1459 1485 1513 περὶ
1512 1457 1584 1501 τὸν
1612 1475 1695 1501 πα-

231 1522 428 1583 τριάρχην
447 1523 663 1576 ἀκούοντες
684 1526 874 1569 ἕδειλίων.
945 1522 1037 1568 τότε
1057 1525 1103 1568 δὲ
1120 1527 1188 1568 καὶ
1206 1525 1387 1583 ἀκριβῶς
1404 1527 1445 1576 ἐς
1466 1524 1598 1584 φόβον
1619 1527 1695 1581 μέ-

323 1679 356 1713 6.
381 1675 590 1715 ἇπέκλασᾶν
610 1680 649 1714 Ρ.

233 1815 319 1850 haec
341 1815 482 1860 loquens
505 1814 603 1849 simul
625 1826 744 1849 nurum
768 1813 965 1850 ostenderet
987 1815 1188 1860 paupertino
1218 1814 1388 1850 sordidam
1419 1815 1545 1850 vestitu
1578 1826 1621 1850 ac
1641 1815 1694 1850 la-

234 1861 349 1896 nificio
372 1861 558 1901 intentam,
580 1871 714 1905 unaque
738 1872 836 1894 manu
861 1872 933 1894 eam
956 1860 1109 1895 indicans
1131 1861 1315 1896 subiiceret
1337 1864 1411 1894 “en
1434 1861 1496 1895 tali
1517 1871 1578 1895 nos
1601 1861 1693 1895 cultu

233 1918 339 1941 nurus
363 1906 591 1941 consuevimus
618 1907 780 1942 habere.''
828 1917 930 1951 porro
954 1906 989 1939 in
1021 1910 1158 1941 caetero
1188 1907 1280 1941 circa
1302 1908 1426 1940 cralem
1451 1911 1618 1952 apparatu
1640 1907 1694 1941 ni-

232 1953 282 1988 hil
315 1952 378 1987 nisi
408 1952 550 1996 vulgare
583 1952 770 1987 obsoletum
802 1962 844 1985 ac
874 1951 975 1996 plane
1013 1951 1180 1996 plebeium
1210 1953 1409 1997 apparebat.
1464 1952 1555 1986 nulla
1583 1951 1694 1987 victus

233 1999 437 2033 munditiesz
457 2011 476 2032 e
499 2002 624 2032 venatu
647 1997 765 2032 illauto
779 2023 788 2038 ‚
812 2009 853 2032 ac
875 1996 1021 2033 tumultu
1048 2009 1132 2032 sane
1154 1997 1355 2039 venatorio,
1384 1997 1475 2032 nulla
1497 1997 1612 2042 specie
1634 2004 1695 2032 aut

235 2045 354 2079 ordine
378 2043 575 2087 ministerii,
597 2044 688 2078 nulla
711 2054 897 2077 mensarum
922 2043 1111 2087 elegantia,
1145 2044 1267 2089 raptim
1292 2043 1361 2077 cibi
1387 2044 1608 2078 vorabantur.
1653 2050 1695 2077 ut

235 2102 318 2135 ergo
341 2091 427 2125 haec
450 2089 514 2125 sihi
536 2089 713 2136 explorata
734 2090 792 2134 qui
816 2088 908 2124 missi
930 2090 1066 2123 fuerant
1087 2089 1217 2123 reversi
1249 2089 1291 2123 ad
1316 2089 1544 2134 patriarcham
1565 2089 1695 2124 retule-

234 2142 334 2178 runt,
366 2143 474 2181 utque
505 2135 698 2169 distinctius
729 2139 911 2169 narrarunt
945 2146 1033 2179 quae
1066 2135 1267 2174 audierant,
1293 2136 1538 2169 conturbarunt
1565 2146 1607 2169 ea
1627 2147 1719 2169 non-

234 2193 355 2237 parum
377 2182 569 2216 comitatum
593 2181 804 2224 universum,
836 2180 1112 2226 infregeruntque
1147 2181 1280 2214 cunctis
1303 2180 1451 2223 animos,
1482 2180 1695 2215 solicitudine

235 2228 362 2262 iniecta
384 2239 427 2262 ne
457 2227 587 2261 insidiis
616 2226 750 2272 excepti
781 2227 1029 2272 spoliarentur:
1065 2226 1144 2271 quid
1173 2227 1260 2260 enim
1293 2231 1515 2271 expectarent
1537 2226 1649 2260 mitius
1672 2238 1694 2262 a

237 2273 392 2308 barbaris
414 2274 499 2307 adeo
522 2273 682 2315 incultis,
705 2283 791 2318 quos
813 2273 921 2307 nullus
945 2284 1016 2306 mos
1039 2277 1099 2306 aut
1129 2273 1238 2318 pudor
1252 2297 1262 2315 ,
1293 2273 1402 2307 nullus
1431 2276 1616 2317 respectus.
1631 2273 1695 2306 lm-

237 2320 410 2353 nianitatis
448 2322 508 2354 aut
535 2318 638 2352 officii
669 2319 873 2353 verecundia
906 2324 1107 2352 revocatura
1133 2319 1328 2352 viderentur
1348 2319 1403 2352 ‘ab
1426 2318 1579 2352 audendo
1602 2318 1693 2363 quod

237 2364 361 2398 liberet
384 2365 554 2409 cumque?
581 2365 698 2399 tristes
731 2364 837 2408 igitur
867 2364 961 2399 hisce
984 2364 1074 2398 curis
1097 2375 1286 2409 segnesque
1314 2364 1544 2409 procedebant
1559 2389 1571 2405 ,
1593 2363 1694 2399 anxia

236 2409 410 2444 constricti
432 2409 607 2444 formidine
631 2410 854 2455 periculorum
875 2410 909 2444 in
933 2415 1118 2451 momenta,
1142 2415 1181 2444 ut
1201 2411 1382 2455 putabant,
1409 2409 1542 2454 singula
1562 2408 1693 2462 impen-

237 2455 399 2490 dentium.
445 2456 480 2489 in
504 2455 557 2489 his
581 2456 824 2501 suspicionibus
848 2468 922 2490 cum
945 2456 1123 2490 Achridam
1145 2456 1359 2494 devenissent
1373 2480 1383 2497 ‚
1414 2458 1543 2500 regiam
1565 2454 1614 2487 ibi
1635 2465 1693 2488 re-

237 2501 410 2547 liquerunt
431 2500 593 2545 virginem
618 2513 691 2535 cum
713 2502 870 2536 familiari
891 2501 1093 2536 ministerio:
1121 2501 1187 2547 ipsi
1211 2507 1332 2547 coepto
1355 2500 1480 2535 itinere
1501 2500 1591 2534 lente
1613 2510 1693 2544 per-

238 2550 379 2592 gentes,
409 2546 632 2591 praemittunt
657 2547 792 2581 nuntios
825 2547 868 2581 ad
902 2547 1057 2590 Uresim,
1091 2548 1148 2593 qui
1177 2546 1337 2581 docerent
1367 2545 1632 2592 praestolaturos
1654 2556 1692 2579 se

239 2593 398 2628 mandata
421 2591 493 2626 eius
516 2597 550 2625 et
571 2603 731 2627 occursus
753 2594 796 2627 ab
820 2606 860 2628 eo
883 2593 1053 2628 missorum
1076 2593 1167 2638 apud
1189 2593 1362 2637 Pologum.
1410 2595 1463 2625 est
1482 2590 1518 2624 id
1540 2590 1605 2624 loci
1629 2601 1693 2624 no-

238 2650 315 2673 rnen
346 2637 459 2683 patria
490 2638 674 2671 Serborum
704 2638 819 2683 lingua
848 2651 991 2682 sonans,
1028 2643 1066 2674 ut
1089 2639 1204 2682 aiunt,
1229 2649 1345 2672 nemus
1367 2636 1435 2671 dei.
1481 2647 1522 2670 ea
1545 2647 1607 2681 spe
1630 2635 1692 2670 Li-

238 2684 396 2730 paenium
415 2682 708 2729 progredientibus
729 2685 877 2719 occurrit
900 2697 920 2719 a
943 2685 1035 2720 crale
1056 2685 1206 2729 legatio,
1237 2684 1330 2718 cuius
1351 2687 1427 2717 erat
1449 2685 1552 2727 caput
1576 2682 1691 2716 Geor—

240 2729 316 2774 gius
339 2729 472 2776 quidam
487 2755 497 2771 ‚
529 2729 729 2773 magistratu
750 2729 819 2763 illic
838 2730 938 2764 simili
959 2730 1133 2775 praeditus
1156 2730 1228 2765 eius
1259 2729 1318 2775 qui
1338 2738 1494 2762 mesazou
1517 2727 1606 2772 apud
1629 2738 1694 2762 nos

240 2775 374 2811 dicitur.
422 2775 500 2809 huic
523 2786 566 2809 ex
587 2774 715 2809 insidiis
737 2775 912 2810 latrocinio
941 2776 1070 2811 illatum
1092 2777 1247 2811 damnum
1281 2777 1316 2809 et
1338 2777 1416 2808 aute
1447 2773 1553 2807 nostri
1576 2773 1694 2808 audie-
1749 2773 1755 2776 “

243 2826 322 2856 rant
344 2824 380 2856 et
401 2820 478 2867 ipso
501 2822 673 2857 referente
696 2826 883 2866 cognorunt
905 2822 1045 2858 certius.
1090 2826 1194 2868 atque
1225 2824 1265 2856 ut
1286 2819 1392 2867 primo
1424 2818 1476 2853 rei
1498 2818 1615 2854 auditu
1635 2830 1697 2854 co-
