1846 3262
429 215 506 258 DE
531 213 813 258 MICHAELE
844 214 1223 261 PALAEOLOGO
1257 217 1305 262 L.
1339 215 1414 263 111.
1552 216 1654 264 219

179 324 432 383 ἀνθρώπους
447 330 539 387 περὶ
559 329 634 385 τὴν
654 326 794 384 δόσιν,
830 325 981 386 μήπως
1002 327 1151 375 λαθών
1169 348 1232 382 τις
1250 331 1425 389 μετρίως
1442 333 1527 375 τῶν
1542 348 1657 390 πρα-

177 396 348 457 γμάτων
366 398 468 454 ἔχων
491 398 634 454 λαβὼν
655 403 715 458 τῷ
733 399 810 455 μὲν
828 396 985 442 διδόντι
1003 399 1080 455 τὴν
1105 405 1182 443 τοῦ
1199 405 1337 451 κακῶς
1355 402 1580 456 οῗκονομεῖν
1601 398 1655 445 τά

181 468 222 511 οἳ
248 465 460 524 προσόντα
486 469 739 525 προστρίψοι
761 466 945 523 με’μψιν,
979 468 1056 523 τὴν
1085 470 1130 511 δὲ
1152 466 1276 527 χάριν
1305 471 1460 526 ε’κείνην
1489 469 1565 513 οὐκ
1590 470 1655 513 ἐπὶ

179 540 324 596 μισθῷ
354 536 451 579 ἀλλ’
475 537 518 580 ἓν
549 543 678 587 κενοῖς
702 536 894 594 γενέσθαι
915 535 1247 594 παρασκευάσοι,
1286 536 1341 589 ὥς
1362 540 1554 582 ἐντεῦθεν
1573 557 1659 596 μη-

144 605 280 652 ὄδένα
312 603 472 649 διδόναι
503 609 587 649 τῶν
616 603 783 649 πάντων
800 606 844 657 ἓξ
863 603 1044 662 ἀνάγκης
1075 603 1253 661 ε’χόντων
1268 624 1333 660 τι,
1367 605 1472 650 διότι
1491 609 1559 650 καὶ
1581 611 1658 652 τοῦ

178 669 222 718 εὖ
247 672 418 729 πάσχειν
446 675 552 718 κατὰ
582 675 655 718 τὸν
685 675 844 718 ἐκείνων
870 671 998 730 νόμον
1026 674 1254 732 ἀπείργοιτ’
1280 674 1332 718 ἂν
1355 675 1566 733 εὐπρεπῶς
1588 679 1657 720 καὶ
1678 680 1708 716 Ρ
1732 679 1799 718 146

178 742 313 794 οὕτως
334 741 356 787 ὃ
374 748 449 799 τῆς
461 741 722 799 μεταδόσεως
741 742 940 799 ἆσθενοίη
971 740 1121 798 νόμος,
1159 771 1213 777 -—-
1248 739 1281 787 ὦ
1313 748 1400 794 πῶς
1433 743 1568 788 ταῦτά
1593 763 1657 797 τις

177 814 245 856 καὶ
274 813 516 870 ἓξαγγείλοι,
557 814 665 856 ἰδίου
693 816 839 869 καιροῦ
865 810 1098 870 χρῄζοντα;
1139 811 1162 856 ὃ
1193 817 1293 870 γοῦν
1319 811 1522 870 δεσπότης
1549 813 1654 870 ἔχων

175 880 281 939 πρὸς
299 888 386 932 τοῖς
406 881 548 932 ἀλλοῒς
564 886 706 932 καλοῖς
723 883 792 925 καὶ
810 881 858 925 τὸ
876 879 1171 940 φιλομόναχον,
1191 883 1365 933 ἐκείνους
1383 900 1463 926 που
1484 900 1656 942 παρεισ-

121 962 167 998 10
179 948 422 1009 φρήσαντας
444 955 496 1008 τῇ
520 952 628 1011 οἲκίᾳ
652 949 709 1001 ὥς
733 950 882 1008 ἀρετῆς
909 951 1059 1009 φίλους
1083 951 1265 1007 δέχεται,
1295 951 1523 995 κάντεῦθεν
1553 949 1654 1010 σόγ-

175 1020 294 1075 χυσίς
320 1036 384 1070 τις
414 1020 478 1062 ε’πὶ
506 1019 655 1076 μικρὸν
678 1021 769 1078 περὶ
795 1019 872 1071 τὰς
897 1025 982 1063 τῶν
1007 1021 1164 1064 οῗκείων
1183 1018 1318 1071 δόσεις
1336 1022 1381 1063 ἐκ
1400 1025 1476 1076 τῆς
1495 1021 1654 1066 ἐκείνων

176 1089 446 1139 διδασκαλίας
467 1085 751 1144 ἐπηκολούθει.
822 1090 892 1133 καὶ
910 1089 964 1132 τὰ
979 1090 1056 1144 μὲν
1075 1089 1182 1133 κατὰ
1202 1089 1275 1133 τόν
1292 1087 1496 1146 δεσπότην
1514 1089 1624 1134 οὕτω
1633 1104 1649 1115 ’·

174 1155 307 1210 ἔνέαζε
335 1156 415 1215 γὰρ
445 1164 537 1208 ταῖς
563 1158 841 1215 προθυμίαις,
885 1159 954 1201 καὶ
983 1159 1112 1215 δῆλος
1139 1155 1191 1214 ἦν
1219 1158 1297 1214 τὴν
1324 1162 1400 1214 τῆς
1424 1157 1653 1214 Ῥωμα“ι’·δος

175 1223 377 1269 σύστασιν
406 1228 499 1284 περὶ
530 1228 722 1270 πλείστου
751 1224 1008 1282 ποιούμενος.
1077 1224 1170 1271 τότε
1190 1230 1329 1271 τοίνυν
1347 1232 1430 1272 τῶν
1446 1229 1552 1272 κατὰ
1573 1229 1650 1285 τὴν
1672 1232 1704 1266 Β

122 1294 231 1343 15ἵω
250 1292 505 1352 πραγμάτων
526 1300 663 1346 κακῶς
679 1293 856 1351 ἐχόντων
878 1296 956 1339 σὺν
977 1299 1117 1356 πολλῷ
1136 1301 1196 1356 τῷ
1215 1295 1327 1352 τάχει
1346 1303 1432 1347 τοῖς
1455 1297 1563 1341 κατὰ
1580 1298 1656 1342 τὸν

174 1365 430 1421 Μαίανδρον
448 1362 590 1414 τόποις
607 1365 886 1422 ἓπεχωρίαζεν.
921 1365 980 1408 ἔτι
1003 1366 1048 1408 δὲ
1067 1367 1134 1409 καὶ
1153 1372 1387 1424 περιφανεῖς
1405 1365 1503 1409 κατ’
1526 1368 1652 1410 ἐκεῖνο

175 1434 244 1476 καὶ
262 1432 436 1490 μεγάλαι
454 1435 579 1488 μοναὶ
597 1432 680 1477 ὑπὸ
699 1438 841 1492 σκοπῷ
857 1435 926 1476 καὶ
944 1431 1098 1491 φύλακι
1117 1439 1175 1493 τῷ
1195 1432 1374 1492 δεσπότῃ
1392 1436 1654 1481 συνίσταντο.

175 1503 245 1545 καὶ
280 1501 332 1559 δὴ
369 1501 396 1545 ἃ
425 1503 502 1558 μὲν
530 1502 570 1547 οἶ
587 1502 751 1562 Πέρσαι
771 1500 1160 1562 προκαταλαβόντες
1178 1504 1377 1561 κατέσχον
1394 1520 1654 1564 συνεκχωρη-

175 1645 219 1670 ne
241 1636 334 1670 forte
356 1634 433 1682 quis
456 1636 562 1681 clam,
584 1637 710 1684 alioqui
737 1637 869 1672 habens
891 1636 981 1684 quod
1005 1636 1092 1672 satis
1114 1636 1182 1683 ipsi
1204 1635 1270 1678 sit,
1294 1639 1331 1672 et
1352 1637 1474 1672 callide
1496 1638 1654 1673 simulata

175 1685 353 1726 egestate,
389 1684 536 1728 pecunia
558 1695 742 1728 emungens
764 1696 885 1729 pamm
909 1689 1045 1718 cautum
1069 1683 1340 1727 misericordem,
1366 1684 1478 1719 labem
1503 1685 1552 1718 illi
1576 1685 1655 1718 alli-

173 1733 238 1762 nat
259 1728 400 1763 multum
422 1729 536 1764 facilis
559 1733 596 1764 et
617 1741 680 1764 sua
702 1730 893 1764 inconsulte
917 1729 1158 1775 dilapidantis3
1181 1734 1434 1775 praetereaque
1447 1730 1539 1766 illum
1555 1732 1655 1765 frau-

173 1774 237 1808 det
265 1775 396 1809 trustra
428 1778 570 1820 sperata
599 1776 757 1810 mercede
788 1776 870 1810 talis
901 1777 1037 1822 operis,
1074 1775 1201 1822 quippe
1224 1775 1316 1821 quod
1338 1787 1405 1811 non
1428 1776 1496 1811 iam
1518 1776 1588 1822 ipsi
1609 1775 1655 1811 ad

174 1819 363 1865 praemium
398 1820 631 1867 imputandum
664 1822 727 1857 sed
758 1822 853 1856 inter
884 1834 977 1857 vana
1010 1829 1047 1857 et
1079 1822 1191 1856 otiosa
1224 1823 1467 1856 numerandum
1504 1823 1561 1860 sit.
1610 1833 1654 1857 ex

173 1865 367 1901 huiusmodi
399 1867 559 1902 doctrina
592 1869 726 1902 credita
757 1874 969 1914 receptaque
1008 1868 1202 1903 necessario
1242 1869 1454 1914 sequebatur
1486 1872 1526 1902 ut
1556 1879 1654 1903 nemo

173 1911 307 1958 aliquid
329 1913 524 1948 habentium
558 1914 744 1960 quidquam
766 1914 870 1950 alteri
892 1914 1059 1958 donaret,
1093 1914 1211 1960 sicque
1232 1915 1339 1949 omnis
1362 1926 1405 1949 ex
1429 1914 1655 1960 eleemosynis

172 1962 384 2005 proventus,
420 1971 488 2005 quo
511 1971 591 2006 spes
614 1961 773 2007 ratioque
800 1960 914 1995 victus
936 1973 978 1996 ac
1000 1964 1113 1995 status
1134 1961 1373 2007 plerorumque
1396 1961 1545 1995 tenuium
1567 1973 1652 1995 con-

172 2004 324 2047 tinetur,
355 2005 421 2039 hac
450 2005 592 2041 istorum
625 2018 736 2052 prava
764 2006 945 2055 disciplina
970 2007 1125 2041 funditus
1152 2007 1439 2041 exterminaretur
1461 2018 1483 2041 e
1506 2019 1653 2042 consue-

172 2050 293 2084 tudine
322 2062 456 2097 usuque
487 2053 675 2095 hominum,
704 2054 762 2087 illo
793 2053 970 2099 plausibili
1000 2058 1184 2099 praetextu
1214 2053 1406 2100 inquirendi
1437 2053 1539 2087 anxie
1569 2058 1652 2088 ante

175 2096 389 2141 largitionem
413 2109 540 2133 verene
562 2111 606 2134 an
628 2099 786 2134 simulate
817 2104 960 2145 egerent
982 2099 1042 2146 qui
1065 2100 1252 2145 petebant,
1288 2100 1414 2134 nullum
1437 2099 1504 2133 iam
1527 2110 1655 2144 eroga-

173 2141 262 2177 tioni
284 2143 460 2179 beneficae
482 2144 591 2180 locum
613 2146 846 2192 relinquente3
869 2149 974 2192 atque
997 2146 1083 2180 adeo
1107 2146 1172 2180 hae
1194 2150 1318 2190 arguta
1341 2144 1555 2180 cavillatione
1575 2150 1653 2180 tota

174 2189 232 2222 lex
263 2188 553 2234 eleemosynarum
585 2193 825 2237 abrogaretur.
871 2203 891 2226 ο
923 2192 1002 2238 quis
1034 2191 1135 2226 huius
1166 2192 1347 2238 perniciem
1369 2191 1540 2235 dogmatis
1565 2191 1654 2227 satis

175 2233 342 2279 explicet!
373 2237 417 2270 ad
443 2238 534 2283 quod
557 2238 676 2284 utique
699 2238 837 2285 proprio
861 2237 936 2272 eius
959 2237 1150 2283 argumenti
1174 2237 1416 2272 commentario
1439 2241 1531 2272 esset
1552 2249 1653 2284 opus.

173 2280 283 2325 igitur
305 2281 472 2326 despota,
495 2283 549 2317 cui
570 2284 689 2318 laudes
710 2284 803 2319 inter
825 2287 982 2319 caeteras
1003 2285 1117 2319 inerat
1138 2295 1233 2318 amor
1254 2284 1380 2318 multus
1403 2284 1652 2330 veneratioque

174 2327 434 2370 monachorum,
469 2329 636 2374 quosdam
657 2342 678 2365 e
699 2329 776 2365 Nili
798 2330 955 2365 sectariis
987 2342 1061 2365 eam
1090 2329 1196 2364 vitam
1220 2330 1424 2375 profitentes
1446 2334 1483 2364 et
1505 2341 1544 2364 se
1565 2330 1654 2365 insi-

174 2377 322 2408 nuantes
351 2373 387 2407 in
422 2373 496 2408 eius
526 2375 664 2410 domum
695 2376 798 2411 facile
826 2376 863 2410 in
891 2376 1168 2411 consuetudinem
1196 2376 1351 2422 recepit,
1383 2375 1476 2410 viros
1498 2377 1606 2411 bonos
1630 2389 1652 2411 e

174 2423 274 2454 veste
308 2419 519 2456 existimans.
563 2422 670 2456 uude.
687 2422 833 2467 contigit
854 2423 955 2466 longe
976 2423 1137 2467 deinceps
1157 2433 1298 2456 manare
1325 2421 1484 2468 parcius,
1520 2434 1652 2469 pravae

176 2464 279 2500 istius
311 2466 490 2500 doctrinae
516 2468 662 2513 quodam
690 2468 790 2503 obice
821 2469 1048 2515 prohibitum,
1087 2469 1215 2502 fontem
1246 2469 1493 2503 beneficentiae
1525 2479 1652 2514 greges

174 2510 314 2557 inopum
337 2523 380 2546 ex
403 2512 461 2546 illo
483 2513 624 2548 haurire
646 2515 820 2549 solitorum
842 2519 945 2549 antea
966 2519 1039 2549 tam
1061 2514 1206 2559 benigue
1223 2514 1431 2560 irrigantem.
1479 2515 1560 2550 talis
1574 2519 1652 2550 erat

174 2556 343 2603 despotae
363 2558 496 2593 indoles
517 2559 678 2606 vitaeque
693 2560 819 2603 ¹ratio,
851 2561 918 2596 viri
940 2561 1058 2605 utique
1081 2561 1126 2595 ad
1147 2572 1246 2595 omne
1268 2562 1373 2596 decus
1395 2561 1500 2595 alacri
1522 2561 1652 2608 impetu

175 2604 324 2646 ruentis,
354 2604 515 2651 natique,
548 2610 588 2640 ut
610 2607 823 2652 apparebat,
846 2618 888 2641 ac
910 2607 1070 2642 divinitus
1091 2606 1178 2641 facti
1199 2607 1243 2641 ad
1265 2607 1508 2642 restituendam
1530 2608 1567 2642 in
1590 2607 1654 2641 de·-

176 2660 239 2683 cus
259 2650 436 2695 pristinum
459 2651 647 2686 Romanam
668 2663 751 2687 rem.
790 2657 875 2687 tunc
897 2664 981 2698 ergo
1002 2653 1106 2688 rebus
1128 2653 1316 2688 Orientalis
1338 2653 1456 2687 limitis
1478 2654 1565 2688 male
1587 2653 1651 2686 ha·

174 2694 359 2739 bentibus,
390 2708 519 2732 summa
551 2698 582 2733 is
613 2698 789 2734 celeritate
810 2698 847 2733 in
869 2699 1028 2744 regiones
1049 2699 1238 2735 Maeandro
1269 2699 1485 2734 circumsitas
1507 2711 1546 2733 se
1568 2710 1652 2733 eon-

176 2741 277 2783 tulit,
310 2743 455 2778 maximo
487 2743 580 2778 inter
613 2748 754 2780 caetera
774 2746 864 2779 bono
886 2745 1010 2780 dudum
1042 2751 1275 2781 extructorum
1299 2746 1335 2780 in
1357 2745 1424 2779 illis
1446 2745 1552 2780 terris
1574 2756 1652 2780 ma-

176 2797 319 2831 gnorum
349 2794 455 2835 atque
483 2789 664 2825 illustrium
695 2791 993 2833 monasteriorum,
1038 2804 1127 2839 quae
1166 2791 1387 2838 providentia
1427 2791 1650 2836 custodiaque

176 2832 287 2878 ipsius
308 2845 331 2869 a
353 2835 451 2870 clade
471 2836 640 2882 ruinaque
661 2837 781 2872 ultima
804 2840 942 2873 servata
963 2841 1055 2873 sunt.
1100 2839 1221 2873 horum
1243 2837 1410 2884 quaedam
1432 2838 1500 2872 iam
1521 2837 1655 2872 Persae

177 2885 427 2928 praeoccupata
457 2881 678 2925 detinebant,
712 2883 886 2931 plerisque
908 2883 1044 2931 oppidis
1067 2895 1109 2921 ae
1131 2884 1230 2930 pagis
1255 2884 1292 2918 in
1315 2895 1357 2919 ea
1380 2883 1504 2920 vicinia
1525 2883 1650 2930 positi}
