1884 3262
260 230 356 276 628
656 224 970 268 OBSERVAT.
1004 223 1316 268 PACHYMER.

255 335 481 387 Acropolita
503 334 747 372 Comnenum
763 337 903 383 vocat,
934 331 1086 371 dedisse
1105 344 1272 371 uxorem
1299 331 1431 371 fratris
1448 333 1507 372 sui
1532 332 1709 372 sebasto»

256 393 422 432 cratoris
451 390 587 429 Isaacii
610 391 740 428 Ducae
766 389 918 442 neptim
948 386 1199 427 Theodoram
1217 420 1228 438 ,
1275 388 1385 426 cuius
1407 395 1519 440 pater
1545 390 1709 428 loannes

253 449 389 488 Isaacii
408 447 511 486 filius
539 446 582 484 in
602 445 861 484 adolescentia
891 451 1122 497 praereptus
1141 444 1280 482 acerba
1306 450 1434 482 morte
1450 446 1604 484 unicam
1623 458 1710 484 eam

253 504 406 557 prolem
426 503 638 553 reliquerat
654 500 772 541 uxori
794 513 886 539 suae
905 500 1100 539 Eudociae
1121 500 1275 546 [oannis
1298 500 1435 551 Angeli
1459 499 1581 550 filiae,
1609 514 1710 552 quae

254 558 428 598 Eudocia
457 558 624 597 'florente
645 558 737 596 licet
763 563 890 596 aetate
917 557 1005 596 viro
1027 557 1185 605 amisso,
1214 556 1402 594 laudabili
1425 556 1616 608 religionis
1634 570 1709 595 οπερ

254 616 382 668 emplo
404 615 447 653 in
464 615 662 653 viduitate
694 614 767 652 deo
793 613 967 652 serviens
989 613 1220 665 permansit3
1248 612 1355 650 unde
1374 611 1482 650 haud
1502 625 1601 650 vane
1620 613 1709 665 opi-

252 679 373 711 natur
394 672 619 722 Acropolita
639 676 792 723 partem
809 670 969 721 praemii
996 669 1184 717 divinitus
1210 669 1352 707 tributi
1376 669 1518 707 virtuti
1539 668 1622 707 eius
1646 669 1710 708 vi-

253 728 338 767 deri
373 728 547 779 potuisse
574 734 656 765 tam
676 726 770 765 felix
791 726 1015 778 coniugium
1044 726 1144 764 filiae
1163 739 1232 777 per
1258 725 1301 763 id
1319 724 1370 762 ad
1388 725 1595 777 imperium
1614 737 1710 763 mox

252 783 488 823 evehendae.

362 853 403 881 v.
422 843 462 881 2.
499 839 643 889 magni
660 836 888 876 conestauli
905 835 1117 888 dignitate.
1157 836 1318 875 videtur
1333 836 1429 874 haec
1450 835 1615 887 dignitas
1630 835 1709 873 Mi-'

250 895 376 934 cha'eli
387 894 610 945 Palaeologo
631 894 772 932 collata
790 894 994 932 occasione
1013 893 1240 944 nuptiarum
1253 893 1370 931 modo
1389 898 1707 942 memoratarum,

251 953 300 990 ab
325 951 412 1004 ipso
430 964 564 989 earum
584 950 835 988 conciliatore
855 950 999 988 Ioanne
1019 950 1204 1000 Augusto.
1262 962 1352 986 nam
1373 948 1605 987 Theodorus
1626 947 1708 987 hu-

249 1008 310 1046 ius
336 1020 533 1051 successor
549 1006 742 1056 iniquiore
757 1006 872 1043 fuisse
897 1007 1003 1044 visus
1022 1005 1061 1042 in
1080 1005 1305 1043 Micha'eIem
1322 1016 1476 1056 semper
1498 1010 1557 1042 est
1577 1005 1707 1042 animo

250 1077 368 1116 quam
388 1069 434 1101 ut
450 1063 492 1100 in
514 1075 603 1100 eum
621 1061 844 1100 ornandum
860 1066 939 1099 tam
961 1063 1140 1113 profusus
1160 1068 1279 1110 esset,
1308 1061 1453 1111 alioqui
1472 1061 1630 1109 solitus,
1661 1059 1711 1098 ut'

250 1133 284 1157 c.
305 1132 383 1169 seq.
411 1117 667 1168 Pachymeres
686 1118 890 1166 observat,
929 1117 1136 1166 dignitates
1164 1117 1354 1154 eiusmodi
1392 1117 1563 1155 tribuere
1595 1116 1709 1154 novis

248 1176 382 1227 potius
416 1173 640 1212 hominibus
660 1186 778 1222 quam
795 1172 1037 1225 principibus
1064 1173 1157 1224 regii
1181 1173 1395 1224 sanguiniS,
1429 1185 1598 1223 quorum
1624 1178 1707 1211 erat

249 1230 502 1282 deprimendo
523 1229 729 1279 supercilio
745 1230 933 1267 intentus.
1701 1247 1703 1249 ·

110 1292 137 1326 P
160 1292 228 1328 438
363 1299 402 1324 v.
420 1285 458 1326 5.
514 1292 610 1323 vota
639 1286 722 1321 eius·
743 1286 901 1336 generi-s·
923 1291 1046 1321 mente
1065 1283 1168 1320 clam
1189 1285 1334 1321 inllma
1359 1282 1609 1321 subsidentia
1631 1288 1705 1324 etc.

249 1342 311 1380 his
331 1340 550 1392 exprimere
573 1346 737 1378 conatus
755 1354 842 1379 sum
868 1339 968 1379 illud
999 1340 1283 1379 subobscurum
1305 1340 1346 1388 ἐξ
1369 1334 1425 1379 ὧν
1450 1338 1709 1391 ὕποκαθημέέ

249 1413 332 1439 νων
352 1394 447 1448 εἶχε,
481 1396 697 1445 sententia,
727 1402 773 1434 ut
791 1396 928 1448 spero,
957 1396 1005 1433 ab
1024 1396 1196 1434 auctoris
1221 1409 1336 1433 sensu
1353 1408 1432 1433 non
1455 1394 1706 1435 abhorrente.

249 1454 318 1491 sed
336 1453 515 1503 deinceps
541 1452 643 1490 circa
673 1452 807 1490 similis
824 1452 1092 1504 perplexitatis
1119 1453 1201 1490 loca
1217 1481 1227 1500 ‚
1256 1452 1385 1502 qualia
1406 1453 1544 1503 passim
1562 1465 1706 1490 occur-

248 1515 347 1548 runt
371 1509 412 1547 in
439 1507 517 1545 hoc
534 1508 750 1560 scriptore,
778 1508 877 1547 nihil
901 1509 1086 1546 morabor
1110 1509 1296 1546 lectorem
1313 1508 1354 1546 in
1383 1507 1445 1546 his
1466 1508 1589 1557 notis;
1613 1507 1707 1558 qui—

248 1566 324 1604 bus
348 1570 507 1603 tantum
534 1564 771 1613 necessaria,
808 1564 927 1615 idque
964 1564 1209 1611 brevissime,
1255 1564 1429 1602 indicare
1460 1564 1703 1616 propositum

248 1627 321 1659 est.
379 1620 488 1671 quod
517 1633 602 1658 rem
634 1621 759 1671 ipsam
787 1621 954 1670 attinet,
995 1634 1071 1671 qua
1100 1621 1148 1658 de
1177 1620 1242 1658 hic
1275 1620 1424 1671 agitur,
1462 1627 1615 1658 certum
1645 1626 1706 1658 est

247 1676 476 1716 Michaelem
501 1676 771 1728 Palaeologum
803 1676 881 1714 iam
912 1691 935 1714 a
963 1690 1085 1728 puero
1120 1677 1324 1715 titillatum
1365 1676 1703 1728 imaginationibus

248 1732 426 1784 imperii,
458 1732 694 1771 conscientia
713 1732 900 1771 natalium
919 1732 1185 1784 Augustorum
1206 1739 1245 1770 et
1268 1734 1448 1784 praesaga
1467 1733 1707 1770 indicatione

250 1788 506 1839 auguriorum
544 1788 735 1826 excitatis.
792 1803 873 1826 non
910 1790 1027 1827 semel
1059 1789 1115 1827 illi
1140 1795 1372 1827 narraverat
1404 1803 1516 1827 soror
1543 1788 1703 1840 Eulogia

247 1845 459 1883 lactentem
484 1843 615 1881 adhuc
640 1844 767 1895 ipsum
794 1858 875 1882 non
907 1845 958 1882 ad
987 1845 1100 1882 aliam
1131 1845 1278 1884 facilius
1298 1844 1586 1882 obdormiscere
1604 1845 1706 1882 nae-'

251 1900 358 1939 niam
383 1899 564 1948 solitum,
601 1912 720 1949 quam
749 1899 801 1936 ad
823 1913 909 1937 eam
931 1914 1029 1950 quae
1048 1902 1265 1950 Augustum
1291 1900 1488 1950 quondam
1508 1901 1618 1938 illum
1637 1901 1701 1938 in-

249 1961 410 1995 vectum
431 1954 482 1992 iri
503 1955 883 2006 Constantinopolim
901 1968 972 2006 per
993 1962 1149 2006 portam
1169 1956 1336 1994 Auream
1354 1962 1521 1998 caneret.
1578 1957 1701 1994 refert

248 2012 293 2050 id
310 2017 445 2049 noster
459 2023 499 2062 p.
536 2011 616 2051 128
642 2024 681 2050 v.
711 2014 775 2052 12.
813 2025 950 2054 vocem
973 2011 1184 2050 MARPOV
1211 2012 1259 2049 de
1289 2013 1395 2050 coelo
1423 2012 1578 2050 missam
1601 2025 1699 2050 con-

249 2073 403 2105 textam
421 2079 443 2105 e
463 2079 533 2106 sex
550 2066 677 2106 literis
693 2079 792 2117 quae
809 2067 1034 2105 Michaelem
1058 2067 1274 2118 Augustum
1285 2069 1551 2107 Romanorum
1567 2068 1706 2120 Ocyus.

250 2122 484 2161 Vocandum
511 2122 789 2172 significarent,
819 2137 839 2160 a
866 2123 1193 2162 Thessalonicensi
1225 2125 1397 2162 antistite
1418 2125 1540 2162 laetus
1560 2124 1708 2162 audie-⁴

252 2185 341 2226 rat,
372 2184 419 2216 ut
435 2184 623 2216 narratur
641 2178 719 2217 hoc
737 2192 774 2231 p.
794 2181 850 2223 28.
870 2193 907 2219 v.
928 2182 954 2220 9
970 2186 1008 2218 et
1033 2183 1094 2223 17.
1153 2180 1320 2230 denique
1342 2181 1495 2229 tacitus,
1524 2181 1591 2218 scd
1607 2194 1703 2231 gra-.

251 2234 382 2271 tulans
423 2233 670 2285 gaudensque
687 2269 690 2271 .
708 2234 846 2273 intime
880 2249 993 2274 omen
1031 2242 1260 2287 captaverat
1296 2249 1345 2273 ex
1376 2242 1496 2274 cantu
1531 2237 1696 2275 fortuito

252 2289 426 2327 Chadeni
446 2290 673 2341 proximum
691 2291 726 2329 ei
741 2291 1013 2331 vaticiniorum
1029 2306 1191 2343 regnum
1208 2292 1486 2344 spondentium
1512 2298 1704 2331 eventum

253 2351 492 2396 augurante,
519 2352 641 2397 prout
656 2347 802 2386 ibidem
815 2361 855 2400 p.
877 2351 933 2391 80
951 2362 990 2387 v.
1013 2352 1063 2390 19
1080 2349 1231 2400 legitur.
1287 2349 1423 2387 iuveni
1447 2349 1613 2399 denique
1629 2363 1708 2397 so-⁴

254 2400 345 2439 lerti
371 2401 464 2438 sorti
487 2414 672 2450 generoso
694 2403 807 2447 ‚altos
831 2404 990 2449 afflabat
1013 2405 1172 2457 spiritus
1196 2405 1327 2443 Irenes
1355 2405 1463 2444 aviae
1494 2411 1695 2443 maternae

255 2456 533 2508 primogenitae
551 2457 676 2496 Alexii
690 2459 936 2511 imperatoris
952 2460 1013 2499 ius
1039 2461 1091 2498 ad
1107 2461 1311 2510 imperium
1332 2467 1494 2512 paterna
1516 2460 1704 2512 designa-i

255 2513 364 2550 tione
383 2511 425 2549 in
444 2511 578 2553 vitum
606 2514 686 2553 eius
710 2516 936 2567 prolemque
953 2517 1257 2569 propagandum.
1313 2530 1403 2555 nam
1421 2516 1534 2567 huic,
1562 2523 1609 2555 ut
1626 2528 1698 2554 re*

255 2568 335 2605 sert
354 2568 543 2618 Gregoras
561 2567 587 2605 l·
607 2572 632 2610 3
659 2583 698 2620 p.
717 2574 784 2619 32,
808 2571 1006 2623 Augustus
1031 2573 1182 2623 genitor
1212 2573 1421 2611 rubi-arum
1447 2573 1702 2624 crepidarum-

255 2636 372 2661 usum
390 2622 637 2671 decreverat,
668 2627 774 2674 quod
793 2628 902 2678 prole
917 2642 1052 2666 carens
1071 2629 1238 2666 mascula
1256 2629 1386 2667 virum
1404 2629 1485 2667 eius
1509 2641 1554 2665 ac
1572 2627 1701 2666 sobo·

253 2679 330 2716 lem
350 2683 508 2716 cernere
528 2678 766 2730 principatus
782 2681 1039 2723 hereditatem
1063 2686 1221 2723 omnino
1240 2685 1368 2723 vellet.
1425 2697 1496 2722 nec
1523 2688 1608 2720 erat
1622 2682 1690 2733 qui

254 2747 333 2771 non
354 2734 506 2773 videret
525 2733 612 2771 talis
636 2734 799 2785 indolis,
829 2745 960 2776 tantae
984 2726 1195 2778 nobilitatis
1228 2741 1509 2778 adolescentem
1533 2737 1602 2776 tali
1621 2751 1689 2776 re-

253 2802 341 2826 rum
367 2794 473 2826 statu
494 2788 603 2828 haud
633 2790 801 2828 absurde
827 2793 867 2830 in
897 2808 1052 2844 magnas
1068 2809 1264 2846 assurgere
1290 2809 1373 2846 spes
1391 2807 1511 2847 posse.
1567 2798 1697 2843 quare‘

253 2844 441 2884 loannem
456 2845 664 2896 Batatzen‚
691 2847 899 2898 praeclaris
922 2851 1065 2902 alioqui
1096 2851 1289 2890 Michaelis
1304 2853 1498 2892 faventem
1515 2849 1687 2901 dotibus,
