1884 3262
538 225 641 271 ΠΒ.
675 224 751 272 111.
806 186 1293 269 CHRONOLOGIGUS.
1557 218 1659 266 697

196 340 272 390 ait,
316 343 518 378 auctorem
545 334 1032 388 laudans-Pachymerem.
1089 340 1131 373 at
1161 333 1230 373 hic
1246 363 1258 384 ,
1290 331 1388 373 licet
1419 329 1498 382 diei
1522 335 1660 370 sextae

195 395 439 445 meminerit,
468 394 580 433 haud
609 400 744 433 tamen
766 407 851 432 eam
881 391 1168 432 numerandam
1196 391 1301 430 dixit
1323 390 1373 429 ab
1395 389 1510 429 obitu
1526 387 1661 427 Theo-

196 453 309 502 dori,
336 452 406 493 sed
433 451 566 504 potius
591 450 782 490 indicavit
804 449 1070 499 contrarium,
1107 462 1155 487 eo
1179 448 1266 501 ipso
1287 446 1397 499 quod
1416 444 1661 499 praesignifi-

197 516 327 548 catam
342 509 410 547 illa
430 508 564 560 eclipsi
581 507 782 546 Theodori
808 513 978 546 mortem
1009 506 1144 544 asserit
1151 519 1163 556 5
1203 505 1256 546 ad
1282 503 1391 556 quod
1410 515 1565 543 necesse
1580 502 1659 540 fuit

196 566 371 618 eclipsim
400 571 531 604 morte
555 565 674 603 fuisse
705 565 890 616 priorem.
955 562 1116 602 errandi
1150 562 1393 601 occasionem
1420 560 1517 600 viris
1549 558 1659 597 hisce

196 623 346 674 magnis
375 621 634 674 Pachymeres
659 621 843 674 praebuit
873 619 1139 672 perfunctorie
1170 633 1216 658 ac
1240 619 1427 671 perplexe
1446 616 1662 668 deliquium

196 679 306 719 istud
325 679 418 718 solis
434 691 656 717 memorans
669 708 679 728 ‚
713 679 796 716 sine
820 684 928 717 certa
946 677 1040 715 anni
1059 676 1204 715 mensis
1222 675 1319 726 diei,
1348 681 1396 714 ut
1413 675 1454 712 in
1470 674 1533 712 his
1552 686 1664 712 asso-

197 738 274 786 let,
302 736 563 785 indicatione,
595 735 811 786 quinetiam
829 735 955 774 alieno
970 734 1016 772 id
1033 734 1121 772 loco
1142 734 1330 784 reserens,
1363 738 1405 771 et
1422 732 1566 770 iustam
1587 730 1663 768 ob-

196 794 330 832 iiciens
348 792 491 844 legenti
509 805 667 830 causam
680 792 867 844 opinandi
883 791 985 830 illud
1000 791 1136 844 paucis
1156 790 1294 830 diebus
1309 796 1520 840 antequam
1535 786 1664 826 Theo-

199 850 323 889 dorus
341 856 565 889 moreretur
583 850 712 888 visum
725 879 736 899 ‚
767 863 856 888 cum
875 848 1034 887 aliunde
1066 853 1314 900 compertum
1330 847 1380 885 sit
1395 846 1546 885 nullam
1576 849 1663 883 toto

198 908 267 946 illo
290 920 394 945 anno
418 908 539 955 1259,
564 919 642 958 quo
671 913 780 945 certo
798 911 956 945 constat
987 905 1127 943 obiisse
1144 903 1424 954 Theodorum,
1453 903 1546 941 solis
1567 901 1663 940 ecli-

198 963 300 1017 psim
316 963 480 1002 Nicaeae
498 970 568 1002 aut
587 964 682 1002 locis
702 963 877 1002 finitimis
894 962 1026 1001 videri
1039 962 1226 1013 potuisse.
1284 973 1405 1012 quare
1425 962 1504 998 non
1521 959 1664 997 imme-

199 1020 280 1059 rito
303 1020 444 1058 Sethus
474 1020 664 1059 Calvisius
689 1020 732 1058 in
752 1019 1013 1070 Chronologia
1039 1031 1144 1056 anno
1169 1017 1317 1056 Christi
1337 1017 1446 1060 1255
1469 1015 1665 1055 Wolfiana

200 1076 450 1128 Pachymeris
468 1083 655 1129 excerpta
672 1077 761 1115 falsi
779 1076 928 1127 arguit,
959 1087 1058 1125 quae
1078 1073 1334 1127 reprehensio
1357 1073 1450 1124 etsi,
1479 1078 1527 1111 ut
1545 1071 1665 1110 modo

199 1133 369 1183 fatebar,
412 1132 544 1185 ipsum
572 1133 823 1185 amplectitur
846 1130 1150 1184 Pachymerem,
1188 1137 1342 1179 tamen,
1375 1142 1425 1168 ne
1448 1129 1585 1168 iniusti
1613 1128 1668 1166 si-

200 1203 316 1238 mus,
343 1195 498 1242 partem
533 1190 614 1228 eius
642 1190 717 1242 ipsi
745 1202 902 1241 quoque
926 1202 1038 1227 suam
1068 1188 1254 1227 debemus
1279 1187 1424 1228 Wolfio
1450 1198 1668 1239 aspergere,

202 1247 272 1298 qui
287 1246 363 1285 sub
390 1247 543 1286 obitum
580 1245 776 1285 Theodori
805 1246 987 1285 defecisse
1018 1245 1142 1284 solem
1161 1245 1211 1283 de
1230 1258 1302 1283 suo
1323 1243 1484 1292 adiecit,
1515 1256 1606 1281 cum
1623 1241 1669 1280 id

201 1302 460 1355 Pachymeres
478 1318 561 1342 non
578 1303 790 1355 scripserit.
846 1315 939 1341 nam
960 1301 1070 1353 quod
1094 1315 1145 1340 ex
1165 1301 1369 1341 occasione
1386 1300 1520 1339 obitus
1535 1299 1670 1338 Theo-

205 1360 294 1400 dori
312 1360 535 1399 meminerit
549 1360 773 1399 istiusmodi
790 1359 942 1412 eclipsis
955 1388 966 1408 ‚
997 1359 1084 1411 quis
1099 1371 1182 1397 non
1200 1358 1312 1399 videt
1329 1371 1449 1410 quam
1465 1357 1669 1396 infirmum

203 1423 477 1469 argumentum
493 1418 545 1456 sit
563 1417 754 1470 opinandi
771 1429 855 1454 eam
873 1422 974 1454 tunc
988 1416 1114 1455 visam
1126 1416 1147 1455 ‘2

316 1474 363 1514 V.
420 1475 501 1526 Ego
531 1487 628 1514 vero
667 1474 764 1513 dum
798 1478 993 1512 caeteram
1026 1473 1201 1513 indolem
1229 1471 1423 1523 lucifugae
1451 1469 1669 1520 cuiusdam,

206 1530 449 1582 ambagiosae
469 1545 516 1570 ac
534 1526 1032 1583 σκοτοδασυπυκνότριχος,
1063 1535 1111 1569 ut
1127 1529 1305 1568 Gelliano
1325 1534 1365 1567 et
1380 1527 1672 1580 Aristophaneo

206 1588 339 1628 verbis
365 1594 475 1636 utar,
514 1587 846 1639 Pachymerianae
877 1587 1060 1625 dictionis
1089 1587 1236 1638 cogito,
1268 1586 1442 1637 dumque
1470 1592 1675 1638 praeterea

206 1651 340 1684 mente
367 1645 570 1697 amplexus
598 1646 716 1684 simul
744 1650 888 1684 cuncta
905 1657 1004 1695 quae
1025 1643 1091 1682 hic
1110 1644 1339 1682 reseruntur
1357 1641 1582 1693 singillatim
1601 1654 1677 1679 ex·-

207 1714 327 1754 pensa
356 1702 515 1753 colligo,
545 1701 641 1740 mihi
666 1702 808 1741 videor
832 1700 1147 1740 animadvertere
1167 1700 1321 1739 indiciis
1335 1698 1447 1738 haud
1466 1699 1582 1738 vanis
1599 1711 1678 1738 vo—

209 1758 327 1797 luisse
351 1765 532 1797 nostrum
561 1758 791 1798 historicum
817 1759 956 1797 saltem
976 1758 1142 1797 obscure
1158 1759 1344 1806 innuere,
1375 1756 1407 1794 si
1423 1757 1554 1795 minus
1573 1755 1678 1794 clare

209 1815 449 1868 praedicare,
479 1815 696 1867 deliquium
716 1816 854 1864 solare,
884 1814 992 1866 quod
1010 1814 1089 1854 hoc
1108 1815 1196 1853 loco
1212 1819 1421 1863 memorat,
1457 1813 1571 1864 longe
1587 1817 1680 1850 ante

209 1871 289 1911 hoc
313 1878 488 1924 tempus,
518 1872 559 1910 in
588 1886 668 1924 quo
693 1872 895 1911 narrando
921 1878 1129 1921 versatur,
1161 1876 1366 1924 patratum
1392 1876 1433 1907 et
1455 1875 1680 1922 spectatum

210 1929 343 1971 fuisse.
401 1936 675 1980 argumentum
698 1930 754 1968 sic
772 1927 966 1967 sentiendi
985 1929 1157 1980 primum
1175 1941 1288 1966 sumo
1308 1940 1358 1965 ex
1376 1927 1682 1979 plusquamper-

210 1987 311 2024 fecto
335 1991 514 2037 tempore
532 1986 641 2037 quod
657 1986 698 2025 in
717 1986 840 2026 verbo
860 1986 920 2024 bis
941 1985 1121 2033 affectat,
1151 1998 1233 2023 non
1261 1984 1435 2022 scribens
1455 1982 1681 2025 ἐκλέλοιπεν

210 2040 326 2095 ἥλιος
354 2043 423 2081 sed
453 2043 686 2094 ἐκλελοίπει,
717 2049 756 2082 et
778 2043 912 2081 statim
929 2047 1021 2093 post
1043 2035 1249 2089 σκότος’τὸ
1270 2042 1353 2080 πᾶν
1371 2041 1587 2091 κατείληφε
1610 2038 1682 2077 sed

212 2094 455 2150 κατειλήφει.
511 2099 729 2151 defecerat,
757 2100 909 2151 inquit,
938 2098 1023 2145 sol,
1051 2111 1131 2136 non
1163 2103 1299 2134 autem
1323 2102 1421 2134 tuno
1444 2094 1609 2151 deficit3
1639 2100 1681 2134 et

214 2155 400 2194 tenebrae
428 2155 614 2194 universa
646 2155 918 2204 obduxerant,
945 2154 1073 2192 multo
1103 2153 1249 2191 scilicet
1276 2151 1406 2204 prius,
1435 2166 1517 2191 non
1545 2157 1680 2191 autem

215 2219 314 2249 tunc
343 2210 606 2251 obduxerunt.
664 2213 804 2263 quodsi
825 2212 913 2264 quis
931 2216 1094 2262 quaerat
1111 2210 1250 2261 quanti
1273 2209 1462 2261 temporis
1486 2208 1680 2248 interval-

214 2269 299 2306 lum
327 2267 427 2305 haec
452 2269 576 2307 verbo
606 2268 782 2308 indicata
810 2267 1026 2322 praecessio
1063 2267 1265 2319 postulet,>
1299 2271 1459 2317 reputet
1486 2279 1680 2317 quaenam

216 2330 359 2364 eventa
383 2325 630 2376 praesignata
655 2326 773 2364 fuisse
791 2326 867 2364 isto
888 2329 1076 2377 portento
1097 2327 1423 2362 auctorcenseat.
1479 2323 1571 2362 satis
1594 2320 1680 2361 fuse

218 2395 265 2419 ac
293 2381 475 2419 distincte
500 2389 729 2433 persecutus
754 2383 856 2421 mala
882 2393 981 2433 quae
1009 2380 1209 2419 Theodori
1232 2379 1497 2432 principatum
1515 2380 1679 2418 infesta-

218 2443 337 2486 runt,
373 2438 558 2476 morbum
584 2452 708 2491 prope
738 2440 995 2486 continuum,
1035 2436 1274 2488 suspiciones
1305 2449 1413 2475 acres
1436 2442 1484 2475 et
1506 2436 1681 2485 miseras,

219 2494 463 2533 aversionem
491 2495 712 2547 principum
735 2496 783 2534 ab
803 2496 908 2547 ipso,
937 2494 1174 2533 brevitatem
1196 2494 1310 2545 spatii
1328 2492 1533 2532 educendo
1550 2493 1594 2532 in
1611 2507 1684 2531 ro·-

218 2551 376 2590 bustam
398 2557 567 2589 aetatem
585 2552 723 2591 heredi
743 2553 876 2591 locum
895 2556 1126 2602 negantem,
1154 2556 1312 2602 praeter
1334 2556 1509 2589 caeteros
1527 2548 1685 2588 tumul-

219 2614 357 2646 tuosos
384 2613 515 2645 motus
540 2609 800 2648 rebellionum
831 2615 870 2647 et
898 2608 1094 2646 bellorum
1120 2613 1208 2646 toto
1234 2607 1302 2646 illo
1329 2620 1404 2646 neo
1434 2607 1550 2658 pleno
1581 2618 1685 2656 qua·-

223 2664 402 2703 driennio
433 2677 585 2715 semper
607 2666 784 2716 undique
815 2665 1097 2715 coorientium,
1141 2669 1271 2703 totum
1296 2663 1341 2702 id
1369 2661 1685 2702 infortuniorum

222 2727 379 2759 textum
407 2721 575 2760 relativo
601 2719 623 2763 ’ὅ
652 2722 882 2773 indigitavit
913 2720 1187 2773 pachymeres,
1217 2721 1315 2760 dum
1338 2719 1474 2758 scribit
1503 2716 1524 2759 3
1543 2715 1594 2770 δή
1616 2716 1686 2758 καὶ

222 2773 457 2829 προσήμανε
487 2776 600 2829 quod
626 2786 663 2817 et
684 2780 1050 2832 praesignfflcavit.
1109 2791 1200 2817 cum
1229 2790 1326 2817 vero
1354 2776 1406 2815 sit
1435 2775 1686 2813 manifestum

223 2834 638 2885 praesignificationem
661 2837 877 2875 necessario
916 2835 1151 2875 anteriorem
1177 2847 1259 2881 esse
1286 2845 1332 2873 re
1361 2830 1684 2886 praesignificata,

226 2889 312 2940 quis
330 2903 411 2928 non
430 2891 611 2945 intelligit
625 2893 842 2946 oportuisse
861 2893 1015 2947 signum
1034 2891 1145 2932 istud
1164 2891 1267 2930 circa
1283 2890 1367 2942 ipsa
1384 2888 1538 2941 imperii
1554 2887 1688 2927 Theo-
