1884 3262
277 183 376 233 446
691 178 922 229 GEORGII
953 179 1293 229 PACHYMERIS

277 299 325 343 τὸ
338 299 564 341 διευτονοῦν
574 293 828 354 κατωρρώδει
839 295 912 351 τὴν
929 295 1156 347 ἃπέντευξιν
1173 294 1228 346 ὥς
1238 296 1295 351 μὴ
1308 300 1440 348 καλῶς
1455 295 1717 355 χρησομένου

277 371 350 409 τοῦ
374 361 680 421 περιγεγονότος.
748 364 796 408 τὸ
816 365 894 421 γὰρ
916 366 971 414 εἷς
989 371 1128 420 χεΐρας
1155 364 1343 420 γενέσθαι
1368 370 1425 424 τῷ
1440 369 1622 425 Λαχανᾷ
1641 365 1713 408 ἴσα

281 435 347 476 καὶ
369 429 554 481 θάνατος
571 426 621 486 ἦν
651 431 841 488 ἀπηνείας
866 431 978 475 ἕνεκα
1001 437 1074 487 τῆς
1094 429 1286 486 ἐσχάτης·
1321 430 1513 489 βάρβαρα
1530 433 1606 489 γὰρ
1623 432 1712 487 ἤθη

280 500 332 542 τὰ
348 500 397 542 ἐκ
419 497 542 554 τύχης
563 500 706 542 ἐλεεινὰ
729 499 952 554 μαλάσσειν
967 499 1040 542 οὐκ
1057 497 1176 543 οἶδεν.
1210 498 1308 542 ὅθεν
1332 501 1397 542 καὶ
1414 498 1604 550 πολλάκις
1622 507 1714 550 ταῖς

279 565 449 620 τόλμαις
476 566 764 622 περιγενόμενοι
797 569 1026 623 παραυτίκα
1054 571 1111 625 τῷ
1145 571 1227 610 τῶν
1266 569 1405 610 δεινῶν
1434 567 1635 626 ἐλπισμῷ,
1679 569 1746 610 εἲό

282 633 437 694 ἇλιῖιεν,
485 633 790 688 συστελλόμενοι
832 633 1143 690 ἀπηντεύκτουν.
1217 638 1386 684 πολλαῖς
1416 635 1490 688 μὲν
1526 630 1597 677 οὖν
1626 642 1718 684 ταῖς

234 707 262 740 Β
286 702 391 758 ἀμφὶ
411 701 481 744 τὸν
495 701 616 744 Ἀσὰν
637 701 828 757 δυνάμεσι
846 704 1170 759 περιεστοιχίζετο
1184 714 1194 725 ·
1228 702 1331 757 πλὴν
1359 703 1397 744 οἳ
1423 703 1574 745 ἐκεῖθεν
1595 702 1718 745 ἐνίοτε

283 772 348 813 καὶ
369 769 530 819 ἄκοντες
551 767 802 824 ἁλισκόμενοι
828 772 868 814 ἐν
895 775 1031 819 καλοῖς
1059 765 1163 824 ἦσαν
1186 769 1254 811 διὰ
1279 769 1325 812 τὸ
1357 771 1615 826 προσπίπτειν
1641 767 1720 812 αὗ-

282 839 395 890 τίκα,
425 836 479 887 ὡς
503 839 630 891 δῆθεν
651 836 851 892 τυράννου
868 839 942 892 μὲν
959 837 1274 892 ἀπαλλαγέντες,
1307 841 1469 890 βασιλεῖ
1484 838 1528 880 δὲ
1552 853 1719 893 προσγι-

281 903 455 959 νόμενοι.
522 911 608 955 τοῖς
627 905 673 947 δ’
709 907 894 948 ἐντεῦθεν
924 906 1190 960 ἀπαγομένοις
1213 906 1295 947 ἐκεῖ
1317 905 1390 948 οὐκ
1411 900 1461 960 ἦν
1479 902 1718 960 ὗπονοηθῆ-
1731 905 1774 941 1⁰

283 990 349 1016 ναι
369 973 416 1015 τὸ
434 975 584 1025 σῶζον,
622 973 715 1015 ἀλλ’
741 971 795 1022 ὥς
813 974 953 1030 ἐχθροὶ
974 971 1222 1024 ἐκολάζοντο.

142 1052 172 1087 Ρ
195 1052 260 1088 305
418 1041 463 1085 8.
526 1040 758 1094 Ἔτρίβοντο
796 1042 869 1094 μὲν
907 1037 978 1083 οὖν
1010 1042 1197 1082 ἐντεῦθεν
1226 1039 1278 1081 τὰ
1304 1036 1547 1095 πράγματα,
1594 1036 1721 1092 ἄλλην

286 1107 328 1151 δ’
356 1107 591 1162 ἀπαλλαγὴν
610 1113 690 1151 τῶν
710 1113 842 1150 κακῶν
869 1108 942 1150 οὐκ
961 1103 1010 1163 ἦν
1029 1109 1259 1159 ἐλπίζεσθαι
1287 1108 1321 1148 εἲ
1347 1106 1428 1161 μὴν
1455 1110 1528 1148 τοῦ
1557 1103 1722 1160 βαρβά-

287 1192 360 1233 ρου
386 1173 634 1230 ἀπαλλαγήν.
703 1171 752 1229 ἧς
781 1178 845 1217 καὶ
874 1176 1026 1229 ταχέως
1046 1173 1281 1225 ἐξελθόντος
1299 1171 1518 1227 ἐπιστάσης
1551 1172 1623 1230 (τὸ
1643 1172 1722 1228 γὰρ

283 1243 537 1296 παλίμβολον
568 1247 641 1296 τῆς
668 1242 793 1296 τύχης
822 1242 917 1285 ὅσον
950 1242 1063 1285 οὔπω
1083 1241 1156 1284 οὐκ
1175 1237 1224 1296 ἦν
1246 1242 1426 1296 ἐκφυγεῖν
1455 1242 1620 1293 ἐκεῖνον,
1656 1241 1722 1281 καὶ
1735 1239 1776 1276 15

283 1314 439 1366 μᾶλλον
468 1312 707 1366 φυσηθέντα
740 1311 787 1352 τὸ
821 1315 902 1353 πᾶν
932 1311 974 1352 ἐκ
1002 1307 1147 1364 τύχης,
1178 1307 1278 1351 ὅθεν
1298 1309 1363 1350 καὶ
1385 1304 1580 1362 Τοχάρων
1597 1305 1724 1362 ἡττη-

284 1379 403 1433 μένος
422 1377 659 1435 ἦγγέλλετο)
690 1385 779 1428 ταῖς
805 1380 956 1421 ἐκεῖθεν
974 1375 1129 1434 φήμαις
1148 1377 1329 1430 ἐμπίπτει
1352 1375 1614 1431 Τερνοβίταις
1634 1392 1725 1416 και-

233 1456 263 1490 Β
288 1446 359 1504 ρός
380 1444 630 1503 ὡρμημένοις
658 1444 782 1488 πάλαι
806 1446 911 1489 κατὰ
925 1448 1122 1505 Μαρίας,
1157 1446 1224 1488 καὶ
1250 1442 1335 1500 ἅμα
1358 1445 1471 1486 παιδὶ
1489 1440 1725 1501 προδιδόναι

378 1566 433 1602 13.
461 1566 496 1601 εἰ
513 1563 599 1611 μὴν]
625 1561 650 1610 ἢ
671 1563 764 1611 miv?

283 1678 377 1710 rum,
402 1666 480 1702 inde
503 1671 609 1703 morte
633 1667 727 1714 peius
750 1668 955 1704 horrentium
979 1679 1095 1704 manus
1119 1679 1191 1703 cum
1214 1667 1273 1702 tali
1292 1666 1390 1701 hoste
1413 1673 1601 1705 conserere,
1624 1672 1723 1717 quem

285 1714 375 1748 nulla
408 1714 632 1748 calamitatum
663 1716 875 1749 humanarum
905 1714 1133 1749 misericordia
1165 1713 1306 1748 molliret
1335 1713 1380 1746 ad
1409 1710 1643 1745 sublevandam
1673 1718 1728 1761 τη-

286 1759 457 1802 dulgentia
478 1760 532 1794 vel
556 1760 685 1794 minima
708 1772 821 1795 eorum
843 1764 966 1796 sortem
979 1786 989 1803 ,
1012 1772 1097 1805 quos
1118 1760 1154 1794 in
1176 1759 1248 1794 eius
1271 1760 1472 1803 potestatem
1494 1755 1588 1790 Mars
1599 1762 1729 1808 ‘vanus

285 1804 411 1838 infelici
433 1816 513 1839 casu
539 1806 734 1849 redegisset.
781 1807 858 1841 huic
881 1810 973 1840 certe
990 1817 1112 1839 causae
1130 1805 1369 1850 imputabatur,
1391 1801 1480 1847 quod
1494 1801 1610 1854 maiori
1625 1808 1730 1851 saepe

288 1850 452 1883 commissi
473 1851 623 1895 potentia
647 1852 835 1886 Lachanam
859 1863 925 1885 non
946 1851 1139 1894 vincerent,
1170 1850 1251 1895 quia
1281 1848 1429 1882 nimirum
1451 1850 1534 1880 totis
1555 1853 1624 1878 suis
1645 1853 1730 1877 vm-

287 1895 352 1929 bus
374 1906 439 1928 non
461 1900 655 1939 uterentur,
687 1901 723 1930 et
754 1898 894 1931 horrore
924 1896 1132 1942 captivitatis
1153 1895 1253 1929 nimio
1284 1891 1456 1928 constricti
1475 1890 1731 1940 retardarentur

288 1951 311 1975 a
335 1941 534 1976 connitendo
557 1948 715 1988 quantum
741 1947 889 1988 possent.
935 1942 968 1975 in
991 1941 1055 1975 hoc
1088 1944 1157 1974 tum
1187 1940 1273 1974 nodo
1304 1938 1466 1973 haerebat
1489 1935 1631 1976 bellum,
1661 1936 1731 1967 cito

289 1986 412 2030 alioqui
441 1987 632 2022 finiendum.
677 1999 752 2022 narn
781 1992 817 2022 et
847 1987 1007 2032 plurimae
1040 1990 1077 2021 et
1103 1984 1356 2020 florentissimae
1387 1982 1618 2025 undecumque
1648 1989 1732 2012 con-

290 2032 415 2065 clusum
438 2033 627 2067 Lachanam
650 2034 768 2068 Asanis
790 2034 906 2078 copiae
941 2033 1118 2074 tenebant3
1150 2042 1212 2065 nec
1233 2034 1343 2063 tamen
1364 2027 1595 2062 debellabatur
1608 2050 1617 2065 ,
1630 2026 1730 2078 ‘metu

290 2076 453 2122 perculsis
491 2079 650 2113 Romanis
691 2079 848 2113 militibus
878 2079 921 2112 ob
952 2078 1084 2111 nimium
1118 2077 1284 2110 diversam
1316 2073 1537 2108 conditionem
1571 2075 1734 2114 utrinque

291 2122 511 2167 captivorum.
557 2135 676 2170 nempe
707 2125 764 2178 qui
802 2136 823 2158 a
863 2123 985 2158 nostris
1015 2123 1101 2157 bello
1132 2120 1368 2167 capiebantur,
1408 2119 1523 2152 felices
1553 2114 1734 2170 dupliciter

292 2171 413 2209 erant,
435 2172 505 2203 tum
528 2170 618 2215 quod
641 2170 804 2204 saewtiae
826 2169 892 2203 diri
913 2168 1066 2213 tyranni,
1098 2167 1152 2201 cui
1182 2165 1385 2204 servierant,
1419 2161 1733 2215 subtracti-essent,

292 2218 363 2247 tum
385 2214 475 2259 quod
495 2214 531 2248 in
553 2215 659 2250 lenem
682 2221 786 2261 atque
807 2215 981 2250 humanam
1001 2213 1201 2248 transissent
1222 2214 1423 2257 potestatem
1447 2208 1617 2242 clementis
1639 2204 1735 2250 prin·⁴

291 2258 397 2302 cipis:
422 2271 441 2293 e
463 2262 633 2296 contrario
664 2261 722 2307 qui
753 2273 774 2296 a
797 2261 973 2295 Lachanae
995 2259 1153 2294 militibus
1181 2257 1455 2296 abducebantur,
1479 2257 1607 2306 certum
1629 2250 1737 2305 liabe-

291 2304 376 2337 bant
394 2306 514 2340 nullam
537 2318 713 2352 superesse
735 2307 851 2342 salutis
875 2317 987 2352 spem3
1012 2305 1138 2351 quippe
1160 2302 1298 2345 statim,
1321 2306 1361 2336 ut
1382 2300 1516 2341 hostes,
1537 2293 1735 2348 inexorabili

288 2349 428 2383 feritate
448 2351 714 2388 trucidabantur.
1531 2387 1541 2397 .
1689 2384 1700 2395 ,

383 2396 415 2429 8.
461 2397 619 2432 Exti-acti
642 2410 702 2443 per
725 2399 787 2433 has
808 2406 917 2431 moras
949 2396 986 2430 in
1018 2395 1151 2440 longius
1178 2404 1287 2438 aequo
1309 2394 1442 2436 tempus
1464 2387 1543 2423 belh
1566 2382 1736 2442 Bulganci

292 2450 359 2475 non
389 2440 521 2475 aliunde
553 2455 573 2476 a
604 2443 876 2489 prudentioribus
908 2442 1019 2476 exitus
1047 2441 1290 2485 expectabatur
1321 2448 1419 2482 quam
1443 2446 1463 2469 a
1488 2433 1583 2468 clade
1604 2431 1736 2465 Lacha-

291 2496 376 2526 nae3
399 2487 530 2531 qualem
553 2488 602 2522 illi
623 2490 718 2523 brevi
741 2492 1018 2533 superventuram
1041 2487 1184 2531 aliquam
1206 2482 1390 2519 verisimilis
1412 2491 1490 2526 spes
1513 2481 1622 2518 esset,
1643 2473 1735 2521 quod

292 2531 324 2565 is
354 2532 626 2577 frequentissime
656 2533 1001 2580 periculosissimeque
1032 2532 1227 2572 dimicaret,
1258 2540 1320 2563 nec
1349 2537 1480 2580 semper
1502 2525 1736 2575 superaturum

294 2583 475 2622 appareret
508 2583 645 2623 propter
678 2580 807 2613 solitam
838 2578 1094 2613 inconstantiam
1125 2576 1248 2617 sortis,
1280 2577 1478 2620 praesertim
1500 2579 1574 2603 cum
1596 2566 1735 2619 lust-atus

295 2624 508 2658 successibus
530 2624 633 2658 multa
654 2629 780 2658 temere
801 2625 1052 2669 inconsulteque
1074 2622 1271 2666 susciperet.
1315 2619 1349 2652 id
1372 2627 1436 2651 non
1455 2614 1540 2649 falso
1559 2621 1737 2666 pr9v¹⁸¹¹311

296 2668 386 2702 haud
416 2670 517 2704 multo
549 2673 628 2714 post
660 2670 830 2713 constitit,
865 2672 955 2704 sama
983 2680 1066 2703 vera
1095 2668 1232 2711 vulgata
1263 2664 1346 2699 victi
1377 2674 1399 2697 a
1419 2659 1588 2695 'rocham
1610 2657 1738 2701 praeno

296 2713 486 2749 Lachanae.
532 2726 598 2760 quo
633 2715 746 2748 nuntio
781 2716 883 2749 exciti
916 2714 1123 2750 Ternobitae
1152 2712 1194 2747 ad
1224 2709 1420 2763 captandam
1435 2704 1564 2759 *dudum
1587 2706 1740 2755 ⁰PP²¹⁸²¹¹¹¹

298 2761 505 2795 occasionem
534 2760 751 2794 excutiendae
782 2760 971 2794 cervicibus
1002 2760 1123 2794 foedae
1149 2756 1337 2801 tyrannidis
1357 2753 1552 2794 Mariaeque
1574 2748 1740 2781 ulciscen-

298 2805 384 2849 dae,
418 2807 453 2841 in
487 2817 588 2852 quam
619 2805 765 2852 antiquis
788 2805 873 2839 odiis
896 2805 1110 2850 flagrabant,
1150 2803 1275 2838 dedere
1296 2800 1402 2845 ipsam
1425 2797 1644 2830 decreverunt
1672 2801 1740 2826 una
