1884 3262
491 207 565 248 DE
594 205 865 248 MICHAELE
890 203 1267 248 PALAEOLOGO
1300 204 1348 249 L.
1378 204 1433 249 V.
1581 203 1677 248 363

231 319 388 374 ἡμέραν
405 319 546 372 θέαμα
567 315 704 373 ἑώρων
733 315 899 360 ἐλεεινόν
909 349 922 370 ,
957 315 1188 373 Ἀγαρηνῶν
1213 315 1365 370 μεταξῦ
1383 315 1449 357 καὶ
1469 315 1682 358 Λατίνων.

231 386 309 437 ἔξω
329 386 408 442 γὰρ
430 384 648 440 θαλάσσης
666 382 1055 442 ἔπιταφρευσιίμενοι
1082 385 1227 426 Ἰταλοὶ
1249 381 1484 440 ὀχυρώματι
1502 383 1677 438 ε’χρῶντο
1701 388 1730 421 Β

231 458 284 511 τῇ
320 452 488 512 τάφρῳ,
535 454 582 496 τὸ
613 454 765 507 μεταξῦ
803 454 1037 507 κατέχοντες
1057 466 1068 476 ·
1119 454 1326 502 Αἰθίοπες
1363 452 1407 494 δὲ
1444 448 1684 505 Καρχηδόνι

233 525 417 580 φρουρίῳ
451 539 492 564 τε
525 524 591 564 καὶ
620 519 856 578 ὁρμητηρίῳ
882 518 1080 583 χρώμενοι
1106 518 1210 574 εἶχον
1238 521 1311 573 μὲν
1343 521 1386 562 ἐν
1411 518 1592 574 ἀσφαλεῖ
1607 536 1684 560 κα-

201 594 425 644 5θῆσθαι,
463 588 568 643 εἶχον
598 590 643 631 δὲ
674 592 740 631 καὶ
766 587 848 645 ὅπῃ
878 589 1060 643 παρείκοι
1091 585 1362 643 θαρρούντως
1402 584 1548 641 ὁρμᾶν.
1617 587 1684 628 καὶ

234 662 409 712 συνεχῶς
431 657 533 700 καθ’
560 655 715 712 ἡμέραν
737 656 1000 710 διεπολέμουν
1017 655 1120 711 πρὸς
1141 653 1341 710 ἀλλήλους
1349 686 1362 706 ,
1400 652 1455 703 ὡς
1473 655 1687 702 πλείστους

234 726 530 782 ἀμφοτέρωθεν
558 727 726 768 πίπτειν.
796 725 970 766 ἐπέκειτο
1003 724 1048 765 δὲ
1077 723 1219 776 λοιμὸς
1252 719 1416 777 ἰσχυρός
1427 754 1440 773 ,
1483 721 1686 776 ἔθνησκον

234 795 279 836 ὑὲ
310 792 601 849 ἐπασσύτεροι,
648 794 714 834 καὶ
750 789 771 834 ὅ
798 790 972 835 θάπτων
1001 790 1076 834 οὐκ
1104 786 1177 845 ἦν,
1225 792 1350 846 πυραὶ
1383 790 1427 831 δὲ
1462 787 1614 831 νεκύων
1632 788 1680 831 οὗ
1706 796 1736 829 C

235 863 398 904 καίοντο
424 858 788 914 κατατεθνηώτων,
859 857 885 914 ἦ
905 857 1063 916 τάφρος
1085 858 1128 900 δ’
1162 860 1287 913 ἐκείνη
1307 855 1439 912 εὖρεῒᾶ
1459 874 1500 900 τε
1519 859 1586 899 καὶ
1602 861 1686 910 βα-

182 939 225 972 10
237 933 332 972 θεῖα
353 925 480 981 οὖσα,
519 928 591 978 οὓς
611 931 764 979 ζῶντας
786 926 940 981 ἐτήρει,
978 925 1150 976 τούτους
1175 929 1242 969 καὶ
1274 923 1484 974 θανόντας
1512 925 1684 979 ἐδέχετο,

235 1000 302 1039 καὶ
325 996 435 1054 οὕτω
459 998 671 1045 πλείστους
689 995 792 1038 ὥστε
812 997 878 1037 καὶ
899 995 1282 1048 ἀναχωματοῦσθαι,
1299 993 1403 1035 κατὰ
1420 993 1524 1048 με’ρη
1548 995 1686 1035 κινδυ-

234 1063 359 1107 νεύειν
393 1065 740 1119 ιὶγχωμαλοῦσαν·
777 1060 885 1103 οὕτω
916 1064 1055 1114 συχνοὶ
1086 1062 1204 1103 ἔνθεν
1232 1062 1306 1114 μὲν
1327 1064 1385 1117 τῷ
1402 1062 1563 1117 πολέμῳ
1585 1062 1686 1102 ἐκεῖ·

234 1135 311 1173 θεν
338 1132 383 1173 δὲ
411 1136 468 1188 τῷ
498 1134 626 1186 λοιμῷ
658 1129 840 1172 ἔπιπτον.
918 1126 1024 1182 ὁρμὴ
1061 1128 1108 1170 δ’
1147 1130 1306 1179 ἐκείνοις
1336 1127 1459 1178 civica
1497 1125 1552 1177 ὥς
1582 1125 1683 1183 ὑπὲρ

236 1203 416 1252 σταυροῦ
441 1195 727 1240 κινδυνεύουσι.
797 1195 889 1239 τότε
909 1199 974 1238 καὶ
997 1195 1017 1238 ὃ
1042 1195 1142 1251 ῥήξ,
1180 1198 1260 1238 ἐπεὶ
1276 1203 1410 1250 χεῖρον
1440 1193 1516 1249 εἶχε
1548 1196 1619 1237 καί
1644 1195 1685 1237 οἱ

182 1274 224 1308 15
240 1267 287 1309 τὰ
311 1271 384 1321 τῆς
402 1267 606 1321 σωτηρίας
624 1265 880 1319 ἀπέγνωστο,
919 1263 1016 1307 ὅσον
1043 1260 1092 1318 ἦν
1115 1266 1372 1319 χρηματίσας
1395 1264 1576 1315 ἐκείνοις,
1610 1265 1676 1305 καὶ
1700 1269 1732 1303 D

236 1335 369 1385 δείξας
392 1333 521 1390 ῥοπὴν
547 1333 650 1389 πρὸς
678 1330 837 1388 εἰρήνην
866 1331 967 1383 ἔχων
988 1333 1058 1372 καί
1080 1331 1123 1385 γ’
1149 1333 1183 1372 εἷ
1201 1332 1401 1384 περιέσται
1424 1332 1489 1370 καὶ
1511 1347 1685 1385 συγκρο-

234 1399 370 1454 τήσων
400 1403 456 1448 εἷς
487 1399 657 1452 δύναμιν
667 1430 680 1450 ,
730 1399 902 1440 ἐκέλευεν
931 1397 1206 1451 ἀναμένοντας
1235 1395 1458 1451 ἡσυχάζειν.
1530 1398 1610 1439 ἐπεὶ
1642 1398 1687 1440 δὲ

235 1472 309 1521 τῆς
328 1465 516 1521 ἐπιούσης
539 1466 684 1519 ἐπέστη
717 1466 755 1507 οἱ
780 1464 827 1507 τὸ
844 1465 974 1519 χρεῶν
992 1467 1058 1507 καὶ
1079 1464 1158 1520 ἤδη
1178 1463 1290 1521 ὃρὴξ
1310 1462 1493 1507 ἐτελεύτα
1504 1497 1517 1517 ,
1556 1465 1595 1506 οἱ
1610 1466 1685 1518 μὲν

238 1535 344 1590 ἀμφὶ
363 1536 508 1577 ἐκεῖνον
529 1533 654 1582 εὐθύς
674 1532 1005 1587 ἐνσκευασάμενοι
1023 1533 1095 1575 τὸν
1115 1533 1252 1589 νεκρὸν
1272 1535 1421 1575 ἐκείνου
1444 1530 1499 1582 ὥς
1519 1533 1562 1574 ἓν
1579 1537 1685 1587 πλη-

181 1604 415 1663 Ξοροφορία
442 1602 690 1662 ᾠκειωμένου
719 1605 805 1660 θεῷ
818 1633 832 1654 ,
876 1599 1022 1659 μύροις
1046 1600 1277 1667 ᾀλείφοντες
1305 1603 1371 1644 καὶ
1391 1598 1602 1658 βράσμασι
1619 1605 1686 1643 λε-

237 1764 418 1801 curandae.
463 1777 526 1811 per
547 1765 608 1800 has
630 1776 742 1800 moras
762 1764 974 1800 feriebantur
995 1764 1084 1799 oculi
1107 1763 1258 1810 quotidie
1280 1766 1470 1799 nostrorum
1492 1764 1685 1809 spectaculo

236 1811 390 1845 luctuoso
411 1812 573 1845 atrocium
606 1816 642 1846 et
673 1816 885 1845 cruentorum
916 1810 1057 1845 Latinos
1078 1811 1167 1844 inter
1196 1811 1435 1855 Agarenosqne
1457 1811 1686 1845 certaminum.

235 1856 443 1902 aliquantum
466 1868 487 1890 a
505 1857 621 1891 littore
642 1857 766 1891 fossam
786 1857 867 1891 Itali
888 1858 1023 1899 longam
1045 1857 1230 1898 duxerant,
1265 1861 1301 1890 et
1322 1857 1412 1901 quod
1436 1867 1509 1890 eam
1532 1857 1620 1890 inter
1644 1867 1687 1890 ac

234 1913 329 1936 mare
350 1903 491 1947 patebat
513 1902 616 1948 spatii
638 1905 810 1936 tenebant.
855 1902 1038 1946 Aethiopes
1061 1902 1268 1946 Cartbagine
1290 1913 1352 1947 pro
1384 1913 1464 1936 aree
1486 1901 1539 1935 usi
1562 1902 1605 1936 ad
1627 1913 1685 1936 re-

235 1948 445 1992 ceptaculum
467 1953 562 1989 tuta,
586 1948 658 1982 eius
679 1948 804 1982 fiducia
827 1949 1048 1992 erumpebant
1082 1947 1242 1982 audacius
1273 1948 1307 1981 in
1329 1948 1453 1982 hostes.
1498 1948 1578 1981 hinc
1598 1959 1686 1992 quo-

235 1993 389 2027 tidianae
409 1992 619 2027 velitationes
642 1999 677 2027 et
699 2005 832 2039 pugnae
858 1994 1142 2037 conserebantur,
1175 1993 1326 2038 plurimis
1347 1993 1505 2038 utrinque
1528 1992 1686 2027 cadenti-

236 2039 310 2072 bus.
358 2040 577 2082 grassabatur
598 2039 728 2073 interim
753 2038 941 2085 peruiciosa
963 2039 1090 2084 pestis,
1119 2039 1412 2084 densabanturque
1434 2042 1577 2080 mortes,
1600 2038 1684 2072 adeo

236 2087 276 2117 ut
297 2085 470 2117 funeribus
493 2084 642 2118 Libitina
663 2085 817 2126 deesset,
839 2084 1080 2128 superstitibus
1102 2084 1145 2118 ad
1167 2085 1366 2119 cadaverum
1387 2084 1595 2129 sepulturam
1618 2093 1684 2117 non

237 2129 494 2163 sufficientibus.
538 2141 638 2163 unum
660 2131 791 2164 scincet
823 2130 904 2163 illud
926 2130 971 2163 ad
1001 2130 1163 2174 tragicam
1185 2130 1361 2164 Iliaeorum
1383 2129 1543 2163 malorum
1566 2129 1685 2162 faciem

238 2174 377 2215 deerat,
400 2175 488 2220 quod
510 2186 616 2220 pyrae
638 2179 843 2210 mortuorum
877 2186 943 2209 non
966 2177 1147 2218 arderent,
1178 2176 1239 2209 sed
1271 2176 1364 2208 fossa
1388 2174 1503 2208 eadem
1525 2173 1583 2207 illa
1605 2185 1686 2219 pro-

238 2219 344 2253 funda
366 2222 402 2252 et
423 2221 511 2262 lata,
543 2232 631 2265 quae
662 2222 758 2255 vivos
788 2222 969 2261 tuebatur,
1004 2222 1180 2254 defunctos
1209 2220 1382 2260 hauriret,
1413 2224 1509 2253 tanto
1531 2219 1597 2253 iam
1621 2230 1685 2253 uu-

239 2275 355 2306 mero,
377 2269 416 2298 ut
437 2265 533 2298 brevi
556 2266 751 2311 complenda
771 2267 944 2300 videretur
967 2270 1002 2299 et
1023 2267 1064 2300 ad
1088 2265 1325 2310 aequalitatem
1348 2265 1530 2298 attollenda
1553 2265 1683 2310 campi:

239 2314 308 2343 tam
330 2309 364 2342 in
386 2321 460 2343 eam
481 2310 575 2344 multi
598 2312 747 2355 quotidie
768 2311 892 2356 partim
913 2311 1029 2345 hostili
1054 2311 1143 2345 caesi
1163 2312 1274 2351 ferro,
1298 2310 1422 2356 partim
1443 2310 1498 2344 lue
1519 2310 1685 2354 pestifera

240 2354 381 2388 extincti
414 2354 688 2391 devolvebantur.
734 2357 896 2401 vigebant
925 2363 1039 2391 tamen
1068 2355 1184 2390 animis
1214 2355 1356 2401 reliqui;
1396 2360 1432 2390 et
1459 2355 1526 2390 sibi
1558 2355 1685 2389 conscii

238 2411 303 2445 pro
337 2401 448 2434 crucis
482 2400 590 2444 gloria
620 2401 805 2446 periclitari
836 2413 933 2444 sese,
968 2403 1119 2436 ardorem
1151 2401 1390 2446 audaciamque
1419 2412 1441 2435 a
1471 2412 1575 2435 causa
1608 2400 1688 2435 belli

238 2446 435 2486 trabentes,
469 2445 650 2480 fortissime
681 2447 842 2481 adversus
871 2447 1085 2491 quantamvis
1119 2448 1275 2481 fortunae
1304 2447 1510 2492 iniquitatem
1533 2447 1688 2480 niteban-

238 2497 307 2525 tur.
353 2501 415 2524 rex
436 2490 570 2525 interim
593 2493 708 2526 morbo
739 2492 967 2526 invalescente
1000 2493 1034 2525 in
1065 2503 1140 2526 eum
1161 2493 1319 2526 redactus
1340 2498 1463 2527 statum
1486 2496 1524 2526 ut
1549 2493 1593 2526 de
1616 2492 1687 2526 vita

239 2537 312 2570 eius
334 2535 591 2581 desperaretur,
626 2537 790 2571 allocutus
818 2543 930 2571 tamen
961 2538 1092 2580 legatos
1122 2542 1196 2580 est,
1227 2549 1380 2583 magnam
1404 2537 1584 2571 ostendens
1605 2548 1688 2582 pro·

239 2582 435 2626 pensionem
466 2581 509 2614 ad
541 2593 656 2626 pacem
679 2582 770 2616 inter
806 2582 1045 2627 imperatorem
1067 2584 1273 2630 fratremque
1298 2583 1551 2630 procurandam.
1595 2593 1689 2616 eam-

238 2637 308 2670 que
329 2626 590 2661 conciliationem
613 2639 675 2673 pro
698 2627 825 2662 viribus
846 2638 885 2661 se
908 2633 1154 2671 promoturum,
1177 2629 1212 2665 si.
1229 2630 1299 2664 vita
1322 2633 1538 2674 suppeteret,
1563 2627 1687 2673 promi-

238 2671 307 2712 sit,
331 2678 512 2717 expectare
537 2673 668 2707 interea
688 2673 779 2717 ipsos
802 2677 838 2706 et
860 2672 1036 2717 quiescere
1058 2673 1189 2710 iubens.
1235 2676 1280 2709 ab
1302 2675 1353 2709 his
1368 2673 1469 2708 dictis
1493 2679 1630 2718 postera
1652 2673 1686 2707 ei

240 2716 312 2750 dies
334 2727 489 2762 suprema
509 2717 631 2752 illuxit.
677 2729 758 2763 rege
780 2723 931 2760 mortuo,
961 2719 1021 2764 qui
1054 2719 1086 2753 ei
1117 2721 1315 2761 adstabant,
1347 2719 1496 2754 defuncti
1529 2719 1686 2761 cadaver,

239 2771 303 2805 pro
326 2762 444 2796 merito
466 2763 620 2805 animae,
650 2774 750 2809 quam
772 2762 837 2797 deo
867 2774 943 2798 esse
965 2763 1173 2800 carissimam
1194 2766 1481 2811 persuasissimum
1503 2764 1686 2807 habebant,

238 2807 420 2850 unguentis
450 2808 632 2844 delibutum
653 2816 690 2843 et
718 2809 834 2844 ahenis
855 2809 1064 2845 ferventibus
1092 2810 1258 2846 incoctum
1293 2811 1449 2857 pretiosis
1468 2809 1690 2844 condiderunt
