1846 3262
202 198 299 244 156
619 196 856 240 GEORGII
889 197 1242 245 PACHYMERIS

198 310 398 366 τιμωρίαν
417 313 492 352 τοῦ
512 312 616 352 θεοῦ
638 309 842 366 γενέσθαι.
897 312 1020 355 τοῦτ’
1042 310 1231 371 ἐπράχθη
1251 317 1318 359 καὶ
1337 316 1402 359 ἐπὶ
1423 321 1507 360 τῶν
1524 314 1665 363 πάλαι.

199 382 265 423 καὶ
297 386 384 428 τοῖς
417 376 621 432 πατράσιν
657 377 990 435 ἐπαγγειλάμενος
1019 382 1092 437 τὴν
1123 383 1286 439 ἀγαθὴν
1315 390 1391 442 γῆν
1418 386 1569 441 ἐκείνην
1591 371 1665 443 τὴν

197 447 324 491 πάλαι
357 451 706 502 προαγγελθεΐσαν
736 453 794 506 τῷ
819 448 1031 506 Ἀβραάμ,
1077 449 1133 502 ὥς
1173 452 1319 496 αὐτίκα
1346 458 1420 510 τῆς
1447 452 1664 510 Αἰγύπτου

198 517 465 572 ἀπαλλαγεῖσι
497 516 745 571 ληψομένοις
772 519 923 573 ἐκείνην
936 551 950 572 ,
987 517 1007 562 ὃ
1031 521 1254 571 δέςέκείνων
1276 523 1351 576 μὲν
1382 524 1447 566 ἐπὶ
1474 529 1549 579 τῆς
1567 522 1665 581 ἐρή-

199 603 282 641 μου
303 592 438 628 πεσεῖν
462 586 512 627 τά
533 585 635 628 ὀστᾶ
661 586 952 643 παρεσκεύασε,
991 596 1078 639 τοῖς
1097 589 1138 632 δ’
1159 591 1261 633 υἱέσι
1281 595 1434 648 πληροῖ
1447 592 1522 647 τὴν
1538 594 1696 649 ἐπαγ-5

148 666 181 701 Ε
203 657 337 711 γελιάν
348 687 361 707 ,
397 656 463 697 καὶ
482 654 531 696 οὗ
553 655 729 698 διέπεσεν
747 654 773 712 ἦ
791 654 1019 712 ὑπόσχεσις.
1091 657 1200 702 οὕτω
1222 661 1389 710 δικαίοις
1406 660 1570 717 με’τροις
1597 664 1665 704 καὶ

198 728 406 778 σταθμοῖς
427 724 469 766 αἶ
489 729 597 766 θεῖαι
620 724 783 779 πράξεις
802 727 1125 779 οἷκονομοῦνται.
1196 729 1336 784 καιρὸς
1352 733 1451 784 γοῦν
1467 737 1665 783 μετοικεῖν

193 791 532 849 προστάσσοντος
555 798 629 836 τοῦ
649 799 776 846 θεοῦ,
814 794 861 836 οὐ
882 797 1099 846 σκιαδείοις
1119 798 1163 839 ἐκ
1178 795 1345 853 φύλλων
1366 799 1407 840 ἐν
1430 797 1664 853 λαμπήναις

195 863 358 921 (ταῦτα
385 862 463 918 γὰρ
494 858 599 916 ἦσαν
620 863 666 905 τὸ
691 862 844 920 πάλαι)
878 864 984 907 ἀλλὰ
1013 866 1272 919 σκεπομένοις
1290 865 1427 923 χάριτι
1446 872 1521 910 τοῦ
1545 872 1662 910 θεοῦ.

196 934 264 975 καὶ
287 931 339 985 δὴ
362 933 404 982 ἐξ
426 931 554 985 αὐτῆς
573 929 660 987 ἅμα
680 933 869 985 πεμπέτω
889 950 949 983 τις
971 938 1048 977 τῶν
1068 932 1300 991 ἀρχόντων,
1332 937 1398 978 καὶ
1417 936 1661 990 λαμβανέτω
1674 946 1718 980 10

195 1001 293 1051 τοῦς
327 1000 464 1050 οἴκους
488 998 536 1042 οἷ
553 1003 729 1043 πανοικεὶ
758 1000 1002 1058 κατοικήσει.
1071 1005 1106 1045 εἴ
1132 1005 1206 1058 μὲν
1227 1007 1447 1059 συμβαίνοι
1465 1005 1562 1054 τοὺς
1579 1023 1662 1048 πα-

196 1072 336 1126 τριόυς
367 1068 468 1113 εἶναι
498 1072 564 1111 καὶ
595 1069 694 1120 τοῦς
721 1075 795 1113 τοῦ
825 1071 966 1125 γε’νους
998 1070 1213 1126 περιόντας
1233 1072 1316 1127 ἔτι,
1355 1068 1398 1116 εὖ
1419 1072 1470 1116 ἂν
1491 1071 1660 1128 σχήσοι·

195 1141 231 1182 εἷ
253 1139 295 1181 δ’
323 1134 394 1181 οὗν
406 1171 419 1191 ,
458 1137 564 1180 ἀλλά
587 1156 648 1188 τις
670 1139 895 1194 ε’κλεγὲσθω
916 1140 1014 1190 τούς
1034 1138 1272 1196 ἅρμοὸιόυς.
1320 1143 1442 1198 ἐχρῆν
1460 1142 1538 1199 γὰρ
1557 1147 1661 1185 θεοῦ

55 1213 83 1247 Ρ
110 1214 172 1247 101
198 1206 385 1257 διδόντος
415 1207 490 1262 τὴν
517 1205 639 1263 χάριν
669 1207 775 1250 κατὰ
800 1205 952 1262 νόμους
985 1211 1135 1252 ἐκείνου
1162 1218 1288 1253 ποιεῖν
1307 1213 1372 1253 καὶ
1392 1215 1660 1268 προσφιλοτι-

196 1282 368 1332 μεῖσθαι
401 1276 447 1318 τὸ
479 1277 602 1332 μέρος
624 1275 795 1335 ἑκάστῳ.
867 1277 963 1319 οὐδὲ
981 1277 1058 1333 γὰρ
1079 1277 1176 1333 ἡμῖν
1193 1278 1334 1333 μόνοις
1353 1280 1457 1322 ἀλλὰ
1473 1282 1540 1322 καὶ
1561 1278 1657 1334 ὑμῖν
1672 1285 1714 1320 15

196 1349 352 1389 δίκαιον
373 1343 563 1400 ἡγεῖσθαι
586 1345 632 1388 τὸ
655 1351 771 1388 θεῖον
790 1347 1058 1400 χαρίζεσθαι·
1087 1349 1154 1389 καὶ
1177 1347 1312 1404 ὥσπερ
1335 1349 1380 1392 τὸ
1404 1349 1661 1405 ἀπερρῖφθαι

194 1414 330 1458 κοινὸν
354 1413 400 1456 τὸ
427 1418 500 1467 τῆς
528 1413 650 1470 ὀργῆς
678 1413 765 1468 ἅμα
793 1415 954 1456 πίνουσι
979 1412 1129 1467 κόνδυ,
1168 1415 1278 1458 οὕτω
1298 1419 1364 1458 καὶ
1388 1417 1433 1459 τὸ
1454 1418 1660 1466 ἐπανακα-

194 1488 358 1527 λεῒσθαι
379 1483 602 1526 καθολικόν
623 1482 698 1540 τὴν
720 1483 946 1540 εὐεργεσίαν
965 1482 1260 1538 λαμβάνουσιν.
1306 1485 1478 1540 ἕψονται
1499 1485 1542 1528 δ’
1565 1483 1660 1543 ἑφε-

282 1604 316 1640 3.
341 1603 430 1650 τῆς]
453 1605 533 1644 τοῖς
553 1603 594 1638 P.

195 1721 335 1745 cernere
357 1709 439 1743 licet
462 1713 498 1743 et
520 1709 555 1744 in
574 1708 736 1753 antiquis.
783 1720 861 1743 nam
885 1709 1081 1755 promissam
1103 1708 1258 1754 patribus
1277 1709 1411 1744 felicem
1433 1712 1572 1752 terram,
1594 1709 1659 1745 du-
1701 1739 1707 1742 .

192 1758 273 1791 dum
304 1756 578 1802 praenuntiatam
610 1756 803 1790 Abrahamo
837 1759 996 1801 tanquam
1031 1756 1148 1790 statim
1182 1756 1328 1790 dandam
1348 1755 1501 1791 liberatis
1524 1767 1567 1790 ex
1589 1758 1659 1791 Ae-

191 1808 298 1848 gypto
314 1802 425 1847 ipsius
451 1801 619 1848 posteris,
654 1801 690 1835 hi
724 1802 860 1847 quidem
887 1814 952 1836 non
975 1807 1182 1848 acceperunt
1203 1802 1239 1836 in
1261 1802 1399 1837 deserto
1421 1801 1562 1842 mortui,
1595 1801 1658 1836 sed

194 1861 311 1884 eorum
334 1849 465 1882 ossibus
486 1859 631 1893 peregre
654 1847 782 1882 relictis
804 1848 974 1882 feliciores
996 1848 1130 1882 illorum
1153 1848 1214 1882 filii
1238 1848 1407 1894 desponsa
1429 1860 1495 1882 non
1516 1848 1659 1893 singulis

191 1894 372 1941 quibusvis
406 1894 574 1940 capitibus
602 1894 662 1928 sed
697 1893 880 1928 universim
909 1894 1120 1928 Israeliticae
1151 1895 1243 1938 genti
1277 1895 1470 1929 hereditate
1502 1894 1659 1930 adeunda

192 1942 294 1976 fidem
317 1941 550 1975 vaticiniorum
572 1940 781 1982 liberarunt,
818 1940 1062 1986 splendideque
1084 1941 1358 1975 demonstrarunt
1378 1940 1467 1974 haud
1490 1940 1660 1975 excidisse

194 2000 237 2023 ac
260 1988 304 2022 ad
327 1992 511 2022 extremum
536 1999 634 2021 cassa
657 1990 779 2021 eventu
802 1987 1004 2021 remansisse
1026 1998 1114 2032 quae
1144 1987 1228 2020 deus
1249 1987 1479 2031 praedixerat.
1527 1986 1579 2020 sic
1602 1986 1658 2020 iu-

192 2034 258 2069 stis
282 2034 446 2068 mensuris
470 2033 655 2079 aequisque
678 2033 880 2078 ponderibus
909 2033 1045 2067 divinae
1067 2044 1200 2078 semper
1222 2033 1460 2078 dispensantur
1482 2033 1658 2079 operatio-

193 2092 267 2115 nes.
313 2085 447 2125 tempus
469 2079 574 2123 igitur
595 2091 682 2113 nunc
707 2085 761 2114 est
784 2079 922 2113 iubente
945 2079 1027 2120 deo,
1053 2084 1091 2113 ut
1107 2091 1173 2113 non
1191 2079 1394 2113 umbraculis
1417 2079 1573 2113 foliorum
1596 2082 1659 2113 aut

192 2138 362 2161 ramorum
385 2126 519 2170 attegiis
542 2125 685 2171 protecti
702 2137 856 2171 pompam
874 2125 1044 2159 curulibus
1059 2125 1288 2160 tabernaculis
1305 2126 1424 2159 festam
1440 2125 1657 2159 traducamus

196 2173 258 2218 (id
282 2178 359 2207 erat
379 2172 508 2207 veteris
530 2173 598 2206 iam
621 2171 789 2218 antiquati
813 2171 958 2215 moris),
993 2171 1054 2206 sed
1088 2172 1201 2206 ornati
1223 2171 1278 2205 dei
1301 2171 1415 2216 gratia
1447 2171 1656 2205 celebremus

194 2219 357 2253 laetitiam
382 2230 480 2263 quam
504 2219 580 2264 ipse
602 2218 697 2253 fecit.
743 2224 847 2263 atque
871 2218 955 2251 adeo
983 2218 1051 2252 iam
1082 2229 1171 2252 nunc
1207 2218 1447 2263 praemittatur
1477 2217 1511 2251 in
1538 2217 1657 2251 urbem

195 2265 316 2310 aliquis
338 2265 525 2309 principum
549 2269 695 2299 metator
717 2264 890 2306 domorum
913 2263 1098 2306 avitarum,
1132 2264 1168 2298 in
1201 2274 1286 2309 quas
1317 2274 1432 2298 sumus
1464 2262 1655 2309 migraturi.

195 2315 233 2345 et
262 2311 425 2355 siquidem
458 2311 534 2345 illas
568 2311 661 2356 ipsas
693 2322 778 2357 quas
811 2315 928 2356 patres
959 2310 1172 2344 incoluerunt
1202 2309 1404 2344 hereditario
1438 2310 1559 2355 cuique
1579 2308 1656 2343 iure

195 2357 330 2391 debitas
352 2357 490 2392 idoneas
513 2358 702 2403 repererit,
726 2358 814 2392 bene
836 2356 996 2390 habebit:
1022 2356 1075 2390 sin
1098 2368 1202 2398 vero,
1226 2367 1454 2402 quascumque
1478 2361 1579 2401 aptas
1600 2354 1653 2389 in·

194 2403 328 2445 veniet,
361 2409 462 2448 paret
493 2415 554 2450 pro
587 2410 749 2449 tempore.
797 2403 898 2437 decet
923 2403 1011 2437 enim
1042 2414 1102 2436 nos
1134 2406 1203 2436 tam
1227 2402 1390 2447 singulari
1413 2401 1467 2436 dei
1490 2399 1655 2435 beneficio

193 2449 337 2483 affectos
361 2449 527 2493 legitimas
549 2450 582 2484 ei
606 2451 640 2483 in
664 2450 739 2495 ipsa
759 2449 817 2484 illa
840 2460 939 2494 quam
968 2448 1203 2483 liberalissime
1228 2448 1397 2483 concessit
1429 2447 1595 2482 ecclesiae
1618 2451 1656 2480 et

193 2495 326 2540 imperii
348 2495 525 2540 metropoli
545 2496 675 2539 gratias
700 2507 821 2541 agere,
856 2506 897 2529 ac
921 2506 994 2529 cum
1018 2507 1078 2537 eo,
1111 2500 1151 2529 ut
1173 2495 1289 2530 divina
1311 2495 1366 2528 lex
1387 2494 1504 2536 iubet,
1534 2493 1570 2527 in
1591 2504 1656 2528 sua

192 2553 360 2587 quemque
383 2541 584 2587 postliminio
607 2543 782 2576 reducere.
828 2553 894 2575 uon
917 2542 1004 2575 enim
1028 2541 1126 2576 nobis
1149 2542 1249 2584 solis,
1284 2541 1346 2576 sed
1375 2540 1472 2574 vobis
1493 2539 1596 2574 etiam
1619 2546 1656 2574 et

192 2593 342 2622 vestrum
366 2587 494 2622 viritim
516 2588 656 2632 singulis
682 2587 870 2633 gratificari
893 2588 958 2621 hoc
980 2587 1062 2622 miro
1086 2591 1208 2622 eventu
1231 2588 1330 2622 deum
1355 2586 1505 2621 voluisse
1530 2591 1655 2631 putan-

193 2634 272 2667 dum
296 2638 362 2668 est.
407 2634 490 2679 quin
518 2634 606 2667 sicut
629 2634 847 2668 communiter
878 2634 923 2667 ad
954 2645 1067 2668 omnes
1091 2635 1293 2680 imperantes
1315 2634 1410 2667 iuxta
1431 2631 1655 2678 subditosque

193 2679 358 2725 pertinuit
389 2679 593 2725 expulsionis
625 2692 645 2714 e
678 2681 791 2726 patria
822 2679 1018 2723 calamitas,
1062 2684 1166 2726 atque
1195 2681 1228 2714 in
1262 2680 1366 2714 calice
1400 2678 1474 2713 irae
1505 2677 1561 2711 dei
1591 2689 1655 2723 per

193 2738 308 2760 omnes
331 2725 527 2760 circumlato
553 2732 686 2771 partem
709 2726 852 2772 quisque
875 2737 970 2760 suam
993 2738 1130 2761 amarae
1158 2726 1305 2772 potionis
1336 2724 1465 2765 hausit,
1500 2723 1551 2758 ita
1575 2735 1653 2758 con-

193 2772 288 2806 venit
317 2778 356 2807 ut
393 2783 581 2807 conversae
609 2773 645 2806 in
677 2772 796 2806 melius
827 2772 930 2806 sortis
965 2777 1002 2807 et
1033 2772 1252 2808 exuberantis
1275 2772 1354 2806 inde
1375 2770 1528 2805 laetitiae
1551 2779 1655 2804 sensu

194 2829 310 2852 omnes
335 2819 591 2863 perfundantur.
640 2822 717 2864 post
739 2817 948 2864 primosqui
970 2819 1049 2853 illuc
1073 2817 1354 2863 remigraverint,
1389 2822 1574 2862 sequentur
1597 2827 1654 2850 eo·-

193 2864 270 2900 dem
292 2876 354 2900 suo
379 2864 499 2900 deinde
521 2864 640 2900 ordine
660 2864 793 2912 reliqui.
841 2868 877 2899 et
899 2865 949 2899 sic
971 2865 1094 2901 iterum
1114 2865 1279 2900 exhausta
1301 2863 1545 2910 replebuntur,
1570 2873 1655 2898 uno—
