1884 3262
317 193 415 241 644
709 190 1016 236 OBSERVAT.
1047 190 1353 237 PACHYMER.

318 298 550 356 oportuerit.
609 303 805 336 caeterum
822 297 855 336 si
870 297 935 338 cui
952 298 1072 350 magis
1086 291 1184 336 haec
1195 297 1324 350 placet
1336 296 1473 349 lectio,
1499 297 1749 338 referendum

319 368 534 411 pronomen
551 352 724 402 ἐκείνους
743 353 795 391 ad
810 353 978 393 Venetos
995 361 1036 393 et
1053 354 1208 403 Pisanos
1229 354 1326 402 erit,
1353 366 1470 404 quos,
1497 355 1588 404 quia
1606 354 1749 393 minori

315 418 483 453 vnumero
501 414 627 448 essent
645 422 761 459 quam
780 415 827 448 ut
841 409 889 447 ab
909 411 955 448 iis
976 410 1106 450 timeri
1123 410 1258 448 seditio
1278 414 1429 462 posset,
1458 407 1568 447 haud
1591 415 1749 461 gravate

319 473 521 521 pateretur
538 466 751 516 imperator
765 464 873 504 intra
891 466 999 506 urbis
1019 467 1168 506 moenia
1187 466 1323 517 degere
1334 493 1345 514 ,
1374 478 1464 504 cum
1490 477 1513 502 a
1532 465 1751 504 Genuensi-

319 526 394 564 bus
418 521 668 562 multitudine
695 521 913 560 metuendis
941 523 1076 562 turbas
1109 523 1254 573 aliquas
1279 522 1417 559 timens
1444 520 1600 558 minime
1617 527 1751 560 tutum

321 580 558 618 existimaret
572 577 619 615 iis
637 577 831 616 domicilia
846 578 888 615 in
905 579 1002 616 urbe
1019 580 1204 617 tribuere.
1259 589 1399 628 quare,
1427 581 1475 614 ut
1493 575 1632 614 deinde
1648 590 1680 615 c.
1694 575 1749 618 35

321 635 527 683 scribitur,
566 633 669 684 ipsos
705 633 874 685 primum
899 633 1126 672 Heracleam
1156 633 1342 672 Thraciae
1370 632 1641 680 submoverat,
1681 630 1750 669 sed

319 698 455 745 postea
473 695 624 728 mutata
644 690 834 728 sententia
852 701 916 727 eos
931 690 974 728 in
992 690 1222 729 suburbium
1238 689 1414 727 Galatam
1434 687 1642 726 transtulit.
1670 699 1750 724 non

321 747 496 799 poenitet
519 744 674 796 quidem
701 758 762 783 me
787 745 928 796 prioris
954 746 1030 784 iam
1047 747 1170 784 editae
1187 745 1380 792 lectionis,
1404 756 1503 794 quae
1521 742 1753 781 sententiam

319 803 430 842 haud
455 800 739 841 inverisimilem
764 801 963 853 exprimit:
991 809 1122 841 tamen
1147 802 1179 839 si
1206 802 1290 852 quis
1309 800 1384 838 erit
1401 799 1462 837 cui
1482 799 1567 851 plus
1582 797 1754 836 arrideat

321 861 465 906 altera,
488 858 522 896 is
550 856 601 894 ad
628 869 713 895 eam
742 858 985 895 conformare
1012 858 1370 909 interpretationem
1390 855 1566 893 Latinam
1586 854 1627 892 in
1644 853 1753 894 hunc

321 915 483 954 modum
506 913 669 964 poterit:
705 918 898 951 caeterum
927 913 1198 953 Genuensihas
1220 914 1324 950 satis
1339 910 1468 962 fidere
1491 924 1570 949 non
1590 915 1752 961 poterat

323 973 434 1008 intra
461 969 596 1007 urbem
622 967 872 1019 degentibuS,
901 968 1013 1020 quod
1039 971 1160 1007 multi
1187 975 1311 1006 essent
1331 980 1400 1005 nec
1414 980 1504 1004 cum
1528 966 1626 1003 aliis
1647 977 1752 1002 com-

322 1027 491 1064 muniter
518 1026 689 1062 viverent
713 1022 776 1076 *).
831 1025 1006 1062 Pisanos
1037 1033 1073 1063 et
1106 1026 1271 1064 Venetos·
1295 1023 1420 1061 multo
1443 1023 1649 1072 inferiores
1673 1033 1752 1057 nu·-

322 1095 425 1119 mero
444 1082 554 1118 intra
576 1081 774 1119 moenium
792 1080 985 1118 ambitum
1007 1079 1145 1119 domos
1160 1081 1301 1119 habere
1316 1076 1433 1117 haud
1449 1092 1564 1129 aegre
1586 1076 1752 1114 sinebat.

431 1161 470 1199 p.
494 1149 572 1188 173
590 1158 629 1184 v-
650 1147 712 1186 11.
767 1151 1113 1197 χειροτονηθεῖσιν.
1167 1146 1270 1185 hanc
1295 1157 1430 1184 vocem
1455 1145 1510 1181 sic
1526 1142 1752 1182 emendavi·-

319 1217 427 1252 mus,
455 1200 667 1240 necessaria
690 1204 738 1237 ut
764 1201 995 1251 putabamus
1019 1203 1190 1251 ratione,
1219 1214 1309 1239 cum
1335 1201 1379 1238 in
1405 1199 1625 1251 archetypis
1650 1198 1751 1236 clare

318 1260 508 1310 legeretur
526 1258 875 1309 χειροθετηθεῖσιν.

429 1327 463 1356 c,
486 1315 522 1355 8.
580 1312 690 1359 Quos
715 1309 793 1349 hoc
815 1312 940 1364 capite
965 1318 1099 1350 noster
1124 1311 1331 1363 Aethiopas
1357 1309 1544 1363 appellat,
1571 1307 1614 1348 hi
1638 1315 1752 1348 erant

319 1369 500 1408 Saraceni
514 1366 686 1419 Aegypto
701 1378 768 1418 per
785 1365 827 1404 id
843 1374 995 1420 tempus
1008 1367 1286 1420 imperitantes,
1303 1381 1392 1405 cum
1408 1366 1548 1417 quibus
1565 1371 1604 1403 et
1621 1366 1661 1403 S.
1671 1366 1751 1403 Lu-

183 1431 211 1463 Ρ
234 1428 300 1464 451
327 1426 466 1464 dovico
494 1424 735 1462 Francorum
760 1423 841 1472 regi
862 1430 903 1462 et
931 1423 1012 1461 aliis
1042 1424 1280 1476 principibus
1307 1422 1534 1461 Christianis
1559 1421 1752 1472 lerosoly-

320 1496 426 1520 mam
443 1486 483 1519 et
498 1479 570 1516 alia
587 1478 822 1517 Palaestinae
840 1479 925 1518 loca
944 1481 1220 1532 occupantibus
1234 1492 1371 1531 graves
1387 1477 1650 1516 dimicationes
1663 1478 1751 1516 fue-

319 1544 430 1578 runt.
487 1535 610 1587 aperit
636 1540 766 1572 autem
783 1533 851 1573 hic
869 1535 970 1574 clare
991 1536 1244 1588 Pachymeres
1261 1536 1444 1586 originem
1461 1535 1628 1572 famosae
1645 1533 1751 1572 mili-

319 1595 397 1632 tiae
435 1590 829 1637 Mammaluchorum,
865 1591 1053 1630 conflatae
1081 1605 1132 1631 ex
1159 1593 1357 1643 mancipiis
1385 1589 1522 1629 maiori
1556 1602 1605 1627 ex
1638 1594 1751 1641 parte

311 1648 533 1700 Scythicis,
560 1658 658 1698 quae
689 1646 829 1698 puerili
855 1654 981 1687 aetate
1010 1661 1059 1687 ex
1083 1648 1236 1687 Euxino
1254 1649 1296 1687 in
1314 1647 1530 1698 Aegyptum
1548 1645 1752 1698 deportata

319 1706 374 1743 ibi
391 1704 651 1742 educarentur
669 1708 708 1740 et
727 1701 989 1743 adolescerent
1004 1705 1045 1743 in
1062 1705 1202 1743 milites
1216 1704 1455 1751 fortissimos,
1480 1715 1617 1752 magno
1634 1701 1752 1740 Chri-

315 1761 535 1810 stianorum
569 1758 732 1809 damno,
761 1771 833 1796 nec
856 1759 997 1799 minori
1015 1762 1128 1813 culpa
1149 1758 1456 1799 Christianorum
1475 1758 1751 1801 Constantino-

318 1817 402 1868 poli
431 1814 732 1863 dominantium,
765 1814 905 1864 quibus
937 1821 1021 1853 erat
1045 1815 1267 1854 facillimum
1288 1815 1395 1853 istud
1417 1813 1621 1852 exitiosum
1639 1814 1750 1852 Iero-

318 1870 551 1922 solymitano
567 1882 685 1920 regno
707 1871 980 1910 commercium
999 1872 1249 1923 intercipere,
1278 1871 1351 1909 nisi
1369 1868 1548 1917 avaritia,
1577 1869 1749 1918 ambitio,

319 1927 427 1965 avita
451 1925 655 1963 aemulatio
677 1925 906 1965 Latinorum
923 1927 1009 1977 plus
1029 1926 1135 1979 apud
1153 1940 1217 1965 eos
1238 1940 1353 1976 quam
1370 1923 1559 1973 religionis
1578 1926 1749 1964 rationes

319 1981 550 2030 valuissent5
582 1992 702 2031 quare
726 1983 865 2021 merito
884 1980 1136 2034 Pachymeres
1153 1983 1341 2035 capitibus
1357 1981 1384 2023 4
1402 1986 1441 2018 et
1457 1980 1482 2022 5
1501 1981 1749 2032 sequentibus

318 2036 395 2076 hoc
416 2037 563 2075 factum
580 2036 787 2088 improbat.

429 2106 468 2144 p.
493 2094 571 2133 180
601 2105 639 2131 v.
659 2095 723 2134 19.
780 2100 857 2132 tres
881 2095 1050 2146 reginae.
1107 2092 1183 2132 hoc
1211 2098 1270 2131 est
1297 2098 1376 2131 tres
1406 2093 1532 2145 regiae
1561 2093 1748 2144 virgines:

320 2161 411 2186 nam
435 2161 485 2185 ex
509 2147 661 2198 regibus
686 2153 797 2187 natas
823 2150 971 2202 reginas
995 2149 1213 2202 nuncupari
1236 2162 1329 2188 usus
1356 2149 1433 2188 iam
1459 2150 1551 2188 olim
1568 2148 1747 2199 invaluit,

320 2203 429 2241 cuius
445 2203 621 2255 exempla
638 2204 777 2254 passim
798 2211 1025 2246 occurrunt.

428 2272 469 2299 v.
486 2258 551 2300 24.
607 2260 717 2298 Maio
736 2258 783 2298 de
798 2264 1013 2301 Belicurto.
1067 2261 1214 2300 indicat
1229 2261 1355 2299 forma
1373 2259 1540 2299 nominis
1554 2258 1748 2299 Francum

319 2312 427 2352 hunc
441 2314 569 2362 fuisse,
596 2316 805 2365 suadetque
823 2318 937 2368 idem,
957 2317 1064 2369 quod
1080 2318 1341 2368 Peloponneso
1360 2316 1441 2356 sive
1460 2316 1624 2366 Morene,
1640 2315 1748 2354 unde

321 2368 386 2407 hic
406 2376 515 2408 ortus
534 2370 697 2422 dicitur,
725 2372 866 2412 Franci
883 2380 970 2412 tum
989 2374 1272 2426 imperitabant.

430 2438 469 2476 p.
487 2427 563 2466 181
586 2440 623 2464 v.
640 2431 677 2468 3.
741 2429 981 2468 Vintimilia.
1035 2436 1130 2469 nota
1151 2427 1247 2467 haec
1268 2434 1326 2467 est
1345 2426 1547 2480 appellatio
1565 2426 1745 2478 antiquae

320 2493 368 2543 ac
389 2480 626 2543 ‘praenobilis
651 2483 814 2524 familiae
836 2485 1065 2537 Genuensis,
1102 2483 1314 2536 hodieque,
1349 2490 1397 2523 ut
1423 2483 1580 2535 opinor,
1605 2495 1744 2535 super-

319 2541 433 2576 stitis.

430 2603 468 2642 p-
488 2593 565 2634 183
588 2604 627 2632 v.
646 2597 709 2635 26.
768 2599 812 2634 in
831 2611 1030 2649 purpura.
1085 2596 1193 2636 vides
1217 2595 1308 2634 hinc
1326 2608 1405 2634 non
1423 2593 1515 2633 satis
1534 2593 1670 2642 fuisse,
1695 2598 1744 2632 ut

323 2647 407 2698 quis
422 2646 772 2700 Porphyrogenitus
792 2652 1004 2703 diceretur,
1033 2659 1169 2692 natum
1185 2653 1302 2691 fuisse
1325 2664 1375 2690 ex
1398 2656 1510 2703 patre
1524 2651 1601 2688 iam
1619 2649 1745 2700 impo-

407 2770 449 2825 ²'‘-)
495 2783 555 2807 nec
577 2790 621 2798 -
643 2770 805 2808 viverent.
840 2771 938 2807 immo
961 2777 995 2807 et
1017 2773 1086 2807 illis
1107 2774 1257 2818 utrisque
1279 2772 1384 2808 etiarn
1405 2768 1588 2805 aenimate·
1608 2778 1746 2804 numero

317 2827 511 2860 superiores.
