1846 3262
231 193 337 245 158'
646 200 884 246 GEORGII
916 203 1272 249 PACHYMERIS

227 312 332 368 εἶχον
352 311 454 368 πρὸς
477 311 650 364 ἐκείνους
669 314 709 357 οἱ
727 319 931 369 βασιλεῖς·
969 319 1003 360 εἲ
1018 317 1095 374 γὰρ
1114 318 1172 374 μὴ
1191 323 1274 362 τῶν
1293 318 1527 377 ἐπιτηδείων
1548 322 1592 366 ἔκ
1611 328 1694 367 τῶν

173 395 206 429 D
230 385 390 436 συχνῶν
420 386 566 435 μοιχῶν
593 384 635 425 ἐν
668 382 811 427 σπάνει
834 385 1015 441 ἐγένοντο
1028 420 1040 439 ,
1078 387 1152 430 οὐκ
1173 387 1223 430 ἂν
1242 391 1310 447 καὶι
1330 395 1411 433 τῶν
1434 395 1694 445 θαυμαστῶν

225 455 335 493 ναῶν
367 447 561 504 ἥπτοντο.
631 452 737 507 πλὴν
764 454 817 496 τὰ
847 455 941 505 ξένα
967 455 1223 510 κατέχοντες,
1276 459 1343 499 καὶ
1371 460 1456 502 αι’ὲν
1492 460 1533 502 ἓν
1565 462 1694 522 δειλιά

225 518 338 567 ὄντες
359 523 433 560 τοῦ
457 521 691 575 ἐξωσθῆναι
712 527 794 565 τῶν
814 523 872 577 μὴ
897 526 1012 580 σφίσι
1042 523 1353 579 προσηκόντων,
1391 526 1584 571 ἔσπευδον
1617 528 1694 572 ἄλ-

224 592 295 638 λος
315 587 414 629 ἄλλο
434 605 471 630 τι
494 588 549 638 εἷς
565 597 704 645 χεῖρας
728 591 774 634 τὸ
805 590 1020 649 ἀλλότριον
1037 593 1138 649 ἔχων
1158 592 1352 638 ὑποσπᾶν
1371 613 1414 638 τε
1436 598 1502 639 καὶ
1519 595 1691 640 ὖποκλὲ-
1704 609 1726 643 5

223 663 360 709 πτεῒν,
397 654 452 706 ὦς
471 659 532 699 ἐπὶ
554 659 657 701 πολῦ
677 660 735 714 μὴ
759 660 871 711 ἕξων.

356 723 404 768 Ὁ
424 727 498 780 μὲν
518 722 590 770 οἶν
610 729 802 782 βασιλεὺς
826 729 948 773 ταῦτ’
974 728 1095 773 εἰπών
1114 748 1157 774 τε
1178 732 1244 772 καὶ
1264 729 1424 787 πράξας
1445 732 1514 775 διὰ
1538 733 1694 788 ταχέων

226 793 443 837 ἀπέστελλε
475 796 576 851 πρὸς
609 797 681 840 τὸν
712 800 930 854 Καίσαρα,
960 799 1062 843 οὔθ’
1087 799 1197 850 ἅπαξ
1218 800 1287 841 ἵνα
1309 799 1401 842 οὔτε
1423 802 1518 852 τοὺς
1537 801 1695 853 πάντας

173 871 206 906 Ε
232 861 342 918 ἅμα,
381 864 485 906 ἀλλὰ
519 867 694 920 συχνούς
724 867 828 910 καθ’
865 866 1021 925 ἡμέραν
1049 867 1198 918 ἄλλους
1227 868 1295 910 ἐπ’
1319 869 1478 923 ἄλλοις,
1511 869 1597 925 ἅμα
1618 873 1696 925 μὲν

226 931 458 983 πλειστάκις
490 935 591 991 πρὸς
626 936 776 978 ἐκείνου
809 938 938 991 ζητῶν
969 936 1197 990 μανθάνειν
1233 939 1322 993 περὶ
1355 936 1563 992 ἑκάστων,
1607 939 1693 995 ἅμα
1707 951 1751 984 10

231 1002 275 1043 δ’
303 1001 528 1046 ἐπιτάττων
559 1006 625 1046 καὶ
656 1004 906 1048 καθιστάναι
927 1006 1061 1058 τάκεῖ,
1100 1004 1156 1055 ὡς
1186 1005 1281 1060 μετ’
1303 1006 1351 1048 οὗ
1382 1007 1486 1049 πολὺ
1517 1008 1697 1060 κάκεῖνος

231 1071 306 1114 σῦν
326 1078 411 1121 τοῖς
429 1070 541 1128 ἀμφ’
564 1073 689 1116 αὐτὸν
712 1073 995 1129 ἓπιδημήσων·
1031 1075 1337 1129 εὐτρεπίζεσθαι
1359 1075 1436 1131 γὰρ
1457 1078 1523 1118 καὶ
1544 1077 1595 1119 τὰ
1615 1082 1697 1121 τῶν

230 1142 442 1183 παλατίων
468 1142 752 1198 προσέταττεν.
822 1143 860 1185 οἶ
882 1143 929 1184 δέ
946 1160 988 1199 γε
1007 1148 1242 1198 μεγιστᾶνες
1261 1146 1326 1185 καὶ
1349 1144 1466 1187 αὐτοὶ
1494 1145 1598 1188 καθ’
1626 1147 1698 1189 ἕνα

227 1209 299 1252 τὸν
330 1211 474 1252 οἴκεΐον
504 1210 748 1254 ἀπέστελλον
771 1209 826 1260 ὥς
847 1210 1093 1265 αἲτήσοντάς
1113 1229 1155 1254 τε
1177 1214 1243 1254 καὶ
1263 1212 1524 1267 ληψομένους
1543 1214 1617 1264 τὰς
1636 1217 1698 1256 οῗ-
1756 1258 1761 1263 ,,

229 1279 344 1328 κιάς·
379 1279 486 1333 μηδὲ
512 1279 590 1335 γὰρ
621 1281 688 1320 καὶ
718 1274 843 1329 αὖθις
865 1278 963 1322 εἶναι
986 1279 1204 1335 βραδύνειν
1223 1281 1424 1334 βασιλέως
1444 1282 1695 1338 κινηθέντος.
1709 1290 1750 1326 15

228 1349 368 1390 ἐκεῖνοι
396 1347 471 1401 μὲν
501 1343 574 1389 οὗν
601 1346 859 1400 ἐπιστάντες,
896 1349 1040 1398 καθὼς
1066 1349 1236 1399 ἕκαστος
1269 1348 1370 1403 εἷχε,
1410 1358 1496 1400 τοῖς
1521 1369 1696 1406 προστε-

82 1425 112 1460 Ρ
141 1425 207 1461 102
230 1415 442 1472 ταγμὲνοις
470 1423 700 1472 προσεῖχον,
773 1414 794 1459 ὃ
823 1414 989 1473 Καῖσάρ
1025 1434 1066 1460 τε
1098 1418 1249 1472 διένεμε
1270 1417 1369 1466 τοὺς
1394 1418 1529 1468 οἴκους
1547 1426 1631 1469 τοῖς
1652 1437 1696 1463 τε

228 1482 466 1543 προσώποις
485 1486 553 1527 καὶ
575 1492 666 1535 ταῖς
691 1484 824 1536 ἀξίαις
849 1483 1151 1544 προσηκόντως.
1222 1484 1310 1541 ἅμα
1333 1487 1459 1530 δὲκαὶ
1480 1487 1548 1530 διὰ
1567 1505 1697 1531 σπου-

321 1629 377 1664 17.
399 1624 547 1673 Καῖσάρ
569 1627 628 1671 τε]
655 1629 700 1663 K.
725 1626 795 1663 6:57

229 1752 314 1800 ipsis
338 1754 443 1796 facta,
466 1752 602 1799 quietos
623 1752 698 1787 ilios
722 1764 763 1788 ac
785 1764 922 1788 securos
945 1753 1175 1800 reliquissent.
1219 1768 1295 1791 nam
1318 1756 1383 1791 nisi
1406 1768 1449 1791 ex
1472 1757 1600 1791 crebris
1623 1757 1698 1791 bel-

228 1801 272 1835 lis
304 1800 447 1845 penuria
476 1803 636 1844 urgeret,
671 1799 916 1834 continuissent
948 1801 1067 1846 utique
1100 1814 1121 1836 a
1150 1803 1284 1848 templis
1307 1802 1528 1837 sanctissimis
1554 1815 1697 1848 rapaces

230 1858 360 1881 manus.
406 1857 522 1880 verum
547 1845 653 1879 exteri
672 1851 832 1891 raptores
854 1857 998 1891 magnae
1022 1859 1084 1880 nec
1106 1860 1167 1893 spe
1190 1859 1310 1883 secura
1332 1861 1512 1895 possessae
1534 1849 1697 1884 incuban·-

234 1896 289 1926 tes
307 1893 475 1938 praedae,
499 1892 616 1937 utique
640 1893 776 1926 assidue
799 1892 1124 1928 circumsonantibus
1148 1895 1246 1929 minis
1268 1895 1513 1941 insultibusque
1536 1901 1703 1940 repeten«

234 1939 316 1973 tium
341 1943 377 1972 et
403 1950 445 1972 ex
468 1939 552 1972 urbe
575 1938 667 1983 ipsos
689 1938 817 1983 pellere
842 1940 1055 1982 conantium,
1078 1942 1232 1974 fecerunt
1255 1942 1345 1986 quod
1372 1942 1481 1976 solent
1505 1941 1562 1986 qui
1583 1953 1698 1976 rerum

235 1985 422 2019 alienarum
443 1985 580 2018 brevem
603 1984 700 2018 modo
724 1985 954 2030 furtivamque
977 1986 1066 2019 nacti
1090 1998 1224 2020 usuram
1248 1987 1290 2021 iis
1314 1999 1379 2021 non
1402 1991 1440 2021 ut
1464 1987 1533 2021 suis
1558 1999 1598 2021 ac
1618 1998 1704 2033 pro·'

235 2031 321 2076 priis
345 2035 510 2076 parcunt,
537 2031 598 2064 sed
621 2041 697 2064 mox
721 2031 788 2065 sibi
812 2033 1064 2076 extorquendas
1088 2033 1268 2075 arbitrati,
1290 2033 1426 2068 interim
1451 2034 1531 2067 dum
1552 2033 1634 2068 licet
1656 2034 1699 2068 iis

236 2077 422 2111 abutuntur
453 2077 559 2111 veluti
591 2088 667 2110 mox
697 2077 889 2111 auferendis
925 2082 960 2111 et
991 2078 1178 2122 profuturis
1209 2079 1322 2121 hosti,
1357 2079 1447 2124 quod
1476 2083 1700 2124 praevertere

237 2122 468 2157 subtrahendo
492 2134 534 2157 ac
557 2134 619 2168 pro
643 2134 680 2156 se
704 2123 850 2168 quisque
873 2123 1061 2168 diripiendo
1086 2125 1234 2169 prudens
1258 2126 1432 2159 consilium
1457 2126 1634 2170 putabant.

328 2169 395 2203 His
419 2169 519 2203 dictis
542 2174 579 2203 et
602 2169 688 2204 actis
719 2169 902 2215 imperator
923 2170 1016 2203 misit
1039 2170 1081 2203 ad
1106 2171 1289 2205 Caesarem
1314 2184 1412 2217 quam
1437 2171 1610 2205 ceierrime
1632 2182 1699 2206 non

239 2226 341 2249 unum
365 2215 468 2250 semel
491 2219 551 2249 aut
574 2226 688 2249 omnes
711 2227 796 2258 una,
829 2215 888 2249 sed
913 2215 1035 2249 multos
1058 2216 1208 2262 quotidie
1233 2217 1315 2252 alios
1337 2229 1440 2262 super
1463 2218 1568 2260 alios,
1599 2217 1699 2252 simul

236 2264 275 2295 ut
299 2273 398 2306 quam
422 2260 638 2306 saepissime,
663 2262 788 2296 mutuis
811 2261 977 2306 expeditis
1000 2263 1042 2296 ab
1067 2274 1107 2296 eo
1131 2263 1274 2305 nuntiis,
1300 2264 1427 2298 certior
1441 2264 1543 2298 fieret
1564 2263 1607 2297 de
1629 2263 1700 2298 sin-

236 2306 324 2352 gulis
351 2319 439 2353 quae
461 2306 510 2340 ibi
533 2311 630 2341 eraut
654 2312 714 2342 aut
735 2308 883 2349 fiebant;
917 2308 1014 2342 simul
1044 2308 1111 2342 ista
1143 2310 1377 2344 mandatorum
1408 2309 1600 2356 frequentia
1622 2309 1700 2343 effi-

236 2353 352 2387 cacius
383 2353 570 2397 urgendum
595 2353 776 2388 Caesarem
799 2358 892 2388 ratus
917 2354 960 2388 ad
984 2355 1221 2399 praeparanda
1243 2355 1277 2389 in
1301 2357 1406 2396 urbe,
1446 2356 1535 2402 quod
1560 2354 1701 2389 maxime

236 2399 397 2441 volebat,
435 2404 557 2433 cuncta
581 2400 754 2445 proximae
775 2412 859 2435 suae
879 2400 992 2434 isthuc
1015 2400 1207 2445 migrationi
1231 2413 1306 2436 cum
1327 2402 1455 2436 familia
1480 2406 1516 2436 et
1539 2400 1702 2435 comitatu

235 2445 464 2490 imperatoriO.
511 2446 728 2490 quamobrem
761 2445 982 2492 peculiariter
1013 2447 1286 2493 praescripserat
1315 2448 1453 2494 pssrgari
1476 2446 1702 2492 adornarique

236 2491 368 2536 palatia
392 2490 429 2524 in
452 2491 573 2536 quibus
597 2496 737 2527 veteres
760 2494 984 2538 imperatores
1008 2493 1231 2528 habitassent.
1278 2495 1460 2540 optimates
1483 2493 1615 2539 pariter
1638 2504 1701 2538 pro

236 2548 275 2572 se
298 2536 442 2582 quisque
465 2537 662 2571 tamiliarem
687 2539 835 2583 aiiquem
858 2539 1040 2573 mittebant
1071 2540 1210 2585 propria
1240 2540 1288 2574 ibi
1322 2540 1485 2586 cuiusque
1510 2544 1701 2581 curaturos,

239 2583 386 2628 petendo
419 2582 549 2617 scilicet
584 2584 845 2630 recipiendoque
868 2585 979 2620 avitas
1007 2585 1156 2630 ipsorum
1180 2587 1283 2621 aedes
1307 2590 1343 2621 et
1364 2586 1408 2620 ad
1431 2585 1616 2631 proximam
1638 2585 1702 2619 ha-

237 2628 439 2663 bitationem
458 2629 674 2672 instruendo,
697 2631 917 2676 providentes
940 2632 1030 2665 haud
1054 2631 1121 2666 sibi
1143 2633 1196 2666 sas
1219 2634 1294 2667 fore
1318 2630 1469 2666 cunctari
1494 2631 1702 2676 differreque

237 2674 385 2709 reditum
407 2675 441 2709 in
463 2678 601 2718 urbem,
637 2677 772 2722 quando
795 2677 999 2721 imperator,
1030 2677 1120 2722 quod
1143 2690 1219 2713 mox
1241 2680 1410 2713 facturum
1434 2678 1636 2719 cernebant,
1660 2688 1701 2723 eo

238 2721 306 2755 iter
336 2721 546 2755 intendisset.
596 2734 698 2767 porro
732 2723 789 2768 qui
822 2723 956 2768 publice
979 2726 1038 2757 aut
1067 2723 1222 2769 privatim
1254 2724 1455 2759 adornandis
1477 2723 1548 2758 illic
1572 2722 1703 2757 cunctis

237 2766 405 2812 praefecti
428 2770 548 2810 erant,
572 2775 709 2803 strenue
733 2774 836 2814 atque
861 2773 994 2803 attente
1016 2769 1187 2813 negotium
1211 2771 1399 2812 curabant3
1434 2773 1470 2803 et
1494 2769 1625 2803 Caesar
1649 2768 1703 2802 di-

237 2813 378 2847 videbat
399 2813 515 2848 domos
537 2814 689 2860 personis
714 2819 750 2849 et
773 2815 1006 2860 dignitatibus,
1030 2820 1133 2860 prout
1156 2816 1276 2863 cuique
1299 2815 1536 2851 conveniebat.
1574 2814 1611 2849 iu
1635 2825 1702 2860 quo

239 2859 408 2904 urgendo,
430 2859 484 2895 uti
506 2865 544 2895 et
565 2861 712 2896 caeteris
736 2861 836 2897 simul
859 2861 934 2897 eius
955 2861 1021 2895 loci
1043 2872 1085 2896 ac
1107 2862 1273 2910 temporis
1297 2863 1409 2906 curis,
1435 2861 1487 2897 ita
1509 2861 1702 2917 occupaba-
