1884 3262
337 178 438 226 752
738 176 1050 223 OBSERVAT.
1085 174 1395 228 PACHYMER.

351 285 431 347 &ni
469 283 589 345 Rtfflgu
591 290 634 345 οἱ.
658 281 761 345 3³35
762 283 822 345 332
869 287 1003 327 limitis
1020 288 1187 333 iactura.
1215 289 1400 345 Pachym.
1418 293 1562 344 partim
1579 298 1608 338 2
1627 298 1653 339 6
1670 309 1710 348 p.
1722 298 1790 347 68,

263 360 266 364 -
337 390 446 431 1260
466 351 545 379 me
527 351 632 430 x.61v.
675 350 721 379 ra
702 351 791 432 81818
773 351 829 380 ο..)
869 345 1013 397 partim
1034 349 1058 390 1
1079 346 1105 389 5
1126 360 1166 399 p.
1183 350 1223 391 8.

925 413 1091 453 Decreta
1123 415 1381 454 coronatione
1423 416 1586 456 solemni
1617 418 1792 457 duorum

868 468 1138 521 Augustorum
1163 471 1270 511 inter
1296 485 1406 511 sacra
1433 485 1504 524 per
1525 474 1792 525 patriarcham

869 526 1124 578 celebranda,
1151 528 1321 580 pervicit
1336 533 1474 567 contra
1494 535 1610 580 pacta
1628 530 1792 569 Palaeo-

868 583 978 635 logus
1009 588 1096 622 arte
1120 597 1262 636 magna
1275 591 1315 623 et
1331 583 1555 625 vehementi
1581 586 1731 625 ambitu
1745 593 1792 625 ut

868 640 951 690 ipse
973 639 1080 679 solus
1108 647 1388 691 coronaretur,
1420 642 1632 693 praeterito
1652 655 1792 695 puero.

867 695 1051 748 Pachym.
1071 699 1100 739 2
1124 699 1152 738 7
1173 703 1213 735 et
1228 699 1254 739 8
1271 711 1311 750 p.
1334 697 1388 739 64
1406 703 1445 735 et
1460 710 1518 749 sq.

900 763 1109 803 ·Arsenius
1128 763 1355 816 patriarcha
1372 765 1514 803 Nicaea
1540 765 1691 817 fugiens
1715 778 1792 818 pa-

805 836 807 838 ·
867 819 1087 859 triarchatu
1112 820 1228 862 cedit.
1283 821 1516 873 subrogatus
1544 821 1586 860 in
1618 821 1702 860 eius
1729 821 1792 860 lo-

866 889 957 915 cum
988 875 1232 928 Nicephorus
1266 877 1411 930 Ephesi
1443 877 1658 931 episcopus.
1712 878 1791 916 Pa-

868 932 1048 985 chyms'2
1072 934 1124 976 15
1145 939 1186 972 et
1206 936 1273 976 16.

197 778 226 813 P
248 778 318 814 533

921 1001 1046 1052 Capta
1075 1000 1253 1052 Selybria
1281 1001 1375 1053 imp.
1396 1000 1564 1041 Michael
1586 1003 1790 1043 Palaeolo-

863 1070 935 1107 gua
953 1057 1133 1096 Galatam
1150 1064 1350 1110 oppugnat
1364 1058 1480 1108 longo
1497 1065 1686 1112 tempore,
1702 1061 1790 1100 sru-

865 1116 1060 1205 mglflutza
1072 1116 1280 1207 {gssidione
1295 1168 1401 1207 redit
1417 1169 1701 1222 Nymphaeum,
1719 1172 1790 1211 ubi

865 1222 1124 1322 gigeplgoguss
1153 1223 1376 1276 patriarcha
1416 1226 1600 1266 moritur.
1656 1231 1685 1269 2
1721 1231 1790 1270 22.

928 1293 958 1318 s.
1127 1308 1137 1318 .

923 1412 1148 1452 Alexander
1178 1414 1233 1454 IV
1269 1416 1450 1467 pontifex
1481 1429 1585 1454 max.
1620 1417 1790 1456 moritur

867 1469 1033 1510 Viterbii
1062 1476 1204 1510 octavo
1230 1471 1308 1511 kal.
1336 1471 1464 1522 Iunii,
1494 1479 1700 1524 postquam
1722 1486 1789 1512 se-

868 1525 988 1565 disset
1011 1539 1135 1564 annos
1156 1530 1203 1577 6,
1231 1540 1382 1566 menses
1404 1530 1451 1579 5,
1482 1529 1563 1570 dies
1583 1529 1621 1570 4.
1677 1529 1789 1569 sedes

868 1583 1028 1622 vacavit
1055 1589 1145 1635 post
1174 1583 1256 1623 eius
1287 1585 1440 1625 obitum
1458 1585 1588 1625 tribus
1607 1598 1729 1626 mens.
1748 1591 1788 1626 et

866 1640 958 1678 trib.
977 1639 1078 1678 dieb.

922 1696 1076 1744 Quarto
1093 1695 1170 1734 kal.
1181 1696 1419 1748 Septembris
1435 1703 1590 1737 creatus
1606 1702 1667 1737 est
1682 1710 1786 1751 pon-

865 1751 966 1791 tifex
992 1753 1156 1792 Iacobus
1182 1753 1368 1793 Pantaleo
1398 1754 1552 1804 Gallus,
1589 1761 1630 1793 et
1659 1755 1788 1806 pridie

865 1809 996 1848 Nonas
1016 1814 1226 1850 coronatus
1241 1811 1449 1863 assumpsit
1465 1824 1609 1850 nomen
1623 1811 1786 1862 Urbani,

867 1866 948 1903 eius
968 1866 1235 1916 appellationis
1249 1866 1315 1905 IV.

924 1919 1146 1972 Chalyphas
1179 1922 1347 1960 Persidis
1378 1923 1509 1961 victus
1539 1935 1563 1961 a
1597 1923 1786 1963 Tocharis

867 1990 964 2015 auro
981 1977 1022 2014 in
1040 1990 1083 2015 os
1103 1977 1232 2015 infuso
1251 1984 1427 2018 necatur.
1465 1977 1650 2030 Pachym.
1669 1983 1698 2022 2
1717 1979 1785 2022 24.

921 2033 1081 2071 Sultane
1097 2033 1147 2071 ob
1161 2034 1379 2073 socordiam
1396 2040 1621 2087 contempto
1638 2035 1718 2074 duo
1733 2048 1786 2075 ex

865 2087 947 2127 eius
967 2089 1239 2140 optimatibus,
1268 2090 1421 2129 Basilici
1435 2091 1610 2141 nomine,
1638 2092 1691 2131 ad
1706 2091 1785 2131 Mi-

865 2144 1038 2184 chaelem
1056 2145 1154 2197 Aug.
1174 2146 1450 2198 transfugiunt.
1493 2146 1588 2187 ibid.

921 2201 1007 2253 Ipse
1042 2208 1241 2254 postremo
1277 2204 1417 2242 Sultan
1448 2216 1539 2242 cum
1570 2203 1703 2243 liberis
1730 2203 1785 2244 ad

864 2257 1141 2310 imperatorem
1157 2258 1323 2311 supplex
1340 2259 1527 2310 confugit.
1586 2259 1682 2299 ibid.

920 2314 1081 2354 Alexius
1114 2316 1411 2367 Strategopulus
1437 2316 1577 2354 Caesar
1598 2316 1641 2354 in
1664 2316 1785 2355 Occi-

865 2369 990 2409 duum
1007 2376 1179 2409 tractum
1206 2370 1370 2423 despota
1396 2372 1475 2411 illic
1498 2385 1635 2412 rursus
1651 2372 1783 2412 rebel-

863 2426 947 2465 lare
965 2427 1147 2466 moliente
1166 2441 1255 2466 cum
1274 2429 1450 2468 exercitu
1467 2427 1626 2479 missus,
1653 2434 1694 2467 et
1709 2442 1784 2468 ur-

864 2483 952 2521 bem
981 2483 1107 2522 obiter
1122 2473 1252 2522 tenta
1310 2498 1440 2537 ussus,
1469 2496 1553 2523 eam
1581 2484 1685 2535 cepit
1709 2497 1783 2537 ope

865 2538 1282 2590 Thelematariorum,
1347 2541 1438 2580 tinis
1466 2541 1508 2579 in
1536 2540 1784 2592 Daphnusiae

865 2596 1155 2648 oppugnatione
1189 2597 1400 2649 occupatis.
1454 2595 1640 2649 Pachym.
1667 2601 1696 2640 2
1724 2598 1782 2639 26

864 2666 882 2690 s
911 2665 950 2702 q.

884 2665 1170 2760 qRecuperant
1225 2708 1601 2762 Constantinopolim
1643 2707 1781 2745 Graeci

866 2762 929 2800 die
961 2766 1016 2807 25
1049 2764 1136 2803 Iulii
1163 2778 1273 2804 sacra
1311 2766 1418 2817 apud
1448 2766 1552 2818 ipsos
1577 2766 1617 2802 S.
1645 2763 1782 2803 Annae

865 2820 983 2858 matri
1005 2820 1198 2872 deiparae.
1255 2821 1349 2863 ibid.

336 1418 441 1460 1261
551 1419 578 1458 7

470 1686 512 1715 Ur
512 1687 540 1716 b.
581 1685 633 1715 lv.

484 1720 601 1763 pamm.
