1846 3262
206 209 272 259 64
631 208 868 253 GEORGII
895 208 1251 252 PACHYMERIS

120 374 124 378 ,
154 330 188 364 D
213 321 450 382 πρεπούσας
478 321 613 382 ἑαυτῷ
645 323 834 379 φυλακὰς
860 324 1057 378 καθίστη.
1126 324 1318 366 ἐντεῦθεν
1335 323 1410 378 μὲν
1431 323 1498 365 καὶ
1517 320 1681 377 συνεχέ-

206 412 351 450 στερον
381 394 554 449 ἐφοίτων
582 395 687 448 πρὸς
718 393 918 447 βασιλέα,
962 395 1029 435 καὶ
1055 393 1294 449 διημέρευον
1333 392 1408 435 σὺν
1436 392 1595 448 ἐκείνῳ,
1642 390 1681 433 οἱ

207 465 371 511 πλείους
399 462 443 503 δὲ
471 462 537 503 καὶ
569 462 879 517 διενυκτέρευον.
949 462 1001 505 τὰ
1030 463 1075 504 δὲ
1106 466 1181 516 τῆς
1217 461 1320 517 πρὸς
1351 461 1500 503 ἐκεῖνον
1521 460 1681 508 εὐνοίας

207 533 274 575 καὶ
303 532 476 580 πίστεως
505 531 571 572 καὶ
602 535 762 584 μᾶλλον
793 528 1125 587 φιλοτιμούμενοι
1162 529 1264 586 πρὸς
1292 527 1495 583 ἀλλήλους
1536 531 1681 571 ἐνεδει-

87 613 116 647 Ρ
140 613 186 648 37
210 598 381 644 κνύοντο
419 600 582 655 ἐμφανῆ
606 601 675 641 καὶ
703 597 759 649 ὥς
779 600 852 642 οὐκ
875 599 1011 648 ἄλλως
1029 617 1072 654 γε
1091 601 1270 654 μείζονα.
1341 596 1443 656 (21)
1481 596 1593 650 ὅμως
1616 597 1717 639 καὶὸ

209 669 313 726 πρὸς
334 666 538 723 ἀλλήλους
569 669 844 725 ἐφιλονείκουν
873 671 941 711 καὶ
970 668 1109 725 ἐρίζειν
1131 665 1382 723 ἀπήρχοντο.
1450 664 1475 721 ἦ
1498 667 1542 709 δὲ
1563 669 1684 721 φιλο-

208 739 335 782 νεικία
354 739 397 780 ἐκ
431 738 667 793 φιλοτιμίας
692 739 833 793 σφίσιν
863 735 1075 794 ἐτύγχανεν
1093 751 1102 760 ·
1139 734 1429 793 ἠμφισβήτουν
1455 735 1534 791 γὰρ
1557 730 1686 788 ἀλλή-

211 813 298 857 λοις
317 811 392 860 τῆς
419 807 508 861 περὶ
540 806 611 848 τὸν
634 806 808 860 βασιλέα
839 809 1079 862 φροντίδος,
1117 804 1291 848 ἑκάστου
1314 809 1397 848 τῶν
1418 806 1460 846 ἒν
1483 801 1686 856 ἀξιώματι

213 876 343 920 ’ὄντων
372 875 428 930 μὴ
459 874 656 931 φέροντος
687 882 773 925 τοΐς
796 873 951 927 ὁμοίοις
967 873 1266 933 ὑποτετάχθαι.
1333 869 1442 929 ἦσαν
1466 873 1542 928 γὰρ
1567 871 1687 914 ἔνθεν

213 946 287 1000 μὲν
320 944 358 987 οἳ
385 945 427 986 ἐκ
456 945 716 1000 Λασκαρίων
745 942 1084 1000 Τζαμάντουροι,
1123 943 1230 1003 γήρᾳ
1261 961 1305 986 τε
1340 944 1407 984 καὶ
1436 941 1593 985 συνέσει
1621 957 1686 982 κε-
1699 946 1747 981 10

216 1013 464 1068 κοσμημένοι
479 1046 492 1066 ,
530 1013 578 1055 οὗ
599 1013 681 1067 μὴν
707 1014 750 1055 δὲ
772 1013 875 1055 ἀλλὰ
905 1015 973 1055 καὶ
991 1013 1037 1055 τὸ
1063 1013 1165 1069 πρὸς
1184 1013 1257 1055 τὸν
1282 1012 1373 1055 νέον
1393 1011 1567 1065 βασιλέα
1587 1026 1689 1064 συγ-

166 1099 197 1134 Β
220 1087 345 1140 γενῶς
367 1082 470 1137 ἔχειν
501 1083 567 1123 καὶ
597 1087 814 1131 παππικῶς
839 1082 995 1137 πολλὴν
1020 1083 1185 1124 ἐνεποίει
1205 1081 1280 1135 τὴν
1305 1085 1379 1123 τοῦ
1400 1084 1533 1122 ταῦτα
1558 1080 1689 1133 ζητεῖν

219 1153 474 1207 παρρησίαν·
512 1150 629 1194 ἔνθεν
660 1152 704 1194 δὲ
736 1151 774 1193 οἱ
804 1153 847 1193 ἐκ
885 1152 1112 1207 Τορνικίων
1143 1150 1190 1193 τὸ
1217 1150 1331 1206 γένος
1349 1150 1554 1200 ἕλκοντες,
1585 1141 1640 1190 ὧν
1666 1143 1688 1189 ὅ

218 1225 383 1276 πρῶτος
401 1221 468 1261 καὶ
486 1219 611 1275 μέγας
629 1218 887 1276 πριμικήριος
910 1215 973 1275 ἦν.
1043 1218 1149 1275 εἶχον
1167 1223 1264 1275 γοῦν
1282 1220 1350 1260 καὶ
1380 1211 1494 1260 οὗτοι
1516 1216 1562 1259 τὸ
1586 1215 1691 1272 πρὸς

221 1290 270 1332 τὸ
295 1286 656 1345 ἀμφιβαλλόμενον
679 1289 912 1344 ἲσχυρόν.τὸ
933 1288 1013 1331 ἀπὸ
1037 1289 1194 1344 πατρὸς
1213 1290 1359 1331 οἶκεΐον
1378 1288 1446 1329 καὶ
1471 1283 1690 1342 ἀδελφικὸν
1703 1289 1748 1325 15

221 1359 264 1401 ἐν
282 1356 494 1413 γράμματι
514 1357 617 1412 πρὸς
636 1357 706 1400 τὸν
729 1362 803 1400 τοῦ
823 1357 915 1400 νέου
935 1356 1101 1400 πάππον
1125 1359 1192 1399 καὶ
1213 1356 1387 1411 βασιλέα
1406 1353 1598 1409 Ἰωάννην
1619 1353 1692 1396 τὸν

221 1426 407 1472 Δούκαν.
475 1426 631 1468 ἐκεῖθεν
662 1426 702 1469 οἳ
740 1425 1131 1482 Στρατηγόπουλοι,
1168 1420 1224 1468 ὧν
1248 1430 1322 1468 τοῦ
1348 1424 1489 1480 γένους
1507 1425 1694 1473 ἐπίδοξος

171 1509 202 1543 c
227 1493 250 1539 ὃ
273 1492 470 1548 Ἀλέξιος,
509 1494 663 1550 πολλὴν
692 1495 827 1552 φέρων
848 1495 921 1551 τὴν
943 1498 1047 1538 αἰδῶ
1068 1493 1123 1544 ὥς
1143 1494 1314 1552 εὕγερως
1334 1493 1415 1536 ἀπὸ
1438 1490 1602 1535 πάντων
1626 1492 1696 1533 καὶ

223 1568 395 1607 πλεῖστα
429 1564 596 1620 προσέτι
631 1563 946 1621 κατωρθωκώς·
1005 1559 1053 1607 οἷ)
1087 1566 1154 1606 καὶ
1192 1561 1212 1606 ὃ
1243 1570 1339 1612 παῖς
1381 1564 1696 1610 Κωνσταντῖνος

223 1633 412 1692 γαμβρὸς
430 1632 498 1676 ἐπ’
530 1632 729 1691 ἀδελφιδῇ
752 1638 827 1677 τοῦ
846 1633 1049 1689 βασιλέως
1062 1631 1252 1677 Ἰωάννου
1269 1633 1311 1685 ἐξ
1330 1631 1536 1690 ἀριστείας
1555 1630 1752 1688 φανεὶςὲο

320 1756 374 1791 14.
397 1753 659 1802 πριμμικήριος
681 1756 722 1790 P.

228 1847 461 1883 adolescentes
483 1846 518 1880 hi
546 1848 732 1891 prudentes
756 1850 874 1889 eraut,
907 1847 1052 1881 nondum
1076 1846 1118 1880 ad
1142 1845 1331 1880 officiorum
1355 1843 1502 1891 promoti
1525 1843 1698 1886 honorem,

230 1906 340 1940 eoque
355 1919 364 1936 ,
388 1898 509 1938 utpote
532 1893 600 1927 alia
622 1894 721 1927 vacui
744 1905 826 1927 cura
841 1918 852 1935 ‚
878 1894 967 1938 apud
990 1894 1229 1938 imperatorem
1252 1892 1360 1936 magis
1383 1889 1535 1932 assidui,
1559 1901 1600 1923 ac
1624 1900 1699 1923 cum

230 1953 272 1974 eo
297 1939 389 1974 soliti
411 1951 478 1973 non
501 1938 574 1973 dies
598 1939 702 1974 solum
726 1943 818 1974 totos
841 1939 980 1984 exigere
1003 1940 1064 1974 sed
1088 1940 1189 1973 etiam
1212 1950 1279 1972 non
1301 1949 1381 1972 raro
1405 1940 1631 1983 pernoctare,
1655 1935 1700 1969 de

230 1986 302 2021 fide
329 1986 364 2019 in
386 1985 480 2019 illum
510 1997 552 2019 ac
582 1986 727 2021 caritate
758 1992 928 2019 certantes
950 1985 1040 2020 inter
1062 1997 1121 2027 se,
1153 1985 1345 2029 nullamque
1366 1983 1575 2018 occasionem
1597 1992 1700 2026 prae-

231 2031 459 2066 termittentes
490 2031 684 2066 declarandi
720 2043 821 2078 quam
852 2031 996 2066 maxime
1017 2036 1177 2077 poterant
1208 2030 1261 2065 sui
1284 2042 1365 2075 erga
1390 2028 1576 2075 principem
1599 2025 1702 2061 studii

230 2077 453 2121 praestantis.
501 2078 582 2121 (21)
615 2089 735 2112 verum
763 2089 876 2112 omnes
910 2078 970 2123 qui
993 2082 1226 2112 remanserant
1247 2077 1416 2123 principes
1440 2076 1530 2109 acris
1553 2074 1702 2107 habebat

234 2124 412 2165 aemulatio
443 2123 597 2158 solicitos
631 2124 843 2170 invicemque
873 2123 1068 2158 commissos
1083 2150 1093 2166 ,
1130 2135 1332 2168 unoquoque
1355 2122 1420 2157 sibi
1447 2120 1617 2155 ambiente
1639 2130 1703 2152 nec

235 2170 296 2205 ulli
331 2170 391 2204 alii
420 2171 542 2204 cedere
574 2174 695 2215 parato
724 2181 837 2204 curam
868 2171 1073 2216 peculiarem
1105 2181 1146 2203 ac
1183 2169 1322 2203 tutelam
1354 2166 1570 2214 imperatoris
1592 2165 1704 2199 adhuc

237 2216 349 2262 pueri.
387 2220 464 2250 erat
488 2227 530 2250 ea
551 2216 755 2261 singulorum
778 2217 935 2251 nobilitas
960 2228 1000 2250 ac
1022 2216 1191 2260 dignitas,
1223 2220 1259 2250 et
1285 2226 1328 2249 ex
1357 2215 1476 2249 harum
1498 2211 1706 2246 conscientia

235 2262 290 2296 sui
314 2261 446 2308 opinio,
469 2268 510 2296 ut
531 2263 651 2297 subiici
681 2263 836 2308 cuiquam
860 2274 976 2297 eorum
1006 2263 1131 2309 quibus
1154 2275 1192 2297 se
1216 2272 1317 2307 pares
1340 2260 1581 2295 existimabant
1605 2269 1703 2292 nemo

237 2319 326 2342 unus
358 2319 466 2353 aequo
500 2308 610 2343 animo
637 2320 800 2355 passurus
831 2309 1017 2344 videretur.
1063 2309 1142 2342 hinc
1165 2320 1203 2342 se
1223 2308 1417 2342 offerebant
1434 2319 1455 2341 e
1485 2304 1706 2340 Lascaridum

236 2362 340 2400 gente
362 2355 586 2389 Tzamanturi
601 2381 611 2399 ,
646 2356 704 2400 qui
736 2355 835 2400 gravi
868 2359 1044 2389 senectute
1072 2354 1288 2388 venerabiles
1319 2359 1356 2388 et
1387 2355 1479 2387 fama
1501 2350 1705 2397 prudentiae

238 2400 442 2445 conspicui,
473 2401 661 2435 efficaciter
691 2401 755 2436 sibi
787 2401 973 2445 suffragari
1004 2401 1221 2435 confidebant
1242 2401 1288 2435 ad
1309 2398 1555 2445 impetrandam
1578 2407 1706 2442 procu-

237 2447 404 2480 rationem
436 2447 553 2491 pupilli
587 2447 750 2492 principis
783 2454 820 2482 et
843 2447 1102 2482 communionem
1127 2459 1200 2481 cum
1232 2459 1272 2481 eo
1296 2442 1644 2488 intimam‘sanguiuis
1669 2446 1706 2476 et

238 2492 477 2526 auctoritatem
507 2494 607 2550 quasj
640 2499 815 2538 paternam
839 2506 859 2528 a
891 2499 1015 2528 natura
1035 2493 1118 2539 ipsis
1141 2494 1254 2527 datam
1276 2493 1310 2527 in
1334 2496 1416 2526 natu
1439 2491 1599 2526 minorem
1622 2500 1706 2523 suae

239 2538 390 2572 familiae
412 2538 590 2573 alumnum.
638 2552 659 2573 e
691 2540 828 2574 diverso
860 2552 898 2575 se
919 2541 1140 2574 ostentabant
1171 2541 1239 2574 orti
1266 2551 1286 2573 e
1309 2537 1546 2574 Torniciorum
1569 2546 1708 2589 genere,

240 2595 382 2630 quorum
413 2584 540 2629 primus
572 2597 712 2630 magnus
745 2591 821 2620 erat
852 2585 1073 2631 primicerius.
1133 2587 1186 2620 his
1217 2586 1377 2620 fiduciam
1410 2582 1587 2618 auferendi
1622 2592 1708 2627 prae

242 2630 394 2664 omuibus
418 2631 536 2664 ambiti
560 2631 707 2666 caeteris
730 2631 867 2665 honoris
890 2633 996 2666 dabat
1027 2633 1134 2677 patris
1155 2633 1304 2678 ipsorum
1327 2631 1416 2677 apud
1440 2640 1540 2664 avum
1561 2629 1707 2673 impera-

238 2676 326 2710 toris
349 2677 510 2711 Ioannem
543 2677 672 2712 Ducam
695 2679 882 2722 Augustum
915 2689 1043 2712 summa
1078 2680 1193 2723 gratia
1220 2677 1453 2713 familiaritate
1482 2674 1602 2709 intima
1625 2684 1708 2708 con-

238 2722 367 2757 iuncta.
424 2725 649 2758 occurrebant
690 2724 826 2758 aliunde
861 2725 1094 2770 Strategopuli
1110 2751 1121 2768 ‚
1161 2726 1198 2759 in
1240 2725 1362 2770 quibus
1405 2733 1531 2767 genere
1564 2719 1710 2755 illustris

240 2769 408 2810 Alexius‚
441 2769 535 2803 cuius
559 2781 673 2804 omnes
705 2770 742 2803 in
765 2769 890 2804 canitie
914 2771 1039 2804 decora
1070 2771 1200 2815 magnis
1223 2772 1327 2805 rebus
1350 2768 1459 2815 gestis
1482 2766 1644 2801 virtutem
1667 2777 1709 2800 ac

242 2816 366 2849 famam
388 2816 644 2851 reverebantur.
691 2816 790 2850 huius
812 2816 904 2850 filius
929 2816 1172 2852 Constantinus
1196 2816 1400 2860 Gregorius,
1424 2813 1539 2849 affinis
1562 2813 1712 2858 impera-

243 2860 330 2896 toris
351 2861 489 2897 loannis
520 2863 625 2898 ducta
658 2861 733 2898 eius
763 2867 867 2909 nepte
895 2874 938 2898 ac
961 2862 1064 2898 claris
1086 2864 1188 2899 factis
1216 2863 1363 2909 inclytus
1376 2888 1388 2906 ,
1414 2865 1536 2909 postea
1555 2860 1712 2906 privatus
