1846 3262
214 255 310 301 212
638 217 874 294 GEoRGn
906 240 1259 291 mem-umam

213 385 290 412 πον
308 364 387 423 ἔφη
399 397 413 419 ,
450 360 636 418 κάκείνην
654 364 1117 419 μετασχηματισθεΐσαν
1136 360 1193 410 εἲς
1216 357 1311 417 ὅφιν
1333 360 1453 416 ὅῆξαι
1473 358 1576 416 πρὸς
1593 357 1679 404 θά-

212 452 337 480 νατον
353 448 362 458 ·
398 429 604 488 ὑπεδήλου
625 433 669 475 δὲ
688 431 748 475 δι’
772 431 928 489 ἀμφοῖν
950 434 1034 474 τῶν
1051 426 1356 472 ἐναντιωτάτων
1384 426 1495 482 ζώων
1514 428 1586 472 τὸν
1605 428 1683 471 αὗ-

214 503 285 548 τόν
302 501 476 559 βασιλέα
497 502 564 545 καὶ
583 499 655 545 ἕνα
665 533 679 554 ,
716 500 765 544 οὗ
792 497 916 558 φύσιν
935 497 1042 542 ἀλλὰ
1060 494 1227 555 γνώμην
1245 498 1363 555 σφίσι
1388 494 1683 555 παρεικαζόμε-

214 590 301 619 νον.
372 572 438 614 καὶ
467 574 602 614 ταῦτα
631 570 706 624 μὲν
735 567 757 613 ὃ
785 565 1042 625 πατριάρχης
1072 568 1139 610 καὶ
1171 567 1296 609 πλείω
1326 562 1507 620 τούτων,
1538 568 1606 609 καὶ
1626 564 1683 616 ὥς

215 640 262 685 οὗ
299 639 312 656 ’
336 638 387 684 ἂν
406 640 448 683 εἶ’
460 656 498 683 τι
518 640 585 682 καὶ
603 638 758 696 γένοιτο
779 637 851 682 τὸν
876 636 1109 695 ἀφορισμὸν
1135 633 1288 688 λύσειε,
1324 633 1400 678 κᾶν
1426 638 1714 693 προσαπειλῇ5

215 709 266 754 τὰ
288 705 418 762 κακά,
455 707 532 751 κᾶν
559 707 686 751 αὐτὸν
713 704 915 750 θάνατον.
987 705 1027 748 οἳ
1047 705 1090 749 δ’
1110 702 1432 753 ὖπονοστοῦντες
1451 703 1587 747 καὶτὰ
1607 708 1683 747 τοῦ

163 791 197 828 Ε
222 774 477 836 πατριάρχου
503 778 722 832 δηλοῦντες
737 777 793 827 εἷς
811 774 1042 831 ἀμηχανίαν
1062 774 1255 829 πλείστην
1277 772 1469 827 ἐνέβαλον
1487 771 1560 816 τὸν
1581 790 1684 830 κρα-

213 851 382 892 τοῦντα.
450 846 518 888 καὶ
541 844 587 896 ὃς
617 844 753 900 ἐπειδὴ
781 846 848 888 καὶ
868 844 916 888 τὸ
941 840 1267 900 αὐτοπρόσωπον
1283 838 1595 898 ἀντιφάρμακον
1616 840 1685 884 λέ-

213 931 332 973 γουσι
366 915 520 974 (τοῦτο
551 913 631 971 γὰρ
658 912 759 958 εἶναι
792 919 884 964 ταῖς
912 910 1125 962 ὖπονοίαις
1143 913 1210 954 καὶ
1229 910 1303 966 τὴν
1322 913 1363 953 Γ
1360 908 1521 967 οργιό),
1559 909 1685 960 αὗτός

215 985 318 1043 ἴγνω
347 979 672 1042 προσερχόμενος
699 979 950 1039 ἐντυγχάνειν
981 983 1048 1024 καὶ
1075 981 1151 1036 τὴν
1175 977 1292 1023 λύσιν
1316 975 1739 1036 ε’ξομολογούμενοςίῦ

69 1071 99 1107 1²
127 1067 192 1108 142
214 1055 405 1109 εἶκζητεῖν.
475 1052 673 1109 ἐφίστατο
702 1052 842 1094 τοίνυν
871 1047 1091 1102 πολλάκις,
1130 1050 1197 1092 καὶ
1225 1046 1245 1091 ὃ
1273 1048 1348 1103 μὲν
1366 1045 1492 1102 ἐζήτει
1512 1047 1586 1103 τὴν
1607 1051 1685 1091 θε-

214 1122 385 1181 ραπείαν
412 1124 487 1164 τοῦ
507 1118 746 1178 τραύματος
754 1153 768 1173 ,
801 1117 822 1162 ὃ
847 1120 892 1162 δὲ
911 1118 965 1162 τὰ
986 1123 1062 1173 τῆς
1079 1118 1303 1175 θεραπείας
1319 1114 1511 1173 πράττειν
1533 1115 1684 1174 προσέ-

215 1207 360 1244 ταττε,
390 1188 496 1245 πλὴν
528 1188 602 1233 οὐκ
632 1189 696 1232 ἐπὶ
724 1188 864 1246 ῥητοῖς
883 1186 976 1230 ἀλλ’
1001 1187 1205 1244 ἀορίστως
1225 1187 1292 1229 καὶ
1313 1185 1496 1242 ἀφανῶς.
1566 1186 1634 1227 καὶ
1662 1182 1683 1228 ὃ

215 1259 289 1316 μὲν
321 1254 457 1317 ῥητῶς
485 1255 610 1314 ἐζήτει
639 1261 791 1312 μαθεῖν
816 1257 881 1299 ἐπὶ
902 1255 951 1299 τὸ
975 1262 1102 1299 ποιεῖν
1120 1252 1350 1311 προθύμως
1370 1252 1391 1297 ὅ
1414 1271 1454 1297 τι
1474 1253 1542 1296 καὶ
1562 1253 1684 1310 λε’γοι,

215 1327 237 1372 ὅ
259 1328 304 1371 δὲ
321 1329 390 1371 καὶ
405 1322 526 1370 πάλιν
550 1325 820 1382 ἀορισταίνων
841 1325 946 1380 ἔλεγε
975 1325 1123 1367 “ποίει
1141 1323 1217 1378 τὴν
1235 1323 1460 1381 θεραπείαν
1481 1323 1548 1365 καὶ
1569 1322 1684 1374 δέξο·-
1696 1327 1740 1364 15

215 1414 304 1451 μαι.
319 1396 344 1417 ”
415 1392 472 1444 ὥς
501 1395 546 1438 δὲ
569 1391 766 1444 πολλάκις
787 1395 935 1443 ἐκεῖνος
956 1392 1030 1447 μὲν
1054 1391 1180 1448 ἐζήτει
1201 1392 1255 1435 τὰ
1274 1389 1496 1450 φάρμακα,
1525 1389 1546 1433 ὅ
1570 1391 1615 1434 δὲ
1636 1390 1684 1435 οὔ

169 1484 200 1519 B
224 1467 410 1524 φανερῶς
438 1462 593 1521 ἔλεγεν,
630 1465 751 1507 εἰπεῖν
778 1462 850 1506 τὸν
876 1462 1051 1516 βασιλέα
1086 1462 1198 1504 “nai
1217 1461 1279 1512 τίς
1300 1459 1408 1504 οἶδεν
1429 1462 1463 1503 εἰ
1479 1461 1546 1503 καὶ
1561 1460 1686 1504 πλείω

214 1537 413 1577 ποιοῦντα
433 1530 482 1575 οὗ
503 1528 728 1590 προσθήσῃ
745 1535 820 1575 τοῦ
846 1531 1048 1582 δέξασθαι
1058 1530 1112 1587 ‚·''
1181 1531 1249 1573 καὶ
1278 1530 1350 1573 τὸν
1379 1529 1686 1587 ἀποκρίνασθαι

216 1600 272 1654 ὥς
304 1597 492 1659 μεγάλων
525 1598 836 1659 ἁμαρτημάτων
864 1597 1044 1657 μεγάλην
1065 1597 1166 1644 εἶναι
1188 1599 1333 1643 δεῖκαὶ
1356 1598 1431 1655 τὴν
1452 1597 1685 1643 ἀντίποινον

214 1803 301 1838 dixit
323 1812 361 1836 se
382 1800 419 1835 in
440 1800 549 1835 sinum
572 1800 766 1846 admisisse,
801 1800 892 1836 illam
926 1804 1039 1836 autern
1061 1800 1112 1836 ibi
1134 1803 1298 1836 mutatam
1319 1800 1355 1835 in
1378 1802 1571 1846 serpentem
1593 1808 1683 1835 mor-

214 1860 290 1884 sum
312 1847 379 1882 sibi
405 1847 541 1881 letalem
563 1846 741 1888 infixisse,
770 1858 872 1881 unum
895 1849 1106 1893 eundemque
1129 1847 1314 1890 hominem,
1347 1846 1513 1880 videlicet
1533 1847 1683 1890 impera-

214 1899 346 1935 torem,
378 1892 512 1937 duabus
531 1892 609 1927 istis
629 1893 771 1926 maxime
793 1894 1040 1928 contrariarum
1065 1894 1281 1928 animantium
1305 1893 1488 1937 designans
1510 1892 1683 1936 symbolis,

216 1940 262 1976 ad
291 1938 509 1974 indicandum
538 1949 605 1973 non
635 1943 779 1972 naturae
800 1938 835 1972 in
857 1939 913 1973 ino
936 1940 995 1973 sed
1019 1951 1148 1974 morum
1177 1939 1394 1973 mutationem
1417 1939 1557 1973 factam.
1601 1942 1684 1983 post

212 1986 301 2021 haec
323 1987 359 2020 et
382 1984 450 2019 alia
471 1984 507 2018 in
529 1996 603 2019 eam
626 1983 828 2019 sententiam
848 1985 954 2019 muita
976 1986 1102 2028 intulit,
1127 1997 1168 2019 eo
1192 1984 1285 2019 vultu
1309 1996 1351 2019 ac
1372 1984 1495 2030 spiritu
1517 1983 1575 2029 qui
1597 1984 1683 2019 satis

214 2031 431 2067 declararent
452 2041 622 2076 nunquam
643 2031 775 2077 ipsum,
806 2030 968 2076 quidquid
990 2032 1111 2074 fieret,
1142 2030 1364 2065 inducendum
1388 2030 1433 2064 ad
1456 2030 1684 2065 excommuni-

214 2076 358 2113 cationis
387 2077 632 2111 absolutionem
666 2076 926 2121 indulgendam,
960 2089 1004 2111 ne
1037 2077 1068 2111 si
1097 2077 1235 2123 quidem
1256 2078 1345 2111 mala
1367 2076 1548 2122 quantavis
1572 2078 1682 2121 impe-

214 2127 312 2159 rator
344 2126 554 2168 mortemque
584 2122 694 2168 ipsam
726 2124 922 2158 minaretur.
970 2134 1076 2169 quare
1108 2125 1351 2169 deprecatores
1383 2122 1502 2157 moesti
1532 2123 1683 2169 repulsa,

215 2181 306 2216 quae
336 2168 518 2204 audierant
550 2168 750 2214 imperatori
772 2170 984 2210 referentes,
1016 2169 1053 2203 in
1077 2170 1249 2214 angustias
1272 2181 1348 2203 eum
1370 2174 1554 2213 aestusque
1577 2168 1682 2203 multo

216 2216 363 2251 maiores
398 2214 628 2250 coniecerunt.
673 2215 730 2249 ille
764 2220 878 2249 autem
911 2227 1039 2250 memor
1069 2215 1219 2260 vulgaris
1251 2215 1336 2250 dicti
1371 2226 1438 2260 quo
1468 2214 1684 2258 significatur

214 2262 284 2296 vim
305 2261 419 2296 inesse
439 2261 658 2306 praecipuam
680 2262 855 2307 praesenti
877 2262 980 2296 faciei
1009 2273 1123 2296 coram
1149 2262 1285 2295 affantis
1306 2261 1461 2296 medendi
1482 2261 1682 2296 offensioni-

215 2308 281 2342 bus
313 2310 350 2342 et
381 2307 515 2352 gratiae
547 2307 771 2342 demerendae
802 2307 864 2351 (id
886 2308 975 2342 enim
997 2307 1183 2342 indicatum
1215 2308 1372 2342 fabulosa
1395 2309 1580 2352 Gorgone,
1612 2307 1682 2343 oris

217 2351 353 2388 obiectu
375 2352 574 2388 immutante
596 2353 772 2397 homines)
802 2354 957 2388 decrevit
979 2365 1042 2399 per
1064 2365 1102 2388 se
1126 2354 1222 2389 adire
1244 2353 1474 2399 patriarcham
1497 2357 1533 2388 et
1556 2352 1682 2388 crimen
1730 2363 1732 2365 ’

216 2397 251 2433 ei
279 2397 452 2444 proprium
483 2399 657 2433 confessus
691 2400 823 2434 veniam
850 2412 962 2435 coram
996 2412 1132 2445 rogare.
1175 2400 1240 2435 ivit
1272 2399 1486 2446 prociditque
1506 2399 1575 2445 ipsi
1597 2410 1682 2444 sup-

215 2444 298 2491 plex
326 2444 485 2490 saepius3
522 2448 560 2479 et
591 2445 727 2480 detecto
757 2445 859 2480 animi
887 2447 1029 2481 vulnere
1051 2446 1258 2481 curationem
1282 2446 1396 2492 petiit.
1443 2445 1488 2480 ad
1510 2456 1600 2491 quae
1621 2445 1682 2479 ille

178 2516 182 2530 ,
216 2491 336 2525 facere
355 2489 468 2535 ipsum
490 2502 533 2525 ea
551 2490 672 2536 quibus
696 2492 810 2527 curari
831 2498 961 2527 tantum
991 2493 1071 2527 mali
1093 2497 1210 2538 posset
1232 2492 1343 2527 iussit.
1390 2495 1562 2526 caeterum
1589 2502 1680 2537 quae

216 2535 284 2571 ista
305 2539 419 2571 essent
441 2547 508 2570 non
534 2537 722 2582 expressit,
757 2538 933 2573 indefinite
955 2538 1006 2573 sic
1028 2544 1131 2584 atque
1154 2540 1296 2574 obscure
1318 2537 1516 2584 praecipere
1539 2542 1679 2572 conten—

217 2585 286 2617 tus.
329 2581 374 2616 im
399 2586 516 2617 erator
534 2594 616 2616 vero
639 2585 787 2628 rogabat
807 2584 959 2620 indicare
981 2586 1174 2620 nominatim
1205 2597 1249 2619 ne
1269 2588 1474 2629 gravaretur
1494 2582 1577 2629 quid
1601 2582 1679 2617 fieri

219 2639 243 2663 a
265 2634 305 2662 se
327 2639 369 2662 ve
395 2630 450 2671 et,
481 2639 519 2662 se
540 2628 702 2663 exhibens
725 2630 768 2664 ad
792 2634 912 2665 cuncta
934 2632 1077 2676 obsequi
1099 2634 1253 2677 paratum
1282 2640 1502 2675 quaecunque
1525 2629 1680 2671 dixisset,

219 2672 416 2719 patriarcha
448 2673 658 2709 nihilominus
688 2674 723 2709 in
753 2676 823 2711 iilis
850 2677 1034 2712 indefinitis
1055 2676 1380 2723 praescriptionibus
1403 2679 1601 2720 perstante,
1635 2687 1678 2710 ac

219 2723 354 2755 tantum
379 2719 460 2754 illud
481 2719 617 2755 dicente
639 2720 796 2756 “exhibe
815 2723 1084 2758 satisfactionem
1106 2725 1227 2769 culpae
1249 2721 1525 2767 respondentem,
1557 2725 1594 2756 et
1616 2732 1677 2756 ac-

219 2764 384 2811 cipiam.”
431 2773 506 2801 cum
528 2771 641 2800 autem
661 2765 722 2801 ille
742 2769 880 2813 saepius
901 2770 1060 2804 distincte
1086 2768 1274 2814 praescribi
1295 2767 1362 2803 sibi
1383 2767 1535 2802 remedia
1556 2767 1678 2813 petiis-

219 2814 295 2855 set,
316 2823 382 2847 nec
404 2811 497 2847 clare
517 2811 713 2859 patriarcha
731 2815 973 2859 responderet,
997 2815 1124 2851 dixisse
1143 2815 1378 2862 imperatorem
1400 2813 1495 2848 aiunt
1517 2815 1584 2848 “et
1597 2812 1676 2868 quis

219 2856 285 2891 scit
305 2866 369 2900 an,
400 2869 475 2894 cum
497 2868 567 2903 ego*
582 2858 728 2904 plurima
748 2860 884 2904 fecero,
916 2864 955 2895 tu
976 2862 1064 2897 satis
1085 2867 1289 2907 accepturus
1310 2858 1411 2895 sis‘P’
1446 2858 1500 2894 cui
1522 2863 1677 2904 graviter

217 2903 434 2949 respondisse
453 2904 684 2952 patriarcham
704 2904 890 2952 ingentium
913 2907 1086 2943 criminum
1108 2906 1260 2953 ingentia
1283 2916 1360 2941 esse
1381 2904 1515 2953 piacuia
1534 2905 1673 2942 debere.
