1884 3262
302 225 402 275 ‘764
711 227 1023 272 OBSERVAT.
1055 226 1368 273 PACHYMER.

307 336 387 365 Anni
434 335 586 363 nomanoe
616 335 690 370 Imp.
725 335 776 364 Or.

311 369 383 399 Ghr.
426 378 490 397 rum
503 370 590 397 Pont.
618 367 777 397 Michaelis

426 402 590 431 Nicol.111.
622 403 761 432 Palaeol.

232 488 236 492 ,
294 444 400 485 1279
502 445 528 484 3
669 443 725 483 20

302 2255 410 2299 1280

824 337 1058 377 Novembris
1082 337 1175 376 anni
1191 339 1300 381 1277
1321 343 1496 378 creatum
1518 339 1634 380 fuisse
1647 354 1753 394 pon-

825 395 968 433 tificem
984 423 996 442 ,
1042 393 1260 445 sedisseque
1293 394 1386 433 inde
1424 409 1546 435 annos
1578 397 1751 450 integros

827 451 927 490 duos
951 464 997 489 ac
1010 463 1160 490 menses
1185 456 1389 503 praeterea
1406 461 1549 492 novem
1562 483 1572 503 ‚
1599 453 1677 492 hoc
1691 460 1752 494 est

825 520 949 559 usque
967 506 1019 545 ad
1044 519 1214 546 mensem
1235 507 1454 559 Augustum
1473 509 1564 547 anni
1584 522 1753 561 sequen-

824 564 877 603 tis
899 566 1020 613 1280,
1042 577 1120 614 quo
1143 569 1202 602 est
1226 571 1419 604 mortuus.
1465 565 1652 618 suspicari
1669 580 1751 609 non

824 620 918 659 licet
944 621 1133 659 mendum
1160 620 1330 660 librarii:
1366 635 1458 660 nam
1478 622 1520 660 in
1536 635 1614 660 mss
1639 622 1753 662 codi-

826 677 934 715 cibus
962 677 1118 730 optimis
1147 677 1353 715 clarissime
1371 677 1512 729 legitur
1542 674 1753 732 Οὕρβᾶνος

826 732 870 774 δὲ
892 728 978 774 τότ’
1009 729 1076 785 ἦν.
1137 733 1317 772 existimo
1347 747 1437 786 ergo
1464 747 1639 774 errorem
1670 747 1752 774 esse

825 789 1074 841 Pachymeris
1115 789 1256 841 ipsius,
1305 804 1356 828 ex
1393 804 1439 829 eo
1471 793 1574 830 forte
1606 798 1752 842 ortum,

829 846 938 898 quod.
962 860 1052 886 eum
1087 846 1290 885 Nicolaum
1318 848 1495 886 Tertium
1529 848 1754 899 pontificem

829 900 1026 957 Οὐρσῖνον
1043 904 1284 954 frequentius
1300 904 1458 942 nomine
1480 904 1646 944 familiae
1670 905 1754 943 cla-

828 959 1003 999 rissimae
1020 972 1069 998 ex
1089 973 1166 1010 qua
1189 966 1275 999 erat
1298 966 1410 999 ortus
1431 961 1618 1012 appellari
1636 961 1754 1000 audi-

827 1022 913 1066 ret,
943 1022 983 1055 et
1011 1016 1290 1055 recordaretur
1315 1017 1466 1055 Urbani
1489 1017 1560 1067 1V,
1581 1018 1648 1068 qui
1674 1031 1753 1068 quo

829 1079 1004 1124 tempore
1031 1074 1112 1124 ipse
1146 1074 1188 1110 in
1212 1073 1351 1111 urbem
1379 1074 1755 1126 Constantinopolim

828 1141 963 1168 recens
998 1141 1019 1166 e
1046 1129 1193 1167 Latinis
1222 1135 1493 1180 recuperatam
1520 1131 1613 1167 anni
1645 1133 1750 1172 1261

824 1185 955 1234 rediit,
985 1185 1184 1223 Romanae
1206 1186 1386 1223 ecclesiae
1405 1198 1580 1236 praeesse
1601 1185 1755 1223 dicere-

825 1247 913 1288 tur,
946 1236 1147 1293 Ου’ρσῖνον
1178 1254 1269 1279 cum
1297 1237 1496 1296 Οὕρβάνῳ
1530 1242 1754 1280 confuderit

825 1305 866 1337 et
882 1297 1088 1347 Nicolaum
1116 1297 1303 1349 appellari
1322 1298 1524 1348 putaverit
1537 1298 1754 1338 Urbanum.

882 1354 993 1393 Idem
1009 1353 1193 1392 Nicolaus
1218 1354 1396 1406 pontifex
1412 1353 1489 1392 hoc
1509 1367 1612 1392 anno
1629 1353 1756 1392 mori-

824 1417 903 1450 tur.
960 1409 1051 1450 vide
1074 1411 1273 1462 Spondan.
1293 1410 1508 1449 Odoricum
1528 1416 1567 1448 et
1592 1410 1698 1449 alios.

880 1477 969 1516 Hoc
989 1477 1126 1516 eodem
1143 1491 1246 1516 anno
1265 1476 1462 1516 Lachanas
1485 1478 1565 1516 acie
1585 1478 1714 1518 victus
1731 1491 1754 1515 a

826 1533 1015 1573 Tocharis
1035 1540 1112 1584 est,
1141 1534 1265 1575 Maria
1279 1547 1374 1574 vero
1401 1537 1482 1573 eius
1502 1548 1605 1573 uxor
1627 1534 1754 1586 impe-

825 1592 952 1630 ratori
982 1591 1139 1630 tradita.
1198 1591 1302 1629 Asan
1329 1597 1460 1629 autem
1485 1604 1601 1643 gener
1625 1591 1754 1643 impe-

826 1648 969 1686 ratoris
982 1648 1172 1686 admissus
1189 1647 1415 1687 Ternobum
1431 1649 1540 1699 regni
1553 1647 1754 1700 Bulgariae

828 1705 1110 1757 possessionem
1127 1702 1236 1744 adiit.
1292 1703 1476 1756 Pachym.
1499 1709 1524 1747 6
1546 1706 1585 1746 8.

883 1772 1050 1813 Videtur
1072 1773 1123 1811 ad
1140 1771 1248 1812 hunc
1263 1785 1407 1810 annum
1429 1772 1625 1824 pertinere
1644 1770 1754 1823 quod

827 1836 963 1868 narrat
986 1829 1169 1881 Pachyni.
1189 1833 1214 1871 6
1246 1831 1298 1870 18
1328 1829 1377 1866 de
1396 1828 1549 1867 duobus
1567 1828 1753 1880 episcopis

828 1887 985 1924 Graecis
1001 1886 1190 1923 accusatis
1207 1886 1255 1922 de
1266 1885 1478 1936 pertinacia
1491 1885 1534 1923 in
1548 1885 1756 1923 schismate

827 1949 867 1980 et
885 1943 937 1980 ad
955 1955 1098 1996 papam
1115 1941 1163 1979 ab
1180 1942 1415 1992 imperatore
1429 1942 1553 1979 missis
1572 1948 1619 1980 ut
1634 1941 1756 1993 puni-

826 2004 990 2048 rentur3
1017 1998 1086 2048 qui
1114 1998 1162 2036 ab
1190 2010 1235 2035 eo
1254 1996 1451 2048 (videlieet
1474 1997 1633 2035 Nicolao
1654 1998 1755 2035 Ter-

826 2055 909 2106 tio)
947 2055 1097 2096 remissi
1123 2066 1211 2093 cum
1243 2053 1394 2092 honore
1424 2053 1570 2092 suerint
1598 2053 1640 2091 in
1663 2066 1754 2091 suas

829 2111 1022 2152 ecelesias.

887 2248 1021 2286 Simon
1049 2246 1098 2284 de
1127 2246 1218 2285 Bria
1244 2245 1359 2283 Card.
1388 2250 1541 2282 creatus
1572 2242 1754 2295 pontifex

834 2305 994 2342 assumit
1019 2316 1163 2341 nomen
1190 2301 1349 2340 Martini
1377 2301 1493 2351 vulgo
1522 2300 1655 2350 quarti
1672 2313 1753 2338 nu-

833 2361 986 2410 merati,
1015 2373 1104 2398 cum
1117 2372 1256 2398 revera
1274 2357 1468 2396 secundus
1487 2356 1567 2395 eius
1587 2354 1754 2394 nominis

832 2418 973 2466 fuerit,
1003 2416 1111 2468 quod
1140 2416 1220 2454 duo
1248 2421 1338 2467 post
1362 2413 1532 2466 primum
1557 2411 1754 2451 interiecti

833 2474 975 2514 Marini
992 2503 1003 2524 ‚
1047 2486 1130 2512 non
1169 2471 1332 2511 Martini
1367 2469 1550 2523 appellati
1591 2468 1753 2508 fuerint.

833 2530 981 2584 Spond.
1000 2543 1051 2568 ex
1067 2528 1374 2580 Antiquioribus.

887 2598 1136 2638 Andronicus
1161 2597 1260 2635 alter
1289 2595 1486 2646 Augustus
1505 2591 1753 2645 expedih‘one

832 2656 908 2694 iam
933 2669 1035 2694 anno
1059 2653 1250 2706 superiori
1276 2652 1320 2691 in
1359 2650 1577 2690 Orientales
1602 2647 1753 2700 imperii

831 2718 984 2750 tractus
1003 2717 1179 2763 suscepta
1191 2740 1202 2760 ,
1232 2709 1311 2748 hoc
1329 2722 1432 2747 anno
1451 2708 1589 2746 urbem
1605 2703 1753 2743 Tralles

833 2775 945 2806 antea
965 2768 1138 2808 dirutam
1157 2765 1393 2806 instauravit
1412 2761 1754 2814 frequentavitque
1815 2799 1830 2812 ο

832 2825 984 2863 colonia
996 2854 1006 2873 ,
1047 2838 1151 2863 novo
1187 2823 1344 2862 nomine
1382 2818 1752 2871 Andronicopoleos.

831 2880 901 2920 sed
916 2895 940 2919 a
957 2881 1081 2920 Persis
1095 2893 1240 2921 novam
1267 2878 1527 2919 munitionem
1547 2888 1618 2914 suo
1638 2871 1754 2913 limiti
