1884 3262
254 183 353 233 598
380 237 382 239 μ
653 180 962 227 OBSERVAT.
995 160 1307 227 PACHYMER.

253 296 377 335 nitate
395 299 434 332 et
450 291 576 331 alibi
563 306 607 330 m
626 305 671 331 eo
693 305 832 345 opere,
860 304 957 343 quae
981 290 1110 329 videri
1136 289 1244 343 apud
1272 304 1360 329 eum
1381 293 1564 344 possunt.
1619 290 1698 329 hoc

256 352 359 390 enim
381 349 488 400 quod
510 349 706 397 diximus,
736 348 848 387 nobis
867 362 939 399 pro
960 347 1163 397 instituto,
1192 353 1231 386 et
1255 348 1336 386 loci
1355 361 1468 399 quem
1485 353 1702 416 tractamus

256 405 536 455 intelligentia,
565 404 748 443 sufficit
736 419 778 443 m
801 418 996 458 praesens.
1719 454 1721 456 q

116 473 145 506 P
167 471 236 508 412
368 463 727 511 προσελῶντες
773 475 814 524 p,
842 463 925 503 209
954 473 992 501 v.
1019 463 1059 503 9.
1123 459 1289 511 remiges
1326 457 1399 496 hos
1432 448 1552 496 fuisse
1573 487 1584 508 ,
1627 457 1699 511 qui

257 520 521 570 προσελιόντες
538 518 647 568 quasi
675 516 836 580 proprio
861 515 955 554 artis
987 524 1054 554 aut
1071 517 1220 554 01dinis
1245 515 1436 554 vocabulo
1456 514 1699 564 dicebantur,

257 581 296 612 et
327 574 411 624 ipsa
439 573 547 624 origo
578 573 717 611 suadet
749 573 858 612 vocis
886 568 965 613 ano*
991 574 1065 612 τοῦ
1090 568 1374 624 προσελαύνειν
1399 571 1481 610 sive
1502 573 1700 623 προσελᾶν

255 643 440 681 lar-omum
469 630 686 681 impellere,
718 635 757 667 et
787 629 892 667 dise]
895 634 932 666 te
951 634 1098 667 ¹‘nostel
1123 628 1267 677 tradit,
1298 633 1383 665 tum
1401 626 1467 665 hic
1485 632 1570 665 tum
1592 639 1625 664 8
1645 629 1702 670 80

255 685 439 735 1.5,111)ἰ
460 699 574 736 quem
600 685 987 733 5811181προσελωντα
1008 685 1160 723 dixerat
1176 714 1186 734 ,
1213 690 1348 736 postea
1370 695 1614 734 συνωνυμως
1628 695 1702 721 vo-

259 747 322 779 cat
351 741 604 805 προσεριὲτην.
661 741 829 779 Wollius
860 741 899 778 in
931 741 1128 794 excerptis
1163 739 1478 804 Pachymerianis
1509 739 1705 789 Gregorae

258 797 443 836 subiectis
464 798 646 835 vitiosam
667 796 788 835 huius
813 797 997 835 vocabuli
1026 797 1261 848 scripturam
1284 796 1492 848 exprimit,
1523 808 1573 833 ex
1590 807 1713 832 men-¹

258 853 355 891 doso
377 854 560 893 videlicet
583 854 738 896 codice,
782 853 874 891 dum
900 852 1003 891 hanc
1024 853 1166 892 recitat
1187 867 1236 891 ex
1259 852 1337 890 hoc
1355 852 1463 890 haud
1481 851 1600 889 dubie
1615 851 1705 888 loco

260 910 513 948 sententiam:
554 911 837 948 Gasmulicum
863 902 921 947 ad
951 910 1057 948 bella
1081 917 1166 948 erat
1187 910 1439 958 animosum,
1469 908 1706 960 Pyzylontes

259 979 350 1004 vero
373 965 543 1018 agendi-5*
558 969 678 1004 remi-5·
694 967 858 1004 strenui.

373 1024 648 1075 προσπαίω
677 1037 717 1074 p.
745 1025 827 1064 276
854 1035 895 1061 V.
919 1023 985 1062 13.
1041 1019 1113 1060 vix
1142 1020 1239 1059 alibi
1256 1020 1432 1073 reperies
1455 1019 1706 1074 προσπταίειν,

261 1077 334 1116 etsi
368 1079 529 1127 παίειν,
568 1079 628 1116 uti
658 1085 695 1117 et
724 1078 799 1116 alia
830 1091 878 1116 ex
907 1090 952 1115 eo
990 1077 1230 1129 composita,
1269 1077 1453 1128 frequens
1485 1076 1548 1114 sit.
1607 1075 1707 1128 quid

260 1133 368 1171 aliud
389 1141 569 1185 putemus
589 1148 703 1185 quam
724 1133 931 1185 metaphol
933 1147 994 1171 am
1013 1133 1079 1171 hic
1096 1146 1177 1172 esse
1197 1147 1217 1171 a
1237 1133 1376 1183 sagitta
1395 1133 1436 1170 in
1446 1145 1620 1196 ‘scopum
1637 1131 1707 1168 in·-

124 1192 152 1227 P
173 1193 241 1229 413
263 1195 370 1227 tenta
391 1197 431 1229 et
450 1190 563 1228 illum
586 1190 747 1228 feriente
769 1190 957 1228 ductam?
987 1189 1044 1227 sic
1065 1190 1168 1227 enim
1184 1189 1240 1227 ait
1257 1189 1454 1227 fabulam
1443 1200 1646 1227 incurrere
1663 1187 1708 1225 in

259 1259 398 1285 verum
432 1260 478 1284 ac
503 1246 607 1284 illud
637 1245 748 1296 quasi
778 1251 1010 1296 percutere,
1050 1251 1096 1283 ut
1128 1245 1307 1296 sagittam
1335 1257 1512 1295 scopum.
1579 1243 1709 1282 simile

261 1302 449 1353 quiddam
466 1315 663 1340 sacrarum
683 1302 888 1339 literarum
907 1301 1140 1352 interpretes
1160 1301 1350 1339 adnotant
1362 1301 1411 1339 ad
1425 1300 1526 1338 illud
1543 1300 1581 1338 S.
1597 1298 1711 1338 Pauli

262 1358 314 1396 ad
335 1359 445 1396 Rom.
465 1361 516 1400 10
536 1357 573 1398 4.
603 1359 708 1409 finis
724 1358 826 1407 legis
847 1357 1043 1396 Christus.
1099 1358 1165 1396 lex
1179 1357 1235 1395 ibi
1255 1363 1421 1396 vocatur
1442 1362 1525 1395 tota
1543 1355 1712 1394 historia

262 1419 374 1451 vetus
392 1414 512 1452 sacris
537 1414 647 1452 libris
665 1413 954 1463 commendata,
986 1413 1127 1464 quibus
1149 1420 1188 1452 et
1205 1426 1267 1452 res
1286 1427 1308 1451 a
1326 1413 1503 1466 patribus
1521 1418 1650 1463 gestae
1671 1418 1712 1451 et

263 1483 463 1508 sacrorum
492 1477 699 1521 apparatus
729 1483 774 1507 ac
804 1470 1068 1508 caeremoniae
1095 1470 1328 1520 traduntur,
1359 1469 1490 1508 omnia
1511 1468 1718 1507 Christum.

263 1532 477 1564 venturum
501 1526 813 1578 praefigurantia.
851 1527 910 1564 ·in
935 1540 1014 1577 quo
1044 1526 1221 1565 allusisse
1250 1526 1451 1579 apostolus
1476 1531 1643 1578 putatur
1659 1525 1711 1564 ad

266 1582 454 1631 originem
484 1583 592 1620 vocis
618 1582 829 1621 Hebraicae
858 1584 982 1634 legem
1002 1582 1256 1633 significante.
1317 1593 1403 1625 min
1421 1581 1542 1620 thora
1561 1581 1666 1620 enim
1684 1596 1711 1632 a

267 1637 402 1675 radice
421 1648 479 1678 ΠὙ·
497 1638 617 1676 iarah
636 1645 716 1687 est,
747 1640 857 1678 cuius
876 1639 1002 1691 prima
1019 1639 1130 1677 notio
1151 1645 1208 1678 est
1223 1639 1313 1676 iecit
1328 1669 1340 1689 ,
1362 1640 1549 1691 proiecit.
1605 1637 1712 1677 unde

267 1694 352 1731 eius
373 1700 430 1731 est
449 1707 540 1732 usus
563 1695 748 1746 proprius
771 1695 814 1733 in
837 1695 1105 1733 eiaculatione.
1136 1699 1157 1737 1
1181 1696 1331 1746 Regum
1355 1699 1409 1738 20
1438 1697 1491 1736 36
1521 1694 1570 1732 de
1590 1694 1712 1733 Iona-

269 1749 390 1787 thane
408 1751 587 1800 sagittam
614 1752 831 1789 eiaculante
859 1751 1044 1790 scribitur
1061 1761 1157 1791 ’.Ὦ-1η
1177 1763 1267 1792 ,·111-
1280 1762 1369 1791 111711
1396 1751 1498 1790 vella
1519 1752 1612 1788 ἱανα
1631 1749 1714 1802 lta*-v

271 1805 416 1842 elzetsi:
456 1813 492 1842 et
510 1808 594 1857 ipse
613 1808 705 1844 iecit
730 1809 938 1859 sagittam.
996 1821 1073 1859 quo
1091 1807 1287 1858 pertinere
1308 1813 1472 1858 putatur
1497 1807 1714 1845 multorum

270 1861 513 1899 Psalmorum
534 1863 762 1913 inscriptio:
791 1866 833 1900 in
857 1864 999 1914 finem,
1029 1863 1107 1900 hoc
1127 1864 1243 1900 estin
1266 1862 1478 1903 Christum.
1533 1862 1576 1900 in
1598 1875 1716 1913 quem·

271 1917 413 1968 procul
438 1917 693 1955 indicandum
725 1925 765 1957 et
792 1919 904 1970 quasi
934 1918 1226 1968 indignandum
1258 1919 1447 1970 pleraque
1476 1918 1531 1956 ibi
1563 1918 1715 1970 scripta

274 1973 553 2021 dirigebantur.
611 1987 684 2012 nec
704 1975 866 2013 frustra:
896 1976 1061 2013 veritate
1082 1974 1229 2026 quippe
1255 1974 1472 2026 prophetiis
1489 1980 1624 2012 exacte
1646 1988 1716 2013 re·-

276 2028 516 2079 spondente,
555 2028 699 2078 figurae
727 2031 770 2068 in
797 2045 879 2070 rem
900 2030 1168 2069 incurrerunt.
1234 2031 1388 2068 fabulae
1422 2030 1568 2068 morale
1597 2043 1716 2082 prae-

275 2091 435 2135 ceptum
465 2068 735 2125 adumbrantis
771 2101 844 2139 par
870 2087 971 2126 ratio
1001 2093 1070 2127 est.
1126 2092 1172 2124 ut
1199 2083 1301 2124 enim
1328 2087 1452 2137 figura
1471 2086 1716 2138 prophetica,

279 2153 369 2178 cum
393 2154 455 2179 res
472 2141 522 2178 sm
502 2148 640 2191 ζ,11113111
657 2142 887 2191 exhibetur,
917 2143 1151 2197 προσπαίειν
1169 2138 1342 2198 ἀληθείᾳ
1362 2145 1405 2180 in
1427 2145 1630 2181 veritatem
1651 2143 1718 2181 in-

279 2195 407 2233 cidere
430 2198 599 2246 dicitur,
628 2198 684 2236 sic
704 2205 742 2237 et
762 2201 978 2252 apologus,
1009 2213 1097 2237 cum
1118 2212 1163 2236 eo
1195 2199 1457 2249 significatum
1486 2198 1609 2238 officii
1626 2212 1718 2237 mo-

279 2252 408 2290 nitum
430 2253 651 2292 declmatur
673 2261 711 2293 et
736 2256 845 2306 quasi
863 2256 912 2293 ad
930 2270 1012 2295 rem
1029 2256 1154 2307 ipsam
1173 2256 1407 2307 applicatur.

391 2323 592 2360 πρωτος
620 2325 658 2362 p.
686 2314 768 2352 298
793 2325 834 2352 v.
863 2313 902 2355 5.
959 2309 1059 2365 πρός
1082 2309 1153 2352 τόν
1181 2327 1339 2364 πρωτον
1369 2309 1593 2363 ἐκθέμενος.
1647 2309 1718 2349 hic

282 2377 434 2414 πρωτος
452 2365 629 2404 absolute
652 2373 689 2406 et
704 2368 945 2407 substantive
963 2381 1059 2406 usui
1060 2375 1177 2420 patu1
1197 2381 1271 2420 pro
1298 2381 1480 2421 supremo
1502 2367 1587 2405 illic
1605 2379 1719 2420 prae-

283 2418 367 2456 side
387 2433 518 2457 sacrm
521 2434 610 2471 um
644 2436 783 2475 nempe
802 2424 1034 2476 patriarcha.

396 2481 732 2529 πρωτοκῆουξ
763 2494 799 2530 [1.
814 2479 895 2522 476
925 2494 962 2520 v.
984 2484 1021 2522 1.
1079 2493 1193 2531 quem
1224 2485 1335 2518 antea
1364 2484 1576 2518 vocaverat
1601 2474 1720 2530 δομὲ-

286 2541 418 2570 στικον
461 2530 666 2582 ἐκκλησίας
683 2564 693 2582 ,
738 2549 846 2573 nunc
879 2536 1051 2588 appellat
1091 2534 1380 2602 πρωτοκήουκα
1397 2567 1408 2586 ,
1446 2540 1718 2587 synonymam,

287 2586 449 2637 opinor,
477 2600 671 2639 usurpans
695 2603 776 2628 eam
802 2605 939 2631 vocem
962 2606 1035 2644 pro
1046 2588 1364 2659 ποωτοψάλτης.
1422 2605 1511 2629 nam
1534 2596 1579 2628 ut
1599 2589 1720 2627 Codi-

285 2654 360 2679 uus
382 2642 499 2681 habet
515 2656 550 2682 c.
577 2647 626 2686 17
654 2658 690 2682 11
711 2645 777 2693 40,
797 2644 846 2686 ου’
862 2644 1152 2699 πρωτοψάλτην
1180 2648 1254 2699 ἔχει
1280 2648 1462 2699 ἐκκλησία
1488 2642 1585 2686 α’λλα
1603 2644 1722 2696 δομέ·

288 2709 433 2738 στικον.
489 2700 630 2751 quibus
646 2700 840 2750 significat
859 2710 1166 2762 praecentorem,
1190 2703 1268 2741 hoc
1285 2710 1364 2753 est,
1395 2716 1483 2741 eum
1505 2701 1614 2739 cuius
1627 2701 1722 2738 offi-

288 2753 394 2791 cium
411 2760 468 2792 est
487 2761 644 2794 cantum
660 2755 872 2795 inchoar'e
861 2772 904 2796 1η
923 2759 1060 2809 choro,
1087 2773 1168 2798 non
1184 2755 1472 2812 πρωτοψαλτην
1487 2757 1610 2795 solere
1627 2755 1721 2805 dici,

286 2815 333 2847 ut
352 2823 414 2848 1es
433 2811 628 2862 exigeret,
657 2812 724 2851 sed
750 2811 1007 2853 domesticum
1037 2816 1229 2854 eccles-cae.
1284 2814 1379 2853 haec
1395 2813 1507 2852 mihi
1516 2826 1631 2852 causa
1646 2811 1723 2852 fuit
