1884 3262
422 202 499 245 DE
530 197 812 245 MICHAELE
846 198 1223 246 PALAEOLOGO
1258 202 1305 245 L.
1339 200 1413 245 111.
1551 201 1648 247 225
1695 234 1702 237 >

174 315 453 372 ἀρχιερεῦσιν,
493 313 549 365 ὥς
579 315 728 358 ἔννοεΐν
748 309 822 370 ἦν,
859 314 956 358 οὐδὲ
974 313 1053 377 γὰρ
1073 314 1183 373 ἠφίει
1202 315 1251 359 τὸ
1271 314 1451 372 ἔγκλημα
1468 315 1574 370 κατὰ
1595 315 1642 360 τὸ
1665 328 1695 364 Β

174 384 354 440 λεληθὸς
372 385 425 427 τὰ
445 387 536 442 περὶ
553 382 704 427 τούτου
730 385 884 440 ζητεῖν·
921 383 1018 427 οὐδὲ
1041 384 1119 440 γὰρ
1143 385 1288 440 ἐχρῆν,
1321 386 1568 442 δημηγορῶν
1585 403 1648 437 τις

176 453 304 510 ἔλεγε,
339 454 416 510 τὴν
447 458 522 496 τοῦ
550 453 706 503 παντὸς
723 453 899 509 καρδίαν
918 451 992 495 τὸν
1013 453 1188 506 βασιλέα
1203 453 1261 509 μὴ
1279 453 1393 508 παρὰ
1411 458 1486 510 τῆς
1504 455 1648 510 ἔκκλη-

177 523 270 573 σίας
297 522 373 578 τὴν
405 520 572 578 &dmm
602 522 728 577 ἔχειν,
763 521 861 564 ἀλλ’
888 521 1044 564 ἐκεῖθεν
1068 520 1124 572 ὥς
1149 522 1241 564 τινα
1262 523 1524 579 φθοροποιὸν
1544 522 1648 581 ἀέρα

142 591 252 648 5τὴν
279 589 476 635 δύσνοιαν
500 589 781 647 εἶσδεχόμενον
809 587 1065 634 κινδυνεύειν.
1136 591 1204 632 καὶ
1233 594 1368 633 ταῦτα
1395 592 1470 646 μὲν
1499 589 1520 634 ὃ
1544 610 1648 650 κρα-

173 665 259 704 τῶν
288 662 355 703 καὶ
387 660 492 704 ἄλλα
520 658 731 717 προύτεινε
763 663 956 712 πλεῖστα,
1001 656 1437 716 ἀποπροσποιούμενος
1468 660 1544 715 μὲν
1573 661 1649 717 τὴν

174 729 278 786 πρὸς
303 731 376 772 τὸν
404 727 663 787 πατριάρχην
687 731 894 771 δοκοῦσαν
914 727 1179 782 δυσμένειαν,
1214 728 1378 778 ἐκείνοις
1399 729 1445 772 δὲ
1463 746 1651 785 προανα-

174 801 307 850 menig
327 798 494 854 ἐρευνᾶν
519 797 574 848 ὥς
596 796 711 850 ἄξιον
730 796 778 840 ὃν
803 799 1016 853 ζητεῖσθαι
1043 797 1150 840 κατὰ
1170 797 1323 852 σχολὴν
1342 797 1396 840 τὰ
1417 795 1648 854 κινούμενα.

313 867 394 915 24.
465 868 693 922 Συμβαίνει
714 867 763 910 δέ
778 883 817 910 τι
843 865 950 909 κατὰ
975 865 1051 922 τὴν
1071 863 1191 909 πόλιν
1217 865 1238 909 ὃ
1260 866 1310 922 δὴ
1331 867 1400 908 καὶ
1422 866 1495 910 τὸν
1516 871 1641 922 βασι-
1665 881 1695 917 c

120 955 164 988 10
176 935 248 979 λὲα
270 938 326 987 εἷς
345 935 507 991 ἄμυναν
525 936 775 993 ἓξηρέθισεν.
818 934 970 991 ’ἥπτετο
991 936 1037 978 δὲ
1054 934 1102 978 τὸ
1119 934 1249 979 δεινὸν
1266 936 1334 978 καὶ
1352 939 1427 978 τοῦ
1446 934 1652 994 πατριάρ-

169 1022 275 1061 χου,
307 1003 384 1048 κᾶν
415 1005 598 1059 πλαγίως
626 1003 683 1054 ὥς
709 1003 846 1046 ἄλλων
877 1001 1135 1059 πασχόντων.
1207 1008 1285 1047 τοῦ
1314 1003 1394 1061 γὰρ
1418 1004 1578 1048 Βέκκου
1602 1006 1650 1049 τὸ

168 1073 530 1131 χαρτοφυλακικὸν
555 1073 719 1129 ἀξίωμα
742 1073 906 1128 ἔχοντος
937 1070 1190 1132 (προνόμιον
1221 1072 1265 1115 δ’
1289 1074 1375 1116 ἐστὶ
1396 1073 1444 1116 τὸ
1470 1091 1651 1131 προτρο-

170 1150 269 1193 παΐς
287 1143 438 1186 ἐκείνου
464 1142 540 1193 τὰς
561 1143 786 1199 ἶερολογιάς
806 1142 1022 1199 γίνεσθαι)
1058 1145 1143 1185 τῶν
1161 1159 1223 1192 τις
1243 1141 1380 1199 ἱερέων
1399 1141 1652 1187 ε’κδουλεύων

172 1214 241 1255 καὶ
268 1213 311 1255 ἐν
343 1216 403 1271 τῷ
434 1211 540 1255 κατὰ
568 1212 640 1255 τὸν
676 1209 822 1269 Φάρον
855 1215 941 1271 ναῷ
971 1215 1056 1255 τῶν
1075 1208 1262 1268 μεγάλων
1283 1209 1524 1270 ἀνακτόρων
1544 1230 1651 1268 νυμ-

119 1299 162 1335 15
174 1282 295 1338 φιόυς
314 1278 507 1337 ἱερολόγει
529 1282 623 1336 δι’χα
642 1285 719 1337 τῆς
738 1285 813 1323 τοῦ
827 1279 1146 1338 χαρτοφύλακος
1166 1285 1418 1336 προτροπῆς.
1490 1283 1558 1328 καὶ
1583 1281 1652 1325 εὗ-

171 1350 260 1402 θύς
286 1350 517 1404 ἀκουσθέν,
554 1349 609 1401 ὥς
636 1348 866 1407 πρόστιμον
894 1351 1029 1409 ἐκείνῳ
1049 1348 1076 1404 ἦ
1099 1353 1173 1404 τῆς
1194 1347 1416 1405 ἱερωσύνης
1447 1350 1648 1406 ἐπίσχεσις
1670 1369 1703 1405 1)

173 1415 238 1475 ἦν.
310 1424 435 1462 τοῦτο
464 1423 564 1475 γοῦν
593 1418 668 1462 οὐκ
693 1419 806 1470 ἔδοξε
823 1423 1014 1461 τοιοῦτον
1033 1417 1061 1474 ἤ
1077 1435 1115 1460 τι
1140 1417 1242 1460 ἄλλο
1259 1417 1426 1476 με’τριον
1446 1422 1506 1477 τῷ
1526 1423 1653 1473 βασι-

176 1492 242 1531 λεΐ
268 1487 489 1544 ἇγγελθέν,
526 1487 625 1531 ἀλλ’
648 1487 881 1545 ἀφορισμὸς
901 1486 1093 1543 ἄντικρυς
1113 1490 1190 1529 τοῦ
1207 1490 1425 1541 βασιλικοῦ
1443 1491 1651 1546 κληρικοῦ.

175 1558 245 1600 καὶ
277 1556 409 1607 εὐθὺς
445 1555 709 1615 (συνυπενόει
737 1556 817 1614 γὰρ
847 1557 915 1599 καὶ
945 1556 1018 1600 τὸν
1038 1553 1295 1614 πατριάρχην
1317 1553 1374 1607 ὥς
1392 1557 1522 1613 δῆθεν
1544 1573 1653 1613 συμ-

269 1711 324 1746 19.
348 1709 560 1748 ammata
580 1711 620 1746 Ρ.

171 1846 390 1895 inquisitione
419 1847 650 1883 tractabatur.
695 1858 766 1894 qua
797 1847 842 1882 de
875 1857 916 1881 re
947 1846 1086 1881 auditus
1117 1858 1159 1881 ex
1186 1845 1253 1882 illis
1274 1858 1439 1882 nonnemo
1463 1848 1542 1883 dum
1564 1849 1651 1884 haec

171 1895 466 1930 concionabundus
491 1895 717 1936 declamaret,
750 1905 814 1928 nec
845 1898 1108 1928 consentaneum
1138 1905 1202 1927 nec
1222 1895 1400 1928 ferendum
1422 1894 1532 1929 videri
1554 1895 1653 1941 prin-

173 1941 282 1987 cipem
295 1966 307 1984 ‚
342 1953 402 1976 cor
423 1941 543 1987 utique
564 1941 800 1987 reipublicae,
821 1952 889 1974 non
911 1940 956 1974 ab
979 1939 1127 1974 ecclesia
1149 1939 1258 1974 foveri
1280 1946 1320 1974 ut
1341 1940 1376 1974 id
1400 1951 1443 1974 ex
1466 1953 1534 1987 quo
1558 1943 1652 1976 salus

173 1987 274 2022 unice
294 1987 444 2033 pendeat
467 1987 616 2034 publica.
661 1986 764 2033 quale
785 1986 892 2031 igitur
915 1986 1039 2028 fuerit,
1073 1986 1103 2019 si
1126 1997 1198 2020 non
1216 1987 1312 2021 modo
1334 1986 1416 2021 inde
1437 1998 1506 2021 non
1528 1988 1652 2023 fovea-

171 2038 252 2076 tur,
275 2033 338 2068 sed
360 2034 507 2078 maligno
529 2038 566 2068 et
587 2033 761 2080 pestilenti
782 2032 1003 2067 dissensionis
1025 2031 1148 2078 spiritu
1171 2032 1292 2067 afflato
1314 2032 1351 2067 in
1375 2033 1556 2068 discrimen
1578 2045 1649 2069 ma·

171 2079 332 2114 nifestum
354 2079 563 2115 inducatur?
618 2091 663 2114 ea
694 2079 759 2114 etsi
789 2079 875 2114 clam
899 2083 1107 2124 procurante
1136 2077 1344 2124 imperatore
1365 2080 1568 2124 agebantur,
1593 2086 1652 2115 ta-

160 2124 251 2160 'men
281 2125 312 2160 is
342 2125 420 2160 istis
451 2137 539 2172 quas
558 2126 737 2160 retulimus
760 2129 797 2160 et
819 2125 899 2160 aliis
923 2124 1076 2171 plurimis
1107 2125 1366 2159 benevolentiae
1391 2125 1650 2167 significationi-

172 2172 237 2206 bus
258 2170 294 2205 in
315 2170 410 2206 illum
434 2172 559 2215 editis,
593 2172 776 2217 diligenter
798 2171 982 2206 simulabat
1004 2182 1148 2217 aequum
1172 2183 1257 2215 erga
1279 2171 1510 2216 patriarcham
1534 2176 1572 2206 et
1593 2173 1648 2207 of-

172 2217 328 2252 fensione
360 2217 451 2252 omni
480 2230 625 2253 vacuum
657 2219 824 2261 animum,
857 2219 908 2252 sic
930 2217 1037 2252 libere
1059 2217 1172 2251 sinens
1196 2220 1423 2261 congregatos
1444 2222 1563 2262 patres
1585 2229 1650 2263 per

172 2264 275 2298 otium
299 2263 516 2298 considerare
537 2264 620 2311 quid
642 2265 706 2300 tali
727 2269 822 2300 statu
843 2275 958 2299 rerum
978 2263 1139 2310 optimum
1162 2262 1248 2308 ipsis
1270 2265 1366 2297 factu
1389 2263 1504 2298 videri·
1522 2276 1564 2299 ao
1585 2264 1649 2300 do·-

171 2321 315 2345 cernere
337 2320 403 2356 par
423 2314 529 2344 esset.
607 2338 610 2339 γ
1203 2338 1205 2340 .

265 2356 322 2391 24.
371 2355 527 2400 Contigit
546 2367 651 2401 porro
671 2356 833 2402 quiddam
854 2355 891 2390 in
911 2356 1000 2390 urbe
1023 2366 1091 2401 quo
1114 2353 1222 2399 magis
1250 2358 1515 2401 exasperaretur
1538 2355 1649 2403 impe-

173 2405 271 2438 rator
293 2408 330 2436 et
354 2402 398 2436 ad
419 2402 584 2437 ultionem
605 2402 828 2446 irritaretur,
858 2414 902 2437 ex
925 2413 995 2447 qua
1015 2401 1110 2447 quod
1132 2405 1285 2435 secutum
1314 2402 1438 2437 malum
1461 2405 1516 2437 est
1535 2402 1646 2449 ipsum

171 2448 403 2503 patriarcham
426 2448 564 2494 oblique
598 2449 818 2494 perstrinxit,
852 2448 1027 2483 resiliente
1053 2447 1090 2481 in
1111 2447 1221 2492 ipsum
1255 2447 1436 2492 ignominia
1457 2460 1548 2495 quae
1570 2450 1646 2484 aliis

171 2495 408 2539 ltrogabatur.
455 2495 568 2529 Vecco
590 2494 863 2541 chartophylacis
892 2493 1093 2538 dignitatem
1123 2493 1320 2536 obtinente,
1353 2494 1408 2529 cui
1429 2495 1645 2540 magistratui

171 2541 268 2575 iuxta
301 2552 399 2575 usum
432 2552 474 2575 ac
504 2542 601 2586 leges
623 2540 660 2575 id
682 2541 768 2575 iuris
791 2541 955 2586 competit
975 2543 1015 2574 nt
1036 2539 1110 2574 sine
1135 2539 1225 2574 illius
1247 2544 1332 2575 nutu
1355 2545 1392 2575 et
1413 2552 1555 2576 assensu
1578 2554 1646 2576 nu-

172 2587 301 2633 ptiales
322 2586 576 2622 benedictiones
598 2598 666 2621 non
689 2586 987 2628 administrentur,
1020 2585 1182 2621 sacerdos
1212 2586 1350 2632 quidam
1379 2587 1575 2622 ministrans
1605 2588 1644 2622 in

172 2632 301 2678 templo
322 2633 437 2678 magni
460 2633 580 2679 palatii
602 2633 649 2668 ad
670 2633 819 2668 Pharum
842 2632 911 2667 sito
929 2644 947 2667 s
971 2631 1064 2667 onais
1083 2631 1260 2667 benedixit
1273 2644 1342 2667 non
1354 2633 1526 2679 requisito
1542 2634 1645 2668 char-

172 2682 209 2713 to
234 2678 364 2724 hylacis
398 2690 553 2714 assensu.
599 2691 642 2714 ea
673 2690 714 2713 re
745 2678 863 2714 statim
895 2689 938 2714 au
961 2680 1011 2714 ita
1031 2678 1063 2712 is
1082 2677 1117 2713 in
1139 2690 1283 2724 poenam
1306 2690 1329 2714 a
1349 2680 1534 2715 sacerdotii
1561 2681 1644 2714 fun-

175 2690 289 2760 cd’one
312 2736 498 2771 suspensus
520 2729 586 2761 est.
619 2726 655 2760 id
677 2725 745 2761 sibi
762 2725 955 2760 nuntiatum
975 2724 1162 2771 imperator
1184 2725 1348 2760 atrociter
1364 2726 1520 2772 accepit,
1544 2725 1644 2772 quasi

175 2781 218 2805 ea
249 2781 316 2806 non
349 2772 526 2807 mediocris
557 2773 674 2819 aliqua
704 2783 849 2808 censura
878 2771 940 2806 sed
972 2774 1059 2806 vera
1091 2776 1128 2806 et
1159 2782 1319 2817 suprema
1340 2771 1643 2807 excommunicatio

173 2816 298 2852 fuisset
326 2817 416 2873 regii
449 2818 574 2854 clerici.
622 2830 666 2854 ac
695 2819 812 2854 statim
845 2817 1040 2865 suspicatus
1069 2818 1107 2853 id
1139 2818 1267 2852 factum
1299 2818 1435 2853 conscio
1458 2822 1495 2854 et
1516 2829 1645 2864 coope-

174 2867 275 2898 rante
293 2864 512 2910 patnarcha,
529 2865 732 2911 gravissime
753 2865 907 2901 offensus
927 2868 1001 2909 est,
1021 2864 1192 2900 contemni
1214 2875 1254 2899 se
1275 2867 1373 2899 ratus
1387 2889 1399 2909 ,
1421 2864 1474 2900 ira.
1496 2875 1645 2900 commu-

230 2916 409 2963 Georgius
437 2917 665 2964 pachymeres
694 2920 724 2954 Ι.
1310 2913 1363 2956 15
