1884 3262
253 183 352 230 692
660 179 971 224 OBSERVAT.
1003 177 1314 224 PACHYMER.

365 291 754 332 ΒΟΗΔΡΟΜΙΩΝ.
811 301 850 342 Ρ.
882 288 965 332 257
993 301 1032 328 v.
1065 289 1092 333 6
1149 288 1452 341 βοηδρομιωνος
1483 285 1707 341 ἴσταμὲνου.

252 357 421 399 uterque
447 344 533 390 cod..
551 347 582 384 B
605 352 646 383 et
676 345 737 384 A·
725 359 768 384 m
793 359 863 384 ora
892 344 984 384 libri
1009 341 1260 398 Ἀπριλλίου,
1300 344 1424 383 vatic.
1455 342 1544 386 τότε
1572 345 1714 385 τοίνυν

251 404 482 458 Ἀπριλλίου
505 398 738 455 ἀρχομένου.
796 402 1122 441 Bo'edromionem
1147 400 1312 439 tertium
1336 400 1454 439 fuisse
1479 414 1651 440 mensem
1669 400 1713 437 in

253 475 380 500 anno
391 459 523 499 Attico
553 459 801 497 demonstrat
828 459 1059 498 Petaviusl.
1082 461 1102 499 1
1136 457 1185 495 de
1202 458 1314 495 Doct.
1330 457 1472 508 Temp.
1499 470 1532 495 c.
1565 461 1613 501 11
1645 462 1714 494 te·—

251 517 446 557 stimoniis
472 515 690 554 Aristotelis
719 513 981 567 Theophrasti
1012 521 1052 553 ct
1074 514 1199 553 Plinii.
1256 513 1325 552 sed
1351 527 1442 551 cum
1470 514 1629 552 tertium
1649 513 1714 551 lo-

252 589 343 614 cum
363 575 439 612 iam
457 578 683 624 occupasset
701 571 952 624 Pachymeris
983 571 1130 610 iudicio
1150 569 1336 619 Cronius,
1366 575 1555 620 quartum
1577 569 1632 608 illi
1648 583 1716 607 as·—

254 631 438 682 signavit,
469 635 540 667 aut
560 628 667 667 aliud
687 634 745 666 est
760 635 916 667 secutus
936 629 1043 678 quod
1063 642 1134 666 nos
1156 627 1265 666 latet.
1319 626 1368 664 de
1387 639 1431 664 re
1445 626 1530 677 ipsa
1548 631 1714 674 constat,

251 688 319 727 hic
339 686 480 725 Iuliani
499 687 591 724 anni
607 684 783 736 Aprilem
800 685 984 736 intelligi,
1018 698 1108 723 cum
1127 683 1370 722 describatur
1400 683 1544 721 festum
1570 676 1716 721 ἆκὰθι-

252 758 347 785 στον
385 743 558 791 dictum,
595 742 745 780 Ieiunio
770 755 896 781 verno
922 741 1108 779 celebr-aii
1137 741 1315 788 solitum,
1346 739 1505 777 sabbato
1532 737 1719 777 videlicet

253 801 414 852 quintae
440 798 714 837 hebdomadae
746 798 1085 849 quadragesimae,
1123 803 1171 835 ut
1193 795 1434 834 ostendimus
1460 797 1500 834 in
1519 794 1717 844 Glossario

252 858 377 896 verbo
401 852 635 904 οἷκοέθιστος.
693 868 772 905 quo
791 855 852 893 die
869 854 1018 893 Pascha
1033 855 1102 892 illo
1123 867 1226 891 anno
1245 853 1385 901 fuerit,
1416 858 1455 889 et
1473 864 1719 902 consequen—

252 921 316 952 ter
334 914 378 951 in
402 925 517 963 quem
536 911 681 963 Aprilis
711 924 774 949 res
799 910 865 949 hic
885 917 1045 949 narrata
1070 910 1274 958 inciderit,
1304 909 1477 947 dicemus
1494 909 1620 958 infra,
1650 906 1718 946 ubi

255 971 304 1009 de
324 969 618 1008 characteribus
640 967 926 1019 chronologicis
945 966 1063 1006 huius
1081 967 1270 1005 historiae
1290 972 1441 1017 agetur.

369 1026 735 1064 ΠΥΑΝΕΨΙΩΝ.
791 1039 829 1076 Ρ.
851 1025 933 1067 403
957 1038 997 1065 v.
1023 1027 1050 1065 7
1094 1024 1254 1079 εἰκοστῇ
1285 1021 1358 1075 μὲν
1397 1020 1465 1062 καὶ
1493 1020 1584 1076 ἕκτῃ
1607 1022 1719 1059 Πυα-

254 1099 296 1124 ν
284 1083 467 1134 ψιῶνος.
526 1094 547 1118 e
570 1081 727 1131 regione
758 1081 868 1118 vocis
905 1083 1203 1131 Πυανεψιῶνος
1228 1064 1354 1117 codd.
1379 1078 1411 1116 B
1441 1083 1481 1115 et
1509 1078 1544 1115 A
1563 1062 1720 1114 habent

254 1140 420 1186 Μαΐου,
452 1137 555 1188 quod
578 1137 611 1175 V
614 1110 682 1174 t>de
699 1149 810 1174 moie
833 1137 875 1174 in
900 1142 1132 1175 contextum
1157 1136 1310 1187 iecipit.
1367 1147 1440 1172 nec
1464 1133 1629 1171 dubium
1651 1145 1720 1170 re-

252 1195 446 1245 linquitur
478 1205 528 1231 ex
561 1192 787 1230 charactere
819 1206 915 1230 mox
941 1205 1125 1256 expresso
1144 1193 1233 1230 festi
1256 1193 1440 1229 instantis
1458 1191 1718 1238 Pentecostes,

255 1257 304 1290 ut
334 1250 496 1288 inseiius
524 1248 904 1298 demonstrabimus,
943 1249 1038 1299 quin
1066 1248 1191 1286 Maius
1227 1246 1295 1285 hic
1331 1247 1474 1284 mensis
1506 1246 1719 1284 indicetur.

254 1307 362 1346 unde
381 1305 656 1356 corrigendum
674 1304 836 1343 videtur
856 1306 965 1356 quod
984 1318 1022 1357 Ρ.
1042 1308 1124 1347 270
1154 1317 1193 1343 v.
1215 1307 1266 1346 10
1297 1302 1481 1341 scribitur
1518 1303 1721 1342 πυαντιῶ-

254 1379 343 1411 νος;
374 1368 434 1399 est
465 1362 567 1400 enim
591 1361 647 1399 ibi
675 1361 718 1399 in
747 1361 921 1413 margine
954 1375 1038 1400 vox
1072 1361 1238 1409 Μαΐου,
1278 1360 1440 1410 antiqua
1466 1371 1608 1407 manu,
1656 1356 1721 1396 cui

255 1421 444 1472 glossema
459 1417 689 1456 recentioris
710 1431 849 1457 manus
871 1418 1118 1469 subiungitur
1138 1431 1510 1470 μεταγειτεινιωνος.
1537 1427 1601 1454 res
1623 1427 1721 1466 por-

256 1491 304 1516 ro
324 1477 410 1528 ipsa
439 1481 480 1512 et
509 1475 587 1513 loci
612 1475 825 1523 sententia,
855 1481 901 1513 ut
927 1475 952 1515 l.
971 1477 999 1517 3
1056 1473 1391 1514 Observationum
1422 1486 1456 1512 c.
1481 1473 1507 1515 5
1528 1472 1631 1510 clare
1648 1470 1722 1509 de-

256 1539 543 1580 monstramus,
574 1531 734 1569 omnino
755 1531 903 1570 Maium
926 1531 1057 1580 exicit.

370 1590 845 1629 MAIMAKTHPIQN.
903 1601 942 1639 p-
960 1587 1043 1630 403
1073 1601 1112 1626 v.
1146 1589 1171 1628 9
1229 1585 1391 1642 δευτέρᾳ
1419 1582 1463 1626 δὲ
1497 1598 1720 1638 μαιμακτη-

258 1661 417 1699 ριωνος.
474 1645 517 1682 iu
536 1644 712 1695 margine
744 1644 824 1683 duo
854 1644 970 1684 codd.
997 1640 1174 1685 Ἰουνίου.
1230 1644 1373 1681 tertius
1395 1648 1440 1681 ut
1463 1642 1561 1681 solet
1583 1641 1626 1679 id
1643 1655 1721 1679 no-

257 1716 348 1741 men
369 1701 578 1740 contextui
594 1701 733 1740 inserit
801 1714 876 1739 nec
900 1703 1042 1740 festum
1069 1701 1314 1739 Pentecostes
1340 1699 1383 1737 in
1411 1698 1626 1737 secundam
1651 1697 1721 1735 illo

259 1773 363 1797 anno
385 1758 489 1797 Iunii
514 1757 719 1806 incidens,
755 1763 804 1796 ut
831 1770 902 1797 suo
932 1758 1020 1796 loco
1049 1756 1295 1805 docebimus,
1346 1755 1511 1794 dubium
1532 1754 1722 1805 relinquit

260 1816 356 1866 quin
370 1814 506 1853 Iunius
521 1813 754 1866 Pachymeri
772 1810 1074 1867 μαιμακτηριών
1093 1814 1152 1852 sit.
1191 1829 1234 1854 το
1254 1811 1315 1853 ότι
1331 1818 1527 1851 tenemus:
1544 1809 1587 1852 τὸ
1606 1807 1721 1861 διότι,

258 1878 306 1910 ut
320 1872 363 1909 in
382 1871 565 1919 caeteris,
595 1883 714 1920 quael
717 1870 875 1912 endum.
932 1870 1032 1909 Davi
1050 1870 1154 1907 enim
1178 1883 1333 1914 sumus,
1364 1882 1447 1908 non
1462 1865 1665 1919 Oedipi*).

124 1934 150 1968 P
169 1933 238 1968 488
376 1928 801 1969 ΑΝΘΕΣΤΗΡΙΩΝ.
830 1940 868 1978 Ρ.
892 1929 1030 1969 286v.
1049 1929 1099 1967 19
1131 1925 1152 1966 ὁ
1183 1921 1472 1978 ανθεστηριων.
1529 1924 1723 1975 eregione

259 1985 301 2024 in
322 1983 496 2035 margine
508 1979 681 2031 Ἰουλιος.
738 1982 773 2022 V
790 1983 833 2020 id
852 1982 1008 2021 solum
997 1996 1038 2020 m
1057 1989 1250 2021 contextu
1267 1979 1400 2023 habet.
1450 1987 1563 2019 antea
1579 1994 1618 2032 Ρ.
1641 1978 1720 2021 149

261 2054 300 2081 v.
323 2044 348 2082 3
388 2039 506 2095 ἑορτῇ
523 2041 595 2091 τῆς
607 2035 859 2107 ’θεομήτορος
878 2036 1035 2091 ''Avvryg
1051 2055 1130 2108 μην
1134 2054 1176 2086 ος
1207 2034 1541 2102 ἄνθεστηριωνος.
1581 2049 1722 2075 lursus

260 2097 403 2150 9483
424 2109 463 2135 v.
481 2080 535 2138 15
572 2092 659 2136 τότε
676 2096 814 2136 τοίνυν
836 2092 1037 2150 δωδεκατῃ
1065 2091 1391 2148 ανθεστηριωνος
1407 2091 1544 2146 μηνός.
1603 2098 1731 2135 ιιῐτοε

260 2112 380 2204 bique
401 2151 517 2190 codd.
536 2151 584 2189 de
594 2164 704 2190 more
718 2147 885 2193 Ἰούλιον
904 2158 1108 2191 annotant.
1167 2151 1329 2202 Augusti
1346 2151 1489 2189 mensis
1505 2148 1724 2200 pachymea

263 2210 422 2250 rianum
437 2220 582 2247 nomen
600 2208 641 2246 in
658 2207 735 2247 hac
750 2207 937 2258 historia,
968 2208 1076 2260 quod
1092 2220 1280 2246 memmei
1282 2222 1354 2259 im
1383 2221 1465 2250 non
1488 2212 1600 2245 extat
1608 2203 1681 2252 **).

379 2267 700 2306 ΓΑΜΗΔΙΩΝ.
755 2279 794 2318 Ρ.
815 2264 954 2308 395v.
978 2270 1016 2310 2.
1052 2267 1304 2319 γαμηλιῶνος
1323 2260 1462 2318 μηνός.
1491 2263 1607 2301 codd.
1631 2262 1724 2301 Bet

263 2321 299 2361 A
317 2335 338 2359 e
364 2321 519 2373 regione
543 2321 773 2361 adscribunt
800 2322 1091 2375 Σεπτεμβρίου,
1130 2322 1267 2360 silente
1303 2327 1459 2373 praeter
1491 2333 1642 2359 morem
1674 2318 1727 2367 V,

265 2379 334 2429 qui
352 2377 430 2416 hoc
449 2391 602 2416 comma
624 2378 807 2418 transilit.
865 2384 980 2416 antea
1012 2392 1053 2431 p.
1079 2381 1162 2422 299
1182 2392 1220 2417 v.
1249 2380 1275 2419 8
1315 2375 1396 2430 μήν
1427 2375 1471 2418 δὲ
1501 2370 1724 2428 ἐφειστήκει

264 2431 350 2475 τότε
377 2431 606 2485 Γαμηλιών,
643 2432 760 2490 ἤγετο
789 2433 833 2476 δὲ
867 2451 894 2488 η
918 2437 991 2476 τοῦ
1017 2435 1149 2487 τιμίου
1177 2438 1352 2486 σταυροῦ
1389 2430 1520 2489 ἑορτή
1577 2434 1721 2472 festum

268 2490 516 2528 exaltationis
540 2492 579 2528 S.
598 2492 726 2530 crucis
755 2490 806 2534 14
831 2491 1070 2543 Septembris
1098 2492 1214 2530 etiam
1245 2503 1266 2531 a
1291 2490 1447 2528 Graecis
1468 2490 1720 2529 celebratum.

270 2551 457 2585 consueta
477 2551 517 2582 et
536 2546 591 2583 ibi
622 2547 738 2588 codd.
763 2548 993 2588 admonent.
1050 2548 1120 2586 sed
1135 2549 1228 2587 satis
1247 2560 1299 2586 ex
1317 2547 1423 2586 Festi
1442 2547 1639 2586 mentione
1655 2546 1720 2583 in-

266 2603 456 2654 telligitur
471 2602 710 2654 September.
756 2606 758 2609 ’

362 2791 398 2834 *)
423 2791 466 2824 cf.
492 2791 647 2825 Glossar.
669 2789 768 2827 alter.
789 2801 827 2827 v,
853 2791 1161 2848 Μαιμακτηριών.

356 2835 414 2882 **)
439 2837 482 2871 cs.
510 2836 664 2872 Glossar.
685 2835 829 2873 alterum
852 2850 886 2874 v.
912 2838 1128 2877 Ποσειδεών.
