<?xml version="1.0" encoding="UTF-8"?>
<!DOCTYPE html PUBLIC "-//W3C//DTD XHTML 1.0 Transitional//EN"
    "http://www.w3.org/TR/xhtml1/DTD/xhtml1-transitional.dtd">
<html xmlns="http://www.w3.org/1999/xhtml" xml:lang="en" lang="en">
 <head>
  <title>
</title>
<meta http-equiv="Content-Type" content="text/html;charset=utf-8" />
  <meta name='ocr-system' content='tesseract 3.04.00' />
  <meta name='ocr-capabilities' content='ocr_page ocr_carea ocr_par ocr_line ocrx_word'/>
</head>
<body>
  <div class='ocr_page' id='page_1' title='image "./corpusscriptorum17niebuoft_0644.png"; bbox 0 0 1884 3262; ppageno 0'>
   <div class='ocr_carea' id='block_1_1' title="bbox 303 219 1350 273">
    <p class='ocr_par' dir='ltr' id='par_1_1' title="bbox 303 219 1350 273">
     <span class='ocr_line' id='line_1_1' title="bbox 303 219 1350 273; baseline -0.009 0"><span class='ocrx_word' id='word_1_1' title='bbox 303 226 400 273; x_wconf 79' lang='lat'><strong>626</strong></span> <span class='ocrx_word' id='word_1_2' title='bbox 693 219 1005 268; x_wconf 79' lang='lat' dir='ltr'><strong>OBSERVAT.</strong></span> <span class='ocrx_word' id='word_1_3' title='bbox 1043 220 1350 269; x_wconf 81' lang='lat' dir='ltr'><strong>PACHYMER.</strong></span> 
     </span>
    </p>
   </div>
   <div class='ocr_carea' id='block_1_2' title="bbox 279 329 1756 2906">
    <p class='ocr_par' dir='ltr' id='par_1_2' title="bbox 304 329 1754 552">
     <span class='ocr_line' id='line_1_2' title="bbox 304 329 1753 383; baseline -0.003 -9"><span class='ocrx_word' id='word_1_4' title='bbox 304 337 384 376; x_wconf 82' lang='lat' dir='ltr'><strong>bat.</strong></span> <span class='ocrx_word' id='word_1_5' title='bbox 440 344 512 370; x_wconf 84' lang='lat' dir='ltr'><strong>nec</strong></span> <span class='ocrx_word' id='word_1_6' title='bbox 529 343 592 370; x_wconf 84' lang='lat' dir='ltr'><strong>res</strong></span> <span class='ocrx_word' id='word_1_7' title='bbox 608 331 726 383; x_wconf 83' lang='lat' dir='ltr'><strong>igitur</strong></span> <span class='ocrx_word' id='word_1_8' title='bbox 743 330 942 370; x_wconf 79' lang='lat' dir='ltr'><strong>Theodori</strong></span> <span class='ocrx_word' id='word_1_9' title='bbox 958 329 1151 378; x_wconf 69' lang='lat' dir='ltr'><strong>Lascaris,</strong></span> <span class='ocrx_word' id='word_1_10' title='bbox 1179 341 1254 370; x_wconf 84' lang='lat' dir='ltr'><strong>nec</strong></span> <span class='ocrx_word' id='word_1_11' title='bbox 1271 329 1389 381; x_wconf 81' lang='lat' dir='ltr'><strong>primi</strong></span> <span class='ocrx_word' id='word_1_12' title='bbox 1399 330 1583 371; x_wconf 83' lang='lat' dir='ltr'><strong>:decennii</strong></span> <span class='ocrx_word' id='word_1_13' title='bbox 1597 329 1753 371; x_wconf 78' lang='lat' dir='ltr'><strong>Ioannis</strong></span> 
     </span>
     <span class='ocr_line' id='line_1_3' title="bbox 309 385 1754 438; baseline -0.003 -8"><span class='ocrx_word' id='word_1_14' title='bbox 309 393 491 430; x_wconf 85' lang='lat' dir='ltr'><strong>Batatzae</strong></span> <span class='ocrx_word' id='word_1_15' title='bbox 517 394 624 437; x_wconf 80' lang='lat' dir='ltr'><strong>acta,</strong></span> <span class='ocrx_word' id='word_1_16' title='bbox 653 388 770 427; x_wconf 83' lang='lat' dir='ltr'>scribi</span> <span class='ocrx_word' id='word_1_17' title='bbox 805 401 855 425; x_wconf 82' lang='lat' dir='ltr'><strong>ex</strong></span> <span class='ocrx_word' id='word_1_18' title='bbox 884 387 1037 425; x_wconf 84' lang='lat' dir='ltr'><strong>oculata</strong></span> <span class='ocrx_word' id='word_1_19' title='bbox 1074 385 1217 423; x_wconf 82' lang='lat' dir='ltr'><strong>notitia</strong></span> <span class='ocrx_word' id='word_1_20' title='bbox 1246 386 1293 424; x_wconf 87' lang='lat' dir='ltr'><strong>ab</strong></span> <span class='ocrx_word' id='word_1_21' title='bbox 1324 385 1546 438; x_wconf 81' lang='lat' dir='ltr'><strong>Acropolita</strong></span> <span class='ocrx_word' id='word_1_22' title='bbox 1575 393 1754 438; x_wconf 81' lang='lat' dir='ltr'><strong>potuere.</strong></span> 
     </span>
     <span class='ocr_line' id='line_1_4' title="bbox 306 437 1754 496; baseline -0.001 -12"><span class='ocrx_word' id='word_1_23' title='bbox 306 458 427 496; x_wconf 86' lang='lat' dir='ltr'><strong>quare</strong></span> <span class='ocrx_word' id='word_1_24' title='bbox 449 445 538 482; x_wconf 83' lang='lat' dir='ltr'><strong>alios</strong></span> <span class='ocrx_word' id='word_1_25' title='bbox 550 445 667 491; x_wconf 55' lang='lat' dir='ltr'><strong>nobis</strong></span> <span class='ocrx_word' id='word_1_26' title='bbox 685 444 901 495; x_wconf 81' lang='lat' dir='ltr'><strong>incognitos</strong></span> <span class='ocrx_word' id='word_1_27' title='bbox 924 444 1058 482; x_wconf 85' lang='lat' dir='ltr'><strong>talium</strong></span> <span class='ocrx_word' id='word_1_28' title='bbox 1085 447 1299 480; x_wconf 79' lang='lat' dir='ltr'><strong>eventuum</strong></span> <span class='ocrx_word' id='word_1_29' title='bbox 1323 437 1522 491; x_wconf 73' lang='grc' dir='ltr'><strong>αὕτόπτας</strong></span> <span class='ocrx_word' id='word_1_30' title='bbox 1546 441 1754 482; x_wconf 72' lang='lat' dir='ltr'><strong>historicos</strong></span> 
     </span>
     <span class='ocr_line' id='line_1_5' title="bbox 307 499 1363 552; baseline -0.005 -12"><span class='ocrx_word' id='word_1_31' title='bbox 307 503 373 540; x_wconf 90' lang='lat' dir='ltr'><strong>hic</strong></span> <span class='ocrx_word' id='word_1_32' title='bbox 390 501 552 539; x_wconf 85' lang='lat' dir='ltr'><strong>innuere</strong></span> <span class='ocrx_word' id='word_1_33' title='bbox 568 500 844 552; x_wconf 83' lang='lat' dir='ltr'><strong>Pachymerem</strong></span> <span class='ocrx_word' id='word_1_34' title='bbox 862 499 1152 550; x_wconf 85' lang='lat' dir='ltr'><strong>agnoscendum</strong></span> <span class='ocrx_word' id='word_1_35' title='bbox 1168 502 1238 536; x_wconf 84' lang='lat' dir='ltr'><strong>est.</strong></span> <span class='ocrx_word' id='word_1_36' title='bbox 1360 505 1363 507; x_wconf 75' lang='grc'><strong>’</strong></span> 
     </span>
    </p>

    <p class='ocr_par' dir='ltr' id='par_1_3' title="bbox 308 553 1756 774">
     <span class='ocr_line' id='line_1_6' title="bbox 421 553 1754 608; baseline -0.002 -13"><span class='ocrx_word' id='word_1_37' title='bbox 421 571 458 608; x_wconf 88' lang='lat' dir='ltr'><strong>p.</strong></span> <span class='ocrx_word' id='word_1_38' title='bbox 474 556 524 599; x_wconf 80' lang='lat'><strong>14</strong></span> <span class='ocrx_word' id='word_1_39' title='bbox 538 570 578 597; x_wconf 86' lang='lat' dir='ltr'><strong>v.</strong></span> <span class='ocrx_word' id='word_1_40' title='bbox 591 561 667 598; x_wconf 77' lang='lat'><strong>10.;</strong></span> <span class='ocrx_word' id='word_1_41' title='bbox 681 558 903 595; x_wconf 67' lang='lat' dir='ltr'><strong>commissis</strong></span> <span class='ocrx_word' id='word_1_42' title='bbox 921 558 1087 594; x_wconf 67' lang='lat' dir='ltr'><strong>invicem</strong></span> <span class='ocrx_word' id='word_1_43' title='bbox 1108 554 1308 592; x_wconf 82' lang='lat' dir='ltr'><em>Mercurio</em></span> <span class='ocrx_word' id='word_1_44' title='bbox 1326 560 1362 591; x_wconf 79' lang='lat' dir='ltr'><strong>et</strong></span> <span class='ocrx_word' id='word_1_45' title='bbox 1384 554 1561 591; x_wconf 82' lang='lat' dir='ltr'><em>Latona.</em></span> <span class='ocrx_word' id='word_1_46' title='bbox 1617 553 1754 592; x_wconf 81' lang='lat' dir='ltr'><strong>alludit</strong></span> 
     </span>
     <span class='ocr_line' id='line_1_7' title="bbox 308 608 1754 667; baseline -0.003 -14"><span class='ocrx_word' id='word_1_47' title='bbox 308 626 478 667; x_wconf 83' lang='lat' dir='ltr'><strong>pugnam</strong></span> <span class='ocrx_word' id='word_1_48' title='bbox 490 612 651 651; x_wconf 83' lang='lat' dir='ltr'><strong>deorum</strong></span> <span class='ocrx_word' id='word_1_49' title='bbox 672 613 718 650; x_wconf 89' lang='lat' dir='ltr'><strong>ab</strong></span> <span class='ocrx_word' id='word_1_50' title='bbox 737 613 907 651; x_wconf 89' lang='lat' dir='ltr'>Homero</span> <span class='ocrx_word' id='word_1_51' title='bbox 926 612 1161 650; x_wconf 85' lang='lat' dir='ltr'><strong>celebratam</strong></span> <span class='ocrx_word' id='word_1_52' title='bbox 1180 610 1288 649; x_wconf 85' lang='lat' dir='ltr'><strong>Iliad.</strong></span> <span class='ocrx_word' id='word_1_53' title='bbox 1303 625 1329 649; x_wconf 89' lang='grc' dir='ltr'><strong>υ</strong></span> <span class='ocrx_word' id='word_1_54' title='bbox 1342 638 1353 657; x_wconf 86' lang='grc'><em>,</em></span> <span class='ocrx_word' id='word_1_55' title='bbox 1378 609 1447 647; x_wconf 84' lang='lat' dir='ltr'><strong>ubi</strong></span> <span class='ocrx_word' id='word_1_56' title='bbox 1472 622 1561 647; x_wconf 90' lang='lat' dir='ltr'><strong>cum</strong></span> <span class='ocrx_word' id='word_1_57' title='bbox 1576 608 1642 646; x_wconf 89' lang='lat' dir='ltr'><strong>alii</strong></span> <span class='ocrx_word' id='word_1_58' title='bbox 1670 610 1754 648; x_wconf 83' lang='lat' dir='ltr'><strong>aliis</strong></span> 
     </span>
     <span class='ocr_line' id='line_1_8' title="bbox 310 665 1753 720; baseline -0.003 -12"><span class='ocrx_word' id='word_1_59' title='bbox 310 671 365 708; x_wconf 89' lang='lat' dir='ltr'><strong>dii</strong></span> <span class='ocrx_word' id='word_1_60' title='bbox 375 670 447 707; x_wconf 88' lang='lat' dir='ltr'><strong>diis</strong></span> <span class='ocrx_word' id='word_1_61' title='bbox 459 669 609 707; x_wconf 85' lang='lat' dir='ltr'><strong>adversi</strong></span> <span class='ocrx_word' id='word_1_62' title='bbox 619 676 907 720; x_wconf 84' lang='lat' dir='ltr'><strong>comparantur,</strong></span> <span class='ocrx_word' id='word_1_63' title='bbox 924 674 1010 706; x_wconf 88' lang='lat' dir='ltr'><strong>tum</strong></span> <span class='ocrx_word' id='word_1_64' title='bbox 1028 681 1100 717; x_wconf 83' lang='lat' dir='ltr'><strong>par</strong></span> <span class='ocrx_word' id='word_1_65' title='bbox 1117 667 1346 705; x_wconf 81' lang='lat' dir='ltr'><strong>infestorum</strong></span> <span class='ocrx_word' id='word_1_66' title='bbox 1363 666 1530 704; x_wconf 86' lang='lat' dir='ltr'><strong>invicem</strong></span> <span class='ocrx_word' id='word_1_67' title='bbox 1549 665 1753 704; x_wconf 87' lang='lat' dir='ltr'><strong>numinum</strong></span> 
     </span>
     <span class='ocr_line' id='line_1_9' title="bbox 308 721 1756 774; baseline -0.002 -11"><span class='ocrx_word' id='word_1_68' title='bbox 308 724 526 772; x_wconf 82' lang='lat' dir='ltr'><strong>Mercurius</strong></span> <span class='ocrx_word' id='word_1_69' title='bbox 543 731 582 762; x_wconf 89' lang='lat' dir='ltr'><strong>et</strong></span> <span class='ocrx_word' id='word_1_70' title='bbox 594 726 753 774; x_wconf 81' lang='lat' dir='ltr'>Latona,</span> <span class='ocrx_word' id='word_1_71' title='bbox 771 725 836 763; x_wconf 88' lang='lat' dir='ltr'><strong>ille</strong></span> <span class='ocrx_word' id='word_1_72' title='bbox 854 725 1009 762; x_wconf 86' lang='lat' dir='ltr'><strong>Graecis</strong></span> <span class='ocrx_word' id='word_1_73' title='bbox 1026 723 1122 761; x_wconf 89' lang='lat' dir='ltr'><strong>haec</strong></span> <span class='ocrx_word' id='word_1_74' title='bbox 1133 723 1308 760; x_wconf 84' lang='lat' dir='ltr'>Troianis</span> <span class='ocrx_word' id='word_1_75' title='bbox 1326 722 1496 760; x_wconf 83' lang='lat' dir='ltr'><strong>militans</strong></span> <span class='ocrx_word' id='word_1_76' title='bbox 1506 721 1756 772; x_wconf 80' lang='lat' dir='ltr'><strong>producitur.</strong></span> 
     </span>
    </p>

    <p class='ocr_par' dir='ltr' id='par_1_4' title="bbox 279 776 1755 2400">
     <span class='ocr_line' id='line_1_10' title="bbox 526 776 1489 832; baseline -0.002 -11"><span class='ocrx_word' id='word_1_77' title='bbox 526 785 661 832; x_wconf 82' lang='grc' dir='ltr'><em>Λητοῖ</em></span> <span class='ocrx_word' id='word_1_78' title='bbox 683 778 726 821; x_wconf 79' lang='grc' dir='ltr'><strong>δ’</strong></span> <span class='ocrx_word' id='word_1_79' title='bbox 757 778 919 832; x_wconf 70' lang='grc' dir='ltr'><em>ἀντέστη</em></span> <span class='ocrx_word' id='word_1_80' title='bbox 945 783 1072 827; x_wconf 77' lang='grc' dir='ltr'><strong><em>σῶκος</em></strong></span> <span class='ocrx_word' id='word_1_81' title='bbox 1099 776 1298 830; x_wconf 77' lang='grc' dir='ltr'><strong><em>ἐριούνιος</em></strong></span> <span class='ocrx_word' id='word_1_82' title='bbox 1320 777 1489 831; x_wconf 55' lang='grc' dir='ltr'><strong>εἘρμῆς.</strong></span> 
     </span>
     <span class='ocr_line' id='line_1_11' title="bbox 311 833 1754 888; baseline -0.005 -12"><span class='ocrx_word' id='word_1_83' title='bbox 311 839 384 878; x_wconf 85' lang='lat' dir='ltr'><strong>etsi</strong></span> <span class='ocrx_word' id='word_1_84' title='bbox 403 844 554 886; x_wconf 84' lang='lat' dir='ltr'><strong>autem,</strong></span> <span class='ocrx_word' id='word_1_85' title='bbox 585 837 781 888; x_wconf 87' lang='lat' dir='ltr'><strong>quomodo</strong></span> <span class='ocrx_word' id='word_1_86' title='bbox 808 836 992 878; x_wconf 83' lang='lat' dir='ltr'>scribitur</span> <span class='ocrx_word' id='word_1_87' title='bbox 1018 837 1185 883; x_wconf 80' lang='lat' dir='ltr'><strong>Graece,</strong></span> <span class='ocrx_word' id='word_1_88' title='bbox 1214 836 1376 884; x_wconf 85' lang='grc' dir='ltr'><strong>Λητοῦς</strong></span> <span class='ocrx_word' id='word_1_89' title='bbox 1394 834 1474 872; x_wconf 87' lang='lat' dir='ltr'><strong>sive</strong></span> <span class='ocrx_word' id='word_1_90' title='bbox 1490 833 1659 870; x_wconf 82' lang='lat' dir='ltr'><strong>Latonae</strong></span> <span class='ocrx_word' id='word_1_91' title='bbox 1675 845 1754 870; x_wconf 89' lang='lat' dir='ltr'><strong>no-</strong></span> 
     </span>
     <span class='ocr_line' id='line_1_12' title="bbox 310 889 1754 946; baseline -0.006 -13"><span class='ocrx_word' id='word_1_92' title='bbox 310 907 402 933; x_wconf 85' lang='lat' dir='ltr'><strong>men</strong></span> <span class='ocrx_word' id='word_1_93' title='bbox 431 893 529 932; x_wconf 84' lang='lat' dir='ltr'><strong>nihil</strong></span> <span class='ocrx_word' id='word_1_94' title='bbox 558 906 764 931; x_wconf 87' lang='lat' dir='ltr'><strong>commune</strong></span> <span class='ocrx_word' id='word_1_95' title='bbox 788 906 877 931; x_wconf 90' lang='lat' dir='ltr'><strong>cum</strong></span> <span class='ocrx_word' id='word_1_96' title='bbox 905 889 1033 946; x_wconf 79' lang='grc' dir='ltr'><strong>Λήθῃ</strong></span> <span class='ocrx_word' id='word_1_97' title='bbox 1059 891 1254 929; x_wconf 87' lang='lat' dir='ltr'><strong>oblivione</strong></span> <span class='ocrx_word' id='word_1_98' title='bbox 1271 889 1415 928; x_wconf 85' lang='lat' dir='ltr'><strong>habere</strong></span> <span class='ocrx_word' id='word_1_99' title='bbox 1435 889 1639 937; x_wconf 88' lang='lat' dir='ltr'><strong>videatur,</strong></span> <span class='ocrx_word' id='word_1_100' title='bbox 1666 900 1754 926; x_wconf 87' lang='lat' dir='ltr'><strong>cer—</strong></span> 
     </span>
     <span class='ocr_line' id='line_1_13' title="bbox 309 943 1755 1000; baseline -0.006 -10"><span class='ocrx_word' id='word_1_101' title='bbox 309 958 398 990; x_wconf 89' lang='lat' dir='ltr'><strong>tum</strong></span> <span class='ocrx_word' id='word_1_102' title='bbox 427 957 559 988; x_wconf 83' lang='lat' dir='ltr'><strong>tamen</strong></span> <span class='ocrx_word' id='word_1_103' title='bbox 585 956 702 1000; x_wconf 87' lang='lat' dir='ltr'><strong>atque</strong></span> <span class='ocrx_word' id='word_1_104' title='bbox 727 949 824 987; x_wconf 83' lang='lat' dir='ltr'><strong>adeo</strong></span> <span class='ocrx_word' id='word_1_105' title='bbox 853 949 1013 999; x_wconf 82' lang='lat' dir='ltr'><strong>vulgare</strong></span> <span class='ocrx_word' id='word_1_106' title='bbox 1044 949 1214 986; x_wconf 82' lang='lat' dir='ltr'><strong>Graecae</strong></span> <span class='ocrx_word' id='word_1_107' title='bbox 1236 946 1463 984; x_wconf 77' lang='lat' dir='ltr'><strong>literaturae</strong></span> <span class='ocrx_word' id='word_1_108' title='bbox 1490 959 1570 984; x_wconf 89' lang='lat' dir='ltr'><strong>non</strong></span> <span class='ocrx_word' id='word_1_109' title='bbox 1589 943 1755 983; x_wconf 80' lang='lat' dir='ltr'><strong>rudibus</strong></span> 
     </span>
     <span class='ocr_line' id='line_1_14' title="bbox 311 998 1753 1054; baseline -0.003 -10"><span class='ocrx_word' id='word_1_110' title='bbox 311 1013 370 1045; x_wconf 85' lang='lat' dir='ltr'><strong>est</strong></span> <span class='ocrx_word' id='word_1_111' title='bbox 387 1007 575 1044; x_wconf 86' lang='lat' dir='ltr'><strong>Latonam</strong></span> <span class='ocrx_word' id='word_1_112' title='bbox 593 1006 644 1043; x_wconf 83' lang='lat' dir='ltr'><strong>ad</strong></span> <span class='ocrx_word' id='word_1_113' title='bbox 662 1006 785 1043; x_wconf 87' lang='lat' dir='ltr'><strong>noctis</strong></span> <span class='ocrx_word' id='word_1_114' title='bbox 797 1011 838 1042; x_wconf 83' lang='lat' dir='ltr'><strong>et</strong></span> <span class='ocrx_word' id='word_1_115' title='bbox 855 1003 1060 1043; x_wconf 86' lang='lat' dir='ltr'><strong>oblivionis</strong></span> <span class='ocrx_word' id='word_1_116' title='bbox 1077 1003 1395 1054; x_wconf 79' lang='lat' dir='ltr'><strong>significationem</strong></span> <span class='ocrx_word' id='word_1_117' title='bbox 1414 1001 1615 1052; x_wconf 76' lang='lat' dir='ltr'><strong>allegorice</strong></span> <span class='ocrx_word' id='word_1_118' title='bbox 1631 998 1753 1039; x_wconf 84' lang='lat' dir='ltr'><strong>trahi.</strong></span> 
     </span>
     <span class='ocr_line' id='line_1_15' title="bbox 305 1052 1754 1113; baseline -0.005 -10"><span class='ocrx_word' id='word_1_119' title='bbox 305 1062 369 1111; x_wconf 65' lang='grc' dir='ltr'><strong>οἷς</strong></span> <span class='ocrx_word' id='word_1_120' title='bbox 389 1061 419 1113; x_wconf 75' lang='grc' dir='ltr'><strong><em>ἦ</em></strong></span> <span class='ocrx_word' id='word_1_121' title='bbox 435 1058 557 1113; x_wconf 64' lang='grc' dir='ltr'><strong>Λητώ</strong></span> <span class='ocrx_word' id='word_1_122' title='bbox 578 1061 654 1112; x_wconf 86' lang='lat' dir='ltr'><strong>(ait</strong></span> <span class='ocrx_word' id='word_1_123' title='bbox 675 1060 899 1100; x_wconf 87' lang='lat' dir='ltr'><strong>Eustathius</strong></span> <span class='ocrx_word' id='word_1_124' title='bbox 920 1060 971 1097; x_wconf 88' lang='lat' dir='ltr'><strong>ad</strong></span> <span class='ocrx_word' id='word_1_125' title='bbox 988 1060 1098 1097; x_wconf 83' lang='lat' dir='ltr'><strong>Iliad.</strong></span> <span class='ocrx_word' id='word_1_126' title='bbox 1120 1061 1140 1107; x_wconf 81' lang='grc' dir='ltr'><strong>ξ</strong></span> <span class='ocrx_word' id='word_1_127' title='bbox 1159 1072 1197 1110; x_wconf 83' lang='lat' dir='ltr'><strong>p.</strong></span> <span class='ocrx_word' id='word_1_128' title='bbox 1222 1061 1303 1100; x_wconf 85' lang='lat'><strong>989</strong></span> <span class='ocrx_word' id='word_1_129' title='bbox 1315 1058 1376 1096; x_wconf 85' lang='lat' dir='ltr'><strong>ed.</strong></span> <span class='ocrx_word' id='word_1_130' title='bbox 1395 1057 1524 1110; x_wconf 86' lang='lat' dir='ltr'><strong>Rom.)</strong></span> <span class='ocrx_word' id='word_1_131' title='bbox 1555 1052 1603 1098; x_wconf 73' lang='grc' dir='ltr'><strong><em>οὗ</em></strong></span> <span class='ocrx_word' id='word_1_132' title='bbox 1624 1053 1754 1109; x_wconf 87' lang='grc' dir='ltr'><strong><em>μόνον</em></strong></span> 
     </span>
     <span class='ocr_line' id='line_1_16' title="bbox 312 1110 1753 1170; baseline -0.005 -12"><span class='ocrx_word' id='word_1_133' title='bbox 312 1119 368 1166; x_wconf 81' lang='grc' dir='ltr'><strong>εἷς</strong></span> <span class='ocrx_word' id='word_1_134' title='bbox 387 1116 520 1169; x_wconf 78' lang='grc' dir='ltr'><em>λήθην</em></span> <span class='ocrx_word' id='word_1_135' title='bbox 541 1114 810 1170; x_wconf 73' lang='grc' dir='ltr'><strong>ἆλληγορεῖται</strong></span> <span class='ocrx_word' id='word_1_136' title='bbox 821 1147 831 1166; x_wconf 88' lang='grc'><em>,</em></span> <span class='ocrx_word' id='word_1_137' title='bbox 861 1112 960 1156; x_wconf 67' lang='grc' dir='ltr'><strong>ἄλλα</strong></span> <span class='ocrx_word' id='word_1_138' title='bbox 979 1116 1045 1156; x_wconf 86' lang='grc' dir='ltr'><strong>καὶ</strong></span> <span class='ocrx_word' id='word_1_139' title='bbox 1067 1116 1121 1162; x_wconf 84' lang='grc' dir='ltr'><strong>εἰς</strong></span> <span class='ocrx_word' id='word_1_140' title='bbox 1138 1110 1263 1154; x_wconf 82' lang='grc' dir='ltr'><strong><em>νύκτα</em></strong></span> <span class='ocrx_word' id='word_1_141' title='bbox 1277 1111 1353 1165; x_wconf 73' lang='grc' dir='ltr'><strong>τήν</strong></span> <span class='ocrx_word' id='word_1_142' title='bbox 1368 1116 1424 1169; x_wconf 76' lang='grc' dir='ltr'><strong>τῷ</strong></span> <span class='ocrx_word' id='word_1_143' title='bbox 1440 1110 1527 1166; x_wconf 81' lang='grc' dir='ltr'><strong><em>οἷέρι</em></strong></span> <span class='ocrx_word' id='word_1_144' title='bbox 1543 1112 1614 1152; x_wconf 83' lang='grc' dir='ltr'><strong>Διὶ</strong></span> <span class='ocrx_word' id='word_1_145' title='bbox 1631 1124 1753 1165; x_wconf 86' lang='grc' dir='ltr'><strong><em>προσ-</em></strong></span> 
     </span>
     <span class='ocr_line' id='line_1_17' title="bbox 311 1163 1753 1226; baseline -0.004 -12"><span class='ocrx_word' id='word_1_146' title='bbox 311 1172 493 1226; x_wconf 75' lang='grc' dir='ltr'><strong><em>ήκουσαν</em></strong></span> <span class='ocrx_word' id='word_1_147' title='bbox 514 1170 577 1213; x_wconf 75' lang='grc' dir='ltr'><strong>ὅτε</strong></span> <span class='ocrx_word' id='word_1_148' title='bbox 595 1172 649 1224; x_wconf 74' lang='grc' dir='ltr'><strong>μή</strong></span> <span class='ocrx_word' id='word_1_149' title='bbox 674 1172 777 1222; x_wconf 83' lang='grc' dir='ltr'><em>φωτὶ</em></span> <span class='ocrx_word' id='word_1_150' title='bbox 801 1169 1114 1222; x_wconf 72' lang='grc' dir='ltr'><strong><em>καταλάμπεται,</em></strong></span> <span class='ocrx_word' id='word_1_151' title='bbox 1144 1166 1220 1210; x_wconf 77' lang='lat' dir='ltr'><strong>ov’n</strong></span> <span class='ocrx_word' id='word_1_152' title='bbox 1242 1167 1292 1209; x_wconf 68' lang='grc' dir='ltr'><strong>ἂν</strong></span> <span class='ocrx_word' id='word_1_153' title='bbox 1315 1170 1378 1221; x_wconf 85' lang='grc' dir='ltr'><strong>εἰἠ</strong></span> <span class='ocrx_word' id='word_1_154' title='bbox 1403 1185 1461 1216; x_wconf 83' lang='grc' dir='ltr'><strong>τις</strong></span> <span class='ocrx_word' id='word_1_155' title='bbox 1476 1171 1554 1209; x_wconf 75' lang='grc' dir='ltr'><strong>τῶν</strong></span> <span class='ocrx_word' id='word_1_156' title='bbox 1571 1167 1661 1220; x_wconf 78' lang='grc' dir='ltr'><strong><em>περὶ</em></strong></span> <span class='ocrx_word' id='word_1_157' title='bbox 1685 1163 1753 1208; x_wconf 79' lang='grc' dir='ltr'><strong>λό-</strong></span> 
     </span>
     <span class='ocr_line' id='line_1_18' title="bbox 310 1224 1754 1284; baseline -0.006 -14"><span class='ocrx_word' id='word_1_158' title='bbox 310 1245 408 1284; x_wconf 75' lang='grc' dir='ltr'><strong><em>γους</em></strong></span> <span class='ocrx_word' id='word_1_159' title='bbox 427 1225 596 1281; x_wconf 74' lang='grc' dir='ltr'><em>ἆγνοῶν.</em></span> <span class='ocrx_word' id='word_1_160' title='bbox 651 1230 856 1266; x_wconf 78' lang='lat' dir='ltr'><strong>Latonam</strong></span> <span class='ocrx_word' id='word_1_161' title='bbox 875 1227 1084 1277; x_wconf 74' lang='lat' dir='ltr'><strong>symbolice</strong></span> <span class='ocrx_word' id='word_1_162' title='bbox 1103 1225 1314 1276; x_wconf 73' lang='lat' dir='ltr'><strong>designare</strong></span> <span class='ocrx_word' id='word_1_163' title='bbox 1328 1239 1406 1263; x_wconf 87' lang='lat' dir='ltr'><strong>non</strong></span> <span class='ocrx_word' id='word_1_164' title='bbox 1431 1225 1564 1262; x_wconf 65' lang='lat' dir='ltr'><strong>«solum</strong></span> <span class='ocrx_word' id='word_1_165' title='bbox 1584 1224 1754 1262; x_wconf 79' lang='lat' dir='ltr'><strong>oblivio-</strong></span> 
     </span>
     <span class='ocr_line' id='line_1_19' title="bbox 312 1280 1754 1335; baseline -0.003 -13"><span class='ocrx_word' id='word_1_166' title='bbox 312 1299 421 1335; x_wconf 86' lang='lat' dir='ltr'><strong>nem,</strong></span> <span class='ocrx_word' id='word_1_167' title='bbox 450 1283 522 1322; x_wconf 62' lang='grc' dir='ltr'><strong>θεά</strong></span> <span class='ocrx_word' id='word_1_168' title='bbox 538 1291 575 1320; x_wconf 81' lang='lat' dir='ltr'><strong>et</strong></span> <span class='ocrx_word' id='word_1_169' title='bbox 595 1291 745 1321; x_wconf 83' lang='lat' dir='ltr'><strong>noctem</strong></span> <span class='ocrx_word' id='word_1_170' title='bbox 766 1285 851 1321; x_wconf 52' lang='lat' dir='ltr'><strong>aaz·</strong></span> <span class='ocrx_word' id='word_1_171' title='bbox 868 1284 955 1321; x_wconf 68' lang='lat' dir='ltr'><strong>Iovi</strong></span> <span class='ocrx_word' id='word_1_172' title='bbox 969 1284 1255 1320; x_wconf 63' lang='lat' dir='ltr'><strong>convenientem</strong></span> <span class='ocrx_word' id='word_1_173' title='bbox 1276 1280 1438 1331; x_wconf 78' lang='lat' dir='ltr'><strong>quando</strong></span> <span class='ocrx_word' id='word_1_174' title='bbox 1455 1281 1544 1317; x_wconf 81' lang='lat' dir='ltr'><strong>luce</strong></span> <span class='ocrx_word' id='word_1_175' title='bbox 1558 1287 1637 1318; x_wconf 84' lang='lat' dir='ltr'><strong>non</strong></span> <span class='ocrx_word' id='word_1_176' title='bbox 1651 1280 1754 1320; x_wconf 81' lang='lat' dir='ltr'><strong>illu-</strong></span> 
     </span>
     <span class='ocr_line' id='line_1_20' title="bbox 310 1335 1755 1391; baseline -0.005 -12"><span class='ocrx_word' id='word_1_177' title='bbox 310 1348 488 1391; x_wconf 70' lang='lat' dir='ltr'><strong>stratur,</strong></span> <span class='ocrx_word' id='word_1_178' title='bbox 518 1354 628 1377; x_wconf 87' lang='lat' dir='ltr'><strong>nemo</strong></span> <span class='ocrx_word' id='word_1_179' title='bbox 649 1339 879 1378; x_wconf 77' lang='lat' dir='ltr'><strong>ruditomm</strong></span> <span class='ocrx_word' id='word_1_180' title='bbox 899 1340 1154 1389; x_wconf 70' lang='lat' dir='ltr'><strong>ignoraverit.</strong></span> <span class='ocrx_word' id='word_1_181' title='bbox 1210 1337 1302 1375; x_wconf 89' lang='lat' dir='ltr'><strong>inde</strong></span> <span class='ocrx_word' id='word_1_182' title='bbox 1332 1336 1383 1374; x_wconf 91' lang='lat' dir='ltr'><strong>ad</strong></span> <span class='ocrx_word' id='word_1_183' title='bbox 1402 1349 1559 1375; x_wconf 82' lang='lat' dir='ltr'><strong>versum</strong></span> <span class='ocrx_word' id='word_1_184' title='bbox 1576 1335 1755 1387; x_wconf 82' lang='lat' dir='ltr'><strong>superius</strong></span> 
     </span>
     <span class='ocr_line' id='line_1_21' title="bbox 310 1392 1755 1448; baseline -0.004 -13"><span class='ocrx_word' id='word_1_185' title='bbox 310 1396 547 1448; x_wconf 85' lang='lat' dir='ltr'><strong>descriptum</strong></span> <span class='ocrx_word' id='word_1_186' title='bbox 577 1410 626 1434; x_wconf 83' lang='lat' dir='ltr'><strong>ex</strong></span> <span class='ocrx_word' id='word_1_187' title='bbox 654 1395 763 1434; x_wconf 80' lang='lat' dir='ltr'><strong>Iliad.</strong></span> <span class='ocrx_word' id='word_1_188' title='bbox 791 1411 815 1435; x_wconf 86' lang='lat' dir='ltr'><em>v</em></span> <span class='ocrx_word' id='word_1_189' title='bbox 841 1395 946 1433; x_wconf 84' lang='lat' dir='ltr'><strong>idem</strong></span> <span class='ocrx_word' id='word_1_190' title='bbox 974 1400 1179 1433; x_wconf 86' lang='lat' dir='ltr'><strong>enarrator</strong></span> <span class='ocrx_word' id='word_1_191' title='bbox 1206 1393 1450 1431; x_wconf 88' lang='lat' dir='ltr'><strong>doctissimus</strong></span> <span class='ocrx_word' id='word_1_192' title='bbox 1478 1392 1555 1430; x_wconf 91' lang='lat' dir='ltr'><strong>hoc</strong></span> <span class='ocrx_word' id='word_1_193' title='bbox 1574 1393 1755 1431; x_wconf 85' lang='lat' dir='ltr'><strong>observat</strong></span> 
     </span>
     <span class='ocr_line' id='line_1_22' title="bbox 310 1444 1754 1504; baseline -0.002 -13"><span class='ocrx_word' id='word_1_194' title='bbox 310 1453 391 1504; x_wconf 85' lang='lat' dir='ltr'><strong>(ed.</strong></span> <span class='ocrx_word' id='word_1_195' title='bbox 412 1454 524 1490; x_wconf 86' lang='lat' dir='ltr'><strong>Rom.</strong></span> <span class='ocrx_word' id='word_1_196' title='bbox 541 1465 579 1502; x_wconf 89' lang='lat' dir='ltr'><strong>p.</strong></span> <span class='ocrx_word' id='word_1_197' title='bbox 605 1451 730 1503; x_wconf 82' lang='lat'>1197)</span> <span class='ocrx_word' id='word_1_198' title='bbox 762 1455 894 1502; x_wconf 85' lang='grc' dir='ltr'><em>Λητοῖ</em></span> <span class='ocrx_word' id='word_1_199' title='bbox 906 1450 947 1490; x_wconf 82' lang='grc' dir='ltr'><strong>δέ</strong></span> <span class='ocrx_word' id='word_1_200' title='bbox 962 1463 1087 1501; x_wconf 84' lang='grc' dir='ltr'><strong>φησιν</strong></span> <span class='ocrx_word' id='word_1_201' title='bbox 1112 1446 1274 1500; x_wconf 66' lang='grc' dir='ltr'><strong>ἀντέστη</strong></span> <span class='ocrx_word' id='word_1_202' title='bbox 1300 1452 1428 1496; x_wconf 77' lang='grc' dir='ltr'><strong><em>σῶκος</em></strong></span> <span class='ocrx_word' id='word_1_203' title='bbox 1445 1444 1640 1501; x_wconf 80' lang='grc' dir='ltr'><strong><em>ἐριούνιος</em></strong></span> <span class='ocrx_word' id='word_1_204' title='bbox 1655 1446 1754 1501; x_wconf 84' lang='grc' dir='ltr'><strong>Ἑρ-</strong></span> 
     </span>
     <span class='ocr_line' id='line_1_23' title="bbox 310 1499 1754 1562; baseline -0.003 -13"><span class='ocrx_word' id='word_1_205' title='bbox 310 1511 411 1562; x_wconf 80' lang='grc' dir='ltr'><strong><em>μῆς·</em></strong></span> <span class='ocrx_word' id='word_1_206' title='bbox 444 1508 556 1560; x_wconf 78' lang='grc' dir='ltr'><strong><em>οἵπερ</em></strong></span> <span class='ocrx_word' id='word_1_207' title='bbox 576 1502 699 1554; x_wconf 75' lang='grc' dir='ltr'><strong><em>αὖθις</em></strong></span> <span class='ocrx_word' id='word_1_208' title='bbox 713 1503 871 1558; x_wconf 72' lang='grc' dir='ltr'><strong><em>ἠθικαῖς</em></strong></span> <span class='ocrx_word' id='word_1_209' title='bbox 892 1504 1224 1558; x_wconf 78' lang='grc' dir='ltr'><strong>ἔκλαμβὸινονται,</strong></span> <span class='ocrx_word' id='word_1_210' title='bbox 1252 1505 1281 1556; x_wconf 74' lang='grc' dir='ltr'><em>ἦ</em></span> <span class='ocrx_word' id='word_1_211' title='bbox 1298 1504 1370 1556; x_wconf 77' lang='grc' dir='ltr'><strong>μὲν</strong></span> <span class='ocrx_word' id='word_1_212' title='bbox 1390 1505 1446 1552; x_wconf 79' lang='grc' dir='ltr'><strong>εἷς</strong></span> <span class='ocrx_word' id='word_1_213' title='bbox 1463 1502 1639 1557; x_wconf 78' lang='grc' dir='ltr'><em>Λήθην,</em></span> <span class='ocrx_word' id='word_1_214' title='bbox 1671 1503 1696 1545; x_wconf 81' lang='lat' dir='ltr'><strong>o‘</strong></span> <span class='ocrx_word' id='word_1_215' title='bbox 1714 1499 1754 1544; x_wconf 80' lang='grc' dir='ltr'><strong>δ’</strong></span> 
     </span>
     <span class='ocr_line' id='line_1_24' title="bbox 279 1558 1752 1617; baseline -0.004 -12"><span class='ocrx_word' id='word_1_216' title='bbox 279 1591 282 1598; x_wconf 79' lang='lat'><em>,</em></span> <span class='ocrx_word' id='word_1_217' title='bbox 311 1565 369 1612; x_wconf 75' lang='grc' dir='ltr'><strong>εἰς</strong></span> <span class='ocrx_word' id='word_1_218' title='bbox 386 1560 501 1617; x_wconf 79' lang='grc' dir='ltr'><strong><em>λόγον</em></strong></span> <span class='ocrx_word' id='word_1_219' title='bbox 521 1558 790 1615; x_wconf 80' lang='grc' dir='ltr'><strong><em>μεταγόμενοι.</em></strong></span> <span class='ocrx_word' id='word_1_220' title='bbox 848 1562 944 1600; x_wconf 83' lang='lat' dir='ltr'><strong>haec</strong></span> <span class='ocrx_word' id='word_1_221' title='bbox 966 1563 1049 1610; x_wconf 87' lang='lat' dir='ltr'><strong>ille,</strong></span> <span class='ocrx_word' id='word_1_222' title='bbox 1077 1575 1175 1612; x_wconf 84' lang='lat' dir='ltr'><strong>quae</strong></span> <span class='ocrx_word' id='word_1_223' title='bbox 1199 1561 1375 1601; x_wconf 87' lang='lat' dir='ltr'><strong>indicant</strong></span> <span class='ocrx_word' id='word_1_224' title='bbox 1394 1561 1587 1611; x_wconf 83' lang='lat' dir='ltr'><strong>ingeniose</strong></span> <span class='ocrx_word' id='word_1_225' title='bbox 1609 1560 1752 1599; x_wconf 76' lang='lat' dir='ltr'><strong>adum-</strong></span> 
     </span>
     <span class='ocr_line' id='line_1_25' title="bbox 307 1616 1752 1667; baseline -0.003 -8"><span class='ocrx_word' id='word_1_226' title='bbox 307 1620 463 1659; x_wconf 87' lang='lat' dir='ltr'><strong>bratam</strong></span> <span class='ocrx_word' id='word_1_227' title='bbox 484 1619 531 1656; x_wconf 86' lang='lat' dir='ltr'><strong>ab</strong></span> <span class='ocrx_word' id='word_1_228' title='bbox 550 1618 721 1656; x_wconf 87' lang='lat' dir='ltr'><strong>Homero</strong></span> <span class='ocrx_word' id='word_1_229' title='bbox 733 1647 744 1667; x_wconf 88' lang='lat'>,</span> <span class='ocrx_word' id='word_1_230' title='bbox 772 1618 849 1655; x_wconf 81' lang='lat' dir='ltr'><strong>isto</strong></span> <span class='ocrx_word' id='word_1_231' title='bbox 877 1619 1014 1656; x_wconf 82' lang='lat' dir='ltr'><strong>infesto</strong></span> <span class='ocrx_word' id='word_1_232' title='bbox 1040 1618 1208 1658; x_wconf 87' lang='lat' dir='ltr'><strong>invicem</strong></span> <span class='ocrx_word' id='word_1_233' title='bbox 1236 1618 1398 1656; x_wconf 88' lang='lat' dir='ltr'><strong>incursu</strong></span> <span class='ocrx_word' id='word_1_234' title='bbox 1414 1616 1599 1656; x_wconf 85' lang='lat' dir='ltr'><strong>Mercurii</strong></span> <span class='ocrx_word' id='word_1_235' title='bbox 1617 1622 1659 1655; x_wconf 86' lang='lat' dir='ltr'><strong>et</strong></span> <span class='ocrx_word' id='word_1_236' title='bbox 1673 1616 1752 1655; x_wconf 71' lang='lat' dir='ltr'><strong>La-</strong></span> 
     </span>
     <span class='ocr_line' id='line_1_26' title="bbox 306 1672 1752 1725; baseline -0.003 -10"><span class='ocrx_word' id='word_1_237' title='bbox 306 1683 443 1724; x_wconf 86' lang='lat' dir='ltr'><strong>tonae,</strong></span> <span class='ocrx_word' id='word_1_238' title='bbox 474 1680 669 1712; x_wconf 79' lang='lat' dir='ltr'><strong>certamen</strong></span> <span class='ocrx_word' id='word_1_239' title='bbox 699 1673 899 1724; x_wconf 84' lang='lat' dir='ltr'><strong>quoddam</strong></span> <span class='ocrx_word' id='word_1_240' title='bbox 924 1674 1111 1713; x_wconf 88' lang='lat' dir='ltr'><strong>orationis</strong></span> <span class='ocrx_word' id='word_1_241' title='bbox 1135 1680 1175 1712; x_wconf 90' lang='lat' dir='ltr'><strong>et</strong></span> <span class='ocrx_word' id='word_1_242' title='bbox 1203 1673 1407 1713; x_wconf 86' lang='lat' dir='ltr'><strong>literarum</strong></span> <span class='ocrx_word' id='word_1_243' title='bbox 1424 1687 1495 1725; x_wconf 88' lang='lat' dir='ltr'><strong>per</strong></span> <span class='ocrx_word' id='word_1_244' title='bbox 1513 1672 1752 1712; x_wconf 86' lang='lat' dir='ltr'><strong>Mercurium</strong></span> 
     </span>
     <span class='ocr_line' id='line_1_27' title="bbox 308 1728 1752 1783; baseline -0.002 -12"><span class='ocrx_word' id='word_1_245' title='bbox 308 1732 619 1783; x_wconf 84' lang='lat' dir='ltr'><strong>designatarum,</strong></span> <span class='ocrx_word' id='word_1_246' title='bbox 663 1730 850 1770; x_wconf 80' lang='lat' dir='ltr'><strong>adversus</strong></span> <span class='ocrx_word' id='word_1_247' title='bbox 875 1731 1132 1781; x_wconf 86' lang='lat' dir='ltr'><strong>ignorantiam</strong></span> <span class='ocrx_word' id='word_1_248' title='bbox 1163 1737 1453 1772; x_wconf 83' lang='lat' dir='ltr'><strong>transactarum</strong></span> <span class='ocrx_word' id='word_1_249' title='bbox 1486 1743 1621 1768; x_wconf 83' lang='lat' dir='ltr'><strong>rerum</strong></span> <span class='ocrx_word' id='word_1_250' title='bbox 1649 1728 1752 1770; x_wconf 80' lang='lat' dir='ltr'><strong>obli-</strong></span> 
     </span>
     <span class='ocr_line' id='line_1_28' title="bbox 307 1785 1753 1837; baseline -0.001 -11"><span class='ocrx_word' id='word_1_251' title='bbox 307 1788 424 1826; x_wconf 84' lang='lat' dir='ltr'><strong>vione</strong></span> <span class='ocrx_word' id='word_1_252' title='bbox 442 1786 672 1825; x_wconf 77' lang='lat' dir='ltr'><strong>mortalibus</strong></span> <span class='ocrx_word' id='word_1_253' title='bbox 692 1786 828 1824; x_wconf 90' lang='lat' dir='ltr'><strong>induci</strong></span> <span class='ocrx_word' id='word_1_254' title='bbox 846 1787 997 1825; x_wconf 82' lang='lat' dir='ltr'><strong>solitam</strong></span> <span class='ocrx_word' id='word_1_255' title='bbox 1008 1817 1018 1836; x_wconf 92' lang='lat'>‚</span> <span class='ocrx_word' id='word_1_256' title='bbox 1046 1787 1143 1826; x_wconf 81' lang='lat' dir='ltr'><strong>dum</strong></span> <span class='ocrx_word' id='word_1_257' title='bbox 1160 1787 1352 1836; x_wconf 74' lang='lat' dir='ltr'><strong>historia,</strong></span> <span class='ocrx_word' id='word_1_258' title='bbox 1381 1792 1427 1825; x_wconf 88' lang='lat' dir='ltr'><strong>ut</strong></span> <span class='ocrx_word' id='word_1_259' title='bbox 1440 1787 1634 1837; x_wconf 86' lang='lat' dir='ltr'><strong>eleganter</strong></span> <span class='ocrx_word' id='word_1_260' title='bbox 1652 1785 1753 1827; x_wconf 83' lang='lat' dir='ltr'><strong>scri—</strong></span> 
     </span>
     <span class='ocr_line' id='line_1_29' title="bbox 282 1841 1752 1893; baseline -0.002 -11"><span class='ocrx_word' id='word_1_261' title='bbox 282 1887 283 1890; x_wconf 12' lang='lat'><em>*</em></span> <span class='ocrx_word' id='word_1_262' title='bbox 306 1844 366 1882; x_wconf 87' lang='lat' dir='ltr'><strong>bit</strong></span> <span class='ocrx_word' id='word_1_263' title='bbox 392 1843 506 1881; x_wconf 81' lang='lat' dir='ltr'><strong>Anna</strong></span> <span class='ocrx_word' id='word_1_264' title='bbox 536 1844 731 1880; x_wconf 79' lang='lat' dir='ltr'><strong>Conmena</strong></span> <span class='ocrx_word' id='word_1_265' title='bbox 757 1842 800 1880; x_wconf 90' lang='lat' dir='ltr'><strong>in</strong></span> <span class='ocrx_word' id='word_1_266' title='bbox 828 1843 1067 1893; x_wconf 83' lang='lat' dir='ltr'><strong>praefatione</strong></span> <span class='ocrx_word' id='word_1_267' title='bbox 1103 1843 1155 1880; x_wconf 90' lang='lat' dir='ltr'><strong>ad</strong></span> <span class='ocrx_word' id='word_1_268' title='bbox 1181 1843 1427 1891; x_wconf 77' lang='lat' dir='ltr'><strong>Alexiadem,</strong></span> <span class='ocrx_word' id='word_1_269' title='bbox 1466 1842 1526 1880; x_wconf 89' lang='lat' dir='ltr'><strong>ad</strong></span> <span class='ocrx_word' id='word_1_270' title='bbox 1558 1841 1752 1882; x_wconf 64' lang='lat' dir='ltr'><strong>Ledaeum</strong></span> 
     </span>
     <span class='ocr_line' id='line_1_30' title="bbox 309 1897 1750 1951; baseline -0.001 -14"><span class='ocrx_word' id='word_1_271' title='bbox 309 1898 522 1951; x_wconf 81' lang='lat' dir='ltr'><strong>quemdam</strong></span> <span class='ocrx_word' id='word_1_272' title='bbox 556 1905 763 1935; x_wconf 76' lang='lat' dir='ltr'><strong>torrentem</strong></span> <span class='ocrx_word' id='word_1_273' title='bbox 798 1899 986 1936; x_wconf 82' lang='lat' dir='ltr'><strong>obiicitur</strong></span> <span class='ocrx_word' id='word_1_274' title='bbox 1019 1899 1127 1936; x_wconf 68' lang='lat' dir='ltr'><strong>velut</strong></span> <span class='ocrx_word' id='word_1_275' title='bbox 1151 1900 1334 1937; x_wconf 61' lang='lat' dir='ltr'><strong>,invictae</strong></span> <span class='ocrx_word' id='word_1_276' title='bbox 1365 1897 1588 1936; x_wconf 63' lang='lat' dir='ltr'><strong>soliditatis</strong></span> <span class='ocrx_word' id='word_1_277' title='bbox 1612 1898 1750 1949; x_wconf 66' lang='lat' dir='ltr'><strong>moles,</strong></span> 
     </span>
     <span class='ocr_line' id='line_1_31' title="bbox 304 1952 1750 2006; baseline -0.001 -14"><span class='ocrx_word' id='word_1_278' title='bbox 304 1956 561 2006; x_wconf 77' lang='lat' dir='ltr'><strong>praecipitem</strong></span> <span class='ocrx_word' id='word_1_279' title='bbox 580 1952 872 2004; x_wconf 77' lang='lat' dir='ltr'><strong>quodammodo</strong></span> <span class='ocrx_word' id='word_1_280' title='bbox 893 1954 1119 1992; x_wconf 62' lang='lat' dir='ltr'><strong>inlabitur-a</strong></span> <span class='ocrx_word' id='word_1_281' title='bbox 1135 1955 1296 2004; x_wconf 72' lang='lat' dir='ltr'><strong>lapsum</strong></span> <span class='ocrx_word' id='word_1_282' title='bbox 1312 1956 1520 2005; x_wconf 72' lang='lat' dir='ltr'><strong>temporie,</strong></span> <span class='ocrx_word' id='word_1_283' title='bbox 1547 1961 1646 1992; x_wconf 80' lang='lat' dir='ltr'><strong>certe</strong></span> <span class='ocrx_word' id='word_1_284' title='bbox 1653 1968 1750 2005; x_wconf 84' lang='lat' dir='ltr'><strong>pro-</strong></span> 
     </span>
     <span class='ocr_line' id='line_1_32' title="bbox 307 2010 1749 2062; baseline 0.001 -14"><span class='ocrx_word' id='word_1_285' title='bbox 307 2011 492 2049; x_wconf 69' lang='lat' dir='ltr'><strong>bibitura</strong></span> <span class='ocrx_word' id='word_1_286' title='bbox 510 2023 559 2047; x_wconf 86' lang='lat' dir='ltr'><strong>ne</strong></span> <span class='ocrx_word' id='word_1_287' title='bbox 577 2023 680 2060; x_wconf 81' lang='lat' dir='ltr'><strong>quae</strong></span> <span class='ocrx_word' id='word_1_288' title='bbox 706 2012 749 2046; x_wconf 85' lang='lat' dir='ltr'><strong>in</strong></span> <span class='ocrx_word' id='word_1_289' title='bbox 776 2024 817 2046; x_wconf 78' lang='lat' dir='ltr'><strong>eo</strong></span> <span class='ocrx_word' id='word_1_290' title='bbox 843 2017 959 2061; x_wconf 76' lang='lat' dir='ltr'><strong>gesta</strong></span> <span class='ocrx_word' id='word_1_291' title='bbox 978 2017 1074 2048; x_wconf 70' lang='lat' dir='ltr'><strong>sunt</strong></span> <span class='ocrx_word' id='word_1_292' title='bbox 1104 2011 1242 2048; x_wconf 85' lang='lat' dir='ltr'><strong>omnia</strong></span> <span class='ocrx_word' id='word_1_293' title='bbox 1267 2010 1582 2062; x_wconf 75' lang='lat' dir='ltr'><strong>irreparabiliter</strong></span> <span class='ocrx_word' id='word_1_294' title='bbox 1607 2011 1749 2049; x_wconf 77' lang='lat' dir='ltr'><strong>oblite-</strong></span> 
     </span>
     <span class='ocr_line' id='line_1_33' title="bbox 309 2060 1748 2120; baseline 0.002 -16"><span class='ocrx_word' id='word_1_295' title='bbox 309 2075 447 2104; x_wconf 80' lang='lat' dir='ltr'><strong>rentur</strong></span> <span class='ocrx_word' id='word_1_296' title='bbox 464 2071 535 2104; x_wconf 82' lang='lat' dir='ltr'><strong>etc.</strong></span> <span class='ocrx_word' id='word_1_297' title='bbox 573 2060 661 2105; x_wconf 66' lang='grc' dir='ltr'><strong>ἀλλ’</strong></span> <span class='ocrx_word' id='word_1_298' title='bbox 679 2061 703 2104; x_wconf 77' lang='grc'><strong>3</strong></span> <span class='ocrx_word' id='word_1_299' title='bbox 719 2079 762 2118; x_wconf 75' lang='grc' dir='ltr'><strong>γε</strong></span> <span class='ocrx_word' id='word_1_300' title='bbox 780 2060 892 2117; x_wconf 80' lang='grc' dir='ltr'><strong><em>λόγος</em></strong></span> <span class='ocrx_word' id='word_1_301' title='bbox 908 2068 981 2118; x_wconf 78' lang='grc' dir='ltr'><strong>τῆς</strong></span> <span class='ocrx_word' id='word_1_302' title='bbox 1000 2066 1175 2119; x_wconf 81' lang='grc' dir='ltr'><strong>ἱστορίας</strong></span> <span class='ocrx_word' id='word_1_303' title='bbox 1194 2066 1317 2118; x_wconf 78' lang='grc' dir='ltr'><strong><em>ἔρυμα</em></strong></span> <span class='ocrx_word' id='word_1_304' title='bbox 1331 2063 1624 2119; x_wconf 74' lang='grc' dir='ltr'><strong>καρτερώτατον</strong></span> <span class='ocrx_word' id='word_1_305' title='bbox 1639 2068 1748 2120; x_wconf 76' lang='grc' dir='ltr'><em>γίνε-</em></span> 
     </span>
     <span class='ocr_line' id='line_1_34' title="bbox 309 2117 1748 2177; baseline 0.001 -15"><span class='ocrx_word' id='word_1_306' title='bbox 309 2138 373 2162; x_wconf 86' lang='grc' dir='ltr'><strong>ται</strong></span> <span class='ocrx_word' id='word_1_307' title='bbox 391 2125 446 2177; x_wconf 78' lang='grc' dir='ltr'><strong>τῷ</strong></span> <span class='ocrx_word' id='word_1_308' title='bbox 463 2123 536 2161; x_wconf 82' lang='grc' dir='ltr'><strong>τοῦ</strong></span> <span class='ocrx_word' id='word_1_309' title='bbox 551 2117 696 2175; x_wconf 79' lang='grc' dir='ltr'><strong><em>χρόνου</em></strong></span> <span class='ocrx_word' id='word_1_310' title='bbox 718 2117 898 2173; x_wconf 71' lang='grc' dir='ltr'><strong>ῥεύματι,</strong></span> <span class='ocrx_word' id='word_1_311' title='bbox 928 2121 995 2163; x_wconf 79' lang='grc' dir='ltr'><strong>καὶ</strong></span> <span class='ocrx_word' id='word_1_312' title='bbox 1014 2122 1143 2174; x_wconf 74' lang='grc' dir='ltr'><strong>’ἵστησι</strong></span> <span class='ocrx_word' id='word_1_313' title='bbox 1161 2120 1308 2175; x_wconf 81' lang='grc' dir='ltr'><strong><em>τρόπον</em></strong></span> <span class='ocrx_word' id='word_1_314' title='bbox 1326 2120 1415 2163; x_wconf 69' lang='grc' dir='ltr'><strong>τινα</strong></span> <span class='ocrx_word' id='word_1_315' title='bbox 1430 2120 1506 2174; x_wconf 76' lang='grc' dir='ltr'><strong>τήν</strong></span> <span class='ocrx_word' id='word_1_316' title='bbox 1521 2118 1748 2164; x_wconf 75' lang='grc' dir='ltr'><strong>ἆκᾶθεκτον</strong></span> 
     </span>
     <span class='ocr_line' id='line_1_35' title="bbox 308 2173 1748 2247; baseline 0.001 -29"><span class='ocrx_word' id='word_1_317' title='bbox 308 2174 451 2218; x_wconf 85' lang='grc' dir='ltr'><strong><em>τούτου</em></strong></span> <span class='ocrx_word' id='word_1_318' title='bbox 473 2173 598 2230; x_wconf 79' lang='grc' dir='ltr'><strong><em>ροήν,</em></strong></span> <span class='ocrx_word' id='word_1_319' title='bbox 626 2175 693 2216; x_wconf 86' lang='grc' dir='ltr'><strong>καὶ</strong></span> <span class='ocrx_word' id='word_1_320' title='bbox 720 2173 767 2217; x_wconf 71' lang='grc' dir='ltr'><strong>τοὶ</strong></span> <span class='ocrx_word' id='word_1_321' title='bbox 797 2176 838 2217; x_wconf 78' lang='grc' dir='ltr'><strong>ἐν</strong></span> <span class='ocrx_word' id='word_1_322' title='bbox 873 2173 978 2233; x_wconf 73' lang='grc' dir='ltr'><strong>αὐτῷ</strong></span> <span class='ocrx_word' id='word_1_323' title='bbox 1001 2174 1189 2247; x_wconf 57' lang='grc' dir='ltr'><strong>γινόμενα</strong></span> <span class='ocrx_word' id='word_1_324' title='bbox 1211 2175 1343 2219; x_wconf 82' lang='grc' dir='ltr'><em>πάντα</em></span> <span class='ocrx_word' id='word_1_325' title='bbox 1371 2174 1503 2219; x_wconf 75' lang='grc' dir='ltr'><strong><em>ὁπόσα</em></strong></span> <span class='ocrx_word' id='word_1_326' title='bbox 1524 2180 1748 2231; x_wconf 80' lang='grc' dir='ltr'><strong><em>συμπεριεί-</em></strong></span> 
     </span>
     <span class='ocr_line' id='line_1_36' title="bbox 310 2231 1749 2289; baseline 0.002 -16"><span class='ocrx_word' id='word_1_327' title='bbox 310 2236 412 2285; x_wconf 82' lang='grc' dir='ltr'><em>ληφε</em></span> <span class='ocrx_word' id='word_1_328' title='bbox 434 2232 584 2285; x_wconf 80' lang='grc' dir='ltr'><strong>συνέχει</strong></span> <span class='ocrx_word' id='word_1_329' title='bbox 600 2231 667 2272; x_wconf 78' lang='grc' dir='ltr'><strong>καὶ</strong></span> <span class='ocrx_word' id='word_1_330' title='bbox 685 2233 936 2286; x_wconf 81' lang='grc' dir='ltr'><strong><em>περισφίγγει,</em></strong></span> <span class='ocrx_word' id='word_1_331' title='bbox 956 2233 1024 2274; x_wconf 84' lang='grc' dir='ltr'><strong>καὶ</strong></span> <span class='ocrx_word' id='word_1_332' title='bbox 1052 2249 1125 2275; x_wconf 83' lang='grc' dir='ltr'><strong><em>ουκ</em></strong></span> <span class='ocrx_word' id='word_1_333' title='bbox 1153 2233 1201 2289; x_wconf 78' lang='grc' dir='ltr'><em>ἒᾷ</em></span> <span class='ocrx_word' id='word_1_334' title='bbox 1228 2234 1515 2276; x_wconf 77' lang='grc' dir='ltr'><strong><em>διολισθαὶνειν</em></strong></span> <span class='ocrx_word' id='word_1_335' title='bbox 1536 2235 1594 2282; x_wconf 80' lang='grc' dir='ltr'><strong>εἰς</strong></span> <span class='ocrx_word' id='word_1_336' title='bbox 1616 2235 1749 2288; x_wconf 82' lang='grc' dir='ltr'><em>λήθης</em></span> 
     </span>
     <span class='ocr_line' id='line_1_37' title="bbox 309 2285 1747 2344; baseline 0.001 -16"><span class='ocrx_word' id='word_1_337' title='bbox 309 2285 478 2341; x_wconf 83' lang='grc' dir='ltr'><strong><em>βυθούς.</em></strong></span> <span class='ocrx_word' id='word_1_338' title='bbox 534 2288 632 2326; x_wconf 82' lang='lat' dir='ltr'><strong>haec</strong></span> <span class='ocrx_word' id='word_1_339' title='bbox 658 2288 715 2326; x_wconf 87' lang='lat' dir='ltr'><strong>ibi</strong></span> <span class='ocrx_word' id='word_1_340' title='bbox 741 2287 872 2337; x_wconf 86' lang='lat' dir='ltr'><strong>Anna;</strong></span> <span class='ocrx_word' id='word_1_341' title='bbox 901 2303 999 2340; x_wconf 87' lang='lat' dir='ltr'><strong>quae</strong></span> <span class='ocrx_word' id='word_1_342' title='bbox 1029 2290 1293 2329; x_wconf 87' lang='lat' dir='ltr'><strong>emendatiora</strong></span> <span class='ocrx_word' id='word_1_343' title='bbox 1311 2304 1428 2341; x_wconf 90' lang='lat' dir='ltr'><strong>quam</strong></span> <span class='ocrx_word' id='word_1_344' title='bbox 1452 2291 1494 2329; x_wconf 89' lang='lat' dir='ltr'><strong>in</strong></span> <span class='ocrx_word' id='word_1_345' title='bbox 1509 2291 1644 2340; x_wconf 81' lang='lat' dir='ltr'><strong>editis,</strong></span> <span class='ocrx_word' id='word_1_346' title='bbox 1672 2305 1747 2344; x_wconf 84' lang='lat' dir='ltr'><strong>ope</strong></span> 
     </span>
     <span class='ocr_line' id='line_1_38' title="bbox 311 2344 1663 2400; baseline 0.003 -17"><span class='ocrx_word' id='word_1_347' title='bbox 311 2345 449 2396; x_wconf 81' lang='lat' dir='ltr'><strong>optimi</strong></span> <span class='ocrx_word' id='word_1_348' title='bbox 467 2344 609 2382; x_wconf 86' lang='lat' dir='ltr'><strong>codicis</strong></span> <span class='ocrx_word' id='word_1_349' title='bbox 627 2357 650 2381; x_wconf 84' lang='lat' dir='ltr'><strong>a</strong></span> <span class='ocrx_word' id='word_1_350' title='bbox 667 2356 730 2382; x_wconf 88' lang='lat' dir='ltr'><strong>me</strong></span> <span class='ocrx_word' id='word_1_351' title='bbox 746 2351 835 2396; x_wconf 83' lang='lat' dir='ltr'><strong>post</strong></span> <span class='ocrx_word' id='word_1_352' title='bbox 853 2344 1063 2384; x_wconf 85' lang='lat' dir='ltr'><strong>editionem</strong></span> <span class='ocrx_word' id='word_1_353' title='bbox 1080 2346 1171 2394; x_wconf 87' lang='lat' dir='ltr'><strong>visi,</strong></span> <span class='ocrx_word' id='word_1_354' title='bbox 1199 2347 1367 2386; x_wconf 87' lang='lat' dir='ltr'><strong>libenter</strong></span> <span class='ocrx_word' id='word_1_355' title='bbox 1383 2347 1450 2385; x_wconf 88' lang='lat' dir='ltr'><strong>hic</strong></span> <span class='ocrx_word' id='word_1_356' title='bbox 1466 2347 1663 2400; x_wconf 81' lang='lat' dir='ltr'><strong>descripsi.</strong></span> 
     </span>
    </p>

    <p class='ocr_par' dir='ltr' id='par_1_5' title="bbox 306 2399 1746 2730">
     <span class='ocr_line' id='line_1_39' title="bbox 421 2399 1746 2455; baseline 0.005 -18"><span class='ocrx_word' id='word_1_357' title='bbox 421 2414 454 2438; x_wconf 87' lang='lat' dir='ltr'><strong>c.</strong></span> <span class='ocrx_word' id='word_1_358' title='bbox 479 2402 517 2442; x_wconf 83' lang='lat'><strong>8.</strong></span> <span class='ocrx_word' id='word_1_359' title='bbox 574 2411 673 2450; x_wconf 87' lang='lat' dir='ltr'><strong>quae</strong></span> <span class='ocrx_word' id='word_1_360' title='bbox 702 2399 767 2438; x_wconf 81' lang='lat' dir='ltr'><strong>hic</strong></span> <span class='ocrx_word' id='word_1_361' title='bbox 799 2400 1055 2453; x_wconf 83' lang='lat' dir='ltr'><strong>Pachymeres</strong></span> <span class='ocrx_word' id='word_1_362' title='bbox 1088 2402 1289 2444; x_wconf 72' lang='lat' dir='ltr'><strong>traditde</strong></span> <span class='ocrx_word' id='word_1_363' title='bbox 1318 2403 1504 2455; x_wconf 79' lang='lat' dir='ltr'><strong>angustiis</strong></span> <span class='ocrx_word' id='word_1_364' title='bbox 1536 2403 1579 2442; x_wconf 87' lang='lat' dir='ltr'><strong>in</strong></span> <span class='ocrx_word' id='word_1_365' title='bbox 1605 2404 1746 2455; x_wconf 72' lang='lat' dir='ltr'><strong>quibus</strong></span> 
     </span>
     <span class='ocr_line' id='line_1_40' title="bbox 308 2455 1745 2512; baseline 0.003 -17"><span class='ocrx_word' id='word_1_366' title='bbox 308 2456 468 2495; x_wconf 80' lang='lat' dir='ltr'><strong>fuerunt</strong></span> <span class='ocrx_word' id='word_1_367' title='bbox 489 2455 554 2505; x_wconf 88' lang='lat' dir='ltr'><strong>qui</strong></span> <span class='ocrx_word' id='word_1_368' title='bbox 573 2462 780 2506; x_wconf 85' lang='lat' dir='ltr'><strong>praeerant</strong></span> <span class='ocrx_word' id='word_1_369' title='bbox 799 2457 972 2508; x_wconf 88' lang='lat' dir='ltr'><strong>reliquiis</strong></span> <span class='ocrx_word' id='word_1_370' title='bbox 989 2458 1171 2502; x_wconf 87' lang='lat' dir='ltr'><strong>Graeciae</strong></span> <span class='ocrx_word' id='word_1_371' title='bbox 1184 2466 1272 2510; x_wconf 88' lang='lat' dir='ltr'><strong>post</strong></span> <span class='ocrx_word' id='word_1_372' title='bbox 1290 2466 1444 2512; x_wconf 84' lang='lat' dir='ltr'><strong>captam</strong></span> <span class='ocrx_word' id='word_1_373' title='bbox 1467 2473 1490 2498; x_wconf 77' lang='lat' dir='ltr'><strong>a</strong></span> <span class='ocrx_word' id='word_1_374' title='bbox 1507 2460 1658 2500; x_wconf 27' lang='lat' dir='ltr'><strong>Latinis*</strong></span> <span class='ocrx_word' id='word_1_375' title='bbox 1671 2473 1745 2500; x_wconf 83' lang='lat' dir='ltr'><strong>ur-</strong></span> 
     </span>
     <span class='ocr_line' id='line_1_41' title="bbox 308 2509 1746 2564; baseline 0.004 -14"><span class='ocrx_word' id='word_1_376' title='bbox 308 2511 417 2559; x_wconf 82' lang='lat' dir='ltr'><strong>bem,</strong></span> <span class='ocrx_word' id='word_1_377' title='bbox 446 2509 701 2550; x_wconf 81' lang='lat' dir='ltr'><strong>Theodorum</strong></span> <span class='ocrx_word' id='word_1_378' title='bbox 716 2512 913 2564; x_wconf 85' lang='lat' dir='ltr'><strong>potissime</strong></span> <span class='ocrx_word' id='word_1_379' title='bbox 927 2514 1117 2553; x_wconf 88' lang='lat' dir='ltr'><strong>Lascarim</strong></span> <span class='ocrx_word' id='word_1_380' title='bbox 1136 2516 1292 2557; x_wconf 84' lang='lat' dir='ltr'><strong>[oannis</strong></span> <span class='ocrx_word' id='word_1_381' title='bbox 1308 2517 1492 2555; x_wconf 87' lang='lat' dir='ltr'><strong>Batatzae</strong></span> <span class='ocrx_word' id='word_1_382' title='bbox 1509 2517 1746 2556; x_wconf 70' lang='lat' dir='ltr'><strong>decessorem</strong></span> 
     </span>
     <span class='ocr_line' id='line_1_42' title="bbox 311 2566 1744 2626; baseline 0.004 -21"><span class='ocrx_word' id='word_1_383' title='bbox 311 2574 351 2605; x_wconf 83' lang='lat' dir='ltr'><strong>et</strong></span> <span class='ocrx_word' id='word_1_384' title='bbox 369 2567 485 2606; x_wconf 82' lang='lat' dir='ltr'><strong>huius</strong></span> <span class='ocrx_word' id='word_1_385' title='bbox 503 2566 622 2618; x_wconf 90' lang='lat' dir='ltr'><strong>ipsius</strong></span> <span class='ocrx_word' id='word_1_386' title='bbox 640 2567 793 2606; x_wconf 82' lang='lat' dir='ltr'><strong>Ioannis</strong></span> <span class='ocrx_word' id='word_1_387' title='bbox 812 2569 937 2620; x_wconf 86' lang='lat' dir='ltr'><strong>prima</strong></span> <span class='ocrx_word' id='word_1_388' title='bbox 953 2571 1193 2623; x_wconf 80' lang='lat' dir='ltr'><strong>principatus</strong></span> <span class='ocrx_word' id='word_1_389' title='bbox 1206 2572 1418 2624; x_wconf 86' lang='lat' dir='ltr'><strong>respiciunt</strong></span> <span class='ocrx_word' id='word_1_390' title='bbox 1435 2579 1624 2626; x_wconf 78' lang='lat' dir='ltr'><strong>tempora.</strong></span> <span class='ocrx_word' id='word_1_391' title='bbox 1650 2572 1744 2612; x_wconf 82' lang='lat' dir='ltr'><strong>vide</strong></span> 
     </span>
     <span class='ocr_line' id='line_1_43' title="bbox 312 2622 1745 2677; baseline 0.005 -15"><span class='ocrx_word' id='word_1_392' title='bbox 312 2623 360 2662; x_wconf 82' lang='lat' dir='ltr'><strong>de</strong></span> <span class='ocrx_word' id='word_1_393' title='bbox 375 2622 435 2662; x_wconf 83' lang='lat' dir='ltr'><strong>his</strong></span> <span class='ocrx_word' id='word_1_394' title='bbox 454 2622 712 2673; x_wconf 80' lang='lat' dir='ltr'><strong>Acropolitam</strong></span> <span class='ocrx_word' id='word_1_395' title='bbox 733 2638 774 2660; x_wconf 85' lang='lat' dir='ltr'><strong>ca</strong></span> <span class='ocrx_word' id='word_1_396' title='bbox 781 2626 857 2673; x_wconf 80' lang='lat' dir='ltr'><strong>pite</strong></span> <span class='ocrx_word' id='word_1_397' title='bbox 871 2628 1099 2677; x_wconf 86' lang='lat' dir='ltr'><strong>praesertim</strong></span> <span class='ocrx_word' id='word_1_398' title='bbox 1116 2634 1200 2667; x_wconf 85' lang='lat' dir='ltr'><strong>tum</strong></span> <span class='ocrx_word' id='word_1_399' title='bbox 1216 2628 1400 2668; x_wconf 82' lang='lat' dir='ltr'><strong>historiae</strong></span> <span class='ocrx_word' id='word_1_400' title='bbox 1415 2642 1507 2668; x_wconf 80' lang='lat' dir='ltr'><strong>suae</strong></span> <span class='ocrx_word' id='word_1_401' title='bbox 1524 2635 1610 2668; x_wconf 85' lang='lat' dir='ltr'><strong>tum</strong></span> <span class='ocrx_word' id='word_1_402' title='bbox 1624 2627 1745 2668; x_wconf 84' lang='lat' dir='ltr'><strong>chro-</strong></span> 
     </span>
     <span class='ocr_line' id='line_1_44' title="bbox 306 2677 869 2730; baseline 0.005 -13"><span class='ocrx_word' id='word_1_403' title='bbox 306 2680 383 2718; x_wconf 88' lang='lat' dir='ltr'><strong>nici</strong></span> <span class='ocrx_word' id='word_1_404' title='bbox 402 2677 676 2729; x_wconf 85' lang='lat' dir='ltr'><strong>compendiarii</strong></span> <span class='ocrx_word' id='word_1_405' title='bbox 695 2680 869 2730; x_wconf 87' lang='lat' dir='ltr'><strong>septimo.</strong></span> 
     </span>
    </p>

    <p class='ocr_par' dir='ltr' id='par_1_6' title="bbox 308 2734 1743 2906">
     <span class='ocr_line' id='line_1_45' title="bbox 422 2734 1741 2792; baseline 0.006 -20"><span class='ocrx_word' id='word_1_406' title='bbox 422 2749 454 2773; x_wconf 89' lang='lat' dir='ltr'><strong>c.</strong></span> <span class='ocrx_word' id='word_1_407' title='bbox 471 2735 509 2777; x_wconf 86' lang='lat'><strong>5.</strong></span> <span class='ocrx_word' id='word_1_408' title='bbox 565 2734 671 2783; x_wconf 87' lang='lat' dir='ltr'><strong>quod</strong></span> <span class='ocrx_word' id='word_1_409' title='bbox 687 2735 814 2773; x_wconf 87' lang='lat' dir='ltr'><strong>innuit</strong></span> <span class='ocrx_word' id='word_1_410' title='bbox 835 2736 913 2775; x_wconf 88' lang='lat' dir='ltr'><strong>hoc</strong></span> <span class='ocrx_word' id='word_1_411' title='bbox 938 2751 1024 2791; x_wconf 76' lang='lat' dir='ltr'><strong>cap,</strong></span> <span class='ocrx_word' id='word_1_412' title='bbox 1047 2740 1300 2792; x_wconf 75' lang='lat' dir='ltr'><strong>pachymeres</strong></span> <span class='ocrx_word' id='word_1_413' title='bbox 1327 2741 1378 2779; x_wconf 86' lang='lat' dir='ltr'><strong>de</strong></span> <span class='ocrx_word' id='word_1_414' title='bbox 1393 2740 1576 2780; x_wconf 82' lang='lat' dir='ltr'><strong>Chadeno</strong></span> <span class='ocrx_word' id='word_1_415' title='bbox 1597 2738 1646 2779; x_wconf 82' lang='lat' dir='ltr'><strong>ab</strong></span> <span class='ocrx_word' id='word_1_416' title='bbox 1664 2740 1741 2780; x_wconf 89' lang='lat' dir='ltr'><strong>im-</strong></span> 
     </span>
     <span class='ocr_line' id='line_1_46' title="bbox 308 2789 1742 2848; baseline 0.006 -21"><span class='ocrx_word' id='word_1_417' title='bbox 308 2798 468 2842; x_wconf 81' lang='lat' dir='ltr'><strong>perante</strong></span> <span class='ocrx_word' id='word_1_418' title='bbox 489 2791 564 2828; x_wconf 83' lang='lat' dir='ltr'><strong>iam</strong></span> <span class='ocrx_word' id='word_1_419' title='bbox 581 2789 765 2828; x_wconf 61' lang='lat' dir='ltr'><strong>michaele</strong></span> <span class='ocrx_word' id='word_1_420' title='bbox 782 2792 1007 2845; x_wconf 81' lang='lat' dir='ltr'><strong>Palaeologo</strong></span> <span class='ocrx_word' id='word_1_421' title='bbox 1029 2797 1144 2834; x_wconf 84' lang='lat' dir='ltr'><strong>misso</strong></span> <span class='ocrx_word' id='word_1_422' title='bbox 1164 2798 1214 2835; x_wconf 80' lang='lat' dir='ltr'><strong>ad</strong></span> <span class='ocrx_word' id='word_1_423' title='bbox 1236 2810 1392 2836; x_wconf 89' lang='lat' dir='ltr'><strong>censum</strong></span> <span class='ocrx_word' id='word_1_424' title='bbox 1416 2797 1606 2847; x_wconf 80' lang='lat' dir='ltr'><strong>agendum</strong></span> <span class='ocrx_word' id='word_1_425' title='bbox 1623 2809 1742 2848; x_wconf 85' lang='lat' dir='ltr'><strong>prae-</strong></span> 
     </span>
     <span class='ocr_line' id='line_1_47' title="bbox 309 2846 1743 2906; baseline 0.006 -22"><span class='ocrx_word' id='word_1_426' title='bbox 309 2846 554 2888; x_wconf 85' lang='lat' dir='ltr'><strong>sidiariorum</strong></span> <span class='ocrx_word' id='word_1_427' title='bbox 568 2852 718 2886; x_wconf 85' lang='lat' dir='ltr'><strong>montes</strong></span> <span class='ocrx_word' id='word_1_428' title='bbox 743 2847 868 2901; x_wconf 75' lang='lat' dir='ltr'><strong>Persis</strong></span> <span class='ocrx_word' id='word_1_429' title='bbox 897 2849 1067 2890; x_wconf 83' lang='lat' dir='ltr'><strong>obiectos</strong></span> <span class='ocrx_word' id='word_1_430' title='bbox 1087 2854 1302 2904; x_wconf 75' lang='lat' dir='ltr'><strong>tuentium,</strong></span> <span class='ocrx_word' id='word_1_431' title='bbox 1329 2865 1409 2892; x_wconf 86' lang='lat' dir='ltr'><strong>non</strong></span> <span class='ocrx_word' id='word_1_432' title='bbox 1431 2853 1584 2906; x_wconf 83' lang='lat' dir='ltr'><strong>reperio</strong></span> <span class='ocrx_word' id='word_1_433' title='bbox 1602 2852 1743 2892; x_wconf 81' lang='lat' dir='ltr'><strong>distin-</strong></span> 
     </span>
    </p>
   </div>
  </div>
 </body>
</html>
