1884 3262
448 231 525 273 DE
557 228 836 274 MIGHAELE·
872 227 1247 273 PALAEOLOGO
1275 228 1325 272 L.
1351 228 1406 270 V.
1565 224 1666 272 349

197 354 285 404 ροῖν
315 343 418 401 εἶχε,
455 345 562 400 μηδὲ
581 344 782 401 φρουρίου
804 343 923 387 σκιὰν
943 343 1192 399 προὶῖμενος.
1262 341 1556 398 Μεσίμβρειαν
1582 341 1663 398 γὰρ

195 419 263 459 καὶ
306 416 349 456 ἐκ
389 415 546 456 δικαίου
590 412 716 455 πάλαι
762 412 860 456 ποτ’
901 410 1003 467 εἶχε,
1050 413 1192 466 λαβὼν
1227 411 1342 467 παρὰ
1366 415 1453 462 ,τοῦ
1492 412 1659 467 Μυτζῆ.

198 484 286 542 (5)
324 481 346 526 ὃ
374 484 419 526 δὲ
447 484 622 537 111υτζῆς
654 476 799 534 οὗτος,
845 480 905 523 ‘lv'
933 481 1205 534 ἔπαναλαβών
1236 480 1541 536 εὐμαθέστερον
1568 482 1659 536 ‘51²1'-
1684 485 1713 520 P
1735 487 1803 521 238

195 551 405 609 γήσωμαι,
440 551 626 606 γαμβρὸς
656 551 730 604 μὲν
756 546 807 605 ἦν
839 550 904 592 ἐπὶ
935 551 1114 605 θυγατρὶ
1144 553 1204 605 τῷ
1221 547 1368 601 Ἀσάν,
1399 547 1663 605 σύγγαμβρος

163 623 242 666 ὅδὲ
276 619 496 675 Θεοδώρου
528 625 602 662 τοῦ
631 618 846 674 Λάσκαρι.
913 617 1038 661 Madv
1068 617 1115 660 δ’
1147 611 1270 667 οὗτος
1295 613 1346 672 ’ἦν
1373 616 1420 660 ἓν
1444 615 1564 673 λόγος
1592 620 1659 660 καὶ

191 688 360 747 Ἰωάννῃ
390 693 603 731 συνελθεῖν
631 692 690 746 τῷ
718 685 868 747 Δούκᾳ
896 689 963 729 καὶ
995 690 1180 740 βασιλεῖ’,
1212 687 1285 728 καί
1298 702 1341 742 γε
1359 685 1434 728 σὺν
1455 687 1589 745 ἐκείνῳ
1606 686 1658 729 τὰ

195 759 301 802 κατὰ
323 756 438 801 δύσιν
457 758 714 813 ἐπιδραμεῖν,
747 757 987 813 φιλοκαλίας
1006 753 1142 810 πόσης
1158 754 1304 809 ἔχοντα
1324 755 1535 810 δείγματα.
1605 753 1659 805 ὦς

194 833 293 885 γοῦν
327 829 472 876 ἐκεῖνος
501 824 686 869 ἐτελεύτα
706 826 772 867 καὶ
793 819 915 874 οὗτος
936 825 1011 878 τὴν
1035 823 1164 879 ἀρχὴν
1187 824 1343 878 ἐδέχετο
1363 828 1445 866 τῶν
1468 821 1659 879 Βουλγὰ-

196 914 279 951 ρων
310 894 551 951 Βούλγαρος
585 893 665 946 ὤν,
699 893 934 947 συνέβαινὲν
952 893 991 935 οἱ
1011 893 1086 946 μὲν
1107 890 1373 948 προσκρούειν
1394 894 1461 934 καὶ
1480 896 1654 946 βασιλεῖ,
1680 905 1709 937 Β

141 974 185 1007 10
198 963 252 1015 ὡς
274 967 340 1006 καὶ
357 961 549 1013 πολλάκις
566 962 624 1006 δι’
647 962 803 1018 ἔχθρας
823 963 891 1004 καὶ
910 962 1106 1015 πολέμων
1120 969 1208 1011 τοῖς
1235 966 1317 1004 τῶν
1329 960 1541 1015 Ῥωμαίων
1559 962 1659 1004 ἴέναι

194 1031 496 1089 στρατεύμασι,
535 1031 745 1084 συνέβαινε
761 1032 806 1074 δὲ
825 1029 1093 1086 προσκρούειν
1114 1032 1182 1072 καὶ
1206 1034 1372 1081 πολλοῖς
1392 1029 1479 1084 ἅμα
1495 1033 1562 1072 καὶ
1583 1047 1658 1083 με-

192 1106 350 1158 γιστᾶσι
372 1105 454 1143 τῶν
473 1097 724 1155 Βουλγάρων
743 1100 810 1141 καὶ
826 1105 1026 1155 ταραχαῖς
1043 1098 1092 1141 οὐ
1112 1096 1417 1154 προσηκούσαις
1432 1099 1657 1152 ἐμπίπτειν.

192 1169 317 1212 ταῦτ’
345 1168 427 1224 ἄρα
446 1170 511 1211 καὶ
532 1166 665 1225 τούτῳ
688 1166 1038 1223 διαφθονούμενοι
1060 1168 1162 1222 πρὸς
1185 1166 1256 1210 τὸν
1279 1170 1594 1210 Κωνσταντΐνον
1613 1167 1657 1210 ἔκ

193 1238 361 1294 Σίρβων
381 1237 423 1287 ἐξ
441 1235 626 1291 ἡμισείας
649 1236 697 1278 τὸ
717 1236 830 1291 γένος
848 1235 992 1290 ἔχοντα
1014 1235 1315 1278 ἀποκλίνουσιν.
1364 1234 1462 1278 ὅσον
1483 1231 1555 1278 οὖν
1573 1236 1657 1278 ἐνέ-

139 1313 182 1349 15
194 1306 304 1349 λιπέν
333 1306 371 1348 οἱ
404 1306 506 1362 πρὸς
533 1305 608 1360 τὴν
642 1304 771 1361 ἀρχὴν
803 1306 848 1346 ἐκ
876 1306 1075 1361 σφετέρου
1109 1305 1270 1360 γένους,
1305 1305 1434 1360 μηδὲν
1458 1309 1516 1363 τῷ
1536 1304 1658 1346 Ἀσὰν

192 1372 432 1431 προσήκων,
469 1373 545 1428 τὴν
577 1374 727 1416 ἐκείνου
758 1371 924 1427 ἔκγόνην
943 1373 1084 1425 λαβὼν
1107 1375 1163 1422 εἰς
1183 1379 1353 1428 γυναῖκα
1373 1377 1447 1414 τοῦ
1464 1371 1654 1415 Ἰωάννου
1678 1382 1709 1417 C

191 1444 456 1496 πέμψαντος,
492 1441 560 1484 ἔπ’
594 1441 693 1483 ἴσων
726 1438 802 1494 εἶχε
832 1440 880 1483 τὸ
908 1440 1011 1495 πρὸς
1031 1440 1106 1495 τὴν
1126 1445 1198 1483 τοῦ
1219 1440 1342 1483 Ἀσὰν
1360 1442 1573 1493 βασιλείαν
1593 1443 1658 1494 δίτ

192 1527 308 1553 καιον
337 1514 395 1568 τῷ
427 1511 593 1565 Μυτζῇ.
663 1507 846 1558 κάκεῖνος
859 1509 934 1561 μὲν
957 1508 1033 1563 τὴν
1056 1510 1264 1565 Τέρνοβον
1286 1507 1385 1564 εἶχε,
1423 1511 1489 1551 καὶ
1508 1509 1562 1552 τὰ
1580 1514 1657 1565 τῆς

191 1579 402 1632 βασιλείας
433 1578 525 1633 κλέη
555 1577 768 1634 ἐπεφέρετο
795 1581 1108 1632 μεγαλοπεπῶς·
1140 1575 1162 1620 ὅ
1190 1578 1235 1620 δέ
1252 1580 1426 1632 Μυτζῆς
1447 1578 1499 1621 τὰ
1519 1576 1654 1637 κύκλῳ

136 1656 183 1690 20
194 1649 444 1704 περικρατῶν
486 1646 586 1688 ποτὲ
627 1646 700 1699 μὲν
737 1645 897 1702 ἠρκεῖτο
934 1643 1096 1695 τούτοις
1127 1648 1193 1688 καὶ
1226 1645 1512 1702 καθησύχαζε,
1554 1648 1653 1690 ποτὲ

282 1769 317 1802 9.
342 1765 531 1814 συνέβαινε
551 1764 620 1811 μέν
644 1765 680 1801 oi
703 1779 764 1811 πρ.
780 1764 799 1799 27

189 1868 345 1904 reddere.
391 1880 467 1903 nain
482 1868 727 1903 Mesembream
750 1867 829 1902 olim
851 1879 1041 1912 possessam
1060 1867 1135 1902 iure
1157 1867 1223 1903 iam
1247 1879 1308 1903 suo
1331 1880 1370 1904 se
1392 1870 1538 1915 putabat
1559 1871 1651 1906 obti-

190 1926 292 1957 nere,
322 1914 448 1960 quippe
470 1915 534 1948 sibi
557 1915 716 1949 donatam
739 1926 760 1948 a
782 1914 934 1958 legitimo
957 1920 1039 1948 tunc
1062 1915 1135 1948 eius
1158 1914 1292 1949 domino
1315 1915 1443 1960 Mytze.
1491 1917 1570 1962 (5)
1595 1918 1651 1952 bic

190 1973 294 2007 porro
324 1960 480 2005 Mytzes,
513 1965 553 1995 ut
583 1960 686 1994 altius
715 1964 875 2005 repetens
904 1960 1093 1994 distinctius
1125 1971 1197 1994 rem
1229 1972 1413 2007 exponam,
1446 1974 1552 2007 gener
1574 1969 1652 1998 erat

191 2006 315 2041 Asanis
346 2008 450 2041 ducta
482 2006 555 2040 eius
588 2006 679 2047 filia,
715 2007 809 2040 cuius
832 2018 981 2040 sororem
1003 2007 1037 2040 in
1060 2006 1273 2041 matrimonio
1305 2008 1425 2042 habuit
1447 2009 1652 2044 Theodorus

188 2051 360 2095 Lascark,
385 2051 459 2097 pari
481 2051 585 2086 Asani
607 2052 785 2086 affinitatis
808 2052 916 2097 gradu
940 2053 1104 2087 admotus.
1134 2054 1228 2087 Aean
1250 2059 1361 2088 autem
1383 2055 1440 2089 bic
1462 2060 1527 2098 est,
1550 2067 1651 2101 quem

188 2098 330 2132 historia
357 2098 456 2132 docet
487 2097 602 2132 Ioanni
626 2097 743 2132 Ducae
767 2097 965 2143 imperatori
986 2098 1116 2133 socium
1138 2099 1262 2139 fuisse,
1296 2099 1487 2146 iunctisque
1511 2112 1586 2135 cnm
1608 2113 1650 2135 eo

189 2143 530 2232 333223255‘333'3
551 2144 1651 2234 ssssssffsssstesspe{iihffitessoeissffisse“iffissnsssrtffoagi'ssssmssss

188 2245 290 2279 gnum
311 2234 532 2279 Bulgarorum
555 2235 723 2280 Bulgarus
745 2242 823 2270 ortu
845 2236 997 2281 accepit,
1033 2237 1176 2280 contigit
1198 2248 1273 2270 eum
1296 2237 1385 2282 apud
1408 2237 1648 2283 imperatorem

188 2278 384 2322 offendere,
413 2280 639 2315 simultatibus
661 2281 695 2315 in
716 2283 838 2316 benum
861 2294 997 2327 quoque
1018 2287 1172 2327 apertum
1194 2283 1511 2328 prorumpentibus,
1535 2285 1648 2318 Asane

188 2336 255 2360 non
281 2325 384 2359 semel
415 2336 510 2367 snas?
525 2327 638 2371 copias
668 2327 830 2361 Romanis
859 2333 1060 2373 opponente.
1105 2328 1167 2362 sed
1190 2333 1226 2361 et
1246 2327 1329 2362 item
1360 2326 1504 2373 contigit
1524 2341 1646 2375 pamm

188 2376 323 2416 gratum
347 2370 417 2404 suis
439 2370 547 2416 ipsum
570 2373 716 2407 evadere
732 2373 904 2417 Bulgaris‚
926 2373 1041 2407 multis
1065 2377 1101 2407 et
1122 2373 1316 2418 praecipuis
1336 2374 1487 2420 ipsorum
1509 2377 1540 2409 ei
1563 2387 1646 2429 gra-

187 2416 278 2451 viter
300 2415 440 2450 offensis
464 2416 682 2462 infensisque.
728 2420 819 2452 unde
840 2419 869 2452 is
892 2419 928 2453 in
951 2420 1224 2463 perturbationes
1245 2419 1336 2454 haud
1362 2432 1488 2465 parvas
1509 2421 1645 2465 incidit,

188 2462 400 2508 proceribus,
421 2473 506 2507 quos
529 2463 571 2496 ab
594 2474 635 2496 eo
655 2463 862 2501 ,alienaverat
883 2464 1021 2507 invidia,
1044 2464 1284 2499 inclinantibus
1307 2466 1351 2499 ad
1375 2466 1646 2510 Constantinum,

188 2507 359 2542 dimidium
393 2509 528 2552 generis
555 2509 743 2543 trahentem
774 2522 817 2544 ex
848 2510 988 2551 Serbis;
1022 2511 1076 2544 cui
1099 2510 1188 2544 nunu
1211 2521 1286 2545 cum
1309 2514 1422 2547 Asane
1443 2514 1645 2558 cognatione

189 2553 303 2588 iuncto
333 2559 493 2599 quantum
525 2554 567 2587 ad
601 2555 800 2599 suffragium
829 2555 1042 2601 principatus
1066 2555 1186 2590 deerat
1217 2568 1260 2591 ex
1291 2568 1434 2601 genere,
1468 2559 1644 2604 supplevit

188 2598 361 2642 affinitas,
393 2611 480 2645 quae
505 2599 596 2634 illum
619 2602 722 2634 ducta
743 2601 777 2634 in
799 2612 935 2635 uxorem
957 2602 1056 2635 Irene
1078 2601 1150 2636 filia
1172 2602 1347 2638 Theodori
1375 2610 1411 2638 et
1433 2605 1556 2639 Asanis
1578 2617 1644 2639 ne-

190 2649 270 2689 pte,
294 2656 317 2679 a
339 2651 439 2691 patre
460 2645 635 2691 Theodori
657 2645 781 2680 Ioanne
806 2647 956 2691 Augusto
978 2647 1014 2681 in
1036 2647 1229 2693 Bulgariam
1254 2649 1298 2683 ad
1320 2649 1382 2684 has
1404 2651 1540 2695 nuptias
1562 2651 1644 2684 mis·

187 2701 249 2732 sa,
279 2690 315 2725 in
346 2691 421 2736 pari
447 2691 513 2726 iam
542 2691 628 2725 iuris
659 2692 703 2726 ad
725 2692 847 2738 Asanis
870 2692 1115 2728 successionem
1137 2695 1246 2739 gradu
1276 2706 1350 2730 cum
1372 2695 1490 2739 Mytze
1512 2696 1641 2730 consti-

187 2735 266 2770 tuit.
311 2741 348 2771 et
371 2737 612 2772 Constantinus
634 2738 766 2783 quidem
787 2739 905 2772 urbem
926 2738 1110 2784 Balgariae
1140 2741 1270 2785 regiam
1292 2741 1488 2776 Ternobuin
1511 2745 1640 2785 tenens,

187 2781 335 2816 caeteris
355 2782 455 2818 etiam
479 2783 608 2818 cunctis
631 2784 704 2818 eius
724 2783 933 2830 principatus
954 2790 1094 2820 ornatus
1113 2785 1314 2833 insignibus,
1339 2799 1401 2833 pro
1424 2787 1512 2821 baud
1536 2787 1640 2822 dubio

186 2825 409 2880 Bulgarorum
429 2839 512 2874 rege
534 2841 611 2864 sese
631 2829 742 2875 palam
763 2829 941 2874 magnifice
961 2831 1105 2867 ferebat.
1144 2837 1182 2867 at
1203 2833 1337 2877 Mytzes
1361 2833 1562 2868 circumsitis
1581 2846 1640 2868 re-

186 2871 341 2916 gionibus
369 2874 568 2920 imperitans
596 2875 765 2911 interdum
794 2876 929 2923 quidem
953 2876 1020 2912 bisv
1035 2882 1214 2914 contentus
1236 2878 1501 2925 acquiescebat,
1531 2879 1638 2917 inter-
