1846 3262
370 600 437 658 P.
495 596 850 683 Possm
906 595 1436 657 DEDIGATIO.

551 772 847 816 SANCTAE
890 771 1252 817 MEMORIAE

171 846 237 917 U
363 846 427 916 R
550 847 610 916 Β
736 846 802 916 Α
929 846 995 916 Ν
1125 845 1156 915 I
1334 845 1629 920 VIII.

445 951 740 1001 SUMMI
806 949 1353 1000 PONTIFICIS

249 1027 782 1087 GEORGIUS
861 1027 1584 1095 PACHYMERES*

335 1118 506 1163 EIUS
552 1119 984 1162 BENEFIGIO
1029 1117 1462 1162 REDIVIVUS

540 1185 935 1233 IMMORTALES
982 1185 1253 1221 GRATIAS.

162 1249 426 1331 Synagogae
461 1279 607 1322 veteris
642 1280 897 1336 pontificibus
934 1293 1072 1320 sacrae
1106 1279 1243 1320 literae
1278 1285 1507 1320 memorant
1543 1278 1629 1320 sin-

161 1346 287 1398 gulari
323 1346 532 1402 privilegio
568 1347 783 1402 tributum,
825 1356 871 1389 ut
907 1354 1038 1389 morte
1077 1361 1149 1388 sua
1188 1346 1411 1403 panderent
1452 1346 1628 1388 reditum

159 1415 357 1456 exulibus.
413 1416 504 1471 plus
539 1430 661 1471 posse
694 1430 829 1459 novae
863 1415 964 1468 legis
999 1422 1039 1455 et
1068 1413 1215 1456 Christi
1243 1415 1434 1456 ecclesiae
1463 1414 1628 1469 pontifi-

160 1495 227 1523 ces
256 1483 423 1524 feliciter
450 1483 635 1539 experior
662 1483 787 1525 hodie
815 1497 839 1524 a
866 1482 953 1531 Te,
993 1482 1103 1523 cuius
1143 1482 1266 1535 gratia
1295 1481 1451 1522 dudum
1477 1481 1627 1521 mortui

156 1547 398 1604 iampridem
446 1559 486 1589 et
531 1552 620 1605 ipse
658 1558 841 1591 mortuus
881 1552 1015 1588 lucem
1053 1549 1217 1603 aspicio.
1273 1562 1516 1604 propagasse
1554 1562 1623 1589 me

154 1623 338 1672 putaram
375 1615 502 1658 vitam
546 1618 715 1658 brevem
749 1616 793 1656 in
831 1616 1072 1671 posthumae
1090 1615 1405 1663 *immortalitatis
1431 1615 1624 1671 perenni-

154 1690 297 1734 tatem,
336 1681 546 1723 scribenda
573 1681 673 1723 dum
699 1683 882 1726 viverem
909 1682 1074 1723 historia
1103 1683 1194 1743 mei
1214 1683 1428 1739 temporis,
1458 1690 1498 1723 et
1525 1683 1626 1724 actis

153 1764 238 1791 non
264 1748 438 1802 indignis
468 1750 629 1803 cognitu
655 1750 949 1807 principatuum
978 1749 1149 1792 duorum
1159 1738 1189 1804 {L
1200 1753 1343 1808 quibus
1372 1758 1412 1792 et
1439 1765 1516 1791 nos
1545 1750 1620 1790 ali-

153 1814 263 1873 quod
304 1832 536 1874 nomenque
568 1817 769 1875 decusque
806 1833 1074 1871 gesseramus,
1111 1835 1163 1861 ex
1192 1822 1348 1861 oculata
1372 1819 1514 1860 notitia
1543 1817 1619 1858 du-

151 1885 247 1942 plici
273 1880 482 1928 volumi'ne
509 1885 744 1939 vulgandis:
773 1885 847 1927 sed
875 1901 997 1942 quam
1023 1889 1102 1929 sint
1130 1889 1303 1930 incertae
1331 1902 1423 1944 spes
1456 1893 1496 1927 et
1522 1900 1618 1942 pro-

150 1953 353 1997 videntiae
379 1955 582 1996 humanae
608 1969 700 1996 sero
729 1953 994 2011 deprehendi,
1030 1965 1124 2013 post
1153 1958 1304 1999 cineres
1331 1956 1497 1998 demum
1522 1970 1618 1998 sen-

150 2021 254 2062 tiens
289 2022 365 2062 ista
406 2021 487 2064 duo
516 2038 541 2064 a
568 2038 636 2065 me
663 2024 793 2076 longis
830 2025 1056 2065 elucubrata
1082 2025 1249 2077 vigiliis,
1288 2032 1328 2065 at
1355 2038 1497 2081 parum
1524 2026 1616 2079 fau-

149 2089 222 2131 stis
264 2090 450 2145 auspiciis
492 2106 614 2148 opera
652 2106 725 2148 pro
764 2106 854 2132 arce
888 2089 1101 2134 Minervae
1138 2107 1258 2149 quam
1294 2092 1352 2133 eis
1382 2091 1613 2148 desponde-

148 2171 261 2208 ram,
305 2157 406 2199 nihil
451 2160 528 2201 nisi
574 2174 773 2201 carcerem
810 2159 990 2201 Latonae
1027 2163 1243 2217 reperisse,
1286 2160 1357 2202 ubi
1390 2159 1612 2201 tenebrosis

150 2225 360 2265 constricta
387 2226 555 2269 vinculis
582 2230 736 2269 famam
762 2242 902 2269 secum
929 2243 1066 2270 meam
1095 2229 1310 2271 oblivionis
1339 2227 1517 2285 quodam
1543 2235 1609 2268 tu-

148 2295 260 2333 mulo
292 2293 493 2334 conditam
520 2303 758 2351 premerent.
813 2311 962 2353 nempe
989 2297 1056 2337 illa
1085 2296 1356 2338 Othomanica
1377 2303 1610 2353 tempestas,

148 2375 250 2415 quae
279 2360 410 2402 deleto
439 2362 607 2418 imperio
636 2363 852 2414 Orientali,
879 2365 1088 2419 subiugata
1115 2364 1478 2421 Constantinopoli,
1507 2378 1606 2421 opes

145 2428 323 2469 literatae
363 2427 554 2471 Graeciae
590 2433 749 2472 funesto
778 2433 986 2485 naufragio
1025 2433 1255 2486 submersit,
1297 2448 1415 2475 meae
1442 2446 1603 2490 quoque

145 2495 335 2536 historiae
364 2500 554 2553 exempla
581 2499 793 2540 barbaricis
810 2500 995 2541 fluctibus
1015 2502 1212 2557 absorpsit
1230 2503 1429 2558 pleraque,
1458 2500 1601 2542 tabulis

146 2562 335 2604 duntaxat
365 2566 531 2615 truncis,
570 2573 609 2608 et
635 2568 808 2624 reliquiis
838 2569 1007 2610 exitibus
1035 2569 1078 2608 in
1106 2568 1304 2625 quaedam
1334 2571 1444 2612 velut
1470 2569 1601 2609 littora

143 2643 190 2671 ac
218 2639 354 2686 portus
380 2633 712 2676 bibliothecarum
739 2636 887 2680 eiectis.
942 2638 1085 2679 harum
1121 2639 1165 2678 in
1191 2638 1417 2691 Augustana
1454 2650 1601 2689 conge-

120 2706 250 2757 lstum
279 2703 483 2742 cumulum
510 2702 612 2744 vidit
639 2703 737 2744 olim
767 2704 973 2756 wolfius,
1012 2705 1084 2747 sed
1116 2708 1227 2748 velut
1251 2707 1318 2746 ille
1347 2704 1599 2757 evangelicus

141 2766 283 2810 Levita
311 2770 354 2809 in
372 2784 547 2816 ‚occursu
578 2771 840 2812 Hiericuntini
868 2772 1031 2814 viatoris
1066 2774 1265 2814 latronum
1293 2773 1435 2814 iniuria
1463 2771 1600 2822 saucii,

141 2848 235 2877 cum
262 2844 369 2878 esset:
394 2852 508 2880 secus
532 2839 668 2882 locum
693 2848 733 2882 et
754 2839 927 2893 videret,
956 2841 1200 2897 pertransiit:
1229 2840 1326 2896 quid
1354 2841 1463 2882 enim
1490 2837 1599 2880 aliud
