1884 3262
417 221 492 263 DE
525 213 801 263 MICHAELE
827 217 1198 263 PALAEOLOGO
1230 218 1277 260 L.
1310 217 1385 263 VI.
1521 213 1620 262 433

171 329 295 383 δόξαν
323 332 390 375 καὶ
415 330 542 375 αὐτὸν
564 335 743 388 θορυβεῖ
757 329 955 386 βασιλέα·
989 327 1037 372 τὸ
1064 327 1146 385 ’γὰρ
1171 325 1302 378 οὕτως
1322 327 1494 372 ἓπελθόν
1512 328 1615 383 παρ’

102 441 108 444 ,
171 399 289 451 ἀξίαν
318 399 392 442 οὒκ
423 399 473 442 ἂν
501 400 683 442 ἐπελθεῖν
715 401 750 441 εἰ
779 398 839 456 μῂ
861 398 923 440 ἐπὶ
939 397 1143 453 μεγίστοις
1166 397 1270 439 τισὶν
1287 395 1430 454 ᾤοντο.
1498 394 1521 439 ὅ
1541 398 1614 451 μέν
1638 402 1666 436 Ρ
1687 403 1754 438 Ξ96

173 464 245 511 οὖν
273 470 584 517 Κωνσταντΐνος
606 464 732 521 μόνον
761 463 944 522 ταράξας
970 464 1024 507 τὰ
1054 463 1158 506 κατὰ
1185 457 1262 507 τὸν
1280 463 1396 519 ζυγὸν
1407 461 1618 520 μετήνεγκε

171 535 244 579 τὸν
271 540 368 578 νοῦν
400 535 501 591 πρὸς
526 532 573 577 τὰ
604 531 921 588 ἀπροσδοκήτως
949 531 1075 588 φανὲν
1102 532 1170 573 καὶ
1201 529 1256 581 ὥς
1287 531 1362 574 οὐκ
1393 530 1444 574 ἂν
1467 532 1526 587 μὴ
1557 531 1620 576 ὅτι

139 603 215 660 ὅγ’
238 597 359 653 οὗτος
371 636 384 655 ,
419 602 515 645 ἀλλ’
536 602 631 645 οὐδ’
650 602 774 652 ἄλλος
792 618 854 650 τις
875 598 997 659 ᾠήθη
1016 599 1127 641 ποτέ.
1179 596 1201 640 ὅ
1222 599 1267 641 δὲ
1284 599 1476 652 βασιλεὺς
1495 604 1618 644 τοῦτο

169 672 244 726 μὲν
272 673 338 714 καὶ
365 670 479 713 τάκεῖ
505 674 757 725 καταστῆσαι
782 669 919 712 θέλων
935 699 950 720 ,
996 670 1118 709 τοῦτο
1146 666 1191 708 δὲ
1219 666 1405 722 καὶπρὸς
1422 667 1474 709 τὰ
1495 667 1622 711 ἀκου-

171 739 326 782 nahra
345 739 659 795 διαταραχθείς,
694 741 912 797 προλαβεῖν
943 733 1122 790 ἠπείγετο
1150 735 1217 776 καὶ
1243 734 1318 784 τὰς
1347 733 1477 791 ἄκρας
1495 752 1620 778 κατο-

168 811 338 863 χυροῧν.
404 808 471 849 καὶ
507 806 558 861 δὴ
589 805 767 857 ἐξελθών
800 809 876 859 τῆς
914 802 1227 846 Κωνσταντίνου
1262 802 1328 844 ἐπ’
1361 800 1620 859 Ὀρεστιᾶὃος

171 874 343 930 ἤλαυνεν
373 873 455 933 ὅλῳ
483 874 638 931 ῥυτῆρι.
703 876 901 928 χειμῶνος
929 869 972 913 δ’
1012 868 1189 920 ἐξελθών
1217 871 1286 912 καὶ
1323 867 1466 925 πάγοις
1493 871 1616 914 ἐπιών
1638 874 1668 908 B

119 954 163 987 10
174 941 319 998 πάσχει
338 960 377 985 τι
396 944 462 985 καὶ
479 946 560 985 τῶν
583 940 814 995 ἀνηκέστων
826 953 836 963 ·
873 939 1160 991 συμποδίζεται
1179 936 1257 993 γὰρ
1275 935 1300 980 ὅ
1315 939 1440 988 ἰ’ππος
1462 938 1524 980 ἐπὶ
1541 937 1622 981 πά-

170 1027 252 1067 γων
281 1012 435 1064 βαίνων
470 1013 529 1068 τῷ
555 1012 739 1062 βασιλεῖ,
785 1008 851 1049 καὶ
889 1005 1106 1059 συμπεσών
1134 1005 1268 1064 ἐκείνῳ
1285 1003 1322 1048 *zi
1354 1003 1624 1060 ἐποχούμενος

170 1082 319 1132 πτῶμα
343 1077 471 1120 δεινὸν
492 1073 629 1132 χεῖράς
647 1093 691 1118 τε
710 1076 778 1117 καὶ
797 1072 1015 1131 πρόσωπον
1031 1070 1250 1128 δρύπτεται
1260 1104 1273 1124 ,
1309 1072 1418 1116 οὕτω
1431 1078 1623 1128 χαλεπῶς

171 1144 228 1196 ὥς
244 1146 330 1200 μηδ
338 1145 351 1161 ³
378 1144 544 1201 ἀρκέσαι
570 1144 641 1186 τὸν
664 1147 737 1197 τῆς
757 1142 1015 1199 ἐκστρατείας
1034 1138 1129 1183 ὅλον
1157 1138 1303 1196 χρόνον
1323 1140 1550 1196 ἀπαλεῖψαι
1569 1141 1619 1188 u}

168 1211 409 1269 τραύματα,
439 1211 535 1255 ἀλλ’
555 1211 613 1254 ἔτι
636 1213 811 1265 λείψανα
838 1215 920 1253 τῶν
949 1212 1112 1264 πληγῶν
1139 1208 1319 1261 ἐμμένειν
1352 1207 1618 1252 ἐπανελθόντι
1641 1220 1671 1254 c

117 1292 160 1328 15
171 1286 229 1340 τῷ
248 1285 419 1335 βασιλεῖ’.
490 1278 576 1333 ἅμα
599 1283 698 1335 γοῦν
717 1279 839 1333 ἕπε’βη
862 1276 882 1321 ὅ
903 1280 1063 1332 κρατῶν
1086 1280 1159 1329 τῆς
1172 1275 1413 1333 Ἀδριανοῦ,
1451 1279 1517 1320 καὶ
1535 1276 1623 1331 ἅμα

169 1347 195 1403 ἦ
218 1349 354 1406 σφαγὴ
374 1352 446 1391 τοῦ
474 1347 787 1390 Κωνσταντίνου
807 1345 1052 1401 ἀγγέλλεται.
1121 1341 1177 1392 ὥς
1195 1343 1273 1400 γάρ
1303 1343 1497 1396 αὐξάνετο
1515 1345 1621 1388 καθ’

169 1415 325 1473 ἡμέραν
356 1414 377 1459 ὁ
407 1419 614 1470 Λαχανᾶς
644 1416 711 1457 καὶ
740 1416 884 1457 πολλοὶ
916 1407 1201 1468 προσεχώρουν
1229 1413 1363 1472 ἐκείνῳ
1400 1417 1621 1469 κατολιγω-

171 1490 336 1540 ροῦντες
356 1488 431 1526 τοῦ
459 1487 574 1540 σφῶν
610 1482 834 1539 βασιλέως,
871 1479 1052 1524 ἐκποδὼν
1089 1479 1132 1521 δ’
1160 1474 1211 1533 ἦν
1237 1478 1318 1535 ἤδη
1347 1482 1413 1522 καὶ
1443 1479 1464 1523 ὅ
1487 1485 1622 1538 Σφεν-

170 1555 398 1606 τίσθλαβος
423 1556 504 1594 τῶν
522 1549 654 1611 δόλφν
672 1548 923 1605 ἀπονάμενος
942 1552 1016 1603 τῆς
1032 1547 1229 1603 Μαρίας,
1266 1548 1304 1591 οἱ
1330 1548 1378 1592 δέ
1391 1566 1435 1606 γε
1457 1566 1623 1609 προσῳ-

261 1644 514 1693 ⁵·r’16’1’·

172 1738 309 1773 creditis
333 1737 440 1784 primo
471 1736 606 1771 indiciis
629 1738 739 1771 famae
772 1736 964 1771 constantia
986 1738 1077 1771 facta
1101 1739 1176 1778 est,
1208 1732 1336 1781 ipsum,
1359 1735 1513 1782 inquam,
1537 1747 1622 1781 quo-

170 1796 238 1829 que
261 1783 530 1830 inopinatissima
553 1782 685 1816 novitas
714 1782 930 1816 vehementer
960 1783 1137 1817 commovit
1158 1782 1406 1827 imperatorem.
1452 1781 1540 1815 hunc
1562 1792 1624 1816 sua

169 1835 372 1875 suspectare
395 1828 573 1874 prudentia
596 1829 760 1873 cogebat,
791 1839 834 1862 ne
857 1829 1015 1863 subesset
1035 1829 1087 1863 his
1109 1827 1280 1874 quidpiam
1302 1826 1502 1870 incomperti
1524 1826 1624 1860 malie

170 1876 336 1920 quomodo
359 1875 447 1909 euim
470 1875 566 1918 homo
589 1879 659 1907 tam
682 1874 758 1907 vilis
780 1878 847 1908 tam
871 1885 990 1908 secure
1012 1874 1180 1920 prodiret,
1204 1872 1268 1907 nisi
1289 1873 1475 1918 productus
1497 1871 1624 1906 fiducia

170 1932 270 1965 opum
294 1931 359 1954 non
382 1919 635 1964 apparentium,
659 1925 695 1953 et
718 1919 820 1953 multo
843 1919 1003 1954 maiorum
1037 1931 1136 1965 quam
1170 1930 1258 1965 quae
1289 1922 1529 1960 cernerentur,
1558 1917 1624 1952 sibi

170 1966 321 2000 conscius
343 1965 498 1999 virium?
529 1970 697 1999 caeterum
729 1964 764 1999 in
794 1965 958 1999 communi
980 1965 1200 2000 admiratione
1233 1965 1402 1998 amborum
1426 1964 1626 1998 Constanti-

169 2023 233 2046 nus
256 2011 369 2055 solus,
394 2022 493 2056 quem
516 2010 656 2055 periculi
677 2010 729 2045 vis
760 2011 977 2056 propinquior
1000 2014 1137 2054 ureret,
1169 2010 1312 2056 trepidis
1341 2009 1464 2054 raptim
1498 2008 1625 2042 habitis

170 2062 243 2091 toto
266 2058 344 2101 iugo
366 2056 574 2098 delentibus,
606 2057 847 2091 admovendam
879 2062 1017 2091 strenue
1050 2056 1185 2102 putavit
1214 2066 1346 2089 manum
1374 2053 1522 2088 remedio
1545 2054 1623 2088 mali

168 2102 270 2147 longe
302 2103 394 2136 ultra
426 2113 525 2148 quam
557 2103 733 2147 quisquam
765 2101 942 2147 imaginari
974 2105 1140 2147 potuisset
1171 2100 1433 2146 inopinatissime
1453 2099 1624 2133 nascentis

170 2149 431 2193 crescentisque.
479 2158 581 2192 porro
610 2147 797 2192 imperator
828 2149 971 2182 nondum
999 2149 1057 2182 ille
1090 2147 1224 2192 quidem
1254 2145 1427 2191 expedivit
1449 2144 1621 2178 consilium

169 2193 336 2227 bellandi:
358 2198 470 2226 tamen
492 2193 557 2226 sibi
578 2193 855 2238 proficiscendum
885 2205 1004 2227 versus
1026 2194 1125 2228 istum
1150 2192 1285 2226 limitem
1308 2190 1503 2234 constituit,
1538 2201 1621 2235 par-

170 2238 231 2272 tim
258 2241 297 2271 ut
318 2249 361 2272 ex
384 2237 570 2283 propinquo
594 2244 814 2283 cognosceret
847 2239 974 2273 certius
997 2243 1054 2283 et,
1085 2238 1116 2272 si
1138 2237 1219 2283 quid
1250 2235 1299 2270 ibi
1321 2236 1471 2277 labaret,
1495 2235 1620 2269 confir·-

170 2287 302 2324 maret3
326 2282 450 2328 partim
472 2284 511 2317 ut
533 2283 590 2327 qui
613 2286 656 2317 ab
679 2283 738 2318 ina
759 2289 859 2330 parte
874 2285 1038 2329 patebant
1057 2284 1090 2317 in
1112 2284 1295 2317 Romanam
1313 2281 1472 2315 ditionem
1494 2280 1618 2322 aditus,

171 2340 234 2374 per
258 2340 342 2373 quos
365 2340 408 2362 ne
430 2328 607 2362 Lachanas
628 2329 776 2363 irrueret
796 2331 913 2364 andita
934 2330 978 2363 de
999 2330 1057 2363 ino
1083 2328 1204 2363 timere
1226 2328 1412 2372 cogebant,
1442 2325 1620 2372 praesidiis

171 2380 208 2408 et
228 2374 464 2409 munitionibus
489 2372 621 2408 idoneis
642 2378 918 2420 praeoccuparet.
964 2375 1029 2408 hoc
1050 2373 1158 2408 animo
1181 2374 1258 2407 dum
1282 2373 1395 2407 citatis
1417 2372 1516 2418 equis
1538 2382 1619 2406 ver-

171 2431 229 2455 sus
252 2419 466 2453 Orestiadem
488 2419 661 2453 contendit
683 2431 746 2465 per
767 2424 943 2455 concretos
965 2420 1075 2464 rigida
1098 2420 1204 2453 hieme
1225 2418 1302 2464 gelu
1334 2429 1470 2463 campos
1492 2428 1617 2463 prope-

170 2477 270 2507 rans,
294 2464 434 2509 contigit
457 2468 492 2499 et
515 2464 586 2509 pati
608 2475 683 2499 eum
705 2469 742 2499 et
763 2465 949 2510 periclitari
978 2465 1184 2510 gravissime.
1230 2475 1306 2498 nam
1338 2474 1444 2509 equus
1467 2474 1534 2509 qno
1557 2474 1617 2496 ve-

170 2512 315 2545 hebatur
334 2511 470 2555 lapsana
502 2510 539 2543 in
570 2509 695 2553 glacie,
728 2522 802 2544 cum
830 2521 997 2545 sessorem
1020 2509 1163 2553 effudit,
1189 2514 1265 2552 ,tum
1287 2521 1389 2555 snpra
1410 2508 1520 2555 ipsum
1541 2512 1617 2542 tota

169 2556 256 2591 mole
287 2557 468 2590 concidens
499 2559 629 2589 tantum
660 2567 725 2589 non
757 2556 928 2601 oppressit
943 2580 954 2597 ‚
984 2555 1195 2590 vulneratum
1226 2556 1259 2590 in
1291 2555 1443 2590 manibus
1464 2558 1500 2588 et
1522 2553 1618 2587 vultu

171 2603 256 2637 adeo
279 2614 346 2636 non
368 2603 512 2642 leviter,
543 2605 582 2635 ut
610 2599 667 2635 vix
690 2600 795 2635 totius
826 2601 900 2635 eius
922 2601 1100 2636 diuturnae
1122 2600 1342 2647 expeditionis
1365 2600 1475 2645 spatio
1498 2609 1618 2644 persa-

171 2647 244 2682 nari
266 2647 389 2692 plagae
413 2644 598 2692 potuerint,
620 2649 680 2681 aut
701 2646 792 2680 effici
813 2646 894 2692 quin
923 2646 1113 2681 luculentae
1138 2647 1311 2682 cicatrices
1332 2647 1487 2680 reducem
1508 2644 1616 2689 ipsum

171 2693 208 2726 in
231 2697 347 2727 urbem
369 2693 478 2728 adhuc
500 2693 739 2726 deformarent.
785 2695 953 2726 caeterum
974 2697 1055 2726 tnnc
1076 2692 1128 2728 illi
1152 2704 1202 2727 ·eo
1222 2691 1347 2727 itinere
1369 2689 1616 2735 Adrianopoiim

171 2738 363 2774 advenienti
386 2738 534 2773 occurrit
556 2742 670 2772 certus
691 2738 735 2771 de
757 2738 861 2772 caede
884 2738 1098 2773 Constantini
1123 2738 1268 2773 nuntius.
1321 2749 1395 2771 cum
1425 2736 1513 2770 enim
1534 2735 1617 2768 ado-

171 2783 317 2818 lesceret
352 2784 386 2819 in
417 2784 490 2818 dies
511 2783 664 2829 potentia
691 2783 889 2826 Lachanae,
918 2787 955 2818 et
984 2783 1125 2829 Bulgari
1145 2784 1269 2831 passim
1302 2794 1323 2817 a
1348 2793 1430 2826 rege
1451 2792 1512 2815 suo
1536 2780 1617 2824 ipsis

172 2834 287 2875 spreto
309 2830 353 2864 ad
373 2830 546 2864 subuicum
568 2829 765 2872 deficerent,
789 2840 854 2864 nec
870 2828 930 2875 qui
951 2828 1120 2875 potuisset
1137 2830 1306 2866 obsistere
1323 2825 1618 2873 Sphentisthlabus

228 2881 398 2927 Georgius
426 2882 649 2926 Pachymerea
680 2881 710 2916 Ι.
1290 2879 1345 2918 28
