1884 3262
269 193 367 242 648
665 193 973 240 OBSERVAT.
1004 193 1312 240 PAGHYMER.

271 315 371 352 σεως
386 299 485 342 κατα
505 299 550 342 vd
570 298 741 342 ἑωθινόν
761 300 973 354 ἐξέλαμπεν
991 301 1031 351 ἐξ
1050 297 1146 355 ἦρος
1164 301 1218 350 εἷς
1234 299 1508 356 φθινόπωρον.
1535 304 1580 342 111
1601 303 1702 343 duo:

268 360 344 398 bus
368 372 390 395 a
414 356 659 408 reliquorum
688 371 787 409 quos
808 358 1099 397 nominavimus
1117 358 1265 396 indicio
1284 359 1445 400 recedit.
1499 360 1610 412 prius
1631 366 1702 410 est,

269 413 377 465 quod
395 413 442 451 ab
463 413 674 451 Occidente
696 426 831 452 versus
849 413 1047 452 Orientem
1071 420 1221 453 motum
1243 420 1419 453 cometen
1443 415 1571 464 dicat,
1600 417 1704 455 alte-

267 483 358 509 :rum
387 468 493 520 quod
520 483 542 506 a
570 481 662 508 vere
682 482 806 519 usque
824 468 874 507 ad
891 476 1138 516 autumnum,
1169 483 1256 510 cum
1275 470 1331 507 illi
1354 476 1490 509 contra
1512 477 1705 511 testentur

267 525 316 563 ab
338 525 499 563 Oriente
516 524 560 562 in
582 524 773 564 occasum
794 526 1052 576 processisse,
1081 532 1119 564 et
1145 525 1249 564 circa
1278 525 1489 565 solstitium
1515 528 1704 567 aestivum

268 580 444 632 coepisse
467 593 669 632 apparere.
723 581 764 619 in
798 581 874 618 hac
905 581 1170 620 controversia
1203 588 1249 620 ut
1276 582 1392 620 facile
1425 582 1706 634 adstipulemur-

268 637 448 688 pluribus
473 642 610 674 contra
628 649 750 674 unum
764 667 776 685 ‚
806 636 903 675 facit
925 637 1033 689 quod
1050 637 1166 675 etiam
1186 637 1343 676 aliunde
1361 639 1622 690 comperimus
1635 641 1709 678 Pa-a,

270 691 491 743 chymerem
519 692 853 744 παχυμερέστερον
878 693 920 730 111
951 693 1070 731 huius
1098 699 1269 732 cometae
1287 694 1558 733 observatione
1573 708 1710 733 versa-⁴

269 754 368 787 tum.
423 747 465 785 id
489 748 591 785 enim
611 748 844 786 testificatur
864 747 1022 799 quidam
1042 749 1238 799 eruditus,
1266 756 1312 787 ut
1329 756 1510 802 apparet,
1542 751 1623 789 eius
1646 751 1710 789 1οἀ

271 809 371 853 ctor,
400 803 467 855 qui
486 803 660 841 codicem
679 803 784 841 hunc
800 805 941 855 ipsum,
971 818 1086 856 quem
1102 805 1268 844 fundum
1285 806 1468 844 editionis
1486 806 1711 852 habuimus,

270 859 396 896 oculis
414 859 634 897 subiectum
651 859 796 897 habens
815 866 946 898 tenere
963 874 1004 898 se
1022 875 1103 899 non
1123 861 1253 912 potuit
1270 861 1367 913 quin
1382 875 1403 900 e
1420 862 1574 913 regione
1590 861 1710 900 huius

268 914 351 952 loci
372 915 421 952 ad
438 915 653 966 marginem
674 915 911 954 adscriberet
928 917 1083 955 rubrica
1101 916 1226 955 haec
1214 931 1300 969 ipsa
1318 918 1458 957 verba:
1487 917 1511 959 ὅ
1531 916 1574 958 δὲ
1592 920 1712 958 τοῦτο

269 975 506 1039 παριστορεῐ.
563 969 584 1011 ὁ
601 968 676 1024 γοὶρ
695 968 893 1023 κομήτης,
922 987 976 1019 ως
993 970 1106 1024 ἡμεῖς
1124 969 1471 1042 αὕτωπτεύσαμεν,
1501 973 1543 1022 ἐξ
1571 970 1726 1042 ἄνατα-ς

270 1028 344 1077 λῆς
374 1041 448 1078 την
475 1026 634 1077 κίνησιν
659 1027 849 1074 ἐποιεῖτο,
864 1028 967 1091 περί
992 1042 1070 1068 που
1095 1026 1165 1076 τοὶς
1183 1026 1322 1077 Ὑάδας
1348 1027 1601 1081 φαινόμενος.
1654 1023 1712 1081 ἦν

271 1079 316 1121 δὲ
341 1078 572 1133 καπνώδης,
603 1081 692 1134 δίχα
717 1078 1004 1134 διαιρούμενος.
1061 1078 1155 1123 οὐδὲ
1178 1087 1294 1125 τοῦτο
1321 1089 1559 1152 παριστορεῖ.
1615 1084 1712 1132 ἴσως

232 1183 234 1185 ,
272 1134 316 1176 δὲ
344 1134 609 1190 βορειότερον·
646 1137 671 1179 ὅ
702 1153 776 1190 γαρ
810 1139 909 1189 βοῦς
934 1140 1013 1177 τῶν
1035 1139 1202 1191 βορείων
1233 1137 1406 1194 ἄστρων,
1443 1138 1544 1181 όπου
1571 1139 1639 1180 και
1668 1139 1718 1182 αἱ.

269 1189 416 1239 Ὗαδες.
473 1192 569 1230 haec
597 1192 655 1230 sic
682 1193 819 1231 Latine
848 1199 1011 1232 sonant·
1040 1195 1158 1232 aliter
1184 1195 1259 1232 hoc
1285 1210 1335 1234 ae
1356 1210 1493 1234 revera
1508 1210 1549 1233 se
1566 1195 1713 1233 habuit

271 1263 283 1284 1
286 1249 391 1296 effert
408 1248 639 1287 historicus.
695 1263 791 1286 nam
806 1256 958 1285 cometa
974 1263 1049 1300 quo
1068 1249 1116 1285 de
1134 1252 1287 1301 agitur,
1308 1259 1434 1303 prout
1450 1266 1523 1289 nos
1532 1252 1714 1303 proprii-9

131 1305 160 1337 P
183 1305 250 1341 454
274 1304 402 1340 oculis
435 1303 750 1353 observavimuS,
780 1304 831 1341 ab
868 1305 1026 1342 Oriente
1054 1306 1284 1347 mouebatur
1314 1309 1423 1345 circa
1438 1306 1614 1358 Iiyadas·
1635 1321 1714 1358 ap-

264 1373 426 1411 parens.
483 1367 569 1396 erat
583 1361 932 1410 autemfumoszw,
962 1361 1121 1399 divisus
1139 1362 1345 1411 bifariam.
1401 1365 1444 1401 in
1463 1364 1535 1400 illo
1554 1362 1714 1414 quidem

272 1414 392 1453 Ιιαιιιί
407 1414 499 1452 abe1
501 1429 590 1452 rare
609 1430 636 1452 α
652 1429 716 1454 ver
718 1429 738 1452 o
760 1415 946 1465 dixerim,
979 1416 1123 1468 quod
1107 1432 1151 1455 m
1166 1418 1316 1456 boreali
1326 1427 1445 1470 parte
1458 1418 1614 1456 indicat
1639 1433 1716 1470 ap-

266 1472 482 1523 paraisse:
518 1473 674 1508 Taurus
698 1473 821 1523 enim,
850 1474 894 1510 in
926 1486 1005 1523 quo
1036 1481 1131 1513 sunt
1160 1473 1347 1525 Hyades,
1377 1475 1531 1513 boreale
1550 1476 1715 1526 signum

216 1549 219 1557 «
274 1535 343 1566 ems-t
400 1526 590 1564 hactenus
614 1540 778 1565 censura
805 1527 1047 1578 marginali85
1080 1542 1178 1580 quae
1208 1530 1315 1594 quod
1345 1531 1400 1568 ait
1424 1530 1619 1568 indicasse
1642 1531 1717 1568 Pa-

277 1583 502 1633 chymerem
527 1582 570 1620 in
602 1583 751 1623 boreali
781 1590 893 1635 parte
926 1590 1102 1622 cometen
1125 1587 1369 1656 appmuisse,
1399 1600 1420 1625 e
1438 1587 1557 1624 titulo
1576 1585 1715 1637 capitis

277 1644 478 1689 sumptum
497 1645 568 1687 est,
596 1639 692 1677 ubi
682 1653 723 1677 111
742 1640 891 1678 Graeco
911 1639 1055 1690 legitur
1072 1641 1163 1693 περὶ
1179 1645 1251 1682 τοῦ
1266 1641 1459 1692 φανέντος
1475 1638 1650 1694 κομήτου
1671 1641 1715 1682 ἐκ

277 1695 426 1746 βορρᾶ,
454 1695 595 1744 quibus
623 1708 793 1746 congrue
823 1710 856 1734 c.
879 1696 933 1738 25
962 1696 1074 1734 initio
1093 1697 1230 1735 scribit
1251 1697 1715 1749 nostem-Macedonibus

278 1756 317 1787 et
350 1749 565 1788 Thracibus
594 1750 645 1788 ad
669 1752 982 1803 Septentrionem
1010 1753 1348 1805 Constantinopoli
1379 1753 1554 1793 obversis
1586 1753 1716 1792 visum

280 1801 362 1843 esse
379 1812 556 1843 cometen
577 1806 745 1844 infausta
761 1807 921 1855 minari,
951 1821 1046 1858 quas
1066 1808 1189 1846 minas
1207 1816 1342 1860 postea
1358 1810 1498 1847 Sultan
1515 1808 1718 1853 Azatinus,

280 1861 347 1910 qui
368 1860 660 1910 provinciarum
679 1862 835 1901 illarum
856 1863 1065 1902 vastationi
1088 1877 1242 1901 causam
1261 1865 1390 1914 dedit,
1419 1864 1461 1902 in
1485 1877 1567 1902 rem
1593 1864 1718 1902 dedu-

280 1916 404 1965 xerit3
436 1929 534 1966 quae
561 1916 781 1967 significant
806 1918 848 1954 in
875 1918 1177 1968 Septentrionali
1207 1920 1306 1957 coeli
1326 1925 1436 1971 parte
1456 1926 1633 1958 cometen
1651 1920 1718 1957 vi-

282 1984 381 2008 sum.
437 1986 556 2023 porro
575 1985 623 2010 ex
648 1973 724 2011 hac
744 1979 837 2011 nota
858 1973 982 2011 obiter
1001 1974 1142 2024 colligo
1173 1975 1345 2013 codicem
1364 1975 1471 2013 hunc
1493 1988 1607 2026 quem
1625 1975 1719 2012 Bar-

280 2026 465 2064 barinum
493 2041 515 2064 a
542 2029 749 2078 posteiiori
778 2041 1003 2080 possessore
1027 2029 1210 2077 dicimus,
1241 2044 1262 2068 e
1289 2031 1450 2069 Graecia
1479 2030 1687 2068 delatum·
1676 2044 1718 2067 m

283 2082 559 2120 bibliothecam
575 2084 724 2122 Urbani
741 2085 881 2122 Octavi
898 2087 970 2124 τοῦ
983 2086 1209 2138 μακαρίτου,
1228 2086 1355 2125 videri
1375 2100 1424 2124 ex
1442 2086 1579 2150 primis
1598 2085 1720 2123 fuisse

267 2137 356 2187 ,qui
385 2151 456 2189 pei
489 2139 625 2177 urbem
653 2140 1033 2192 Constantinopolim
1062 2142 1212 2190 vulgati
1248 2149 1341 2180 sunt
1369 2143 1417 2180 ab
1442 2142 1529 2206 ipso
1558 2147 1720 2179 auctore

287 2206 398 2229 suam
426 2193 628 2233 historiam
659 2196 816 2245 edente,
847 2196 1074 2234 viventibus
1100 2197 1177 2234 ad}-
1168 2211 1231 2235 ·uc
1248 2198 1383 2237 multis
1404 2199 1470 2248 qui
1490 2210 1623 2235 rerum
1643 2196 1720 2234 hac

285 2247 450 2286 historia
474 2257 720 2292 muletarum
748 2247 935 2292 αὐτόπται
961 2252 1139 2302 fuerant3
1171 2266 1338 2304 quorum
1367 2267 1469 2291 unus
1488 2253 1643 2303 lapsum
1661 2251 1721 2289 hi-

287 2303 422 2341 0101101
448 2305 491 2342 111
516 2306 705 2345 relatione
731 2307 848 2345 huius
876 2307 1135 2358 phaenomeni
1157 2322 1208 2346 ex
1230 2323 1300 2347 suo
1321 2309 1476 2347 oculato
1496 2307 1721 2346 testimonio

289 2359 518 2409 iedarguere
535 2369 675 2412 potue]
678 2363 719 2400 it
776 2362 844 2414 qui
862 2363 967 2401 idem
986 2364 1093 2414 quod
1109 2364 1302 2402 verbum
1291 2379 1332 2402 in
1353 2364 1472 2402 titulo
1493 2363 1632 2415 capitis
1650 2376 1722 2415 po-

290 2413 406 2451 situm
425 2417 582 2455 nomine
599 2418 768 2456 auctoris
787 2418 912 2470 ipsius
927 2418 1041 2467 citat,
1072 2425 1116 2458 ut
1133 2419 1323 2470 vidimus,
1352 2425 1620 2469 aigumentum
1647 2431 1722 2456 no-

289 2469 350 2506 bis
377 2472 547 2518 suggerit
576 2474 763 2524 opinandi
788 2475 926 2512 titulos
954 2475 1125 2526 capitum
1147 2475 1226 2513 ab
1215 2490 1300 2540 ipso
1322 2476 1558 2526 Pachymere
1576 2473 1723 2512 inditos

296 2530 335 2561 et
361 2525 627 2577 consmiptos,
656 2536 701 2567 ut
721 2530 763 2567 in
783 2530 897 2569 Barb.
915 2530 1050 2568 codice
1069 2537 1107 2568 et
1126 2531 1249 2569 ind'e
1239 2546 1280 2569 111
1299 2532 1373 2569 hac
1392 2531 1562 2569 editione
1591 2534 1723 2566 nostra

297 2580 444 2618 Giaece
467 2592 714 2633 comparent
749 2586 882 2635 fuisse,
922 2592 1059 2624 contra
1088 2600 1202 2637 quam
1230 2587 1421 2638 suspicari
1454 2587 1555 2624 fmte
1582 2582 1723 2633 aliquis

295 2641 430 2686 posset
453 2649 501 2674 ex
529 2650 575 2675 eo
605 2641 741 2689 quod
730 2655 772 2678 m
790 2641 984 2679 Allatiano
1004 2642 1144 2682 codice
1154 2643 1301 2693 alioqui
1323 2643 1472 2694 optimo
1492 2646 1530 2678 et
1546 2637 1721 2690 9011111ῑί-

299 2704 391 2740 quo,
420 2704 499 2729 non
518 2692 889 2743 10811111111χ3113<1οῐ
904 2696 1002 2735 haec
1019 2698 1165 2735 mentio
1190 2699 1331 2736 nobilis
1350 2702 1535 2741 cometae,
1565 2700 1603 2731 et
1621 2699 1724 2730 tem-

297 2759 372 2797 pus
389 2760 466 2797 quo
482 2747 578 2786 haec
594 2751 806 2788 scribebam
827 2765 958 2790 mense
978 2753 1107 2804 Aprili
1123 2754 1215 2791 anni
1234 2754 1359 2801 1665,
1387 2750 1579 2790 similibus
1601 2748 1727 2800 phae-

298 2804 473 2841 nomenis
491 2817 731 2857 suspensum,
759 2813 806 2845 ut
824 2806 891 2844 hic
909 2807 1058 2860 aliquid
1078 2809 1127 2847 de
1145 2809 1306 2848 cometis
1318 2808 1446 2847 dicam
1461 2805 1508 2843 ab
1527 2804 1588 2843 his
1606 2804 1725 2856 quin-
