1884 3262
710 183 890 230 Lffldl.
942 184 1161 237 NOTAE·
1531 185 1630 233 687

169 300 211 336 ie
224 304 373 335 ftamen
399 296 557 334 iacebat
582 302 766 334 mortuus
793 302 830 334 et
855 295 1041 334 lacrimis
1064 294 1376 343 domesticorum
1400 295 1630 348 rigabatur.

168 354 268 393 haec
289 367 380 392 cum
397 353 439 392 in
459 359 604 392 neutro
633 352 817 391 codicum
843 353 1088 404 optimorum
1108 352 1383 404 reperiantur,
1403 366 1492 391 ·non
1510 358 1632 404 puta-

167 424 258 450 mus
274 423 356 449 esse
377 409 648 462 Pachymeris,
675 409 747 448 sed
773 409 1081 462 interpolatoris,
1103 415 1145 448 et
1169 406 1474 461 paraphrastae,
1511 422 1630 460 quem

168 468 313 506 scimus
327 473 367 505 et
385 468 459 506 alia
478 473 636 518 praeter
653 466 826 506 auctoris
842 473 1014 505 mentem
1032 467 1250 505 inseruisse.
1303 465 1548 504 moderatior
1570 472 1631 506 est

169 526 275 565 enim
302 530 437 563 noster
466 522 679 562 historicus
707 536 826 574 quam
851 529 899 562 ut
915 524 970 562 sic
995 523 1184 562 atrociter
1204 522 1411 560 insultasse
1428 523 1631 573 putandus

169 583 221 620 sit
242 588 401 620 mortuo
424 581 614 632 principi,
644 581 755 619 cuius
778 580 883 619 bona
905 581 1085 631 malaque
1107 580 1250 629 libere,
1286 580 1356 617 sed
1382 579 1481 617 citra
1509 580 1628 618 mali-

167 639 356 690 gnitatem
385 638 430 676 in
455 637 532 676 hac
559 634 725 676 historia
751 637 956 689 expressit.
1011 648 1150 688 magua
1179 642 1220 674 et
1248 648 1343 674 vera
1368 636 1456 673 laus
1474 642 1533 674 est
1547 636 1628 674 Mi-

168 694 312 733 chaelis
332 694 549 746 Palaeologi
571 694 678 732 inter
704 694 851 743 multa,
882 706 982 745 quae
1007 707 1080 732 nec
1103 693 1338 732 dissimulari
1365 705 1438 730 nec
1467 693 1628 743 probari

164 758 354 804 possunt,
381 764 588 803 perperam
606 751 727 800 facta,
755 764 892 803 pacem
910 757 950 790 et
972 751 1222 789 concordiam
1243 749 1492 787 ecclesiarum
1509 750 1629 787 inde-

163 809 264 847 fesso
283 808 337 846 ad
362 814 584 847 extremum
611 808 744 846 studio
765 808 923 847 ursisse.
979 814 1020 847 et
1046 808 1188 846 merito
1217 820 1307 845 eum
1327 805 1402 844 hac
1418 807 1627 858 praecipue

164 878 210 904 re
229 865 367 903 Ioanni
393 865 580 903 Batatzae
602 865 872 916 praecelluisse
891 865 1081 916 Georgius
1107 862 1323 903 Metochina
1341 863 1514 901 affirmat
1531 877 1626 901 ora-

164 922 272 960 fione
298 921 425 974 prima
452 921 651 960 historica.
709 922 764 960 ait
788 922 844 960 ibi
871 935 961 960 eum
992 935 1132 973 magua
1148 933 1215 973 spe
1239 933 1447 971 generosae
1467 920 1625 971 indolis,

166 992 258 1017 cum
281 992 376 1017 cura
392 979 580 1031 peculiali
600 978 652 1016 ad
680 992 832 1016 summa
851 991 1030 1029 quaeque
1055 978 1267 1016 educatum
1287 978 1360 1015 sub
1384 977 1527 1015 Ioanne
1545 977 1625 1014 Ba-

162 1041 292 1085 tatza,
318 1049 401 1074 non
418 1049 543 1088 parvo
564 1035 681 1073 etiam
700 1035 820 1086 ipsius
837 1035 1026 1086 principis
1044 1036 1195 1083 favore,
1223 1036 1307 1074 πᾶν
1329 1033 1372 1074 ἕν
1391 1030 1624 1086 ἁριστοβου-

160 1092 267 1140 λίαις
281 1091 350 1132 καὶ
372 1086 696 1144 ἆριστοπραξίαις
709 1090 1031 1143 κατωρθωμένον
1047 1087 1156 1146 αυτῷ
1172 1097 1319 1128 cuncta
1338 1092 1426 1126 eiu-5·
1441 1091 1622 1127 rectis-ei-

162 1162 224 1186 me
241 1149 429 1186 consulta
453 1149 684 1199 optimaque
702 1155 799 1185 acta
817 1147 1019 1186 imitando
1038 1149 1295 1199 expressisse,
1324 1162 1392 1186 και
1411 1145 1623 1199 ἐκμαγεῖον

160 1204 366 1259 γεγονέναι
390 1207 472 1245 τῶν
508 1220 654 1244 τουτου
683 1201 1035 1257 πλεονεκτημάτων
1066 1212 1103 1242 et
1139 1203 1198 1241 ad
1228 1205 1369 1241 vitum
1400 1216 1624 1253 expressam

159 1264 381 1312 imaginem
399 1275 444 1299 ει
445 1262 572 1298 asi-sse
592 1259 781 1298 decorum
798 1261 933 1303 illius.
988 1274 1086 1299 mox
1104 1260 1218 1298 addit
1246 1258 1415 1298 eundem
1434 1260 1622 1298 Ioannem

160 1317 275 1369 longe
292 1331 314 1355 a
333 1316 522 1356 Michaele
536 1323 783 1368 superatum,
811 1317 1039 1368 praesentim
1057 1331 1104 1355 eo
1122 1316 1243 1367 quod,
1272 1329 1390 1366 quam
1409 1316 1475 1353 ille
1493 1316 1623 1355 solum

161 1376 403 1425 cogitaverat
421 1379 462 1412 et
479 1374 679 1411 mentione
697 1373 907 1412 dumtaxat
925 1373 1053 1425 prima
1069 1374 1352 1412 informaverat
1371 1371 1625 1411 ecclesiarum

160 1443 319 1483 pacem,
348 1428 415 1469 hic
431 1430 592 1469 consilio
614 1436 761 1468 conatu
785 1431 1074 1482 perseverantia
1109 1430 1278 1481 denique
1302 1429 1470 1481 peregit,
1501 1435 1543 1467 et
1561 1429 1626 1467 sa-

162 1494 266 1525 etam
281 1516 292 1536 ,
320 1487 452 1538 quoad
470 1488 512 1524 in
541 1486 627 1525 vita
653 1487 845 1539 perstitit,
871 1487 1013 1526 tenuit.
1070 1500 1192 1538 quare
1223 1486 1319 1524 totis
1334 1485 1498 1524 habenis
1516 1485 1624 1524 albas

160 1543 267 1582 idem
283 1542 496 1582 Metochita
513 1543 758 1594 eloquentiae
778 1543 985 1595 quadrigas
1002 1544 1044 1582 in
1062 1544 1145 1582 eius
1162 1543 1301 1582 laudes
1319 1542 1434 1581 velut
1453 1542 1496 1580 in
1513 1556 1623 1580 cam-

159 1613 258 1653 pum
278 1599 484 1639 rhetorum
502 1599 792 1638 Marathoniam
813 1600 999 1649 admittit,
1030 1595 1150 1648 οὗτος
1164 1630 1175 1650 ,
1204 1599 1398 1651 inquiens,
1429 1597 1452 1640 ό
1470 1597 1625 1648 κλεινός

125 1701 132 1706 ,
162 1656 207 1697 ἔν
238 1653 526 1710 αυτοκροῖτορσι
551 1653 742 1709 Μιχαήλ,
771 1654 816 1697 τό
838 1657 938 1710 μέγα
967 1659 1042 1708 τῆς
1063 1653 1167 1704 inias
1183 1656 1254 1697 καὶ
1270 1656 1454 1709 ἑσπερίου
1475 1653 1625 1706 λη’ξεως

163 1728 323 1782 ονομα,
342 1716 493 1766 μᾶλλον
513 1710 557 1753 δὲ
575 1716 648 1765 τῆς
670 1714 953 1765 οἰκουμενικῆς
971 1714 1264 1783 τετραμερείας,
1293 1728 1338 1754 το
1345 1710 1533 1782 φοβερον
1553 1712 1624 1753 καὶ

162 1765 361 1839 ἀγακλεὲς
371 1765 693 1823 περιθρύλλημα,
722 1768 747 1810 o‘
765 1785 840 1821 την
872 1766 1074 1823 ευσεβείαν
1096 1766 1295 1838 ἄρραγής,
1337 1764 1358 1810 ὅ
1359 1765 1529 1838 θερμὸς
1545 1767 1623 1834 τήν

161 1841 266 1879 προς
285 1823 388 1867 θεόν
404 1827 650 1877 πεποίθησιν
665 1825 734 1866 καὶ
752 1794 1010 1876 οἷδίστακτος,
1042 1825 1064 1867 ὁ
1082 1820 1180 1878 παρ’
1204 1823 1298 1867 όλον
1317 1819 1446 1866 αὐτοῦ
1463 1823 1506 1867 τὸ
1527 1822 1622 1877 βιώ-

163 1894 281 1934 σιμον
298 1879 505 1935 πρόβλημα
522 1898 597 1934 την
615 1883 810 1935 εἰλικρινῆ
829 1885 962 1923 πίστιν
980 1881 1224 1935 ποιούμενος
1242 1880 1348 1923 καὶ”
1327 1895 1401 1923 οσα
1417 1885 1490 1934 τῆς
1508 1880 1621 1934 οἴμω-

161 1936 289 1992 μήτου
310 1939 480 1987 πίστεως
493 1935 672 1992 σύμβολα
689 1937 768 1992 ποθ’
786 1954 934 1988 παντος
952 1939 1068 1994 ἔργου
1085 1937 1164 1993 πρὸ
1180 1956 1331 1988 παντος
1351 1939 1621 1991 διανοήματος

160 1995 229 2036 καὶ
248 1992 557 2065 βουλευματος’
539 2011 582 2038 εν
603 1995 724 2037 παντὶ
747 1992 883 2050 τρόπῳ
908 2011 950 2037 τε
974 1995 1041 2036 καὶ
1067 1999 1216 2050 καιρῷ,
1246 1996 1291 2037 ἐν
1316 1992 1449 2050 ταύτῷ
1469 1999 1526 2062 τῷ
1543 2011 1618 2037 κα-

160 2055 368 2102 θεαθῆναι
386 2052 454 2094 καὶ
473 2048 720 2104 ἀναστῆναι
709 2051 775 2092 καὶ
804 2052 937 2105 μέχρις
963 2048 1089 2093 αὐτοῦ
1106 2056 1180 2093 τοῦ
1198 2048 1384 2104 τυχόντος
1399 2049 1618 2103 κινήματος

159 2103 191 2160 ἢ
203 2109 480 2176 βαδίσματος,
518 2107 549 2162 ἦ
579 2105 784 2162 ακάματος
812 2106 946 2162 φρήν,
993 2107 1015 2148 ὅ
1040 2105 1280 2175 μεγαλόνους
1307 2105 1526 2161 ανθρωπος
1546 2107 1617 2149 καὶ

163 2159 374 2216 ου’ροῖνιος,
414 2163 439 2205 o‘
477 2164 739 2231 μεγαλουργὸς
774 2181 842 2206 και
883 2161 1222 2233 μεγαλεπήβολος,
1260 2161 1282 2206 ὃ
1309 2162 1618 2217 ,Κομνηνοφυης

162 2218 450 2275 Παλαιολόγων
476 2218 660 2274 βλαστὸς,
691 2220 760 2262 καὶ
786 2234 948 2275 συμπαν
974 2216 1310 2274 ἆξιοθαύμαστος.
1368 2222 1473 2273 ιἠοζ)
1477 2229 1546 2259 tus
1571 2223 1617 2260 in

161 2278 287 2329 impet
287 2277 473 2315 atorihus
496 2276 696 2326 ᾸΙίοῘιαέἰ,
735 2292 934 2330 magnum
968 2279 1240 2316 Orientalium
1272 2284 1309 2315 et
1344 2277 1617 2317 occiduorum

163 2340 371 2373 tractuum
389 2348 554 2383 nomen,
582 2341 656 2372 aut
667 2336 810 2386 potius
839 2342 1016 2387 quatuor
1032 2334 1179 2373 mundi
1200 2334 1417 2373 cardinum
1435 2342 1562 2373 terror
1580 2342 1619 2373 et

157 2390 319 2441 gloria,
340 2392 494 2442 pietate
516 2393 865 2441 constantissima,
884 2390 1051 2443 fiducia
1067 2394 1110 2430 in
1135 2390 1254 2429 deam
1283 2391 1446 2430 ardente
1459 2394 1620 2443 pariter

161 2453 199 2483 et
219 2447 469 2485 immutabili
474 2462 488 2495 ‚-
519 2448 593 2499 qui
607 2461 680 2498 per
706 2455 836 2485 totam
856 2451 984 2486 vitam
1000 2462 1118 2500 scopo
1138 2449 1294 2487 illustri
1311 2448 1392 2487 sibi
1406 2451 1616 2501 proposito

149 2501 258 2554 fidei
285 2505 481 2553 sincerae,
513 2511 663 2541 cuncta
695 2519 798 2555 quae
828 2503 886 2541 ad
911 2505 1018 2541 hanc
1049 2503 1332 2554 conducerent,
1362 2519 1466 2558 quae
1497 2507 1616 2543 illam

160 2558 530 2612 quomodocumque
542 2561 756 2610 referrent,
779 2575 884 2612 prae
907 2563 1018 2599 omni
1042 2575 1155 2613 opere
1170 2563 1414 2615 cogitatione
1429 2563 1616 2611 consilio,

162 2615 407 2653 omnimodo
430 2624 467 2654 et
491 2623 684 2668 tempore,
723 2615 917 2667 sedendo,
953 2617 1178 2670 surgendo,
1212 2621 1256 2657 in
1284 2620 1395 2657 omni
1427 2625 1539 2655 motu
1565 2631 1616 2655 ac

152 2685 288 2723 passu
317 2674 514 2725 spectavit
541 2674 825 2726 amplexusque
852 2681 922 2715 est.
978 2674 1182 2726 indefessa
1211 2690 1342 2724 mena,
1372 2688 1617 2725 magnorum

158 2727 277 2766 homo
305 2743 521 2780 sensuum,
558 2730 754 2779 coelestia,
783 2744 935 2783 magna
962 2740 1168 2783 operatus,
1210 2733 1393 2784 ingentia
1419 2738 1614 2779 conatus,-

165 2783 365 2824 Comnena
390 2789 542 2825 mixtu-5
566 2789 692 2838 stirpe
718 2789 1057 2840 Palaeologorum
1084 2790 1276 2827 surculus
1284 2817 1295 2838 ,
1329 2788 1457 2839 plane
1475 2786 1614 2824 admi-

160 2842 318 2880 ratione
336 2842 501 2895 dignus.
556 2842 654 2883 haec
671 2843 727 2884 ibi
747 2845 935 2897 Georgius
954 2845 1188 2885 Metochita·
1176 2875 1188 2898 ‚
1230 2856 1330 2897 quae
1346 2857 1418 2883 nos
1435 2845 1611 2883 encomia
