1846 3262
199 239 263 283 82
619 234 856 279 GEORGII
901 234 1254 279 PACHYMERIS

202 352 222 396 ὁ
248 355 321 395 τοῦ
350 347 770 407 προβεβασιλευκότος
792 347 1012 406 Θεοδώρου
1040 346 1231 403 ἀνεψιός,
1270 346 1453 400 ἀκούσας
1486 349 1539 392 τὰ
1566 348 1662 392 κατ’

203 419 409 473 ἀνατολὴν
433 416 488 467 ὥς
510 416 640 473 εἶχον,
677 420 743 461 καὶ
766 417 829 461 ὅτι
853 418 1036 461 ἐκποδών
1065 416 1277 474 γεγονότος
1296 423 1370 461 τοῦ
1396 416 1597 474 Λάσκαρι
1627 419 1669 459 ἐν

202 488 500 546 μειρακυλλιόις
525 488 600 541 μὲν
630 485 651 530 ὅ
682 488 724 539 ἐξ
755 487 905 530 ἐκείνου
924 486 1115 542 Ἰωάννης
1146 491 1272 540 τελεῖ,
1310 489 1367 537 εἷς
1389 487 1601 543 προνομὴν
1626 487 1671 529 δὲ

205 557 328 614 ἡτῶν
343 554 554 610 Ῥωμαίων
575 558 763 611 βασιλεία
781 563 908 599 κεῖται
931 561 990 616 τῷ
1009 556 1245 615 βουλομένῳ
1259 589 1272 609 ,
1309 554 1445 612 ἀνάγει
1470 556 1541 599 τὸν
1571 559 1670 598 νοῦν

149 667 151 671 ,
202 626 304 684 πρὸς
332 625 404 668 τὸν
431 629 548 668 θεῖον
579 623 822 682 Θεόδωρον,
867 624 979 675 ὅπως
1015 625 1196 675 κάκεῖνος
1232 624 1394 680 εὐγενὴς
1430 623 1487 668 ὢν
1525 626 1592 667 καὶ
1617 623 1703 666 τὰὸ

85 707 113 741 Ρ
136 706 181 741 49
205 700 350 753 πρῶτα
372 698 456 738 τῶν
479 693 649 751 εὐγενῶν
670 700 743 750 τῆς
765 691 931 750 πρώτης
955 695 1104 750 ἐκείνης
1131 693 1364 750 συγχίσεως
1385 690 1675 748 συμπεσούσης

198 765 414 819 Ῥωμαίοις
447 761 595 807 ἑαυτὸν
626 760 931 818 ἀναλαμβάνει,
973 765 1040 806 καὶ
1073 765 1274 813 πλείστοις
1312 761 1424 813 ὅσοις
1457 769 1542 812 τοῖς
1573 760 1669 804 κατ’

199 835 371 878 Ἰταλῶν
409 833 602 887 πολέμοις
642 829 1015 889 ε’νανδραγαθήσας
1062 837 1136 886 τῆς
1175 833 1385 886 βασιλείας
1428 831 1670 886 ἐπείληπτο,

206 904 402 960 στεφθεὶς
426 901 539 959 παρὰ
568 906 640 945 τοῦ
663 902 861 958 Ἀχριδῶν
887 899 1110 956 Ἰακώβου,
1149 903 1215 943 καὶ
1238 901 1288 944 τὰ
1310 900 1415 943 κατὰ
1439 898 1556 943 δύσιν
1577 898 1675 961 τούς

201 971 386 1022 Ἰταλοί-ς
419 968 666 1029 ἀφελόμενος
705 969 1011 1028 προσεκτήσατο
1025 1003 1037 1023 ,
1085 970 1212 1026 με’γας
1234 972 1299 1012 ἐπὶ
1321 974 1403 1013 τῶν
1423 966 1674 1026 πραγμάτων
1687 975 1730 1008 10

209 1041 453 1098 ἆναφανείς,
482 1041 599 1096 μέχρι
633 1043 700 1083 καὶ
733 1041 859 1100 μοίρᾳ
892 1045 988 1100 λαιᾷ
1012 1036 1298 1097 προσκρούσας
1320 1041 1387 1081 καὶ
1407 1034 1698 1092 κατασχεθεὶς

210 1115 270 1170 τῷ
297 1111 421 1154 Ἀσᾶν
449 1109 642 1167 ἀφῃρέθη
678 1113 760 1153 τῶν
793 1109 1041 1166 ὀφθαλμῶν.
1113 1113 1246 1151 ταῦτα
1276 1110 1413 1151 τοίνυν
1444 1105 1464 1150 ὅ
1501 1105 1676 1166 Μιχαὴλ

156 1188 187 1222 Β
214 1183 255 1224 ἐν
277 1184 335 1239 νῷ
356 1178 553 1233 θέμενος,
593 1179 660 1221 καὶ
680 1179 1047 1230 καταλαζονευθεὶς
1079 1182 1162 1220 τῶν
1181 1175 1432 1233 πραγμάτων
1453 1173 1678 1232 ἀρρώστως

211 1240 401 1305 ἐχόντων,
424 1249 506 1290 ἐπεὶ
527 1249 593 1290 καὶ
616 1247 662 1291 τὸ
683 1247 788 1291 κατὰ
809 1246 925 1290 πόλιν
938 1246 1132 1290 Ἰταλικὸν
1153 1246 1318 1302 ἠσθένει
1336 1253 1421 1296 τοῖς
1444 1244 1549 1288 καθ’
1574 1242 1676 1286 αὗτό

210 1315 422 1375 πράγμασι
432 1349 446 1370 ,
487 1317 643 1372 βουλὴν
672 1314 912 1372 βουλεύεται
943 1314 999 1366 ῶς
1027 1317 1119 1358 λίαν
1150 1316 1335 1370 νεανικὴν
1370 1317 1436 1358 καὶ
1455 1318 1530 1369 τῆς
1547 1313 1676 1356 αὐτοῦ
1690 1316 1732 1352 15

211 1387 407 1443 εὐγενείας
436 1385 568 1437 ἀξίαν.
637 1383 664 1440 ἡ
693 1386 738 1428 δὲ
765 1382 922 1441 βουλή,
958 1385 1151 1434 πλείστας
1180 1383 1281 1434 ὅσας
1301 1384 1585 1438 συναθροίσας
1603 1384 1679 1424 δυ-

216 1454 358 1511 νάμεις
388 1455 455 1498 καὶ
486 1458 537 1511 τῇ
564 1452 676 1497 πόλει
709 1454 899 1509 προσχὼν
926 1456 1190 1510 περικαθίσαι
1224 1454 1292 1496 καὶ
1322 1456 1572 1509 πειραθῆναι
1603 1468 1680 1494 κα·-

213 1531 401 1580 τασχεΐν,
441 1524 508 1566 καὶ
534 1522 642 1566 οὕτω
670 1523 865 1579 βασιλεύς
900 1522 1229 1580 ἀναγορευθῆναι
1254 1520 1490 1575 Ῥωμαίων·
1525 1519 1584 1575 μὴ
1601 1519 1680 1576 γὰρ

188 1616 191 1619 ·
216 1593 317 1639 εἶναι
346 1593 449 1650 πρὸς
482 1591 607 1635 αὐτὸν
637 1593 764 1649 μηδὲν
793 1590 897 1648 μήτε
927 1589 1152 1648 Λάσκαριν
1182 1588 1283 1647 μήτ’
1314 1590 1439 1634 ἄλλον
1467 1587 1682 1633 ὁντιναοῦν

168 1678 199 1713 c
224 1659 407 1719 αὐτάρκη
426 1661 529 1718 πρὸς
546 1665 783 1716 βασιλείαν,
821 1661 958 1718 εὐγενῆ
979 1679 1021 1705 τε
1043 1660 1143 1705 ὄντα
1163 1662 1230 1704 καὶ
1259 1664 1342 1704 τῶν
1356 1659 1576 1716 Ἀγγέλων·
1614 1651 1739 1700 namo

218 1735 271 1788 δὴ
315 1732 396 1774 ἐπεὶ
434 1731 647 1787 γαμβροὺς
687 1732 750 1774 ἐπὶ
790 1728 1048 1788 θυγατράσιν
1075 1728 1151 1785 εἶχε
1182 1728 1254 1773 τόν
1287 1747 1330 1772 τε
1355 1729 1460 1787 ῥῆγα
1495 1729 1684 1777 Πουλίας

219 1800 395 1859 Μαφρέ,
426 1799 496 1843 τὸν
514 1801 581 1843 καὶ
599 1803 674 1856 τῆς
693 1801 905 1856 δεσποίνης
926 1804 1007 1844 τῶν
1019 1798 1230 1855 Ῥωμαίων
1239 1797 1387 1855 ’Άννης
1407 1794 1682 1855 αὐτάδελφον,

222 1922 282 1967 qui
301 1920 353 1955 ibi
374 1920 627 1966 imperaverat,
658 1921 778 1957 fratris
799 1921 914 1963 filius,
946 1921 1062 1956 audito
1085 1932 1198 1955 rerum
1222 1919 1444 1955 Orientalium
1468 1922 1580 1960 statu,
1604 1917 1686 1952 sub·

220 1969 290 2002 lato
314 1967 474 2001 videlicet
495 1979 515 2002 e
538 1967 646 2002 medio
667 1968 810 2002 Lascari
832 1968 992 2002 Ioannem
1012 1968 1084 2001 eius
1106 1967 1212 2001 filium
1236 1978 1312 2001 esse
1337 1967 1447 2000 adhuc
1465 1964 1684 2008 infantulum,

221 2014 412 2049 Romanum
436 2024 515 2047 vero
532 2014 713 2058 ‘imperium
736 2014 840 2048 cuivis
863 2025 986 2059 rapere
1010 2013 1138 2048 volenti
1168 2012 1204 2047 in
1234 2012 1397 2058 praedam
1421 2011 1612 2057 expositum
1632 2010 1686 2044 ia-

222 2072 318 2100 cere,
350 2063 493 2094 mentem
529 2060 566 2093 in
597 2071 675 2106 spes
710 2060 838 2105 amplas
868 2060 989 2094 extulit
1021 2059 1196 2105 proposito
1226 2058 1296 2093 sibi
1321 2059 1474 2104 exemplo
1511 2055 1688 2092 Theodori

222 2105 351 2152 patrui.
398 2105 428 2140 is
451 2105 573 2140 nobilis
596 2111 700 2152 atque
722 2107 807 2140 adeo
831 2118 873 2140 ex
896 2106 1004 2151 prima
1026 2105 1229 2147 nobilitate,
1254 2117 1273 2139 e
1295 2105 1412 2150 priore
1434 2105 1493 2138 illa
1515 2104 1686 2138 Romana-

222 2163 297 2186 rum
320 2152 576 2198 perturbatione
595 2164 708 2186 rerum
732 2152 873 2197 sumptis
895 2157 1082 2198 opportune
1104 2151 1245 2191 animis,
1266 2151 1381 2185 multis
1402 2150 1590 2197 praeclaris
1613 2148 1690 2183 edi-

224 2199 270 2233 tis
292 2197 501 2232 facinoribus
522 2197 559 2232 in
583 2198 733 2244 plurimis
764 2206 883 2233 contra
920 2199 1027 2233 Italos
1052 2198 1169 2238 bellis,
1202 2197 1374 2243 imperium
1398 2196 1567 2241 arripuit,
1591 2207 1690 2230 coro-

224 2248 326 2278 natus
346 2244 390 2278 ab
414 2243 614 2279 Achridensi
635 2244 778 2288 Iacobo,
801 2248 837 2279 et
860 2244 1031 2279 Occiduas
1054 2243 1248 2296 provincias
1271 2243 1370 2278 Italis
1392 2243 1525 2277 ablatas
1547 2241 1690 2288 imperio

224 2290 400 2330 restituit,
435 2301 590 2334 magnam
627 2289 672 2324 iis
702 2291 806 2325 rebus
827 2293 933 2336 gestis
955 2292 1078 2325 famam
1101 2290 1268 2335 adeptus,
1298 2289 1413 2334 quoad
1440 2289 1590 2324 adversa
1636 2299 1692 2322 ro-

224 2337 341 2381 lapsus
370 2336 462 2369 sorte
496 2341 534 2370 et
567 2336 831 2382 comprehensus
862 2337 906 2371 ab
936 2337 1050 2371 Asane
1077 2335 1232 2381 privatus
1265 2342 1319 2370 est
1346 2335 1463 2370 oculis.
1510 2335 1595 2369 talia
1612 2299 1692 2368 'fui-

227 2382 323 2416 chael
346 2385 459 2416 mente
482 2381 615 2426 agitans
629 2408 639 2427 ,
674 2388 710 2417 et
743 2383 780 2417 in
803 2394 924 2427 magna
947 2393 1083 2417 suarum
1105 2381 1229 2416 virium
1252 2381 1380 2416 fiducia
1402 2383 1619 2415 contemnens
1640 2379 1692 2413 in·

227 2427 425 2462 firmitatem
446 2440 535 2472 quae
557 2435 640 2462 tunc
662 2440 739 2463 esse
769 2428 948 2463 videbatur
980 2429 1211 2463 Romanarum
1241 2439 1374 2470 rerum,
1403 2438 1479 2462 cum
1499 2427 1596 2471 ipsos
1618 2426 1694 2460 lta-

227 2474 279 2508 los
292 2499 303 2515 ‚
326 2473 384 2519 qui
407 2474 526 2508 urbem
548 2474 679 2518 regiam
701 2475 876 2518 tenebant,
899 2474 1030 2509 idoneis
1055 2474 1240 2509 destitutos
1263 2474 1369 2519 copiis
1391 2473 1694 2514 animadverteret,

228 2531 302 2554 rein
323 2519 522 2564 aggreditur
545 2520 644 2555 valde
666 2521 806 2555 arduam
821 2526 857 2555 et
878 2520 984 2566 ipsius
1008 2520 1185 2554 nobilitate
1204 2521 1350 2565 dignam.
1396 2518 1574 2554 constituit
1593 2517 1694 2552 vide-

228 2565 312 2600 licet
334 2569 528 2600 contractas
551 2577 652 2611 quam
675 2571 792 2612 posset
813 2566 973 2613 plurimas
995 2566 1112 2612 copias
1133 2567 1198 2612 ipsi
1214 2566 1370 2613 protinus
1393 2565 1577 2600 admovere
1600 2564 1695 2598 Con·-

230 2611 470 2658 stmtinopoli,
500 2623 642 2657 eamque
664 2613 821 2647 obsidere
841 2616 877 2647 et
899 2624 1067 2658 occupare
1099 2613 1237 2655 conari,
1269 2616 1339 2647 tum
1370 2611 1400 2646 si
1423 2610 1594 2656 negotium
1614 2621 1696 2644 suc-

232 2658 372 2692 cederet
386 2682 395 2695 .
418 2657 558 2692 efficere
580 2664 620 2692 ut
641 2658 689 2693 ibi
710 2660 937 2694 Romanorum
959 2659 1144 2704 imperator
1165 2659 1239 2706 ipse
1266 2658 1542 2704 proclamaretur.
1589 2655 1697 2690 nemi-

233 2715 310 2738 nem
333 2703 420 2744 enim
443 2714 519 2738 esse
541 2705 687 2750 putabat
710 2705 770 2750 qui
801 2705 876 2750 plus
910 2705 956 2739 ad
977 2706 1012 2739 id
1035 2706 1178 2741 haberet
1199 2706 1255 2740 vel
1277 2703 1390 2739 meriti
1423 2703 1480 2738 vel
1501 2701 1694 2737 verisimilis

233 2749 329 2795 spei,
353 2761 419 2784 non
441 2749 625 2791 Lascarin,
659 2762 726 2785 non
749 2750 852 2785 alium
874 2751 1080 2796 quemlibet,
1112 2752 1231 2798 utique
1252 2761 1391 2796 quorum
1413 2749 1495 2784 nulli
1516 2748 1609 2783 vires
1635 2758 1695 2782 su·

233 2796 391 2831 stinendo
413 2795 554 2842 imperio
584 2796 727 2832 idoneae
752 2796 921 2831 adessent.
968 2798 1095 2844 quippe
1127 2809 1166 2832 se
1191 2800 1227 2831 et
1249 2796 1394 2832 nobilem
1423 2801 1460 2831 et
1482 2806 1525 2829 ex
1548 2794 1696 2839 Angelo-

234 2853 309 2876 rum
331 2847 455 2887 gente,
488 2841 713 2878 affinitatibus
735 2842 921 2889 quinetiam
943 2843 1182 2888 potentissimis
1206 2842 1394 2878 subnixum.
1441 2852 1586 2887 generos
1607 2839 1697 2875 enim

234 2887 386 2924 habebat
411 2899 454 2924 ex
478 2888 611 2925 Helena
634 2888 769 2936 quidem
791 2888 864 2925 filia
885 2889 1101 2925 Manfredum
1123 2889 1268 2936 Apuliae
1295 2899 1431 2935 regem,
1463 2889 1603 2923 tratrem
1626 2888 1697 2923 An-
