1846 3262
390 194 467 236 DE
500 192 781 237 MICHAELE
816 191 1196 237 PALAEOLOGO
1230 193 1283 235 L.
1322 190 1378 237 Π.
1524 190 1621 240 107

141 308 195 352 τὰ
223 305 386 352 Κᾶνινα
409 305 631 366 φρούριον,
664 308 775 367 αἱρεῖ
800 307 844 351 δὲ
875 309 943 351 καὶ
971 308 1018 351 τὸ
1048 309 1139 364 περὶ
1171 306 1224 350 τὰ
1246 303 1520 364 Βελλάγραδα
1551 306 1620 347 καὶ

141 375 335 434 Πόλογον
365 380 432 421 καὶ
461 375 723 431 Κολώνειαν,
757 381 967 434 χειροῦται
995 377 1134 436 δὲκαὶ
1162 378 1404 433 Καστορίαν
1431 376 1499 418 καὶ
1529 378 1619 417 Πε-

141 449 335 503 λαγονιάν
366 449 434 490 καὶ
453 445 624 504 Δούρας
646 444 860 503 Τζὲρνικόν
889 463 932 489 τε
957 448 1025 489 καὶ
1044 444 1250 499 Διάβολιν
1268 448 1335 488 καὶ
1358 445 1432 501 τὴν
1454 445 1621 501 Πρίλα-

141 534 220 559 πον
245 514 440 559 Βοδεεινά
470 534 512 559 τε
542 518 609 559 καὶ
642 514 857 572 Βόστρον,
891 514 1080 570 ἕλλιμνον
1112 519 1266 569 νῆσον,
1301 514 1471 570 Πέτραν
1501 512 1616 570 Πρὲ-
1641 516 1670 551 Ρ
1693 517 1739 552 69

107 593 129 628 5
143 601 253 628 σπαν
273 602 316 628 τε
336 588 404 628 καὶ
425 587 652 642 Στερίδολα
673 588 739 628 καὶ
754 585 948 641 Ἀχρίὸαν
967 586 1034 627 καὶ
1054 583 1106 627 τὰ
1123 583 1332 642 Ἰλλυριῶν
1354 580 1620 640 ὀχυρώματα,

141 655 209 696 καὶ
239 654 315 705 ἕως
345 649 588 711 Δυρραχίου
619 652 774 712 φθάνει
801 653 849 697 τὸ
877 651 979 711 δόρυ
1011 657 1145 696 κινῶν.
1215 651 1468 709 προσβάλλει
1489 653 1625 696 δὲκαὶ

140 720 296 783 Πάτρᾳ
316 725 384 766 καὶ
408 725 563 781 Τρίκκῃ
572 757 586 777 ,
617 725 685 766 καὶ
706 724 758 766 τὰ
776 721 911 782 κύκλῳ
929 723 1034 766 κατὰ
1054 719 1268 777 συνθήκας
1291 720 1523 779 κρατήσας,
1554 723 1624 764 καὶ

142 791 290 848 ἀμαχεὶ
319 792 372 836 τὰ
403 798 597 846 πλεῖστα,
637 794 694 843 εἷς
734 791 869 851 φόβον
900 793 1028 850 με’γαν
1058 793 1284 847 καθίστησι
1314 791 1386 834 τὸν
1418 788 1622 846 δεσπότην

143 863 211 904 καὶ
254 862 296 904 ἓν
337 866 465 921 στενῷ
509 863 674 919 κομιδῇ.
743 860 837 905 τότε
877 863 945 905 καὶ
976 863 1154 919 ἐγγίονος
1183 861 1308 912 ἀξιῶν
1339 859 1466 917 τύχης
1494 860 1623 903 αὐτὸν

87 928 165 976 1Οὸ
206 935 394 985 κρατῶν,
447 930 619 985 πέμψας
653 930 706 974 τὰ
748 929 965 985 σύμβολα,
1019 928 1385 988 σεβαστοκράτορα
1423 931 1623 974 καθίστα.

143 999 269 1058 (Ῑῖ)
305 998 325 1043 ὅ
349 999 397 1042 δέ
414 1017 457 1056 γε
478 998 654 1056 Μιχαήλ
663 1034 677 1054 ,
708 1001 818 1055 μεθὸ
839 1001 1179 1057 συγχρησαμένου.
1199 1007 1291 1050 ταῖς
1309 998 1393 1043 ὑπὸ
1416 1004 1491 1043 τοῦ
1509 1017 1617 1055 γαμ-
1640 1008 1670 1043 Β

140 1073 247 1125 βροῦ
272 1069 436 1126 Μαφρὲ
461 1070 713 1125 συμμαχίαις
735 1070 788 1113 τὰ
818 1071 924 1113 κατὰ
944 1071 1015 1114 τὸν
1033 1072 1232 1127 Καίσαρα
1265 1069 1417 1125 συνέβη
1446 1071 1536 1126 περὶ
1564 1063 1622 1112 ὧν

140 1155 213 1192 μοι
245 1136 539 1195 προανετᾶχθη
550 1172 563 1191 ,
595 1143 691 1182 νοῦν
717 1140 859 1194 λαβὼν
880 1137 1061 1196 ἁλούσης
1081 1144 1157 1195 τῆς
1177 1137 1331 1190 πόλεως
1350 1139 1496 1193 πέμπει
1517 1138 1622 1194 πρὸς

141 1207 315 1259 βασιλέα
339 1205 415 1263 τήν
436 1225 478 1250 τε
498 1206 670 1264 σύζυγον
692 1206 917 1266 Θεοδώραν
937 1211 1004 1252 καὶ
1021 1207 1216 1264 Ἰωάννην
1236 1209 1308 1252 τὸν
1329 1210 1483 1262 παῖδα,
1518 1209 1620 1251 ἐκεί-

88 1283 130 1320 15
143 1293 216 1332 νην
234 1276 309 1331 μὲν
330 1276 405 1326 τὰς
426 1278 630 1334 εἲρηνικάς
648 1277 1006 1334 πρεσβεύσουσαν,
1035 1279 1107 1322 τὸν
1125 1276 1173 1321 δ’
1187 1277 1277 1322 υἱὸν
1298 1276 1492 1333 ἐσόμενον
1514 1276 1621 1332 ὅμη-

142 1362 239 1401 ρον,
267 1345 373 1400 πλὴν
402 1347 443 1396 ἐς
470 1348 670 1403 διηνεκές,
699 1347 770 1404 ἐφ’
801 1346 899 1391 ὅσον
931 1346 1011 1407 ζῴη
1025 1382 1038 1402 ,
1069 1346 1268 1403 ἄξόμενον
1290 1349 1357 1390 καὶ
1378 1348 1452 1404 τὴν
1477 1364 1617 1390 συνοι-
1640 1355 1671 1390 C

141 1411 351 1470 κη’σουσαν
369 1413 684 1472 προσηκόντως,
718 1415 766 1471 ἣν
785 1417 836 1471 δὴ
857 1419 924 1460 καὶ
947 1415 1068 1460 δώσει
1088 1415 1108 1460 ὃ
1130 1415 1338 1473 βασιλεύς.

283 1481 390 1527 Τότε
410 1489 509 1540 γοῦν
532 1486 680 1535 ἐκεῖνος
701 1487 769 1528 διὰ
791 1484 943 1542 τάχους
965 1483 1358 1544 καταστρεψάμενος
1377 1484 1496 1528 τᾶκεΐ
1508 1484 1621 1541 ἀρεῖ-

142 1556 225 1603 κῶς
246 1551 542 1609 ἠγωνισμένος,
578 1559 737 1609 μᾶλλον
766 1557 811 1598 δὲ
839 1557 906 1598 καὶ
928 1554 1216 1612 καταστήσας,
1255 1555 1466 1613 φρουροὺς
1488 1555 1621 1609 ἔμβα-

86 1633 132 1667 20
143 1621 226 1665 λῶν
253 1623 322 1665 καὶ
353 1623 543 1680 φυλακὰς
569 1621 792 1680 ἐπιστήσας
819 1626 1050 1679 ἔπανέζευξε
1067 1625 1173 1681 μετὰ
1193 1629 1394 1683 λαμπρῶν
1414 1626 1482 1667 καὶ
1505 1640 1620 1681 περι-

140 1801 273 1847 piarum
307 1802 429 1848 quibus
462 1806 537 1837 erat
568 1802 763 1838 succinctus
789 1804 991 1851 optimarum
1016 1806 1121 1841 robur
1144 1809 1180 1842 et
1202 1816 1373 1842 numerus.
1421 1803 1514 1850 cepit
1536 1814 1619 1847 ergo

141 1847 229 1883 mira
253 1848 431 1884 celeritate
454 1861 566 1885 arcem
591 1850 633 1884 ad
657 1850 807 1895 canina,
832 1863 945 1886 arcem
970 1853 1070 1888 aliam
1093 1854 1136 1888 ad
1161 1853 1366 1898 Bellagrada
1387 1851 1491 1894 sitas,
1515 1861 1620 1896 prae-

142 1901 240 1928 terea
274 1895 440 1940 Pologum
477 1901 512 1931 et
547 1897 753 1938 Coloneam3
794 1898 933 1941 subegit
958 1898 1171 1944 castoriam,
1209 1900 1449 1945 Pelagoniam,
1491 1897 1618 1938 Duras,

141 1941 344 1975 Tzernicum
377 1954 514 1988 quoque
545 1948 582 1977 et
611 1943 772 1978 Diabolin
804 1950 841 1978 et
873 1945 1070 1991 Prilapum‚
1102 1947 1263 1981 Bodefina
1285 1948 1368 1981 item
1398 1949 1433 1979 et
1457 1944 1617 1978 Rostrum

140 1986 286 2022 insulam
316 1989 351 2022 in
381 1989 479 2032 lacu,
515 1989 670 2032 Petram,
702 1991 886 2036 Prespam‚
922 1992 1116 2037 Stet-idola,
1149 1994 1331 2028 Achridam
1363 1997 1399 2026 et
1426 1991 1616 2035 Illyriorum

141 2033 352 2077 munitiones,
378 2035 626 2079 Dyrrhachium
649 2048 758 2082 usque
782 2040 914 2072 armata
940 2050 1140 2083 progressus
1162 2052 1273 2075 manu.
1306 2048 1490 2085 aggressus
1513 2037 1617 2071 etiam

140 2080 280 2114 Patram
306 2086 342 2115 et
365 2082 531 2124 Triccen,
564 2088 600 2116 et
623 2085 754 2118 cunctis
778 2096 841 2129 per
863 2084 1042 2120 circuitum
1066 2086 1238 2121 deditione
1261 2087 1408 2132 potitus,
1439 2083 1615 2130 plerisque

140 2126 214 2160 sine
249 2127 386 2162 admota
417 2129 451 2162 vi
483 2130 555 2163 solo
587 2135 722 2164 terrore
753 2130 953 2173 debellatis,
988 2133 1164 2167 maximum
1196 2133 1341 2167 incussit
1362 2135 1487 2167 metum
1509 2129 1615 2164 domi-

140 2172 236 2206 nanti
258 2173 327 2222 illic
351 2174 528 2220 despotae,
551 2180 588 2210 et
611 2176 647 2210 in
669 2182 765 2211 artas
787 2177 880 2211 illum
905 2179 1081 2222 angustias
1105 2180 1282 2215 contrusit.
1321 2179 1446 2225 quibus
1469 2176 1613 2211 Palaeo‘

138 2219 238 2272 logus
272 2220 437 2263 cognitis,
469 2225 539 2256 tam
562 2227 735 2257 strenuum
770 2225 911 2258 fratrem
936 2225 1074 2270 dignum
1097 2231 1194 2260 rat-us
1216 2226 1276 2271 qui
1301 2237 1362 2260 suo
1386 2223 1496 2270 ipsius
1518 2223 1614 2268 prin-

140 2265 242 2309 cipali
276 2265 412 2310 fastigio
447 2268 589 2312 propius
622 2269 882 2310 admoveretur,
926 2270 1018 2306 illum
1061 2273 1367 2307 sebastocratorem
1399 2269 1510 2304 missis
1541 2269 1616 2303 eius

138 2311 338 2365 praecelsae
365 2312 542 2357 dignitatis
565 2314 752 2360 insignibus
775 2316 916 2351 creavit.
940 2329 942 2333 ·
973 2319 1075 2363 (12)
1104 2322 1276 2353 caeterum
1299 2317 1450 2353 Michael
1473 2319 1550 2361 post
1573 2326 1617 2349 ea

139 2369 228 2402 quae
251 2358 317 2403 ipsi
341 2370 403 2392 uso
427 2360 652 2395 auxiliaribus
680 2363 786 2408 copiis
823 2375 843 2397 a
867 2363 1048 2398 Manfredo
1079 2365 1153 2399 eius
1186 2376 1312 2409 genero
1344 2363 1518 2398 submissis
1554 2361 1613 2396 ad·

139 2415 262 2437 versus
288 2404 472 2458 Caesarem
497 2414 757 2451 successerant,
779 2408 822 2442 de
845 2409 969 2454 quibus
993 2415 1095 2445 antea
1118 2411 1283 2454 diximus,
1308 2410 1352 2445 ad
1375 2409 1514 2444 saniora
1537 2413 1614 2443 tan-

140 2450 217 2484 dem
246 2451 388 2504 consilia
410 2452 576 2486 inclinans
599 2454 766 2497 animum,
787 2455 848 2489 ubi
871 2456 995 2490 deinde
1019 2457 1149 2492 audivit
1173 2458 1291 2492 urbem
1313 2455 1529 2502 imperatoris
1552 2467 1618 2500 po-

139 2500 258 2530 testati
286 2497 472 2541 redditam,
509 2499 600 2533 misit
623 2500 667 2534 ad
690 2500 799 2546 ipsum
823 2501 997 2546 coniugem
1019 2503 1234 2538 Theodoram
1260 2508 1295 2538 et
1316 2504 1423 2537 filium
1445 2503 1616 2543 Ioannem,

139 2542 231 2576 illam
254 2548 294 2577 ut
317 2543 360 2577 de
382 2555 470 2589 pace
492 2545 558 2578 viri
582 2557 657 2580 cum
679 2546 887 2592 imperatore
910 2549 1129 2593 conveniret,
1164 2551 1254 2585 huuc
1277 2549 1401 2584 obsidis
1424 2549 1496 2583 loco
1520 2559 1616 2582 inan-

140 2600 255 2622 surum
278 2589 311 2623 in
336 2601 434 2624 omne
457 2591 616 2637 deinceps
640 2596 774 2638 tempus
797 2594 834 2628 in
857 2595 1002 2638 Augusti
1036 2596 1220 2641 comitatu,
1257 2600 1293 2631 et
1314 2607 1454 2631 uxorem
1476 2594 1525 2628 ibi
1550 2594 1616 2627 du-

140 2639 292 2678 cturum,
315 2647 561 2683 quamcumque
582 2638 649 2683 ipsi
672 2639 756 2674 dare
776 2639 961 2685 imperator
984 2641 1197 2686 dignaretur.
1244 2643 1305 2678 sed
1328 2643 1414 2677 haec
1436 2646 1568 2686 postea.

138 2726 147 2734 ο
231 2682 332 2716 'runc
365 2694 469 2728 porro
505 2684 650 2719 Ioannes
684 2686 830 2730 Augusti
852 2687 963 2721 frater
987 2689 1111 2723 domita
1134 2689 1337 2724 brevissimo
1362 2694 1515 2732 tempore
1538 2690 1616 2720 tota

137 2728 196 2761 illa
230 2728 391 2772 regione,
426 2730 516 2764 bello
546 2743 668 2776 magno
701 2732 886 2767 fortissime
916 2733 1179 2782 felicissimeque
1210 2748 1252 2771 ac
1282 2735 1382 2770 simul
1405 2732 1616 2767 velocissime

138 2774 315 2826 ⁰⁰3¹fect⁰2
347 2787 416 2820 qua
450 2776 597 2811 Victoria
620 2778 861 2824 rempublicam
884 2779 949 2814 illis
972 2782 1130 2825 partibus
1154 2783 1322 2817 labantem
1346 2779 1486 2825 egregie
1509 2778 1615 2813 resti-

137 2822 224 2871 ψῃ,
261 2821 433 2864 praesidia
455 2823 515 2856 ubi
538 2835 623 2868 opus
649 2830 726 2858 erat
751 2825 939 2869 collocans,
963 2826 1104 2863 idoneos
1127 2829 1255 2863 virtute
1279 2840 1321 2862 ac
1343 2837 1482 2860 numero
1507 2837 1614 2871 quae-

137 2872 212 2899 sitis
247 2869 485 2903 conservandis
518 2870 678 2905 custodes
707 2882 891 2916 apponenS.
937 2878 1017 2919 post
1038 2887 1126 2920 quae
1150 2874 1302 2921 tropaeis
1325 2872 1448 2908 erectis
1471 2871 1614 2907 illustri-
