1846 3262
224 226 291 271 60
647 227 884 273 GEORGII
899 264 901 266 ,
917 229 1268 276 PACHYMERIS

104 348 133 382 P
156 348 203 385 34
227 339 273 383 ὂν
293 345 376 384 τῶν
397 338 655 397 δεδρακότων
681 343 863 401 φανερὰν
884 343 1048 401 ἄγνοιαν
1066 343 1293 404 κατηγόρει.
1364 349 1432 391 καὶ
1461 347 1694 406 παραυτίκα

224 409 331 464 μεθ’
364 409 427 452 ὅτι
459 413 650 467 πλείστης
676 414 825 467 μανιάς
852 406 919 456 nai
951 419 1134 470 ταραχῆς
1161 413 1340 473 ξιφήρεις
1368 418 1610 472 ἐμπίπτουσι
1635 421 1694 476 τῷ

225 482 311 536 ναῷ
326 511 337 529 ,
371 479 437 520 καὶ
463 485 716 536 παραχρῆμα
740 482 949 539 φανέντων
969 488 1050 526 τῶν
1074 482 1295 541 φονώντων
1318 487 1476 529 ἐκείνων
1497 484 1518 529 ὅ
1542 486 1615 540 μὲν
1637 485 1694 529 fs-

226 546 299 601 ρὸς
328 545 458 599 ῧμνος
490 548 820 606 κατασιγάζεται,
858 551 994 595 ἄλλων
1025 553 1207 608 ἀλλαχοῦ
1231 558 1314 596 τῶν
1332 553 1579 609 ψαλλόντων
1600 570 1694 598 σκε-

225 615 487 669 δαννυμένων
515 620 582 660 καὶ
611 621 935 675 παραδυομένων
970 623 1134 677 γωνίαις
1169 624 1236 665 καὶ
1266 621 1409 674 τόποις
1438 621 1500 673 οἷς
1528 622 1724 678 ἤλπιζονὸ

225 681 448 736 σώζεσθαι.
518 687 558 729 οἳ
590 689 636 731 δὲ
662 686 964 744 Μουζάλωνες,
1003 689 1023 734 ὃ
1055 692 1128 744 μὲν
1157 698 1243 741 τοῖς
1271 689 1436 742 ἀδύτοις
1456 692 1694 749 προστρέχει

227 754 295 794 καὶ
313 751 396 796 ὕπὸ
414 754 488 810 τὴν
509 757 710 813 μυστικὴν
729 755 930 814 τράπεζαν
956 757 1151 803 ὑπελθών
1174 762 1326 804 ε’κεῖθεν
1349 761 1449 820 ᾤετο
1469 759 1690 813 σώζεσθαι,

226 819 248 864 ὃ
311 821 323 837 '
355 821 504 866 ὄπισθε
534 830 608 880 τῆς
640 831 713 869 τοῦ
744 831 846 870 ναοῦ
878 825 1009 884 πύλης
1037 827 1182 872 ἑαυτὸν
1214 828 1465 885 συνωθήσας
1489 829 1559 887 ἐφ’
1580 828 1693 888 αὗτῷ

174 904 205 938 Β
230 892 385 948 ἓφεῒλκε
407 898 587 950 στερρῶς
604 897 670 937 καὶ
691 893 746 945 ὥς
763 894 862 951 εἶχεν
879 895 935 947 ὥς
955 896 1175 950 συνιζάνειν
1198 900 1239 942 ἓν
1261 899 1436 958 ἐπιπέδῳ
1455 899 1495 942 οἳ
1514 899 1587 954 τὴν
1610 895 1694 941 θύ-

227 977 328 1017 ραν,
378 959 434 1011 ὥς
465 965 532 1004 καὶ
567 969 908 1020 προσκολλᾶσθαι
943 969 1074 1010 δοκεῖν
1111 967 1365 1027 ἠνεῳγμένην
1394 973 1454 1027 τῷ
1480 965 1693 1026 ἇντιθύρῳ
1707 977 1751 1012 10

226 1030 402 1084 μηδενὸς
426 1031 614 1085 ἐμποδών
637 1033 767 1084 ὄντος.
840 1032 860 1078 ὅ
887 1034 932 1077 δ’
959 1037 1116 1079 ἐκείνων
1136 1037 1323 1094 γαμβρὸς
1359 1038 1451 1096 (καὶ
1474 1031 1595 1087 οὗτος
1614 1037 1693 1093 γὰρ

228 1097 363 1154 ὥσπερ
384 1104 458 1154 τῆς
481 1101 700 1158 εὐπραγίας
721 1110 808 1153 τοῖς
827 1105 1031 1160 συγγενέσι
1048 1113 1226 1161 μετεῖχεν
1234 1140 1247 1159 ,
1288 1105 1397 1149 οὕτω
1416 1108 1482 1148 καὶ
1502 1105 1694 1155 κοινωνὸς

177 1210 183 1214 ,
228 1166 367 1221 ἴμελλε
385 1169 576 1224 γενέσθαι
595 1176 668 1227 τῆς
689 1172 961 1230 δυσπραγίας)
989 1174 1170 1230 ἀλλαχοῦ
1194 1175 1287 1232 περί
1304 1193 1383 1218 που
1405 1175 1450 1218 τὸ
1471 1179 1553 1218 τῶν
1569 1179 1695 1228 βασι-

230 1236 330 1279 λε’ων
347 1235 482 1295 ἡρῷον
505 1237 561 1289 ὡς
579 1238 656 1296 εἶχε
675 1240 987 1298 παραδυόμενος
1007 1248 1152 1286 λαθεῖν
1174 1243 1378 1288 ἔσπευδεν.
1450 1242 1471 1287 ὅ
1496 1243 1634 1294 μέντοι
1651 1259 1695 1299 γε

177 1313 208 1347 C
232 1305 604 1365 πρωτοβεστιάριος
636 1311 677 1352 ἔν
708 1317 794 1361 τοῖς
825 1309 991 1362 ἀδύτοις
1021 1315 1087 1355 καὶ
1119 1312 1243 1363 αὐτὸς
1262 1312 1460 1356 εἲσελθών
1481 1317 1555 1356 τοῦ
1574 1315 1692 1366 ναοῦ,
1709 1316 1750 1353 15

228 1376 296 1416 καὶ
326 1375 429 1432 πρὸς
453 1381 504 1433 τῇ
536 1375 660 1436 κόγχῃ
690 1378 901 1435 γενόμενος
933 1385 1006 1436 τῆς
1033 1382 1295 1439 προθέσεως,
1340 1383 1408 1425 ἐπί
1432 1399 1471 1425 τι
1503 1383 1696 1430 κιονῶδες

227 1441 444 1498 ἱστάμενον
461 1444 727 1503 ὖπανέρχεται
738 1481 751 1500 ,
788 1451 854 1491 καὶ
880 1454 938 1508 τῷ
958 1451 1081 1493 ἐκεῖσε
1102 1449 1296 1494 σκοτώδει
1330 1451 1405 1494 σῦν
1424 1457 1510 1501 τοῖς
1528 1448 1695 1500 ἀδύτοις

226 1517 392 1570 θαρρεῖ.
462 1514 558 1557 ἀλλ’
585 1516 659 1559 οὐκ
682 1513 733 1573 ἦν
750 1518 995 1562 οἱστισινοῦν
1023 1521 1180 1562 ἐκείνων
1208 1522 1429 1577 διαδρᾶσαι
1455 1520 1527 1563 τὸν
1557 1520 1696 1562 κίνδυ-

228 1599 313 1624 νον.
369 1587 550 1627 πλεῖστοι
570 1585 647 1642 γὰρ
671 1585 783 1637 ὄντες
804 1588 844 1630 οἳ
869 1589 1126 1646 ἓφορμῶντες
1150 1589 1246 1639 τούς
1263 1590 1338 1643 μέν
1360 1589 1511 1639 ἄλλους
1531 1590 1696 1641 ,ἐποίουν

230 1648 412 1708 φεύγειν,
450 1655 539 1710 περὶ
558 1659 609 1711 τῇ
627 1656 804 1717 σφετέρα
824 1658 905 1715 ζωῇ
927 1658 1099 1708 θέοντος
1121 1656 1294 1702 ἑκάστου
1307 1692 1320 1712 ,
1357 1658 1633 1702 ἀπενεοῦσθαι
1650 1657 1753 1700 δέΞΟ

232 1722 300 1762 καὶ
321 1720 417 1771 τοὺς
450 1722 490 1765 ἓν
516 1724 618 1767 τέλει
646 1725 856 1779 συνέβαινε
875 1728 1002 1782 μηδὲν
1022 1727 1190 1782 ε’χοντας
1212 1726 1416 1784 πράττειν.
1489 1728 1629 1770 ἐκεῖνοι
1651 1726 1696 1769 δὲ

177 1800 210 1835 1)
233 1789 276 1832 ἐκ
298 1794 452 1834 πολλοῦ
474 1797 546 1835 τοῦ
566 1793 670 1851 πρὸς
688 1794 735 1838 τὸ
755 1799 929 1853 θαρρεῖν
947 1795 1155 1854 περιόντος
1176 1794 1446 1854 παράβακχόν
1466 1814 1506 1840 τι
1524 1798 1591 1840 καὶ
1611 1813 1698 1851 μα-

319 1908 354 1946 4.
380 1909 421 1948 δὲ
445 1911 576 1950 deerat.
713 1916 749 1952 7.
771 1913 922 1962 ὑφεῖλκε
945 1916 987 1951 Ρ.

231 2013 409 2049 confestim
430 2015 526 2054 rabie
550 2028 590 2051 ac
622 2020 767 2064 strepitu
791 2031 890 2065 quam
913 2018 1090 2062 maximis,
1126 2022 1258 2054 armata
1281 2019 1412 2054 strictis
1436 2018 1560 2064 gladiis
1583 2030 1696 2061 manu,

231 2059 267 2092 in
305 2063 465 2106 templum
495 2063 707 2109 irrumpunt,
746 2066 802 2100 ubi
835 2066 1007 2101 homicidis
1029 2068 1276 2112 apparentibus
1311 2066 1427 2101 statim
1453 2077 1552 2100 sacer
1575 2071 1697 2101 cantus

233 2107 420 2151 conticuit,
443 2109 637 2145 cantoribus
664 2111 740 2145 aliis
763 2112 830 2146 alio
854 2112 1015 2158 dispersis
1041 2118 1076 2146 et
1099 2113 1193 2147 varie
1216 2113 1252 2147 in
1276 2113 1430 2157 angulos,
1455 2118 1516 2146 aut
1538 2112 1695 2146 ubicum-

232 2164 300 2198 que
324 2165 424 2199 posse
446 2154 554 2190 latere
577 2162 818 2202 speraverant,
849 2170 887 2193 se
911 2158 1127 2193 abdentibus.
1177 2163 1215 2193 at
1239 2159 1454 2194 Muzalonum
1480 2159 1536 2193 hic
1560 2158 1698 2204 quidem

231 2198 266 2233 in
300 2201 405 2244 adyta
434 2202 602 2247 confugit,
639 2209 676 2237 et
707 2205 769 2238 sub
801 2204 978 2249 mysticam
1011 2216 1048 2239 se
1079 2206 1226 2239 condens
1249 2217 1396 2240 mensam
1419 2205 1467 2239 ibi
1491 2207 1637 2251 putabat
1659 2216 1697 2239 se

232 2245 361 2281 salvum
386 2248 476 2282 sore:
501 2249 587 2283 alter
609 2249 783 2286 insinuans
807 2262 844 2286 se
867 2256 958 2286 retro
982 2256 1115 2296 portam
1139 2251 1277 2297 templi,
1302 2263 1375 2286 eam
1399 2263 1503 2297 super
1526 2262 1565 2286 se
1587 2249 1698 2286 maxi-

233 2304 287 2326 mo
312 2293 458 2328 attraxit.
480 2294 555 2329 nisu
586 2300 622 2329 et
655 2308 755 2342 quam
785 2297 897 2343 potuit
920 2297 1030 2332 valide
1062 2298 1204 2332 adduxit
1219 2323 1230 2340 ,
1256 2298 1488 2344 applicuitque
1511 2309 1607 2332 muro
1633 2296 1697 2331 ad-

232 2350 335 2372 verso
358 2345 429 2374 tam
453 2345 547 2375 arcte
569 2347 609 2375 ut
641 2343 740 2388 plane
764 2345 1019 2378 cohaerentibus
1055 2344 1128 2378 sine
1158 2344 1255 2378 obice
1287 2345 1388 2380 lateri
1412 2344 1524 2379 valvis
1547 2343 1698 2389 suspicio

233 2385 472 2420 excluderetur
505 2387 657 2423 latebrae
687 2389 755 2423 illic
785 2390 920 2424 humani
954 2391 1104 2435 corporis
1128 2391 1278 2436 capacis.
1324 2391 1457 2426 illorum
1479 2402 1564 2426 vero
1588 2400 1695 2435 gener

232 2432 289 2476 (et
320 2431 372 2466 hic
404 2433 514 2476 enim,
546 2438 586 2468 ut
619 2436 857 2481 prosperitatis
888 2436 1046 2472 affinibus
1069 2438 1241 2483 particeps
1264 2438 1395 2478 suerat,
1428 2437 1479 2471 ita
1501 2442 1537 2471 et
1560 2446 1700 2470 consors

233 2477 434 2512 calamitatis
468 2481 603 2514 futurus
643 2483 743 2526 erat)
779 2483 932 2528 irrepens
974 2494 1042 2528 qua
1075 2484 1184 2528 potuit
1224 2483 1259 2517 in
1291 2484 1491 2518 tenebrosas
1523 2482 1699 2527 angustias

234 2525 327 2558 circa
362 2531 607 2560 monumentum
633 2530 860 2574 Augustorum
884 2529 994 2563 latere
1025 2530 1166 2564 studuit.
1216 2534 1387 2565 caeterum
1411 2527 1700 2576 protovestiarius

231 2570 267 2604 in
292 2571 396 2614 adyta
423 2571 594 2616 ingressus
618 2575 754 2620 templi,
786 2587 860 2610 cum
884 2576 1100 2610 observasset
1123 2587 1230 2621 prope
1262 2587 1410 2610 mensam
1433 2575 1534 2610 altari
1558 2575 1699 2610 collate-

230 2616 336 2651 ralem
365 2616 511 2652 vicinum
535 2620 682 2654 conchae
705 2620 994 2656 intercolumnium
1018 2623 1214 2663 obscurum,
1238 2623 1274 2656 in
1296 2623 1333 2656 id
1356 2634 1394 2657 se
1419 2622 1606 2664 abstrusit,
1637 2632 1701 2655 ex-

229 2667 390 2708 perturus
413 2675 456 2698 an
482 2663 532 2698 ibi
556 2670 671 2711 posset
693 2667 837 2701 vel‘loci
859 2667 1022 2712 religione
1044 2669 1098 2703 vel
1123 2669 1339 2704 tenebrarum
1361 2667 1528 2703 beneficio
1550 2665 1700 2702 servari.

231 2709 291 2742 sed
315 2709 395 2745 nihil
410 2709 527 2745 horum
550 2711 633 2757 ipsis
657 2712 699 2746 ad
722 2713 896 2748 vitandum
920 2714 1106 2759 periculum
1131 2715 1271 2760 profuit.
1317 2713 1584 2760 irrumpentibus
1610 2712 1700 2748 enim
1748 2715 1752 2722 “

232 2754 270 2789 in
292 2766 424 2790 sacram
463 2757 579 2792 aedem
608 2758 737 2793 affluxu
769 2759 927 2794 continuo
950 2759 1121 2806 plurimis,
1155 2764 1190 2795 et
1216 2761 1293 2796 inde
1315 2762 1386 2796 late
1408 2762 1547 2805 vulgato
1569 2763 1702 2794 terrore

232 2801 358 2845 passim
383 2802 459 2837 aliis
484 2803 594 2838 studio
623 2804 718 2840 vitae
740 2806 888 2840 tuendae
910 2807 1024 2849 fugam
1049 2806 1284 2852 captantibus,
1317 2807 1412 2841 abire
1435 2818 1456 2841 a
1479 2806 1605 2852 templo
1627 2815 1703 2840 ma-

233 2847 399 2890 gistratus
421 2861 556 2895 quoque
578 2850 670 2896 ipsos
694 2851 856 2897 contigit,
889 2851 973 2887 nihil
996 2863 1073 2887 esse
1096 2853 1187 2898 quod
1209 2853 1256 2887 ibi
1280 2858 1422 2898 agerent
1444 2858 1550 2887 ratos.
1596 2861 1702 2897 porro

234 2893 406 2938 seditiosi,
443 2904 621 2931 crescente
652 2908 715 2932 usu
739 2902 776 2933 et
806 2909 965 2933 successu
988 2898 1129 2934 sceleris
1153 2899 1295 2934 audacia
1309 2925 1321 2942 ‚
1357 2899 1519 2934 furiosum
1542 2897 1644 2944 plane
1667 2897 1702 2931 in
