1884 3262
385 222 465 263 DE·
487 220 760 263 MICHAELE
786 220 1162 264 PALAEOLOGO
1198 221 1244 266 L.
1273 220 1349 266 lv.
1491 218 1587 265 299

138 335 280 378 πολλοὶ
298 338 382 377 τῶν
402 331 598 377 τοιούτων
617 335 772 390 κριταί,
806 334 878 376 καί
893 350 958 377 σοι
974 333 1027 377 τὰ
1046 336 1135 392 περὶ
1155 331 1313 377 τούτων
1334 335 1464 388 ζητεῖν
1481 333 1589 390 ἐφει-

138 405 260 458 μένον
274 404 377 446 ποίει
399 401 455 452 ὥς
473 401 612 457 βούλει
627 417 636 426 ·
671 406 837 461 βασιλεῖ
849 402 927 458 γὰρ
947 402 994 445 οὖ
1011 403 1133 456 μετὸν
1149 401 1320 455 τούτων,
1356 401 1461 444 ἀλλὰ
1481 418 1591 457 πρα-

139 469 304 529 γμάτων
324 473 391 514 καὶ
412 469 611 526 θορύβων
630 476 712 514 τῶν
732 470 826 513 κατ’
843 468 970 513 αὐτόν
981 503 996 523 ,
1033 474 1196 512 πολλῶν
1225 470 1355 513 ὅντων
1374 472 1441 512 καὶ
1459 474 1591 512 ταῦτα

140 543 207 583 καὶ
225 540 467 596 ἀναγκαίων.
483 540 508 560 ”
574 539 699 594 ταῦτ’
722 538 964 592 ἀντιμαθὼν
981 536 1162 587 ἀκούσας
1179 537 1201 581 ὅ
1222 536 1477 594 πατριάρχης
1495 537 1593 593 ἔγνω

111 610 217 664 ,ῆι-«ὴν
239 614 416 663 σκῆψιν,
454 610 520 651 καὶ
536 607 752 663 ἀντιλέγειν
770 606 876 656 ὅλως
897 606 972 649 οὐκ
991 606 1094 660 ἔχων
1129 606 1262 664 (μηδὲ
1283 606 1362 662 γὰρ
1381 606 1519 662 ἐριστὰ
1539 606 1590 648 τὰ
1613 609 1645 643 D

118 700 122 706 ·
142 678 246 733 πρὸς
274 677 448 731 βασιλέα
474 675 573 719 εἶναι
597 674 760 735 ἐκείνῳ)
795 676 1038 725 ἐξίστασθαι
1058 679 1131 718 τοῦ
1153 675 1440 731 πατριαρχείου
1469 691 1596 731 παρε-

140 744 366 799 σκευάζετο.

282 816 362 860 21.
429 813 533 868 Μὴν
554 813 628 867 μὲν
645 807 869 868 ἐφειστήκει
885 807 977 854 τότε
999 814 1041 854 Γ
1038 808 1235 866 αμηλιών,
1272 810 1392 867 ἤγετο
1408 811 1454 854 δὲ
1473 809 1499 866 ἦ
1521 813 1598 853 τοῦ
1622 812 1650 847 P
1674 812 1740 846 202

145 884 281 939 τιμίου
310 886 490 938 σταυροῦ
519 879 662 937 ἑορτή,
706 879 757 935 ἢν
784 881 850 922 καὶ
877 878 1039 934 ὕψωσιν
1067 878 1332 934 ὀνομάζομεν.
1403 880 1446 922 ἓν
1467 876 1600 936 ταύτῃ

94 964 137 997 10
146 957 244 1009 γοῦν
266 951 320 993 τὰ
338 950 499 993 ὕστατα
520 946 809 1003 στολισᾶμενος
820 980 834 999 ,
868 950 935 990 καὶ
958 949 1122 998 τελέσας
1144 947 1230 1000 ἅμα
1247 949 1322 1002 μὲν
1341 948 1416 1003 τὴν
1436 947 1600 1002 ὕψωσιν

146 1025 222 1064 τοῦ
242 1023 426 1075 σταυροῦ
446 1017 535 1071 ἅμα
553 1019 680 1060 δὲκαὶ
696 1017 770 1072 τὴν
789 1017 908 1059 θείαν
931 1017 1173 1073 ΐερουργίαν,
1203 1021 1278 1069 τῆς
1301 1015 1429 1071 αὐτῆς
1448 1014 1604 1071 ἡμέρας

149 1089 277 1143 ὀψίας
295 1082 432 1142 δείλης
452 1086 676 1142 ἀποχωρεῖ,
723 1086 789 1127 καὶ
809 1084 913 1140 πρὸς
933 1085 985 1127 τὰ
1016 1085 1058 1127 ἐν
1085 1091 1172 1134 τοῖς
1203 1082 1447 1140 Μαγγάνοις
1475 1083 1603 1125 αὐτοῦ

149 1158 284 1200 κελλία
317 1155 372 1198 τὰ
398 1155 501 1210 πρὸς
525 1152 748 1197 θάλασσαν
776 1153 1071 1212 ᾠκοδομημένα
1104 1150 1424 1210 ἐλθὼν,ἦσύχως
1456 1150 1606 1207 διάγειν

151 1227 233 1268 ἐκεῖ
258 1228 333 1267 τοῦ
359 1226 453 1277 βίου
478 1221 629 1280 ᾑρεῖτο.
700 1221 796 1264 ἀλλ’
830 1220 917 1276 ἅμα
947 1223 1000 1280 ἕῳ
1024 1219 1250 1278 φωσκούσῃ
1278 1223 1343 1263 καὶ
1367 1219 1388 1264 ὃ
1408 1219 1600 1274 βασιλεῦς
1622 1223 1652 1258 Β

98 1303 140 1337 15
153 1291 332 1342 ἀκούσας
354 1291 482 1341 εὐθὺς
501 1293 717 1347 ἐφίσταται
740 1289 828 1344 ἅμα
854 1291 929 1344 μὲν
956 1287 1168 1350 συγκλήτῳ
1200 1290 1287 1343 ἅμα
1315 1288 1359 1331 δ’
1381 1288 1608 1346 ἀρχιερεῦσι

153 1364 220 1405 καὶ
250 1362 370 1404 παντὶ
396 1364 456 1419 τῷ
493 1365 567 1415 τῆς
597 1361 810 1414 ἐκκλησίας
838 1356 1102 1414 πληρώματι,
1159 1360 1228 1401 καὶ
1254 1358 1326 1400 τὸν
1356 1355 1608 1411 λυπούμενον

154 1435 456 1487 προσποιεῖται,
501 1430 569 1470 καὶ
601 1427 729 1479 ἀξιοῖ,
769 1428 837 1469 καὶ
867 1426 1023 1469 ἀπειλεῖ
1050 1419 1378 1482 προσβιάζεσθαι
1414 1425 1446 1467 εἰ
1478 1422 1536 1478 μή
1569 1440 1611 1479 γε

155 1495 324 1551 ἀκούοι,
360 1498 427 1539 καὶ
458 1495 576 1539 οὐδὲν
603 1497 770 1538 ἐλλείπει
796 1495 1033 1551 προθυμίας
1065 1511 1107 1536 τε
1131 1496 1196 1536 καὶ
1225 1491 1431 1548 θελήσεως
1456 1496 1530 1535 τοῦ
1554 1491 1613 1547 μὴ

158 1564 316 1623 ἀνάγειν
349 1567 414 1608 καὶ
450 1562 571 1607 πάλιν
602 1561 740 1607 αὐτόν.
810 1563 913 1618 πρὸς
950 1566 1097 1618 Κρῆτα
1135 1562 1176 1604 δ’
1213 1560 1388 1618 ἓκρήτιζε
1431 1558 1610 1609 πάντως,

103 1649 148 1682 20
162 1634 281 1678 ταῦτ’
305 1633 387 1690 ἄρα
406 1632 586 1682 κάκεῖνος
607 1631 678 1674 τὸν
707 1632 780 1685 μέν
808 1631 1035 1686 ἀγνοοῦντα
1061 1637 1365 1686 προσεποιεῖτο,
1401 1631 1467 1671 καὶ
1495 1626 1615 1683 χάριν

159 1709 232 1758 τῆς
261 1702 463 1757 εὐμενείας
500 1702 624 1756 λέγειν
648 1702 715 1742 καὶ
743 1701 798 1748 εἷς
825 1699 871 1742 τὸ
901 1698 993 1753 ἑξῆς
1021 1697 1190 1753 εἰδήσειν
1217 1698 1292 1742 οὐκ
1313 1697 1449 1750 ὤκνει,
1487 1696 1613 1739 αὐτὸν
1638 1706 1667 1740 C

251 1799 285 1834 5.
309 1797 438 1844 σκέψιν
460 1798 499 1833 Ρ.

161 1893 281 1927 adesse
301 1890 369 1936 ipsi
389 1889 558 1925 antistites
578 1889 718 1930 multos,
751 1887 917 1932 legitimos
938 1887 1053 1922 talium
1085 1886 1224 1920 iudices.
1268 1886 1354 1926 iret,
1386 1884 1616 1931 quaestionem

162 1939 376 1979 institueret,
406 1940 527 1980 ageret
557 1935 646 1979 quod
676 1934 800 1968 vellet:
830 1934 1070 1978 imperatorem
1101 1932 1187 1966 euim
1217 1931 1253 1965 in
1285 1932 1445 1966 eiusmodi
1478 1931 1616 1974 negotia

161 1995 228 2019 nou
251 1995 289 2018 se
307 1983 484 2027 ingerere,
506 1981 590 2014 satis
612 1981 789 2014 habentem
809 1979 890 2014 alibi
913 1979 1002 2024 quod
1026 1982 1132 2020 curet,
1155 1976 1374 2022 plurimisque
1399 1983 1468 2011 tam
1490 1976 1615 2010 tumul-

162 2030 270 2064 tuosis
299 2039 400 2074 quam
430 2026 632 2061 necessariis
661 2026 817 2071 publicae
843 2024 1139 2060 administrationis
1171 2024 1292 2058 officiis
1318 2023 1516 2056 districtum.
1562 2022 1615 2055 bis

164 2074 365 2110 renuntiatis
386 2073 580 2118 patriarcha
602 2071 742 2116 agnovit
764 2071 900 2106 tandem
931 2071 1013 2116 quid
1040 2069 1218 2114 princeps,
1246 2068 1492 2114 quantumlibet
1514 2067 1616 2100 dissi-

164 2121 305 2161 mulans,
328 2123 479 2164 cuperet.
524 2130 566 2152 ac
589 2124 702 2151 certus
727 2129 794 2150 nou
815 2117 976 2151 reluctari
1000 2117 1144 2160 (vanam
1168 2115 1254 2148 enim
1277 2120 1314 2147 et
1335 2114 1472 2147 stultam
1496 2116 1614 2146 contra

163 2165 370 2200 intellectam
394 2163 607 2209 imperatoris
627 2165 835 2198 voluntatem
855 2162 1099 2196 contentionem
1125 2162 1228 2204 fore)
1261 2160 1306 2194 ad
1337 2158 1520 2193 cedendum
1550 2169 1614 2204 pa-

162 2211 353 2246 triarchatu
372 2221 410 2243 se
432 2208 594 2244 accinxit.

259 2257 315 2291 21.
361 2255 490 2289 Mensis
518 2255 642 2288 inierat
670 2254 890 2299 September,
923 2257 960 2286 et
987 2252 1154 2296 agebatur
1183 2249 1397 2284 venerandae
1429 2247 1540 2282 crucis
1562 2248 1617 2281 fe-

168 2305 276 2343 stum,
300 2300 648 2346 quod-exaltationem
669 2300 888 2344 appellamus.
933 2299 970 2332 in
999 2309 1042 2331 ea
1072 2295 1181 2331 sacris
1214 2296 1360 2329 ultimum
1390 2294 1542 2328 vestibus
1564 2293 1615 2327 iu-

169 2349 290 2388 danis,
313 2347 432 2391 sicque
453 2346 625 2379 celebrata
646 2346 755 2379 crucis
777 2344 994 2383 exaltatione,
1017 2353 1182 2386 sacraque
1207 2341 1274 2374 diei
1295 2341 1368 2375 eius
1391 2339 1529 2384 liturgia
1550 2339 1617 2373 rite

167 2395 325 2431 functus,
347 2401 490 2436 vespere
510 2391 573 2424 sub
596 2391 828 2435 crepusculum
859 2389 1011 2430 recedit,
1042 2395 1078 2422 et
1100 2387 1136 2420 in
1159 2397 1259 2428 suas,
1282 2398 1368 2432 quas
1391 2386 1454 2419 sibi
1477 2385 1520 2418 ad
1542 2395 1618 2418 ma-

169 2451 208 2474 re
231 2439 265 2472 in
297 2435 479 2480 Manganis
508 2439 726 2478 extruxerat,
757 2436 893 2470 cellulas
921 2445 997 2469 sese
1030 2433 1200 2477 recipiens
1230 2433 1346 2477 quiete
1366 2431 1435 2465 illic
1457 2430 1618 2474 deinceps

168 2484 289 2518 vivere
318 2481 504 2517 constituit.
549 2484 587 2514 at
617 2481 763 2515 diluculo
793 2486 952 2526 posterae
981 2478 1050 2513 diei
1078 2478 1198 2512 audita
1230 2489 1270 2512 re
1298 2479 1482 2523 imperator
1503 2477 1620 2510 statim

169 2529 302 2571 adfuit,
336 2539 403 2562 una
425 2530 499 2560 cum
521 2530 641 2560 senatu
663 2532 699 2560 et
719 2527 888 2572 episcopis
920 2525 1144 2568 universoque
1165 2523 1247 2557 deri
1267 2534 1430 2568 corpore,
1462 2533 1505 2556 ac
1526 2522 1621 2555 dole-

171 2586 211 2609 re
235 2585 274 2608 se
294 2573 452 2608 simulans
474 2575 550 2606 orat
572 2575 611 2605 ut
631 2578 845 2613 revertatur,
867 2577 904 2606 et
925 2574 1116 2605 coacturum
1138 2580 1178 2603 se
1199 2569 1354 2614 minatur,
1377 2568 1441 2602 uisi
1463 2567 1621 2612 precibus

172 2624 321 2659 annuatg
343 2619 486 2664 denique
507 2617 591 2651 nihil
612 2618 656 2652 ad
689 2629 816 2651 omnem
838 2617 912 2650 veri
941 2616 1043 2650 studii
1066 2615 1314 2660 voluntatisque
1342 2613 1620 2658 significationem

172 2665 241 2700 sibi'
257 2665 343 2699 facit
365 2664 506 2709 reliqui,
528 2674 595 2708 quo
617 2663 726 2697 minus
747 2674 791 2697 ex
818 2662 930 2696 auimo
946 2672 1079 2707 cupere
1099 2672 1350 2707 procurat-eque
1370 2660 1458 2694 velle
1480 2663 1622 2703 putare-

173 2715 229 2744 tur
250 2711 396 2744 reditum
418 2711 491 2744 eius
512 2711 557 2743 ad
579 2709 744 2743 thronum.
790 2709 834 2742 ad
856 2720 897 2743 ea
919 2709 1110 2742 Germanus
1132 2718 1206 2741 eum
1230 2706 1400 2746 Cretensi,
1425 2708 1465 2738 ut
1486 2703 1620 2743 dicitur,

173 2755 360 2797 cratinus,
394 2760 430 2791 et
451 2756 487 2790 iu
506 2755 718 2790 simulatione
738 2753 916 2798 ignorandi
936 2758 1081 2787 mentem
1109 2752 1257 2787 intimam
1280 2750 1444 2797 principis
1466 2748 1622 2793 gnaviter

174 2801 382 2846 persistens,
416 2801 575 2846 plurimas
606 2812 644 2835 se
666 2799 864 2845 benignitati
885 2799 959 2834 eius
980 2803 1099 2833 tantae
1131 2804 1169 2832 et
1189 2809 1294 2842 agere
1315 2797 1382 2831 iam
1404 2800 1441 2828 et
1462 2794 1624 2838 deinceps

174 2857 308 2892 semper
329 2847 739 2892 habitur-unsreferreque
767 2845 855 2881 haud
878 2849 1133 2887 cuuctaturum,
1165 2844 1224 2878 ubi
1247 2847 1386 2889 posset,
1413 2839 1544 2886 gratias
1565 2850 1623 2873 re-
