1884 3262
290 212 390 260 612
689 209 999 253 OBSERVAT.
1033 209 1343 255 PACHYMER.

288 329 523 361 tacuzenum
551 317 650 357 Hist.
675 318 702 358 1.
727 322 747 359 1
776 330 810 357 c.
825 316 902 367 41,
931 317 1000 356 ubi
1027 318 1214 357 describit
1237 320 1499 360 ceremoniam
1519 319 1742 360 coronatio.

289 379 351 417 nis
375 374 593 414 Andronici
613 374 784 413 Iunioris
804 373 972 425 Augusti
994 374 1036 413 in
1056 389 1196 426 magno
1215 375 1363 426 templo
1381 377 1421 415 S.
1442 376 1609 429 Sophiae
1627 389 1741 428 pera-

293 440 412 472 ctam.
469 431 527 468 ait
554 432 660 469 enim
694 431 799 468 inter
829 437 982 469 caetera
1013 433 1137 470 multa
1166 431 1496 483 supplicationem
1517 434 1622 471 circa
1643 439 1741 470 tem-

291 489 405 541 plum
427 487 584 526 ductam
605 501 627 525 a
647 486 893 539 patriarcha,
920 488 1047 537 clero,
1076 487 1437 539 imperatoribuset
1453 489 1560 526 omni
1575 489 1740 540 populo.

291 552 378 583 tum
404 544 449 581 in
477 543 619 582 reditu⁴
638 556 779 582 versus
807 543 952 592 altare,
982 544 1051 582 ubi
1074 550 1236 582 ventum
1259 543 1310 581 ad
1327 543 1473 582 soleam
1492 550 1610 592 esset,
1641 544 1740 583 alios

291 601 451 652 quidem
475 613 611 637 omues
639 600 735 638 foris
764 599 971 649 mansisse,
999 600 1129 638 solum
1158 600 1458 651 imperatorem,
1485 601 1554 651 qui
1572 613 1741 638 corona-

290 658 431 708 batur,
459 656 676 706 ingressum
698 656 888 707 reperisse
907 656 1167 708 patriarcham
1189 662 1356 695 stantem
1374 669 1495 708 super
1509 655 1630 693 sacris
1646 669 1742 694 can-

294 714 430 760 cenis,
458 711 536 750 hoc
568 717 628 749 est
660 711 701 749 in
735 712 823 763 ipso
843 712 977 751 limine
1001 719 1137 764 portae
1157 712 1302 763 soleae,
1332 725 1410 763 qua
1430 725 1480 750 ex
1499 712 1740 763 presbyterio

290 770 332 807 in
352 769 544 819 reliquum
564 769 755 819 templum
775 768 1022 820 prodibatur.
1077 768 1195 807 verba
1216 768 1478 807 Cantacuzeni
1498 767 1596 806 haec
1623 773 1740 807 sunt·

289 841 361 865 τον
381 823 424 865 δὲ
446 822 546 865 ναὸν
565 820 840 890 περιελθόντες
857 822 956 864 nato?
974 823 1017 865 τὸ
1037 824 1134 872 ἔθος
1151 823 1312 866 ἐπειδᾶν
1328 824 1506 894 γένοιντο
1526 823 1569 864 ἐν
1588 826 1644 863 mi
1665 835 1743 864 σω-

290 881 378 936 λὲα,
410 896 445 921 οι
438 878 538 932 μὲν
557 878 669 920 αλλοι
686 876 831 928 πάντες
851 880 1009 922 ἑστᾶσιν
1029 878 1156 930 ἐκτός,
1187 875 1309 928 αυτὸς
1328 878 1371 921 δὲ
1398 865 1638 933 (βασιλευς)
1667 875 1741 931 μα’·

289 953 361 984 νος
381 933 647 988 εἰσερχόμενος
663 935 730 977 τὸν
749 936 897 977 σωλὲαν
914 935 985 978 τὸν
1003 934 1246 992 πατριαρχην
1263 936 1329 978 ἐπὶ
1346 940 1431 984 ταῖς
1451 937 1575 988 ἱεραῖς
1591 935 1741 988 κιγκλί-

292 1006 357 1033 σιν
390 991 580 1044 ἑστηκότα
612 991 796 1044 ευρίσκει.
852 993 950 1031 haec
977 993 1069 1043 ille3
1109 1007 1209 1045 quae
1231 994 1337 1031 clare
1361 992 1543 1031 indicant
1568 991 1741 1043 spatium

290 1049 453 1100 aliquod
479 1049 618 1100 templi
645 1062 777 1087 sacros
804 1050 1000 1087 cancellos
1027 1062 1103 1087 una
1126 1063 1177 1087 ex
1203 1056 1312 1100 parte
1332 1049 1564 1099 contingens
1591 1048 1740 1086 soleam

288 1111 473 1143 vocatum
487 1134 497 1154 ,
531 1106 574 1142 in
591 1105 697 1156 quod
718 1117 819 1143 unus
839 1106 1056 1157 imperator
1070 1105 1288 1154 introierit,
1319 1105 1481 1143 caeteris
1503 1103 1739 1142 abstinenti..

288 1161 360 1200 bus
381 1162 571 1211 ingressu.
630 1160 763 1198 locum
793 1168 923 1200 autem
946 1162 1065 1200 fuisse
1091 1162 1325 1199 distinctum
1346 1175 1368 1198 a
1387 1160 1630 1212 presbyterio
1647 1172 1738 1197 ma·-

287 1218 430 1256 nifeste
457 1223 566 1268 patet
593 1229 643 1252 ex
670 1230 715 1254 eo
738 1218 844 1266 quod
869 1231 1094 1269 progressus
1115 1231 1185 1269 per
1205 1217 1306 1255 illud
1327 1217 1498 1267 spatium
1523 1215 1738 1267 imperator

288 1274 556 1326 patriarcham
576 1272 774 1310 invenerit
796 1272 860 1313 ἐπὶ
879 1278 966 1320 ταῖς
985 1273 1109 1323 ἱεραῖς
1126 1274 1320 1325 κιγκλίσιν
1336 1270 1538 1324 ἑστηκότα,
1567 1277 1737 1310 stantem

289 1343 409 1381 super
438 1329 559 1367 sacris
586 1328 794 1377 cancellis,
823 1329 865 1367 in
892 1329 981 1381 ipso
1005 1328 1190 1367 videlicet
1217 1329 1318 1366 sacri
1340 1328 1442 1381 septi
1460 1328 1545 1366 sive
1571 1327 1739 1379 presby-

286 1385 378 1424 terii
408 1385 531 1426 aditu.
586 1384 700 1422 vides
726 1383 794 1422 hic
825 1385 969 1424 eximie
995 1398 1225 1423 concessum
1255 1384 1488 1436 imperatori
1512 1384 1587 1421 soli
1603 1384 1738 1422 locum

286 1443 393 1480 intra
423 1442 590 1489 soleam,
619 1441 697 1478 hoc
723 1447 782 1479 est
808 1441 850 1479 in
876 1442 1003 1492 spatio
1023 1441 1156 1480 vicino
1175 1441 1295 1479 sacris
1314 1441 1456 1493 septis,
1483 1438 1738 1479 subdiaconis

289 1505 329 1536 et
351 1498 566 1535 lectoribus
586 1503 807 1545 reservato,
834 1498 941 1535 unde
966 1497 1135 1550 populus
1156 1497 1454 1536 excludebatur.
1511 1509 1556 1533 eo
1577 1496 1739 1535 videtur

288 1554 464 1592 alludere
494 1553 605 1604 quod
632 1553 788 1592 Nicetas
816 1553 1014 1605 Paphlago
1038 1554 1175 1592 scribit
1202 1554 1245 1591 in
1266 1553 1348 1592 vita
1373 1555 1413 1594 S.
1430 1552 1599 1604 Ignatii,
1623 1552 1738 1590 refe-

287 1624 390 1650 rens,
407 1623 639 1673 praesagum
661 1610 856 1648 somnium
884 1610 1035 1648 Bardae
1058 1610 1331 1661 imperatoris,
1362 1624 1440 1662 quo
1469 1608 1738 1661 praemonitus

288 1668 420 1705 fuerat
439 1665 487 1703 de
507 1667 548 1703 vi
567 1679 666 1716 quae
685 1666 762 1717 ipsi
780 1666 929 1705 deinde
943 1680 1012 1717 per
1029 1667 1220 1705 Basilium
1247 1667 1358 1704 illata
1387 1672 1464 1704 est:
1499 1665 1609 1704 visus
1632 1664 1737 1704 enim

286 1724 416 1762 suerat
435 1722 509 1759 sibi
530 1722 666 1760 videre
686 1722 736 1760 ad
755 1736 798 1760 se
815 1728 982 1761 stantem
1002 1723 1042 1760 in
1061 1723 1211 1774 templo
1232 1723 1431 1761 venientes
1450 1721 1602 1760 albatos
1618 1733 1737 1788 quosv-

288 1779 403 1826 dam,
433 1772 492 1818 ὡν
519 1777 540 1818 ὅ
562 1776 634 1830 μὲν
658 1777 818 1830 δέσμιον
845 1777 915 1819 τὸν
940 1778 1101 1831 βασιλέα
1130 1776 1343 1831 ἄναλαβων
1369 1778 1436 1819 και
1459 1777 1526 1819 ἐπὶ
1551 1793 1610 1822 τα
1627 1772 1737 1825 δεξια

287 1830 523 1885 κατασύρων
540 1833 726 1881 ἑξωθεῖτο
748 1837 818 1885 τῆς
839 1834 1006 1883 σωλέας,
1035 1849 1208 1886 quorum
1228 1849 1337 1873 unus
1355 1837 1535 1874 vinctum
1560 1835 1737 1884 impera·-

289 1898 413 1928 torem
433 1891 634 1940 arripiens
654 1898 690 1927 et
708 1890 767 1927 ad
781 1889 962 1928 dextrum
987 1891 1101 1927 latu-s·
1125 1891 1288 1928 trahens
1310 1889 1546 1928 extrudebat
1571 1904 1590 1927 e
1613 1889 1736 1935 solea,

287 1945 454 1999 proprio
490 1945 677 1983 videlicet
709 1946 961 1997 imperatoris
1000 1946 1104 1984 intra
1136 1948 1330 1998 templum
1355 1947 1464 1995 loco,
1505 1945 1612 1984 undo
1639 1943 1738 1997 pelli

290 2015 406 2041 omen
430 2001 581 2040 ferebat
605 2002 847 2053 expulsionis
873 2003 921 2041 ab
944 2002 1121 2054 imperim
1177 2002 1219 2040 in
1255 2003 1465 2042 ritualibus
1492 2002 1735 2040 Graecorum

287 2059 400 2097 libris
423 2057 610 2096 distincta
631 2071 787 2110 quoque
806 2058 1003 2110 reperitur
1021 2058 1223 2097 cuiusdam
1242 2059 1360 2111 spatii
1377 2065 1467 2097 ante
1485 2071 1617 2097 sacros
1636 2070 1735 2096 can·-

289 2115 412 2152 cellos
439 2114 543 2152 solea
571 2115 702 2153 vocati
730 2115 889 2154 mentio.
945 2114 989 2152 in
1015 2114 1265 2154 ordinatione
1295 2115 1452 2154 diaconi
1483 2114 1582 2152 haec
1609 2114 1735 2165 leges·

289 2166 517 2219 ἐξελθόντες
544 2167 619 2211 δύο
646 2166 829 2212 διάκονοι
857 2170 901 2212 ἐκ
933 2173 1007 2211 τοῦ
1035 2170 1151 2223 ἁγίου
1182 2168 1358 2223 βήματος
1388 2167 1639 2223 λαμβάνουσι
1668 2167 1735 2211 τᾶν

290 2225 479 2279 μέλλοντα
495 2230 806 2279 χειροτονεῖσθαι
823 2222 1035 2277 διάκονον,
1063 2226 1209 2268 ἕστωτα
1228 2227 1272 2268 ἐν
1290 2229 1343 2282 τῇ
1361 2226 1499 2281 σωλέα.
1554 2233 1736 2264 exeuntes

291 2281 373 2320 duo
404 2281 571 2321 diaconi
595 2296 640 2320 ex
667 2297 782 2323 sacro
802 2283 953 2322 bemate
969 2284 1176 2336 accipiant
1197 2298 1287 2321 eum
1309 2285 1382 2336 qui
1404 2267 1660 2321 ordinandae
1677 2289 1735 2320 est

291 2337 504 2389 diaconus,
531 2346 703 2378 stantem
721 2342 767 2378 in
782 2341 903 2380 solea.
930 2340 975 2378 in
997 2340 1243 2379 ordinatione
1259 2353 1355 2380 vero
1374 2339 1608 2378 sacerdotis.
1635 2335 1733 2391 μετὰ

291 2393 336 2435 δὲ
353 2392 396 2434 τὸ
411 2398 677 2447 πληρωθῆναι
695 2393 767 2436 τόν
788 2392 1062 2450 χερονβιιιὸν”
1033 2411 1164 2448 νμνον
1178 2396 1330 2437 ἵσταται
1347 2395 1391 2437 ἐν
1407 2393 1564 2449 σολὲα“
1540 2410 1563 2437 ο
1581 2393 1732 2447 μέλλωιι

289 2455 600 2503 χειροτονεῖσθαι
625 2449 899 2506 πρεσβυτερος.
946 2459 1166 2505 postquam
1189 2453 1406 2505 completus
1418 2436 1558 2503 fuerit
1579 2450 1732 2491 Cheru*

291 2507 407 2544 hieu-s·
423 2506 618 2558 hymnus,
642 2516 726 2547 stat
743 2511 786 2547 in
803 2510 913 2548 solea
935 2511 1009 2562 qui
1023 2507 1279 2548 ordinandus
1292 2515 1351 2549 est
1370 2506 1568 2547 sacerdos.

403 2619 563 2658 Summa
577 2617 776 2659 dictorum
793 2626 832 2660 et
849 2621 1066 2660 sententiae
1084 2621 1133 2660 de
1146 2621 1251 2660 solea
1266 2634 1372 2660 meae
1389 2619 1487 2660 haec
1507 2623 1577 2668 est,
1606 2616 1729 2656 fuisse

289 2674 437 2713 soleam
462 2676 602 2713 Latino
627 2675 792 2727 antiquo
812 2678 933 2716 verbo
951 2677 1113 2730 proprie
1131 2678 1277 2716 dictam
1298 2675 1624 2716 substructionem
1644 2678 1730 2725 sty-

290 2730 436 2769 lobatis
473 2730 667 2769 columnis
704 2732 898 2783 epistyliis
937 2739 1168 2785 caeteroque
1194 2732 1517 2772 architectonicas
1541 2729 1729 2780 elegantis

292 2787 472 2839 specioso
495 2792 691 2841 apparatu
717 2794 967 2835 coronatam,
1006 2803 1104 2841 quae
1131 2789 1173 2828 in
1201 2789 1359 2842 templis
1385 2788 1628 2827 Graecorum
1649 2797 1730 2824 ma-

289 2845 539 2895 gnificentius
580 2843 749 2894 ornatis,
789 2843 879 2884 vice
916 2844 1139 2897 ligneorum
1173 2845 1436 2886 cancellorum
1465 2855 1512 2882 ac
1535 2842 1727 2892 velorum,
