1846 3262
231 198 298 244 76
657 200 895 244 GEORGII
923 202 1278 248 PACHYMERIS

234 316 460 369 γαμεῖσθαι
491 319 577 363 τοῖς
607 313 790 368 προέχειν
821 317 1037 359 δοκοῦσιν·
1084 318 1119 360 εἰ
1149 317 1194 360 δ’
1225 313 1320 370 οὖν,
1366 316 1463 360 ἄλλ’
1498 310 1644 370 αὗταῖς
1662 320 1706 372 ἐξ

227 381 373 424 ,αὐτῶν
393 381 495 437 μέγα
517 382 562 425 τὸ
598 384 754 426 δίκαιον
777 383 878 439 ἔχειν
905 383 1109 436 τοιούτοις
1127 386 1232 440 μετὰ
1250 390 1333 430 τῶν
1353 385 1537 443 συζύγων
1555 387 1706 443 σεμνύ-

233 455 382 493 νεσθαι
407 447 659 505 ἀξιώμασιν,
697 451 976 511 αὐταδέλφαις
1006 455 1209 508 βασιλέως
1241 455 1383 506 οὔσαις
1403 459 1471 498 καὶ
1494 458 1702 510 βασιλίσιν

233 519 277 561 ἐκ
298 520 500 576 τριγονίας
523 519 548 575 ἢ
571 523 638 563 καὶ
658 524 919 578 τετραγονίας
938 528 1097 578 μᾶλλον
1118 528 1349 580 βασιλικῆς.
1420 525 1459 567 οἶ
1488 525 1595 583 ἀμφὶ
1631 526 1704 570 τὸν

233 585 605 644 Στρατηγόπουλον
625 591 670 633 δὲ
681 591 859 642 Ἀλέξων
879 595 945 635 καὶ
965 593 1004 636 οἱ
1020 597 1094 636 τοῦ
1119 597 1226 648 Φιλῆ
1238 626 1252 646 ,
1290 595 1359 636 καὶ
1392 593 1468 636 σὺν
1494 594 1636 645 αὐτοῖς
1665 595 1734 639 οἶδ

236 658 444 714 Τορνίκιοι
475 660 543 700 καὶ
577 659 617 702 οἳ
647 663 796 717 τυφλοὶ
823 666 1007 715 μᾶλλον,
1056 662 1102 705 οἳ
1128 662 1179 718 δὴ
1210 663 1277 705 καὶ
1308 660 1518 712 παθόντες
1537 661 1704 717 ἀμύνειν

117 732 145 765 P
169 731 213 766 45
238 725 417 781 ἤθελον,
454 727 531 771 σὺν
551 730 576 770 δ
582 728 594 744 ’
621 728 762 779 αὐτοῖς
781 732 848 772 καὶ
864 729 952 774 ὅσοι
973 731 1079 774 κατὰ
1095 731 1323 788 συγγένειαν
1343 730 1369 787 ἢ
1390 726 1518 774 οὖσαν
1539 730 1566 787 ἢ
1591 734 1705 775 ἔλπι-

226 796 402 852 ,ζομένην
418 804 505 847 τοῖς
528 797 832 855 Παλαιολόγοις
851 800 1133 856 προσέκειντο,
1169 800 1348 856 ἰσχυρῶς
1368 799 1578 844 ἀντέσπων
1588 834 1602 854 ,
1639 802 1704 843 δί-

231 883 347 908 καιον
366 864 465 909 εἶναι
487 867 670 923 λέγοντες
685 869 752 910 καὶ
773 867 907 919 ἄλλως
925 870 1136 926 συμφέρον
1157 869 1228 912 τὸν
1247 869 1362 925 ἐγγὺς
1377 869 1580 921 βασιλέως
1602 868 1704 912 ὄντα

232 937 300 979 καὶ
325 935 482 992 πατρὸς
500 935 632 991 ὄνομα
664 937 844 994 φέροντα
875 943 1081 993 τιμᾶσθαι
1111 940 1179 980 καὶ
1197 928 1426 999 δεσποτεία.ι
1495 937 1606 982 οὕτω
1622 938 1701 996 γὰρ
1713 947 1757 983 10

228 1003 333 1048 ἐἶναι
351 1005 403 1065 τὸ,
419 1006 725 1063 συγκεχωρηκὸς
744 1006 857 1065 αὐτῷ
877 1008 991 1063 παρὰ
1009 1005 1188 1060 πάντων,
1221 1009 1289 1050 καὶ
1307 1006 1417 1050 οὕτω
1437 1007 1490 1050 τὰ
1508 1005 1703 1064 πράγμα-

231 1090 286 1116 τα
308 1072 586 1118 διιθύνεσθαι.
655 1078 769 1119 παιδὶ
791 1076 869 1133 γὰρ
888 1076 946 1131 μὴ
968 1077 1041 1136 οἵῳ
1060 1094 1102 1120 τε
1123 1083 1289 1133 φρονεῖν
1309 1077 1371 1126 τίς
1393 1075 1443 1118 ἂν
1463 1078 1530 1118 καὶ
1551 1075 1702 1132 προσέ-

225 1145 317 1198 4ξει,·
353 1145 387 1186 εἲ
406 1145 449 1186 δὲ
469 1146 535 1186 καὶ
558 1142 578 1187 ὃ
601 1143 696 1188 ἀντ’
722 1147 873 1188 ἐκείνου
894 1144 1169 1203 προστάσσων
1190 1143 1356 1198 ἰδιώτης
1387 1144 1472 1199 εἴη,
1511 1144 1631 1187 οὐδὲν
1652 1144 1700 1187 τὸ

232 1212 336 1268 πρὸς
367 1210 545 1268 ἀνάγκην
571 1218 718 1257 πεῖθον
751 1215 913 1258 ἐσεῖται.
982 1215 1181 1270 μιμητέον
1215 1215 1352 1257 τοίνυν
1385 1214 1482 1263 τοὺς
1515 1214 1578 1255 ἐπὶ
1617 1216 1702 1256 τῶν

184 1284 215 1318 Β
239 1285 355 1325 νεῶν.
426 1283 565 1325 ἐκεῖνοι
584 1282 661 1340 γὰρ
683 1282 788 1326 καθ’
814 1282 966 1333 αὐτοὺς
986 1283 1033 1326 τὸ
1055 1282 1273 1339 ἐλεύθερον
1303 1282 1463 1338 ἔχοντες
1483 1283 1550 1325 καὶ
1573 1279 1756 1325 αὐτό-15

230 1367 394 1406 γνωμον
408 1384 421 1403 ,
454 1351 560 1393 κατὰ
590 1356 722 1395 πλοῦν
741 1351 962 1408 ἀναγκαῖον
989 1351 1187 1406 ἐμβάντες
1207 1353 1427 1408 ἐπίτροπον
1446 1349 1701 1406 ἐκλεξάμενοι

229 1420 423 1475 ἐφιστᾶσι
450 1427 537 1470 τοῖς
568 1425 686 1478 σφῶν
709 1419 969 1477 πράγμασιν,
1008 1415 1040 1480 ᾧ
1062 1421 1111 1476 δὴ
1138 1423 1205 1463 καὶ
1228 1423 1444 1464 πείθονται
1463 1419 1701 1462 δουλωθέν-

227 1505 295 1538 τες
314 1486 499 1542 ἑκόντες,
537 1490 578 1533 εἴ
591 1507 630 1533 τι
648 1490 754 1546 λέγοι
769 1504 778 1513 ·
811 1488 832 1533 ὁ
853 1491 900 1532 δέ
919 1489 959 1547 γ’
984 1490 1170 1533 ἀπειθῶν
1192 1492 1335 1533 δίδωσι
1355 1489 1430 1539 τὰς
1449 1491 1565 1538 δίκας
1582 1488 1702 1539 ἀξίας

229 1555 285 1607 ὥς
313 1559 369 1608 εἷς
407 1556 611 1616 δεσπότην
640 1559 693 1603 τὰ
719 1559 891 1616 μέγιστα
922 1557 1134 1618 ἁμαρτών.
1204 1559 1310 1614 πλὴν
1340 1558 1389 1602 οὗ
1413 1557 1522 1602 καθ’
1547 1555 1701 1608 αὑτοὺς

227 1711 295 1734 non
330 1703 469 1747 possent
499 1701 566 1737 nisi
597 1702 680 1738 viris
715 1703 897 1737 excellenti
929 1702 1097 1748 dignitate
1126 1701 1336 1747 conspicuis,
1372 1711 1473 1746 quam
1496 1699 1701 1745 dignitatem

227 1747 284 1779 vel
308 1758 351 1780 ex
377 1759 414 1782 se
436 1749 502 1783 iam
526 1750 675 1783 habeant
698 1750 750 1785 vel
772 1750 808 1784 in
839 1750 918 1784 talis
948 1748 1153 1784 matrimonii
1182 1750 1335 1782 favorem
1366 1747 1544 1792 accipiant.
1592 1757 1702 1792 quare

229 1792 323 1826 hisce
356 1795 541 1828 servandos
580 1796 699 1830 titulos
732 1796 838 1838 istos,
876 1807 961 1842 quos
993 1797 1128 1841 quidam
1171 1794 1389 1828 cumulandos
1420 1793 1456 1826 in
1495 1804 1597 1827 unum
1630 1794 1700 1827 iam

228 1839 363 1873 abunde
395 1846 550 1876 ornatum
583 1841 849 1886 contenderent,
883 1854 926 1876 ne
949 1842 1127 1888 occupatis
1152 1841 1282 1875 cunctis
1306 1838 1471 1884 gradibus
1493 1838 1700 1874 sublimioris

228 1885 367 1920 honoris
389 1887 504 1932 regiae
527 1887 686 1932 virgines,
711 1900 778 1924 non
801 1900 843 1923 ex
866 1893 967 1933 patre
990 1889 1095 1923 solum
1111 1888 1172 1922 sed
1197 1899 1261 1921 avo
1287 1888 1391 1920 etiam
1416 1897 1543 1931 proavo
1568 1890 1603 1919 et
1636 1885 1700 1919 ab-

228 1943 295 1966 avo
320 1935 539 1978 regnantibus
562 1936 717 1978 genitae,
741 1935 883 1980 deprimi
906 1935 1031 1977 nuptiis
1054 1934 1152 1968 nimis
1170 1933 1356 1979 imparibus
1379 1938 1416 1966 et
1438 1932 1562 1966 misere
1584 1932 1620 1966 in
1642 1942 1701 1965 or-

228 1978 344 2012 dinem
367 1991 408 2013 ex
435 1983 579 2024 augusto
602 1982 740 2026 fastigio
765 1982 875 2026 redigi
897 1993 1038 2015 necesse
1059 1982 1220 2015 habeant.
1268 1992 1287 2013 e
1321 1978 1493 2013 contrario
1516 1980 1700 2022 stratego-

231 2025 331 2070 pulus
354 2026 491 2061 Alexius
516 2031 552 2060 et
574 2027 694 2062 Philae
717 2027 797 2070 filii,
821 2039 964 2072 cumque
986 2027 1039 2061 his
1065 2026 1238 2068 Tor-nidi,
1271 2030 1308 2060 et
1330 2025 1474 2059 maxime
1497 2024 1557 2070 qui
1575 2035 1701 2058 excae-

231 2072 303 2105 cati
335 2073 488 2115 fuerant,
524 2077 646 2118 utpote
676 2074 830 2108 iniuriam
863 2073 979 2119 passi,
1013 2073 1189 2107 vindictae
1221 2072 1359 2118 cupidi,
1393 2070 1593 2117 pariterque
1623 2080 1700 2104 cum

229 2117 308 2151 istis
332 2119 533 2165 quicumque
566 2120 767 2164 cognatione
797 2125 900 2166 atque
923 2120 1093 2154 affinitate
1114 2119 1287 2164 praesenti
1309 2122 1370 2152 aut
1401 2123 1543 2162 sperata
1563 2116 1607 2150 ad
1630 2116 1698 2150 Pa-

229 2163 401 2209 laeologos
425 2166 696 2210 propendebant,
719 2178 840 2211 magno
866 2166 942 2200 nisu
965 2166 1122 2200 aliorsum
1144 2177 1216 2200 rem
1238 2165 1433 2204 trahebant,
1454 2173 1600 2208 aequum
1623 2172 1699 2196 esse

229 2211 361 2244 aientes
393 2218 429 2246 et
459 2213 586 2258 alioqui
617 2213 724 2254 utile,
760 2214 868 2248 virum
898 2213 1050 2258 proxime
1081 2212 1251 2246 admotum
1274 2210 1495 2255 imperatori,
1530 2213 1567 2242 et
1590 2211 1700 2253 patris

232 2268 314 2300 erga
338 2269 413 2292 eum
437 2264 473 2292 et
496 2259 777 2293 necessitudinem
799 2264 973 2304 gerentem
996 2263 1032 2293 et
1054 2270 1192 2300 nomen,
1216 2257 1378 2292 honorari
1400 2256 1500 2289 titulo
1523 2255 1699 2308 despptae.

233 2303 312 2336 cedi
339 2305 425 2338 enim
458 2304 537 2339 huic
571 2307 614 2340 ab
643 2307 794 2340 omnibus
825 2305 1027 2349 convenire,
1062 2316 1151 2349 quae
1175 2305 1320 2339 omnium
1351 2305 1491 2348 praeter
1512 2302 1699 2354 principem

231 2348 289 2382 uni
321 2351 488 2384 subiectio
520 2351 588 2386 isto
626 2352 790 2397 despotae
821 2352 976 2396 signatur
1005 2352 1181 2386 vocabulo.
1229 2351 1280 2384 sic
1311 2360 1446 2386 cursum
1468 2347 1626 2394 publicae
1647 2356 1701 2401 re!

230 2406 431 2440 prosperum
457 2399 544 2431 fore.
589 2410 696 2444 puero
730 2398 819 2432 enim
850 2399 982 2432 ratione
1012 2398 1122 2432 adhuc
1144 2409 1208 2442 per
1239 2400 1387 2432 aetatem
1409 2395 1461 2430 uti
1481 2393 1702 2448 non-valenti

228 2442 309 2486 quis
333 2443 581 2477 obaudiendum
604 2445 727 2489 putet?
760 2445 789 2479 si
811 2456 896 2479 vero
919 2444 977 2489 qui
1001 2444 1073 2479 eius
1095 2444 1170 2478 vice
1192 2443 1342 2489 imperat
1363 2441 1519 2487 privatus
1541 2444 1607 2481 stt,
1637 2450 1700 2474 ne·

231 2498 287 2521 mo
310 2489 378 2522 erit
401 2490 459 2534 qui
483 2501 548 2524 non
580 2495 681 2535 putet
710 2491 810 2536 plane
832 2490 1050 2525 arbitrarium
1073 2502 1214 2537 parere,
1240 2490 1332 2524 nulla
1354 2488 1391 2523 vi
1414 2486 1552 2522 maioris
1575 2490 1697 2520 aucto-

232 2535 342 2568 ritatis
366 2536 570 2581 obsequendi
594 2541 832 2572 necessitatem
853 2537 1059 2582 imponente.
1105 2537 1284 2571 imitandos
1315 2536 1419 2581 igitur
1443 2544 1519 2568 esse
1541 2537 1699 2567 vectores

231 2579 266 2614 in
294 2581 391 2616 navi.
437 2582 487 2616 illi
524 2584 613 2617 enim
638 2587 820 2629 utcumque
842 2582 1038 2627 singillatim
1059 2584 1158 2618 liberi
1189 2587 1226 2618 et
1247 2583 1300 2617 sui
1323 2581 1449 2628 quique
1470 2578 1580 2621 iuris,
1604 2576 1699 2632 quod

231 2627 387 2662 omnibus
410 2628 571 2674 expedire
594 2631 813 2664 communiter
836 2630 985 2664 sentiant
1008 2630 1051 2664 ad
1073 2630 1175 2664 finem
1199 2629 1331 2664 cunctis
1354 2639 1464 2673 aeque
1487 2630 1699 2678 propositum

231 2675 428 2709 fortunandi
452 2686 570 2709 cursus
593 2675 628 2709 in
653 2676 747 2710 cuius
770 2676 879 2710 aleam
901 2686 939 2710 se
961 2677 1149 2720 dederunt,
1174 2678 1435 2722 gubernatorem
1458 2673 1588 2718 eligunt
1610 2670 1698 2706 sibi-

232 2730 300 2764 que
323 2721 547 2766 praeficiunt,
570 2722 667 2757 cuius
690 2726 726 2757 et
748 2721 851 2756 iussis
874 2725 911 2756 et
933 2723 1071 2758 nutibus
1095 2725 1332 2770 obtemperant
1354 2721 1520 2757 servitute
1540 2717 1700 2771 voluntat

231 2765 308 2808 ria;
331 2768 388 2813 qui
412 2778 493 2802 vero
517 2774 638 2805 contra
660 2768 734 2803 eius
758 2768 971 2813 praescripta
992 2771 1132 2812 fecerit,
1167 2771 1290 2815 dignas
1313 2769 1374 2803 dat
1395 2777 1545 2814 poenas,
1575 2771 1615 2799 ut
1639 2774 1699 2810 qul

230 2812 376 2848 maxime
396 2814 430 2849 in
453 2814 620 2849 dominum
643 2814 847 2859 peccaverit.
895 2820 1069 2850 caeterum
1092 2828 1159 2851 non
1190 2829 1266 2851 eum
1297 2816 1348 2852 sic
1372 2815 1571 2858 instituunt,
1594 2815 1634 2846 ut
1657 2821 1700 2844 eo

229 2866 412 2904 provectus
434 2861 555 2898 similis
572 2861 785 2896 nihilominus
807 2860 969 2908 deinceps
992 2873 1068 2897 cum
1091 2863 1239 2899 caeteris
1259 2862 1364 2899 sortia
1386 2862 1456 2906 sit,
1487 2861 1549 2896 sed
1572 2859 1616 2895 ad
1639 2869 1700 2893 ve-
