1884 3262
211 232 310 279 260
632 223 870 271 GEORGII
902 224 1254 269 PACHYMERIS

215 361 358 402 γοντο,
396 343 461 384 καὶ
495 340 546 382 τὰ
578 339 683 383 κατὰ
717 338 789 382 τὸν
819 334 1078 394 πατριάρχην
1103 342 1368 392 συναχθεΐσιν
1383 337 1686 393 ἐπιμελέστερον

163 431 195 465 Ε
219 417 396 455 ἐκινεῖτο.
468 406 537 467 (4)
573 406 701 458 τόπος
724 408 768 451 δὲ
783 412 857 463 τῆς
878 407 1016 451 αὐτῶν
1043 405 1259 451 συνόδουὸ
1286 407 1686 461 βασιλικόςἈλεξια-

215 482 285 531 κὸς
307 480 507 536 τρίκλινος
525 473 599 532 ἦν,
632 479 703 520 ἵνα
725 478 792 520 καὶ
819 474 1091 533 προυκάθητο
1109 477 1183 531 μὲν
1202 473 1223 518 ὃ
1253 480 1438 531 κρατῶν,
1475 475 1685 532 συγκαθέ-

216 553 333 602 ζοντο
355 548 399 590 δὲ
424 548 492 589 καὶ
515 546 552 589 οἳ
573 550 810 603 μεγιστᾶνες
831 547 898 588 καὶ
926 544 1024 589 ὅσον
1054 546 1095 587 ἓν
1113 542 1340 599 ἀξιώμασιν
1357 540 1432 599 ἦν,
1469 545 1686 600 συνεδρία-

73 633 100 668 P
128 630 192 665 176
218 621 285 671 ζον
314 615 358 660 δ’
393 616 439 659 οἵ
465 615 685 672 ἀρχιερεῖς,
711 616 795 663 ,καὶ
824 618 907 657 πᾶν
947 614 995 657 τὸ
1029 618 1105 668 τῆς
1145 610 1373 670 συγκλήτου
1414 613 1679 669 παρίσταντο.
1697 622 1718 656 5

215 690 398 741 συνῆσαν
432 685 476 727 δὲ
506 686 574 727 καὶ
608 684 688 727 ἀπὸ
718 687 863 726 πασῶν
896 687 979 726 τῶν
1009 687 1147 735 μονῶν
1175 682 1214 724 οἳ
1234 679 1481 739 προύχοντες
1499 678 1688 735 μονήρεις

216 753 382 811 συνάμα
399 760 485 804 τοῖς
507 756 625 810 σφῶν
646 756 911 807 προεστῶσιν.
961 751 1056 794 ἀλλ’
1084 751 1244 795 οὐδὲτὸ
1267 755 1341 806 τῆς
1363 751 1567 800 πολιτείας
1588 748 1687 792 ὅσον

213 820 264 880 ἦν
295 822 514 879 περιφανὲς
542 823 609 874 καὶ
645 824 771 876 δῆλον
801 822 924 875 ἀπῆν.
996 821 1062 862 καὶ
1093 818 1114 862 ὃ
1148 820 1222 874 μὲν
1243 823 1482 876 κατηγορῶν
1504 819 1544 868 ἒς
1561 817 1687 872 μέσον

213 893 375 950 παριὼν
393 892 466 935 τὸν
487 891 671 946 λι’βελλον
699 888 932 946 προύτεινεν
944 922 957 942 ,
988 886 1010 931 ὃ
1033 887 1073 931 δ’
1106 886 1391 944 ἀνεγινώσκετο
1422 889 1485 930 ἐπὶ
1507 885 1686 930 πάντων.

215 964 284 1005 καὶ
314 961 398 1003 ἐπεὶ
426 957 554 1002 ἐδόκει
589 963 889 1016 προκαλεῖσθαι
925 959 992 1001 καὶ
1026 957 1096 1000 τὸν
1134 955 1413 1015 πατριάρχην,
1462 956 1689 1009 πέμποντες
1703 963 1746 997 10

164 1051 194 1085 B
219 1037 325 1087 τρεῖς
358 1030 433 1084 μὲν
466 1033 549 1071 τῶν
585 1027 802 1084 ἀρχιερέων
831 1033 939 1083 τρεῖς
975 1026 1020 1068 δὲ
1050 1030 1132 1068 τῶν
1166 1030 1367 1082 κληρικῶν
1408 1023 1690 1081 προσεκάλουν

216 1097 508 1153 ἀπαντήσοντα
530 1097 633 1153 πρὸς
654 1094 873 1152 ἀπόλογον.
927 1093 948 1137 ὃ
970 1095 995 1137 δ
1004 1093 1015 1110 ²
1039 1094 1196 1138 ἀνένευε
1218 1093 1415 1150 πάμπαν,
1447 1094 1519 1136 καί
1536 1110 1579 1149 γε
1600 1094 1690 1148 κρί-

216 1184 280 1211 σιν
308 1168 383 1221 μὲν
408 1165 466 1221 μὴ
504 1169 824 1222 παραιτεῖσθαι,
870 1161 1024 1216 τρόπον
1065 1164 1109 1205 δὲ
1149 1165 1319 1221 κρίσεως
1354 1164 1421 1205 καὶ
1456 1159 1585 1205 τόπον
1621 1162 1691 1203 καὶ

215 1233 418 1293 πρόσωπα
438 1231 596 1291 φεύγειν
624 1233 754 1289 ἔλεγε,
792 1233 859 1275 καὶ
888 1232 1076 1283 δικαίως,
1123 1230 1178 1282 ὥς
1209 1233 1396 1276 οἴεσθαι·
1432 1228 1690 1287 πατριάρχην

214 1306 290 1359 μὲν
308 1304 386 1360 γὰρ
407 1305 620 1359 κρίνεσθαι
653 1300 860 1358 παρόντος
885 1301 958 1354 μὲν
977 1300 1181 1354 βασιλέως
1199 1299 1414 1358 παρόντων
1435 1300 1479 1342 δὲ
1495 1297 1689 1354 μεγιστά-
1703 1304 1745 1339 15
1791 1306 1793 1308 ’

215 1391 297 1416 νων
316 1373 383 1415 καὶ
412 1375 642 1424 κοσμικῶν,
681 1371 748 1412 καὶ
777 1372 818 1412 ἓν
847 1366 1114 1424 ἀνακτόροις,
1152 1371 1221 1412 καὶ
1246 1374 1379 1412 ταῦτα
1398 1370 1465 1411 καὶ
1488 1367 1691 1421 βασιλέως

1386 1437 1398 1452 >

214 1440 348 1491 οὕτως
381 1439 545 1495 ἔχοντος
574 1441 641 1481 καὶ
671 1441 726 1487 εἷς
756 1438 918 1494 ἄμυναν
953 1438 1303 1494 προειλημμένον,
1352 1455 1427 1480 ουκ
1459 1435 1572 1487 ἄξιον
1594 1435 1693 1478 οὐδὲ

166 1527 196 1561 c
220 1514 303 1553 τῶν
327 1509 494 1552 δικαίων
515 1505 616 1550 εἶναι
637 1507 684 1550 τὸ
706 1505 886 1563 σύμπαν.
956 1510 1089 1548 ταῦτα
1112 1507 1215 1564 πρὸς
1244 1507 1343 1556 τούς
1359 1503 1692 1560 ἀπεσταλμένους

215 1582 290 1622 τοῦ
312 1574 567 1634 πατριάρχου
593 1575 804 1633 λέγοντος,
842 1578 982 1632 γραφῇ
1001 1576 1184 1620 ἐδίδοντο
1214 1576 1267 1619 τὰ
1297 1572 1517 1631 λεγόμενα,
1555 1571 1611 1624 ὥς
1631 1570 1692 1628 μή

215 1664 255 1689 τι
284 1646 635 1703 συκοφαντηθείη.
707 1646 746 1688 οἳ
777 1644 823 1687 δ’
859 1642 1189 1701 ὗποστρὲφοντες
1221 1643 1394 1699 ἐδήλουν
1430 1640 1566 1686 πάντα
1593 1641 1748 1697 μετ’20

217 1715 446 1772 ἀσφαλείας
465 1720 551 1763 τοῖς
584 1713 874 1766 ἀποστείλασι,
911 1714 978 1755 καὶ
1008 1711 1206 1771 σύλλογος
1222 1712 1414 1756 διελύετο.
1484 1715 1609 1755 τοῦτο
1629 1713 1693 1761 δὶς

218 1782 304 1826 εἶτα
335 1785 403 1825 καὶ
434 1783 522 1839 τρὶς
551 1782 713 1837 γεγονὸς
744 1782 787 1824 ἔκ
820 1799 941 1825 τινων
973 1787 1194 1839 καιριακῶν
1226 1778 1528 1837 διαλειμμάτων
1557 1780 1690 1838 (ἔμελε

217 1961 293 1984 nem
317 1948 515 1983 suffectum.
562 1948 661 1994 pleno
683 1948 789 1994 igitur
811 1961 893 1985 vere
917 1952 1159 1990 convenerunt,
1182 1952 1219 1984 et
1242 1960 1345 1984 causa
1368 1947 1584 1994 patriarchae
1605 1958 1691 1981 ven-

217 1995 311 2030 tilari
334 2007 356 2029 a
388 1995 605 2039 congregatis
629 1998 683 2030 est
705 2000 842 2042 coepta.
889 1996 948 2041 (4)
981 1997 1075 2031 locus
1099 1996 1222 2041 synodi
1251 1996 1382 2040 regium
1407 1994 1601 2028 Alexiacum
1624 1993 1690 2026 tri-

220 2041 356 2076 clinium
378 2040 464 2082 fuit,
487 2042 531 2074 ad
553 2039 589 2074 id
622 2042 775 2076 delectus
805 2046 846 2076 ut
877 2043 1077 2087 praesidere
1100 2047 1218 2088 posset
1249 2041 1446 2086 imperator.
1494 2040 1692 2074 assidebant

221 2091 258 2122 et
282 2087 381 2122 aulae
405 2090 599 2132 magnates.
625 2098 666 2121 ac
688 2093 857 2133 quotquot
875 2089 911 2122 in
934 2089 1160 2133 dignitatibus
1183 2092 1283 2122 erant
1298 2113 1309 2128 ‚
1333 2087 1432 2122 simul
1456 2098 1531 2120 cum
1555 2086 1691 2130 episco-

221 2133 289 2180 pis.
337 2132 458 2168 aderat
489 2137 526 2166 et
553 2137 692 2167 senatus
724 2134 923 2179 universus,
963 2140 999 2169 et
1027 2147 1070 2169 ex
1101 2134 1232 2168 cunctis
1266 2133 1482 2168 monasteriis
1512 2130 1691 2177 praecipui

220 2179 458 2214 monachorum
481 2190 555 2213 cum
579 2180 649 2214 suis
671 2180 797 2225 quique
819 2181 1045 2226 praepositis3
1078 2192 1141 2215 nec
1175 2182 1319 2215 aberant
1341 2179 1504 2214 clariores
1524 2178 1692 2212 illustrio-

220 2236 348 2270 resque
370 2224 503 2259 civium.
549 2228 585 2258 et
608 2230 786 2261 accusator
809 2227 945 2272 quidem
968 2228 1002 2262 in
1024 2227 1170 2262 medium
1201 2226 1364 2272 prodiens
1384 2225 1533 2259 libellum
1555 2223 1692 2259 obtulit.

221 2271 253 2305 is
276 2271 406 2305 cunctis
429 2270 641 2306 audientibus
680 2273 844 2308 recitatus
876 2279 939 2308 est.
986 2278 1068 2308 tunc
1091 2284 1166 2307 cum
1195 2277 1287 2307 esset
1307 2272 1416 2306 visum
1440 2271 1542 2305 citari
1563 2270 1692 2304 debere

223 2316 471 2362 patriarcham,
507 2316 679 2351 mittentes
700 2322 772 2354 tres
795 2320 973 2365 episcopos
1005 2325 1041 2354 et
1063 2325 1134 2354 tres
1156 2319 1301 2354 clericos
1322 2319 1433 2364 ipsum
1455 2320 1622 2352 vocarunt
1644 2315 1690 2350 ad

225 2373 363 2397 causam
385 2362 571 2397 dicendam.
617 2364 676 2398 ille
698 2369 811 2400 autem
834 2367 967 2401 omnino
989 2366 1107 2400 venire
1132 2365 1257 2407 renuit,
1281 2377 1358 2399 cum
1378 2364 1511 2398 diceret
1531 2361 1690 2396 iudicium

224 2408 360 2455 quidem
382 2408 474 2443 haud
495 2420 535 2442 se
556 2420 736 2454 recusare,
759 2412 890 2446 modum
914 2417 1026 2447 autem
1050 2416 1086 2446 et
1109 2412 1218 2446 locum
1239 2411 1362 2446 iudicii
1383 2419 1613 2456 personasque
1633 2409 1690 2441 fu-

226 2465 331 2500 gere3
353 2465 376 2488 a.
397 2466 466 2500 qua
488 2456 689 2500 exceptione
709 2457 791 2492 iuris
821 2459 955 2504 species
988 2470 1054 2492 non
1088 2459 1221 2492 aberat.
1266 2469 1343 2492 nam
1375 2455 1516 2491 iudicari
1539 2453 1689 2499 patriar-

228 2500 326 2535 cham
349 2503 529 2546 praesente
549 2501 776 2547 imperatore,
799 2505 1036 2549 praesentibus
1059 2504 1277 2549 optimatibus
1299 2508 1334 2538 et
1356 2500 1587 2537 saecularibus
1609 2510 1689 2544 per·

229 2546 343 2601 Βοιιίε·Ζ
374 2545 479 2591 idque
495 2546 546 2600 ⁸in
577 2548 726 2593 palatio,
753 2552 957 2595 praesertim
991 2551 1198 2596 imperatore
1228 2551 1278 2585 sic
1312 2549 1497 2584 constituto
1520 2551 1556 2580 et
1578 2547 1688 2590 palam

229 2602 441 2627 occasionem
471 2592 647 2627 vmdictae
677 2600 856 2640 captante,
885 2597 1055 2642 indignum
1085 2597 1286 2640 videbatur,
1316 2600 1354 2631 et
1385 2597 1461 2629 tota
1483 2602 1538 2627 res
1572 2591 1689 2637 inique

231 2640 438 2684 comparata,
485 2649 528 2672 ea
548 2649 651 2683 porro
674 2640 834 2686 loquente
864 2643 1060 2687 patriarcha
1091 2643 1203 2677 missis
1224 2655 1246 2677 a
1266 2641 1418 2687 synodo,
1440 2643 1587 2683 excepta
1609 2641 1690 2671 sunt

231 2687 360 2730 scripto
382 2684 488 2719 verba
511 2683 607 2726 eius,
638 2697 682 2720 ne
713 2687 793 2732 quid
818 2689 1002 2723 calumniae
1031 2689 1261 2724 interveniret.
1305 2687 1385 2722 inde
1407 2685 1466 2731 qui
1496 2684 1589 2718 missi
1611 2685 1690 2718 fue-

231 2733 311 2765 rant
331 2729 516 2765 redeuntes
536 2730 580 2765 ad
601 2732 766 2775 synodum
789 2739 913 2768 cuncta
932 2747 975 2768 ex
995 2735 1064 2770 fide
1085 2736 1275 2770 retulerunt
1290 2734 1335 2769 ad
1352 2743 1411 2768 eos
1435 2731 1494 2777 qui
1516 2730 1693 2772 miserant,

231 2778 268 2810 et
290 2778 409 2810 coetus
430 2775 560 2811 solutus
581 2781 647 2812 est.
691 2779 782 2813 idem
802 2779 926 2814 iterum
947 2785 982 2814 et
1005 2781 1109 2816 tertio
1132 2785 1186 2816 est
1205 2783 1355 2823 factum,
1375 2778 1481 2814 certis
1502 2776 1693 2812 intervallis

232 2821 395 2866 temporis
424 2821 655 2868 interpositis:
691 2825 874 2860 studebant
904 2826 990 2860 enim
1026 2828 1085 2872 qui
1114 2828 1200 2862 haec
1227 2827 1396 2871 agebant,
1426 2823 1511 2858 nihil
1532 2823 1693 2857 omittere

232 2878 348 2902 eorum
369 2879 458 2914 quae
481 2881 627 2905 canones
657 2870 693 2905 in
724 2882 766 2908 eo
788 2883 916 2918 genere
943 2874 1191 2918 praescribunt.
1236 2877 1408 2908 caeterum
1429 2869 1511 2905 nihil
1533 2869 1624 2904 aliud
1644 2879 1689 2903 ex
