1884 3262
254 196 353 246 504
671 193 906 239 GEORGII
938 194 1280 240 PACHYMERIS

258 313 325 356 καὶ
343 309 431 352 λίαν
453 307 521 351 διὰ
542 300 601 365 τόἶ
623 305 713 357 δέος
742 303 961 358 ἀπώμοτον
985 302 1049 362 ἦν.
1120 305 1220 350 ὅθεν
1241 309 1308 350 καὶ
1327 304 1520 358 πολλάκις
1540 307 1707 361 πέμπων

207 383 239 419 Β
263 378 284 423 ὁ
310 375 501 433 βασιλεὺς
525 375 579 418 τὰ
606 379 680 430 τῆς
703 375 901 431 τραπέζης
928 373 1091 431 τρύφη,
1132 375 1204 417 τὸν
1236 376 1412 431 σκληρὸν
1431 376 1619 432 πιτυρίαν
1642 375 1710 417 καὶ

257 446 435 502 μέλανα,
466 443 626 499 γυναικί
648 460 692 487 τε
725 442 813 498 ἅμα
835 445 900 486 καὶ
924 447 1104 502 πενθερᾷ
1135 444 1206 485 καί
1223 460 1265 499 γε
1289 441 1517 500 πατριάρχῃ
1539 445 1605 486 καὶ
1625 449 1710 493 τοῖς
1745 464 1749 469 ·

258 513 475 571 γνωρίμοις
495 512 675 567 παρίστα
695 511 743 554 τὸ
763 511 975 561 δυσπαθές
985 544 999 564 ,
1032 509 1202 568 γράφων
1221 513 1307 566 μηδ
1314 510 1324 526 ‘
1345 510 1472 553 αὐτοῦ
1491 513 1710 567 πηγιμαίου

259 580 412 629 ὕδατος
443 579 645 636 εὐπορεῖν,
680 579 727 623 τὸ
757 580 805 622 δέ
825 597 868 636 γε
898 583 1088 633 ποταμοῦ
1116 580 1321 638 τρυγοίπῳ
1353 575 1623 633 διηθούμενον
1644 579 1744 621 καὶὸ

262 646 617 704 ἐξαιθριαζόμενον
636 646 754 703 μόλις
772 648 965 704 προσιτὸν
992 646 1095 690 εἶναι’
1112 648 1149 690 οἳ
1166 645 1304 690 ποτόν.
1374 646 1431 701 μὴ
1451 650 1548 702 γοῦν
1568 646 1715 695 ἱκανῶς

262 716 366 772 ἔχων
387 714 480 759 τότε
503 714 657 760 διώκειν
677 717 719 759 ἐν
740 717 983 772 δυσχωρίαις
1000 715 1048 759 τὸ
1067 714 1272 772 Περσικόν
1285 747 1298 768 ,
1336 713 1473 764 ἄλλως
1501 731 1544 757 τε
1563 715 1629 756 καὶ
1650 715 1716 756 ἐν-

219 794 251 830 c
275 786 385 834 δείας
406 785 650 840 ἐπικειμένης
669 789 752 828 τῶν
781 784 1029 840 ἀναγκαίων,
1064 783 1112 827 τὸ
1145 783 1245 834 τέως
1271 783 1371 839 ἔγνω
1399 782 1470 826 τὸν
1498 779 1624 825 τόπον
1641 798 1718 824 κα-

265 857 491 908 τοχυροῦν,
529 854 595 895 καὶ
626 853 675 908 δὴ
703 855 916 910 φρουρίοις
941 853 1015 907 μὲν
1047 858 1208 907 συχνοῖς
1236 852 1289 894 τὰ
1317 850 1421 907 παρ’
1455 847 1625 906 ἑκάτερα
1643 852 1718 893 τοῦ

266 925 455 974 ποταμοῦ
474 919 718 975 διελάμβανε
730 954 743 974 ,
777 921 829 964 τοὶ
850 922 923 975 μὲν
946 918 1200 975 πεπονηκότα
1223 923 1280 978 τῷ
1295 917 1433 978 χρόνῳ
1450 915 1718 970 ἐπισκευάζων
1731 920 1774 956 10

267 991 335 1033 καὶ
361 993 585 1041 συνιστῶν,
621 988 726 1032 ἄλλα
749 990 793 1032 δὲ
821 989 945 1038 αὐτὸς
974 989 1170 1040 ἀνιστῶν,
1208 987 1310 1031 ὅπου
1338 991 1412 1030 τοῦ
1429 990 1615 1040 ποταμοῦ
1639 990 1721 1028 λει-

267 1059 529 1113 ψυδροῦντος
549 1054 676 1113 πόρον
698 1057 774 1100 ἔδει
792 1058 1023 1114 γίγνεσθαι,
1061 1054 1117 1106 ὥς
1142 1055 1192 1099 ἂν
1218 1054 1305 1110 ἅμα
1323 1056 1397 1110 μὲν
1418 1059 1469 1112 τῇ
1487 1059 1569 1097 τῶν
1589 1070 1721 1110 φρου-

270 1127 368 1182 ρίων
387 1122 605 1180 πυκνότητι
626 1123 713 1179 ἅμα
737 1125 780 1168 δὲ
799 1127 866 1168 καὶ
885 1131 976 1174 ταῖς
1006 1129 1088 1167 τῶν
1110 1124 1338 1180 ἀναγκαίων
1356 1120 1493 1166 τόπων
1513 1138 1723 1178 προκατο-

266 1199 362 1249 χαΐς
390 1195 432 1236 ἐν
463 1191 687 1247 ἀμηχάνοις
713 1193 765 1235 τὰ
792 1197 874 1236 τῶν
896 1196 1072 1248 Περσῶν
1091 1194 1292 1248 γίνωνται.
1360 1194 1565 1234 συστεῖλαι
1586 1190 1630 1232 δὲ
1646 1188 1724 1232 θέ-

217 1261 251 1298 D
277 1265 360 1304 λων
389 1262 457 1303 καὶ
492 1261 567 1310 τὰς
598 1259 772 1317 ἐφόδους
797 1265 881 1304 τῶν
906 1259 1098 1303 ἐπιόντων
1131 1259 1185 1310 ὥς
1199 1259 1255 1314 μὴ
1278 1258 1425 1314 ἀνέδην
1446 1255 1599 1301 ὁπόθεν
1619 1254 1723 1310 βοῦ-
1734 1265 1779 1302 15

269 1333 405 1372 λοιντο
427 1329 642 1371 διεκπαίειν
659 1331 724 1371 καὶ
743 1329 1007 1372 ἐπεισπίπτειν
1023 1326 1188 1382 ’ἀδήλως
1197 1360 1210 1380 ,
1246 1324 1517 1383 ἀξινηφόρους
1546 1326 1587 1375 ἐς
1619 1324 1724 1368 πολὺ

271 1400 437 1453 πλῆθος
465 1400 825 1453 συναθροισθῆναι
854 1393 1020 1448 κελεύει,
1066 1398 1133 1438 καὶ
1160 1400 1291 1450 μῆκος
1310 1396 1385 1449 μὲν
1408 1390 1728 1450 παραμετρῆσας

271 1468 347 1508 τοῦ
373 1468 562 1518 ποταμοῦ
593 1463 690 1508 ὅσον
721 1461 772 1521 ἦν
800 1464 1018 1520 ἀναγκαῖον
1046 1467 1406 1519 κατοχυροῦσθαι,
1443 1460 1596 1511 πλάτος
1615 1460 1726 1504 δὲτὸ

273 1532 413 1576 ἱκανὸν
431 1530 715 1588 λογισάμενος,
751 1535 913 1590 σπουδῇ
932 1532 984 1576 τοὶ
1005 1532 1152 1588 δένδρα
1173 1530 1397 1581 κόπτοντας
1419 1527 1618 1572 ἐπιτάττει
1640 1530 1726 1571 ἐπι-

272 1598 541 1656 καταβάλλειν
555 1599 600 1644 ’ἐν
618 1600 689 1658 ἐφ’
716 1599 795 1655 ἑνί,
831 1602 899 1645 καὶ
919 1599 1028 1645 οὕτω
1048 1604 1362 1644 καταπυκνῶσαι
1381 1604 1467 1648 τοῖς
1493 1599 1618 1642 κλωσὶ
1643 1600 1784 1640 τῶνὲο

366 1720 401 1754 8.
421 1716 495 1763 τὰ]
516 1717 599 1757 τότε
620 1721 661 1756 Ρ.

276 1821 409 1846 omnem
429 1811 518 1846 hunc
538 1810 608 1847 late
629 1813 776 1847 tractum
797 1812 1005 1853 commercio,
1024 1810 1224 1858 sperandum
1247 1808 1338 1845 haud
1359 1810 1446 1844 erat.
1489 1807 1604 1853 itaque
1625 1813 1731 1852 saepe

276 1856 314 1891 in
335 1856 502 1901 specimen
522 1857 636 1891 miseri
657 1869 724 1903 quo
746 1864 828 1893 tunc
849 1859 1009 1892 utebatur
1029 1859 1140 1892 victus
1161 1856 1253 1890 misit
1273 1856 1457 1900 imperator
1478 1854 1523 1888 ad
1544 1854 1731 1897 Augustam

277 1906 316 1936 et
336 1913 488 1943 socrum,
520 1902 564 1936 ad
595 1903 825 1947 patriarcham
854 1903 954 1938 etiam
979 1907 1015 1937 et
1037 1903 1120 1937 alios
1142 1902 1347 1944 familiares,
1379 1900 1586 1934 furfurosum
1609 1909 1730 1943 panem

280 1947 400 1981 durum
423 1952 460 1981 et
481 1951 611 1991 atrum,
645 1949 706 1982 has
735 1960 809 1984 esse
831 1949 981 1983 scribens
1006 1948 1155 1982 lautitias
1177 1959 1259 1981 suae
1281 1956 1434 1988 mensae3
1466 1947 1502 1978 et
1523 1943 1730 1987 adiungebat

279 1992 399 2028 iisdem
420 1992 530 2027 literis
550 2004 594 2027 ne
616 1994 775 2029 fontanae
798 1994 931 2040 quidem
954 1994 1018 2028 sibi
1044 2005 1154 2038 aquae
1176 1992 1306 2037 copiam
1329 1991 1372 2025 ad
1396 1993 1512 2036 potum
1533 1993 1729 2034 suppetere,

282 2038 345 2073 sed
367 2050 388 2072 e
410 2038 548 2073 turbido
572 2039 726 2073 haustum
756 2040 914 2080 flumine,
944 2040 1010 2074 coli
1039 2039 1292 2073 transmissione
1322 2036 1433 2071 obiter
1462 2041 1642 2080 purgatum
1673 2045 1734 2068 re-

280 2083 550 2129 frigeratumque
571 2084 634 2119 sub
657 2084 736 2128 dio,
758 2098 855 2131 quem
877 2085 1069 2120 sitibundae
1090 2085 1206 2118 fauces
1229 2094 1331 2127 aegre
1353 2081 1589 2121 admitterent,
1620 2079 1734 2125 liquo-

285 2140 358 2164 rem
387 2129 567 2175 propinari.
613 2141 687 2164 cum
715 2135 826 2165 autem
860 2132 974 2165 hostes
1003 2130 1052 2164 sic
1086 2129 1240 2164 instando
1273 2127 1494 2162 contrusisset
1525 2126 1561 2160 in
1591 2135 1734 2170 asperos

285 2174 352 2208 iam
375 2186 438 2209 nec
459 2175 559 2209 facile
580 2175 718 2221 pervios
738 2177 855 2211 limitis
876 2177 1024 2222 ipsorum
1047 2176 1173 2217 sanus,
1203 2174 1292 2208 haud
1325 2184 1362 2207 se
1384 2171 1515 2206 idoneis
1534 2171 1735 2205 instructum
1790 2206 1795 2210 N

286 2220 394 2265 copiis
416 2221 565 2255 sentiens
588 2221 631 2255 ad
663 2232 722 2256 eos
751 2222 892 2257 ulterius
919 2221 1191 2267 persequendos,
1222 2223 1259 2254 et
1290 2218 1424 2254 aliunde
1446 2228 1557 2252 rerum
1575 2226 1736 2251 necessa-

287 2265 411 2300 riarum
433 2266 575 2311 penuria
605 2271 767 2311 urgente,
797 2268 948 2312 cogitare
975 2268 1018 2301 de
1047 2267 1159 2301 reditu
1193 2269 1331 2300 coactus
1353 2263 1445 2310 prius
1465 2268 1600 2305 tamen,
1622 2259 1736 2307 quoad

288 2321 348 2345 res
371 2310 502 2346 sinebat
517 2337 529 2354 ‚
571 2313 699 2347 munire
720 2313 855 2348 limitem
878 2313 1006 2348 studuit
1036 2313 1172 2347 arcibus
1203 2312 1246 2346 ad
1269 2315 1445 2355 utramque
1462 2307 1606 2342 fluminis
1627 2307 1736 2352 ripam

288 2355 448 2390 excitatis
471 2361 505 2391 et
529 2358 696 2401 praesidio
719 2359 857 2393 insessis
878 2358 1042 2404 plurimis.
1089 2369 1228 2403 quarum
1252 2357 1382 2402 aliquas
1403 2358 1574 2389 vetustate
1595 2364 1636 2388 ac
1647 2358 1736 2386 tem-

288 2412 409 2447 porum
438 2402 568 2436 iniuriis
599 2404 777 2439 semirutas
804 2405 926 2439 refecit
955 2404 1201 2449 instruxitque,
1234 2413 1338 2437 novas
1360 2401 1433 2446 ipse
1463 2399 1594 2444 aliquas
1615 2397 1737 2442 adiun-

291 2457 399 2490 gens,
422 2446 470 2480 ibi
493 2449 690 2492 praesertim
714 2450 771 2484 ubi
793 2451 927 2495 parcior
949 2461 1057 2495 aquae
1080 2449 1184 2484 amnis
1206 2448 1294 2483 vado
1318 2446 1429 2481 traiici
1453 2448 1589 2490 potest,
1623 2446 1662 2478 ut
1682 2442 1735 2477 sic

292 2494 330 2526 et
352 2492 534 2526 crebritate
555 2495 797 2537 praesidiorum
819 2500 854 2529 et
873 2495 1179 2541 praeoccupatione
1199 2495 1348 2528 locorum
1370 2490 1652 2530 necessariorum,
1679 2487 1737 2520 in·

291 2547 375 2582 opes
408 2538 536 2571 consilii
567 2539 694 2573 Persae
722 2542 954 2576 redderentur.
1009 2552 1149 2586 quorum
1193 2539 1295 2574 etiam
1333 2537 1539 2572 incursiones
1578 2535 1738 2567 coercere

291 2582 391 2616 obice
416 2583 572 2629 opposito
604 2585 760 2629 studens,
792 2598 835 2620 ne
865 2592 904 2621 ut
926 2589 1027 2621 antea
1047 2586 1271 2632 praelicenter
1301 2583 1388 2618 citra
1413 2585 1535 2616 metum
1555 2579 1646 2613 illum
1668 2589 1736 2623 quo

294 2627 434 2663 lubebat
469 2629 693 2674 irrumperent
707 2657 718 2673 ,
756 2632 962 2666 inobservati
1005 2643 1047 2666 ex
1086 2631 1262 2674 improviso
1298 2629 1486 2668 irruentes,
1525 2623 1738 2667 securigeras

295 2684 415 2717 magno
446 2685 582 2709 numero
621 2677 822 2720 congregari
857 2677 1044 2723 praecipit,
1087 2682 1124 2711 et
1161 2674 1404 2720 longitudinem
1443 2670 1538 2706 fluvii
1567 2669 1737 2703 dimensus

295 2724 452 2763 quantam
476 2719 680 2766 expediebat
702 2733 811 2765 opere·
833 2723 974 2767 muniri,
1005 2723 1150 2768 huicque
1177 2722 1298 2756 idonea
1327 2717 1505 2754 latitudine
1534 2715 1630 2749 iuxta
1657 2725 1740 2748 con-

295 2775 411 2807 gruam
433 2765 682 2811 ΡΥΟΡΟΥῑὶΟῐΙθΙΙὶ
704 2767 971 2809 accommodata,
1002 2769 1160 2802 festinato
1191 2777 1307 2802 caesas
1328 2765 1466 2800 arbores
1494 2760 1635 2794 invicem
1658 2770 1740 2793 coa-

295 2810 428 2846 cervari
449 2823 516 2846 una
539 2811 596 2846 uni
615 2812 827 2857 superposita
858 2813 969 2854 iussit,
1000 2814 1217 2858 colligarique
1237 2815 1351 2847 mutuo
1380 2806 1558 2855 implicatis
1588 2806 1738 2852 ipsarum
