1846 3262
177 161 270 208 134
559 144 795 204 GEoRGn
830 161 1182 207 PACHYMERIS

125 281 154 313 C
180 278 327 318 ε’ννοεῒν
339 307 352 327 ,
382 274 485 317 ὥστε
508 276 575 316 καὶ
595 274 671 324 ἕως
691 275 842 317 ἐκείνου
861 277 926 318 καὶ
948 274 1132 330 τοῦνομα
1147 273 1273 330 μόνον
1295 278 1350 327 εἷς
1379 273 1512 334 φόβον
1535 275 1642 333 ἡγεῖ-

58 362 84 393 p
110 362 153 395 37
178 349 281 387 σθαι
311 345 378 384 καὶ
410 342 595 386 δεδιέναι.
678 343 784 401 (25)
814 342 956 399 πρώην
983 345 1056 398 μὲν
1088 344 1166 402 γὰρ
1194 343 1215 388 ὅ
1247 343 1416 395 Δοῦκας
1450 344 1642 401 Ἰωάννης

177 412 291 460 κλέος
309 408 434 464 μόνον
457 412 615 454 ἐκείνων
642 410 787 466 ἤκουε,
822 414 888 454 καὶ
910 411 1149 467 κατωχύρου
1173 413 1225 455 τοὶ
1252 413 1431 471 φρούρια
1451 416 1551 472 σίτῳ
1575 416 1643 457 καὶ

178 481 379 535 ἅρμασιν,
417 473 473 522 ὧν
494 480 566 523 τὸν
582 481 657 534 μὲν
681 482 749 522 καὶ
777 482 832 532 εἷς
849 479 1024 537 χρόνους
1048 480 1321 536 προσέταττεν
1345 482 1640 535 ἀποτίθεσθαι,

176 547 373 602 βούλλαις
402 549 671 602 μολυβδίναις
699 549 771 592 τὸν
802 548 945 593 ἐνόντα
976 556 1061 599 τοῖς
1081 550 1254 600 ἐποίκοις
1274 553 1530 607 σφραγίζων,
1570 551 1677 607 φέ-5

181 633 331 669 ροντας
363 616 406 659 δ’
436 616 590 667 ἔξωθεν
621 616 844 661 ἐπιτάττων
871 620 1125 671 σιτίζεσθαι,
1172 618 1224 661 τὰ
1260 621 1305 661 δὲ
1338 621 1404 661 καὶ
1443 619 1646 674 ἀναγκαῖα

183 687 310 728 ἐτίθει
340 693 426 736 τοῖς
456 687 744 740 κτησομένοις,
794 685 850 736 ὥς
882 688 1041 730 ἐκείνων
1071 691 1153 729 πᾶν
1190 686 1237 730 τὸ
1269 689 1324 737 εἰς
1343 688 1577 743 περιουσίαν
1601 686 1646 730 ὃν

132 769 161 802 Β
187 753 381 811 ὑστερεῖν.
451 757 821 811 προικοδοτοῦντας
848 755 926 812 γὰρ
951 755 1054 810 μετὰ
1081 755 1154 810 τὴν
1189 756 1416 809 σεβασιιίαν
1448 753 1579 800 εἰκόνα
1597 755 1650 799 τὰ

186 822 294 866 ὅπλα
326 823 576 880 προσέταττε
604 822 972 880 καταγράφεσθαι·
1009 825 1114 879 μηδὲ
1145 824 1223 881 γὰρ
1256 825 1357 880 ἔχειν
1377 825 1521 867 εἲδέναι
1540 825 1583 867 τί
1600 825 1648 868 τὸ

184 894 416 949 ἔξορμῆσαν
434 897 516 935 τῶν
539 897 657 949 σφῶν
679 894 848 949 φωλεῶν
867 892 987 943 ἔθνος
996 926 1010 946 ,
1049 894 1116 935 καὶ
1133 890 1288 943 ὁποίοις
1304 899 1389 943 τοῖς
1407 892 1530 948 ἤθεσι
1545 897 1648 948 χρᾶ-
1664 904 1708 938 lo

185 979 276 1013 ται,
315 960 390 1004 κᾶν
409 959 621 1017 εἶρηνεύειν
645 962 762 1004 θέλοι
783 960 858 1004 κᾶν
879 959 1102 1016 μάχεσθαι.
1173 959 1297 1005 τόσον
1317 957 1367 1016 ’ἦν
1399 961 1552 1016 ἄδηλον
1577 962 1652 1011 ἕως

188 1028 281 1073 τότε
301 1030 348 1073 τὸ
367 1030 501 1079 ἔθνος.
572 1030 688 1086 παρὰ
722 1034 887 1079 πολλοῖς
913 1032 937 1072 δ
946 1030 957 1046 ²
989 1030 1169 1085 ἐλέγοντο
1194 1030 1485 1087 κυνοκέφαλοι,
1524 1031 1594 1072 καί
1610 1046 1653 1086 γε

190 1099 365 1149 διαίταις
396 1097 681 1154 ἀπειρημέναις
708 1097 906 1153 ἠκούοντο
934 1097 1161 1153 χρώμενοι,
1201 1098 1305 1142 ὥστε
1332 1100 1397 1141 καὶ
1429 1099 1655 1155 ἄνθρωπο-
1699 1134 1702 1136 ,

191 1175 332 1224 φαγεῖν
365 1165 636 1210 ἔπιστεύοντο.
711 1165 932 1222 Θεοδώρου
962 1168 1005 1209 δὲ
1043 1167 1118 1221 τὴν
1153 1166 1282 1223 ἀρχὴν
1317 1164 1653 1221 βασιλεύσαντος,

142 1236 171 1270 C
195 1237 277 1279 ἐπεὶ
298 1236 480 1292 ἐλέγοντο
501 1236 567 1279 διὰ
586 1236 793 1292 Περσίδος
812 1235 915 1292 πρὸς
933 1236 1079 1278 ἐκεῖνον
1098 1234 1419 1293 πρεσβεύεσθαι,
1458 1238 1526 1278 καὶ
1546 1234 1566 1279 ὃ
1586 1233 1657 1278 λό-
1670 1245 1712 1282 15

194 1322 265 1361 γος
285 1302 509 1359 ἀληθινός,
549 1302 681 1360 φόβος
703 1305 748 1346 δὲ
769 1306 836 1346 καὶ
855 1301 1035 1359 τάραχος
1055 1299 1119 1358 ἦν.
1190 1304 1295 1364 ἔγνω
1317 1304 1359 1347 δ’
1397 1303 1508 1357 ὅμως
1532 1302 1552 1347 ὅ
1576 1309 1658 1356 βα-

195 1373 332 1423 σιλεῦς
355 1373 401 1415 τὸ
445 1373 626 1429 φοβερὸν
653 1370 911 1426 πλασάμενος
940 1372 1114 1422 ἓκείνους
1143 1374 1523 1429 κατασοφίσασθαι.
1592 1373 1660 1415 καὶ

199 1447 365 1500 πρῶτον
395 1442 470 1497 μὲν
500 1441 823 1500 προαπέστελλεν
855 1439 910 1492 ὥς
935 1443 1065 1497 δῆθεν
1090 1441 1358 1498 ἀγγελοῦντας
1376 1442 1440 1483 ἐπὶ
1457 1442 1673 1497 Περσίδος.

202 1574 337 1598 causam
370 1575 408 1598 se
441 1564 569 1599 habere
597 1564 753 1600 idoneam
782 1563 922 1599 duceret
951 1565 1062 1599 metus
1084 1575 1150 1598 non
1181 1562 1299 1607 ignavi
1321 1564 1358 1597 et
1381 1559 1663 1596 consternationis

202 1621 269 1644 non
300 1611 574 1655 reprehensibilis
608 1611 837 1657 experiundae
869 1610 1107 1655 fatendaeque.
1174 1609 1254 1654 (25)
1284 1613 1320 1643 et
1351 1608 1498 1642 antehac
1529 1606 1664 1652 quidem

205 1655 351 1690 Ioannes
374 1657 497 1698 uncas,
521 1657 638 1692 audita
664 1658 771 1692 solum
792 1657 925 1691 illorum
949 1657 1050 1695 fama,
1073 1655 1215 1690 munivit
1238 1666 1335 1689 arces
1356 1655 1525 1689 frumento
1550 1659 1584 1687 et
1608 1663 1667 1687 ar-

203 1701 280 1736 mis.
327 1713 368 1736 ac
390 1704 596 1738 frumentum
620 1703 755 1749 quidem
780 1714 823 1737 ea
847 1702 945 1748 copia
968 1713 1056 1747 quae
1079 1701 1256 1736 sufficeret
1284 1701 1322 1734 in
1348 1711 1445 1734 usum
1469 1710 1568 1744 quam
1591 1699 1667 1732 lon-

204 1747 335 1792 gissimi
358 1749 520 1794 temporis
552 1749 690 1794 congeri
712 1749 830 1790 iussit,
863 1747 1103 1793 obsignarique
1125 1747 1257 1792 singula
1289 1747 1412 1780 horrea
1434 1744 1535 1779 bullis
1557 1744 1668 1790 plum-

204 1794 280 1828 beis
306 1794 533 1829 indicantibus
555 1798 717 1841 quantum
739 1795 774 1829 in
796 1806 931 1840 quoque
955 1793 1125 1828 conditum
1151 1796 1357 1828 servaretur.
1404 1796 1508 1837 atque
1530 1796 1569 1824 ut
1592 1801 1669 1824 oer-

205 1840 273 1874 tius
295 1840 324 1875 is
345 1852 503 1875 numerus
526 1845 718 1882 constaret,
749 1844 976 1887 praeceperat
1007 1850 1065 1874 eos
1095 1839 1152 1884 qui
1180 1839 1217 1873 id
1249 1840 1451 1873 frumentum
1475 1842 1667 1882 comporta-

206 1886 291 1920 bant
313 1898 379 1921 non
400 1887 479 1921 inde
502 1887 547 1921 ad
569 1887 744 1933 proprium
763 1886 889 1921 victum
906 1897 1049 1928 sumere,
1074 1885 1133 1920 sed
1156 1885 1239 1930 ipsis
1254 1884 1388 1919 aliunde
1409 1881 1669 1924 subministrari,

208 1944 276 1978 quo
307 1931 462 1976 interim,
486 1932 564 1967 dum
587 1934 621 1968 ei
656 1932 868 1967 convectioni
890 1933 1060 1966 navabant
1089 1943 1248 1976 operam,
1279 1933 1508 1964 vescerentur.
1557 1939 1670 1962 armo-

209 1990 284 2013 rum
307 1991 388 2014 vero
414 1979 656 2014 redundantem
680 1978 783 2014 etiam
805 1989 977 2012 numerum
999 1977 1226 2011 necessarium
1250 1977 1413 2021 putabat,
1444 1974 1514 2008 tale
1535 1973 1571 2008 id
1595 1985 1671 2008 esse

212 2036 321 2069 genus
342 2036 455 2060 rerum
478 2029 652 2068 statuens,
677 2026 773 2059 cuius
803 2035 982 2070 numquam
1007 2023 1136 2057 affatim
1159 2023 1331 2057 utentibus
1355 2021 1412 2063 sit,
1435 2020 1563 2066 quippe
1587 2031 1673 2065 quo-

214 2082 289 2105 rum
312 2072 413 2105 etiam
436 2072 513 2106 dum
537 2071 789 2106 innumerabilis
810 2071 989 2106 videbatur
1015 2069 1158 2104 affluere
1188 2067 1305 2113 copia,
1336 2079 1440 2112 saepe
1462 2066 1498 2100 in
1521 2066 1682 2106 occasio-

215 2128 259 2151 ne
291 2117 435 2163 penuria
463 2118 641 2152 sentiatur.
687 2128 794 2163 quare
827 2116 905 2151 illos
938 2115 1062 2161 quibus
1095 2115 1311 2149 incumbebat
1349 2125 1391 2147 ex
1422 2112 1537 2146 officio
1566 2113 1674 2156 gratis

215 2164 382 2208 quaedam
415 2165 634 2210 suppeditare
669 2163 832 2198 militibus
854 2162 957 2197 iussit
979 2161 1173 2196 adscribere
1197 2159 1360 2204 catalogis
1387 2159 1675 2203 suggerendarum

215 2221 236 2243 e
269 2209 354 2244 fisco
389 2221 522 2253 rerum,
556 2213 635 2256 post
667 2220 798 2245 sacram
830 2208 979 2250 iconem,
1022 2219 1116 2241 arma
1147 2207 1308 2251 cuiusque
1340 2205 1477 2250 generis
1515 2210 1553 2238 et
1580 2215 1674 2238 usus.

215 2254 316 2289 istius
350 2258 420 2290 tam
454 2259 638 2290 accuratae
667 2254 872 2301 provisionis
896 2253 1053 2300 prudenti
1086 2252 1166 2286 huic
1190 2250 1338 2298 principi
1360 2262 1497 2285 causam
1519 2250 1677 2295 praebuit

216 2312 331 2334 rumor
354 2303 475 2346 procul
498 2302 633 2336 auditus
660 2298 823 2347 parantis
836 2303 1012 2346 erumpere
1032 2299 1143 2344 gentis
1166 2299 1336 2333 barbarae
1351 2307 1550 2331 numerosae
1572 2296 1678 2331 vehe-

217 2346 360 2388 mentis,
383 2347 486 2381 etiam
509 2359 586 2381 cum
608 2348 752 2382 nondum
776 2346 1024 2391 intelligeretur
1047 2345 1127 2390 quid
1151 2348 1263 2386 esset,
1285 2347 1443 2386 quantum
1466 2345 1594 2387 posset,
1617 2352 1679 2376 cur

219 2392 290 2427 suis
314 2392 462 2427 latibulis
485 2393 595 2428 exiret
610 2420 621 2436 ‚
645 2393 766 2439 quibus
788 2396 942 2427 uteretur
965 2391 1136 2433 moribus,
1157 2401 1344 2435 pacemque
1366 2400 1410 2424 an
1433 2388 1555 2422 bellum
1578 2399 1680 2433 prae-

221 2441 383 2484 optatura
404 2439 589 2473 videretur.
638 2443 710 2473 tam
730 2439 832 2485 vulgo
863 2438 950 2473 enim
983 2437 1200 2471 increbuerat
1223 2447 1296 2471 cum
1319 2436 1459 2469 horrore
1481 2437 1681 2479 terroreque

221 2484 266 2518 ad
299 2484 533 2519 Tocharorum
564 2486 765 2520 mentionem
803 2484 900 2530 quasi
930 2483 1050 2530 panico
1080 2483 1177 2518 istius
1209 2481 1358 2516 eiusdem
1388 2491 1493 2514 caeca
1514 2480 1681 2525 quaedam

221 2532 389 2575 ignoratio
421 2532 566 2576 populi,
608 2536 649 2566 ut
688 2543 747 2566 eos
773 2530 927 2576 plerique
959 2529 1089 2564 caninis
1121 2529 1290 2563 deformes
1323 2526 1494 2572 capitibus
1516 2526 1682 2568 dicerent,

220 2575 412 2622 passimque
443 2576 618 2611 audiretur
649 2577 692 2611 de
714 2576 852 2611 immani
875 2587 990 2610 eorum
1013 2586 1138 2620 genere
1160 2574 1286 2612 victus,
1311 2585 1353 2607 ac
1376 2571 1597 2625 crederentur
1619 2572 1682 2605 hu-

223 2621 331 2656 manis
366 2623 524 2656 carnibus
558 2622 738 2667 ingluviem
773 2622 920 2668 explere.
969 2633 1043 2655 cum
1072 2633 1153 2656 vero
1177 2621 1221 2655 ad
1243 2619 1460 2654 Theodorum
1482 2617 1518 2651 in
1540 2617 1683 2662 imperio

223 2671 394 2702 recentem
417 2669 613 2703 dicerentur
628 2668 654 2702 ii
677 2681 720 2703 ex
735 2668 877 2702 Perside
900 2669 1033 2712 legatos
1053 2667 1191 2701 mittere
1212 2666 1294 2710 (nec
1314 2666 1405 2699 fama
1427 2662 1683 2707 mentiebatur),

223 2725 379 2758 magnum
400 2714 450 2749 illi
485 2726 526 2748 ea
558 2726 614 2748 res
646 2719 769 2749 metum
802 2719 838 2748 et
873 2714 1163 2760 perturbationem
1187 2711 1345 2747 admovit.
1393 2709 1549 2743 decrevit
1571 2714 1685 2743 tamen

223 2759 408 2804 imperator
440 2759 650 2795 dissimulata
682 2760 859 2796 formidine
896 2761 989 2805 ipsos
1024 2760 1153 2793 fallere.
1211 2769 1252 2792 ac
1279 2757 1420 2802 primum
1450 2754 1542 2788 misit
1573 2758 1686 2789 certos

224 2805 373 2841 homines
403 2805 464 2852 qui
495 2806 694 2849 nuntiarent
724 2806 762 2841 in
783 2805 956 2841 Persidem
978 2806 1206 2841 Romanorum
1227 2803 1467 2850 imperatorem
1489 2811 1688 2848 comparare
