1846 3262
227 217 322 263 192
636 213 873 259 GEORGII
914 215 1267 260 PACHYMERIS

222 333 289 375 καὶ
317 333 391 373 τοῦ
417 326 599 385 βρέφους
623 329 770 386 μικρὸν
794 327 1075 386 ὑπερβεβηκὸς
1102 330 1265 373 παιδίον
1284 337 1483 387 στερεῖται
1503 333 1576 373 τοῦ
1593 329 1692 384 βλέ-

171 410 203 444 Ε
228 417 339 452 πειν,
376 402 498 441 τοῦτο
531 395 659 452 μόνον
686 398 1172 455 φιλανθρωπευσαμένων
1198 402 1281 442 τῶν
1309 399 1691 456 ἐξυπηρετουμένων

220 472 278 526 τῷ
300 471 437 525 μιαρῷ
455 464 712 521 τολμήματι,
749 468 796 510 τὸ
818 468 876 523 μὴ
901 466 1085 523 σιδήροις
1107 469 1380 523 ἐκπυρωθεῖσι
1400 469 1498 519 τοὺς
1523 468 1692 524 ὀφθαλ-

220 537 325 592 μοὺς
351 534 643 591 λυμήνασθαι,
686 536 783 580 ἀλλ’
817 537 938 596 ἢχείῳ
973 538 1050 579 τινὶ
1079 537 1315 592 πυρωθέντι
1346 537 1409 579 ἐπὶ
1444 542 1526 581 τῶν
1553 537 1693 592 ὄψεων

222 606 435 664 φερομένῳ
469 607 690 660 ἐξοπτῆσαι
719 609 777 664 τῷ
809 607 1005 664 νεανίσκῳ
1038 606 1136 655 τούς
1168 605 1418 662 ὄφθαλμοῦς
1449 606 1726 663 &nommant-5

222 675 378 725 θέντας
407 678 457 732 τῇ
495 672 719 728 ἔκπυρώσει
749 677 816 716 καὶ
843 675 975 730 ἠρέμα
996 674 1248 728 σβεσθέντας
1269 675 1315 718 τὸ
1336 673 1514 719 ὀπτικόν.
1584 676 1693 730 μεθὸ

222 745 267 787 δὲ
298 743 422 787 ταῦτ’
459 741 673 798 ἐτολμήθη
711 743 817 785 κατὰ
849 744 924 799 τὴν
951 742 1107 800 ἡμέραν
1134 748 1210 798 τῆς
1229 742 1374 800 ἑορτῆς
1397 748 1471 786 τοῦ
1489 749 1691 801 σωτῆρος,

84 831 113 865 p
139 830 204 866 128
228 813 335 857 καθ’
358 811 408 868 ἢν
433 812 517 869 ι’ίρα
540 814 606 855 καὶ
629 810 851 869 ἐγεννήθη,
885 814 987 869 χειρὶ
1007 815 1082 867 μὲν
1110 811 1362 872 παρανόμῳ,
1410 811 1629 868 προστάξει
1650 814 1695 856 δὲ

221 882 574 939 παρανομωτέρα,
614 882 804 938 φέροντες
831 879 989 939 φόρτον
1022 882 1189 924 ε’λεεινὸν
1218 884 1285 925 καὶ
1326 879 1413 925 οἷον
1441 881 1606 937 ἄψυχον
1635 886 1694 941 τῷ

223 953 327 1010 πρὸς
356 950 581 995 θάλασσαν
620 955 704 993 τῶν
733 949 996 1006 Νικητιάτων
1038 955 1112 1006 τῆς
1149 950 1387 1006 Δακιβύζης
1426 953 1612 1010 φρουρίῳ
1652 952 1694 995 ἐν
1709 960 1752 995 10

224 1023 408 1079 ἀσφαλεῖ
431 1019 740 1073 κατακλείουσι,
787 1022 854 1063 καὶ
895 1019 934 1062 οἳ
978 1021 1153 1077 φρουροὶ
1197 1021 1541 1076 ἔγκαθίστανται,
1588 1020 1697 1063 ἀπο-

224 1091 454 1146 ταχθέντος
488 1086 718 1143 αὐτάρκους
745 1090 977 1145 σιτηρεσιόυ
1018 1093 1077 1147 τῷ
1113 1089 1433 1147 ἕγκεκλεισμένῳ.
1505 1089 1618 1145 ὅρκοι
1649 1088 1694 1131 δ’

226 1162 365 1203 ἐκεῖνοι
386 1161 453 1202 καὶ
475 1158 691 1202 συνθεσίαι
710 1159 777 1200 καὶ
802 1155 1045 1211 ἐμπεδώσεις
1068 1160 1234 1214 φρικταὶ
1262 1157 1317 1208 ὥς
1346 1156 1505 1212 λάχανα
1522 1155 1698 1212 κατεδή-

229 1232 326 1273 δοτο
347 1231 510 1283 βασιλεῖ
537 1229 727 1269 δοκοῦντι
761 1228 998 1283 θεοφίλειαν
1032 1226 1156 1281 ἔχειν,
1194 1226 1252 1269 δι’
1280 1227 1330 1283 ἢν
1354 1228 1421 1270 καὶ
1440 1231 1695 1283 προυτιμᾶτο

177 1314 208 1348 Β
232 1297 346 1354 παρὰ
367 1301 440 1353 τῆς
461 1296 674 1350 ἐκκλησίας
698 1297 754 1344 εἷς
776 1295 851 1348 τὴν
874 1293 1016 1349 ἀρχήν.
1089 1295 1187 1337 ἀλλ’
1220 1291 1271 1350 ἦν
1301 1295 1383 1354 ἄρα
1413 1296 1460 1338 τὸ
1482 1294 1696 1352 λεγόμενον
1709 1302 1751 1339 15

225 1366 405 1422 ἀληθές,
462 1364 516 1415 ὥς
541 1364 647 1420 ἀρχὴ
677 1365 793 1414 defga
822 1363 978 1419 ἄνδρα·
1023 1363 1144 1414 ἔδειξε
1183 1365 1261 1421 γὰρ
1288 1364 1313 1421 ἦ
1360 1365 1465 1420 ἀρχὴ
1496 1365 1693 1418 κάκεῖνον,

225 1436 338 1486 ὅπως
361 1434 478 1490 ἴμελέ
495 1433 532 1477 οἱ
552 1438 626 1476 τοῦ
649 1434 808 1476 δικαίου
830 1434 897 1475 καὶ
916 1437 990 1487 τῆς
1008 1434 1096 1490 περὶ
1114 1433 1187 1476 τὸν
1204 1433 1305 1477 θεὸν
1327 1433 1552 1487 εὐλαβείας.
1590 1433 1697 1488 πλὴν

223 1502 480 1562 τυφλώττων
503 1502 687 1552 κάκεῖνος
704 1505 756 1558 τῇ
782 1506 856 1557 τῆς
885 1499 1008 1556 δόξης
1034 1500 1282 1558 ματαιότητι
1309 1503 1384 1559 τὴν
1409 1502 1550 1559 ψυχὴν
1578 1503 1699 1546 ἔκτυ-

223 1577 356 1632 φλοῦν
379 1572 531 1615 ἐκέλευε
552 1575 795 1626 σωματικῶς
812 1570 883 1614 τὸν
905 1570 1099 1613 ἀναίτιον.
1226 1615 1233 1619 ,

174 1657 205 1692 c
371 1642 448 1687 11.
519 1638 626 1683 Τότε
658 1640 703 1682 δὲ
730 1641 797 1682 καὶ
830 1640 965 1689 αἲτίας
995 1636 1256 1694 πλασάμενος
1272 1636 1568 1698 τῷὉλοβῶλῳ
1594 1642 1754 1684 Mon-20

224 1708 354 1767 νουήλ
365 1742 380 1764 ,
408 1710 558 1769 παιδίῳ
576 1725 619 1765 γε
639 1707 726 1752 ὄντι
745 1710 811 1752 καὶ
831 1710 887 1758 εἰς
906 1707 1004 1758 τοὺς
1032 1710 1204 1759 οἲκείους
1233 1705 1324 1752 τότε
1355 1713 1539 1752 τελοῦντι
1563 1725 1699 1767 γραμ-

227 1854 309 1888 ergo
344 1841 505 1888 privatur
537 1840 642 1876 oculis
664 1840 829 1887 parvulus
851 1840 990 1886 paulum
1011 1850 1253 1886 supergressus
1275 1839 1473 1886 infantiam,
1505 1841 1572 1877 hoc
1591 1842 1699 1878 solnm

225 1890 370 1924 humane
392 1887 644 1932 indulgentibus
675 1887 839 1921 ministris
875 1887 1013 1922 barbari
1037 1886 1206 1928 mandati,
1238 1891 1277 1921 ut
1303 1898 1370 1920 non
1401 1888 1523 1922 ferreis
1547 1889 1654 1923 clavis
1679 1901 1699 1923 e

226 1938 368 1972 fornace
399 1934 623 1969 candentibus
657 1930 781 1967 <scenos
815 1933 993 1967 tenellulos
1025 1934 1207 1976 foderent,
1238 1933 1299 1967 sed
1322 1933 1699 1980 crepitaculo.quodam

227 1982 335 2027 ignito
360 1981 446 2016 aciei
469 1979 628 2014 luminum
652 1979 786 2014 obiecto
808 1979 945 2013 videndi
967 1979 1401 2014 facultatem,absumerent
1422 1985 1458 2016 et
1481 1981 1606 2016 sensim
1621 1993 1700 2015 are-

226 2029 355 2063 factam
377 2027 654 2072 depascerentur.
686 2025 722 2060 id
745 2025 877 2059 facinus
899 2037 1004 2070 supra
1026 2036 1155 2059 omnem
1173 2025 1305 2059 modum
1324 2026 1460 2062 crudele
1477 2028 1533 2062 die
1555 2026 1699 2062 omnium

230 2073 442 2110 sanctissima
465 2075 500 2107 et
523 2072 664 2106 maxime
686 2072 832 2113 festiva,
866 2071 995 2106 Christi
1017 2072 1207 2106 salvatoris
1229 2071 1338 2105 nostri
1361 2074 1486 2117 natali,
1518 2078 1699 2119 perpetra-

228 2126 303 2155 tum
328 2124 401 2162 est,
424 2119 578 2153 manibus
600 2117 848 2153 scelestissimis
861 2144 870 2159 ‚
894 2118 1054 2152 mandato
1078 2117 1183 2152 multo
1207 2118 1308 2160 etiam
1335 2118 1594 2154 detestabiliori.
1631 2131 1698 2165 quo

226 2166 351 2202 rstatim
375 2167 468 2200 facto
493 2165 645 2211 harpyae
662 2164 821 2199 immanes
844 2164 963 2199 iisdem
986 2164 1174 2208 unguibus,
1198 2164 1321 2209 quibus
1344 2166 1504 2210 praedam
1527 2165 1698 2200 innoxiam

216 2212 582 2253 excarnificaverant,
611 2221 696 2245 onus
729 2210 921 2245 miserabile
949 2210 1142 2255 corpusculi
1172 2210 1247 2245 luce
1270 2211 1358 2245 cassi
1381 2217 1417 2247 et
1438 2212 1533 2248 velut
1554 2211 1700 2247 exanimi

231 2259 393 2293 tollentes
415 2258 450 2292 in
474 2269 586 2292 arcem
609 2257 694 2292 illud
716 2256 915 2291 maritimam
939 2256 1185 2291 Nicetiatarum
1200 2282 1212 2299 ‚
1243 2256 1440 2302 Dacibyzae
1463 2259 1609 2301 dictam,
1634 2257 1700 2292 im-

231 2307 434 2351 portarunt,
466 2307 544 2338 tuta
566 2303 636 2337 illic
662 2308 698 2337 et
718 2302 972 2349 impenetrabili
1001 2303 1154 2337 custodia
1184 2303 1364 2337 tenendum
1385 2304 1543 2340 fidissimi
1565 2303 1700 2350 praesi-

231 2351 303 2392 dii,
328 2361 459 2384 annona
481 2349 518 2384 in
541 2349 699 2383 alimenta
721 2349 860 2391 inclusi,
895 2352 1057 2395 quantum
1091 2352 1145 2383 sat
1179 2350 1288 2392 foret,
1322 2351 1468 2396 provisa.
1513 2351 1701 2386 iuramenta

229 2408 333 2443 porro
356 2397 416 2430 illa
439 2399 475 2430 et
498 2399 600 2441 pacta
622 2395 878 2441 exquisitaeque
900 2396 943 2430 ad
967 2395 1168 2430 firmandam
1189 2395 1290 2430 fidem
1306 2397 1488 2440 cautiones,
1510 2396 1700 2431 horrendae

231 2441 417 2489 quinetiam
440 2442 590 2475 dirarum
611 2441 876 2486 imprecationes
898 2442 932 2476 in
955 2442 1127 2476 fallentem
1144 2466 1153 2482 ‚
1177 2445 1217 2476 ut
1240 2442 1335 2485 olera
1357 2443 1528 2488 deglutita
1551 2447 1630 2476 sunt
1653 2442 1698 2476 ab

230 2489 438 2534 imperatore
460 2487 656 2531 religionem
679 2488 805 2523 habere
826 2488 918 2531 viso,
952 2493 988 2522 et
1010 2491 1049 2522 ut
1069 2488 1129 2522 tali
1151 2488 1271 2523 eximie
1302 2489 1345 2522 ab
1368 2489 1513 2524 ecclesia
1533 2489 1700 2523 honorato

229 2545 384 2581 praeque
423 2534 552 2568 cunctis
581 2533 625 2567 ad
654 2533 833 2578 imperium
861 2538 1025 2579 promoto.
1070 2545 1188 2569 verum
1219 2546 1340 2580 nempe
1372 2540 1426 2570 est
1448 2535 1539 2581 quod
1562 2534 1701 2576 dicitur,

229 2581 451 2626 magistratus
483 2579 640 2614 ostendet
673 2580 792 2615 virum.
837 2592 913 2615 nam
937 2582 1026 2615 hunc
1048 2581 1159 2625 qualis
1181 2584 1293 2623 esset,
1322 2581 1433 2627 palam
1455 2581 1605 2616 ostendit
1626 2592 1701 2615 ma-

231 2627 416 2672 gistratus:
453 2637 552 2671 quam
576 2624 627 2658 illi
648 2630 751 2660 curae
773 2626 825 2660 ius
850 2628 1104 2672 fasqueessct,
1127 2627 1237 2672 qualis
1261 2631 1352 2662 esset
1375 2628 1410 2670 in
1434 2627 1532 2662 deum
1555 2627 1698 2673 pietate,

232 2671 481 2708 demonstravit
503 2670 690 2716 imperium.
739 2677 911 2706 caeterum
934 2677 1138 2708 excaecatus
1163 2676 1199 2707 et
1219 2673 1277 2708 ille
1298 2673 1423 2716 animo,
1445 2677 1482 2708 et
1504 2672 1700 2719 caliginosis

233 2719 366 2755 nebulis
389 2718 520 2764 gloriae
541 2717 690 2751 caducae
713 2729 818 2752 verae
841 2719 1000 2754 mentium
1023 2719 1111 2754 lucis
1129 2719 1254 2754 intuitu
1277 2719 1398 2755 amisso
1411 2745 1424 2764 ,
1445 2719 1576 2755 nefarie
1597 2730 1700 2766 prae-

233 2765 327 2812 cepit
349 2766 559 2800 innocentem
581 2763 656 2814 visu
679 2764 834 2808 corporis
856 2764 996 2810 privari.

328 2813 381 2846 11.
428 2810 552 2856 Neque
575 2809 639 2843 hoc
661 2813 861 2853 contentus,
892 2810 1045 2847 confictis
1075 2814 1158 2846 tunc
1188 2810 1300 2846 causis
1333 2811 1528 2846 manuelem
1549 2810 1701 2847 Holobo—

232 2857 321 2900 lum,
344 2868 485 2904 puerum
507 2862 648 2891 tenerae
670 2856 796 2892 aetatis
828 2859 864 2891 et
886 2855 920 2891 in
942 2856 1204 2893 domesticorum
1226 2857 1518 2903 grammaticorum
1540 2860 1622 2893 tunc
1644 2867 1701 2893 or-
