1884 3262
699 245 819 294 1.th
835 246 899 292 11.
939 247 1141 293 NOTAE.
1230 258 1234 261 ’
1538 246 1638 296 627

189 355 291 395 etius
311 354 403 394 alibi
422 355 660 408 explicatum
676 369 698 394 a
713 362 864 395 nostro.
918 362 1074 396 tantum
1094 357 1143 396 de
1161 355 1287 398 causis
1304 357 1450 409 gratiae
1462 357 1640 398 Chadeni

190 412 298 466 apud
322 412 570 461 Michaelem,
600 426 697 463 quas
723 425 764 451 se
791 412 882 451 alibi
915 413 1115 452 dicturum
1145 413 1212 453 hic
1233 414 1444 464 significat,
1478 416 1638 455 invenio

191 483 227 508 c.
245 472 293 510 11
324 468 443 507 huius
476 469 568 506 libri
592 469 821 507 Chadenum
847 468 956 507 hunc
981 470 1077 508 (lum
1114 469 1223 508 iussu
1248 470 1447 510 Theodori
1475 473 1638 524 Augusti

189 531 415 576 suspectum
433 524 491 562 illi
506 525 776 577 Palaeologum
806 524 1078 564 Thessalonica
1102 526 1279 564 vinctum
1297 527 1530 577 abduceret,
1560 529 1641 568 hu-

188 594 306 620 mane
334 595 380 619 ac
411 581 658 629 clementer,
683 581 814 632 quoad
842 582 995 632 potuit,
1025 582 1156 620 dirum
1183 582 1390 633 imperium
1409 586 1639 628 exercuisse.

190 638 298 676 unde
324 650 494 688 pronum
525 637 678 676 creditu
706 644 783 686 est,
821 643 1025 688 utcunque
1051 637 1092 675 id
1116 645 1250 676 noster
1275 638 1419 677 diserte
1446 654 1642 692 nusquam

191 694 282 732 alibi
302 693 513 745 expressit,
541 693 791 743 Michaelem,
819 694 888 731 ubi
906 700 965 732 est
989 694 1039 732 ad
1064 694 1270 745 imperium
1291 701 1449 734 evectus
1464 725 1475 743 ‚
1502 710 1548 735 eo
1567 712 1640 737 no-

154 782 157 785 .
190 750 294 789 mine
309 762 353 788 se
373 755 529 801 gratum
554 749 739 787 Chadeno
758 750 1001 801 praebuisse,
1031 749 1255 789 adhibendo
1277 763 1367 789 eum
1383 752 1639 804 familiariter,

191 812 233 845 et
276 806 358 844 eius
388 819 506 857 opera
529 806 664 857 primis
696 806 1046 845 administrationis
1082 806 1139 844 rei
1168 807 1346 859 publicae
1372 809 1641 849 functionibus

189 862 354 901 utendo.
410 875 500 900 cum
522 868 654 900 autem
672 863 815 900 reserat
830 869 964 901 noster
980 876 1019 914 p.
1040 864 1096 904 98
1117 876 1155 902 v.
1177 864 1228 906 15
1260 864 1529 916 Palaeologum
1557 872 1641 904 sta-

190 919 260 957 tim
285 925 404 968 atque
429 918 647 957 declaratus
667 918 880 969 imperator
904 925 984 968 est,
1015 924 1222 969 antequam
1241 927 1516 968 coronaretur,
1543 922 1642 960 Phi-

189 974 424 1026 ladelphiam
440 988 528 1013 cum
553 974 674 1026 copiis
698 988 962 1026 progressum,
988 975 1081 1012 inde
1109 975 1355 1015 accersivisse
1371 978 1643 1027 praesidiarios

190 1031 406 1069 confinium
429 1030 578 1068 Persidi
607 1030 801 1068 montium
831 1037 872 1068 et
894 1043 958 1068 res
974 1030 1078 1068 illius
1101 1030 1236 1069 limitis
1258 1031 1480 1082 ordinasse,
1510 1034 1643 1072 credi-

188 1087 266 1126 bile
287 1092 346 1124 est
362 1099 412 1124 ex
428 1087 475 1124 iis
492 1098 593 1137 quae
609 1085 675 1124 hic
694 1087 944 1135 scribuntur,
973 1099 1087 1124 usum
1107 1099 1196 1124 eum
1217 1087 1260 1125 in
1278 1092 1367 1125 toto
1392 1088 1460 1126 illo
1486 1091 1641 1141 negotio

189 1149 231 1181 et
258 1142 419 1180 consilio
446 1148 485 1180 et
513 1142 729 1180 ministerio
752 1142 938 1181 Chadeni.
995 1155 1229 1193 quamquam
1270 1141 1366 1181 huic
1394 1145 1641 1184 coniecturae

187 1199 350 1238 videtur
373 1198 636 1247 intercedere,
666 1199 774 1250 quod
794 1206 929 1237 noster
947 1197 1025 1236 hoc
1046 1198 1134 1236 loco
1155 1199 1304 1237 indicat
1327 1200 1443 1238 istam
1459 1203 1643 1241 vexatio-

188 1268 280 1294 nem
303 1255 607 1293 custodientium
636 1261 790 1293 montes
818 1254 967 1293 Persidi
985 1255 1206 1306 oppositos,
1237 1269 1257 1292 a
1275 1253 1459 1294 Chadeno
1474 1269 1642 1308 persua-

188 1325 272 1350 sam
295 1311 476 1349 Michaeli
501 1311 729 1362 Palaeologo
757 1310 835 1348 iam
854 1311 1084 1361 imperanti,
1114 1310 1166 1348 ad
1195 1311 1411 1362 posteriora
1428 1325 1643 1364 reeupera-

189 1374 255 1406 tae
279 1367 617 1419 Constantinopoli
645 1367 844 1419 pertinere
867 1373 1058 1417 tempora.
1114 1379 1236 1417 quare
1263 1367 1336 1405 nisi
1365 1369 1554 1421 prolepsis
1575 1370 1642 1410 hic

190 1423 382 1475 quaedam
418 1424 670 1475 agnoscitur,
715 1423 982 1473 quaerendum
1015 1422 1106 1460 alibi
1146 1428 1206 1460 est
1235 1423 1393 1473 quando
1430 1426 1642 1477 contigerit

191 1480 301 1531 quod
330 1493 439 1518 nunc
464 1480 650 1522 refertur.
704 1479 852 1517 frustra
878 1484 1010 1517 autem
1043 1484 1126 1516 tota
1153 1477 1229 1516 hac
1259 1478 1459 1518 Michaelis
1477 1480 1640 1521 historia

191 1542 425 1587 quaeretur,
462 1534 699 1587 Pachymere
727 1535 902 1573 fortassis
930 1534 1052 1573 oblito
1075 1534 1309 1585 promissum
1333 1535 1538 1585 exolvere,
1568 1545 1640 1579 aut

191 1606 233 1631 se
263 1593 494 1631 defunctum
523 1593 618 1631 satis
644 1597 733 1630 rato
764 1591 1025 1642 qualicunque
1056 1590 1295 1630 indicatione
1322 1591 1380 1630 rei
1407 1592 1491 1631 eius
1513 1594 1641 1634 alieno

188 1649 278 1688 loco
288 1649 509 1701 praemissa.

303 1719 337 1744 c.
354 1709 392 1747 6.
447 1718 533 1743 rem
558 1704 671 1742 dictu
694 1716 881 1755 parvam,
919 1702 987 1741 sed
1013 1701 1218 1742 admonitu
1247 1703 1348 1742 sorte
1377 1716 1458 1742 non
1475 1717 1639 1757 prorsus

189 1761 370 1800 inutilem
388 1760 615 1800 brevissime
632 1760 854 1811 transigam.
908 1772 1081 1811 pronum
1107 1766 1166 1797 est
1193 1759 1312 1798 docto
1327 1761 1473 1799 Graece
1488 1762 1639 1812 lectori,

192 1818 290 1856 dum
319 1820 361 1856 in
390 1817 468 1856 hoc
497 1817 622 1869 capite
655 1815 911 1869 μαχουμένων
939 1816 998 1853 bis
1027 1816 1146 1867 leget,
1181 1816 1349 1854 suboriri
1381 1817 1638 1869 suspicionem

192 1874 288 1912 editi
313 1874 498 1912 mendose
528 1873 626 1920 loci,
666 1885 756 1911 cum
787 1878 950 1919 auctor,
983 1878 1105 1923 prout
1133 1872 1277 1910 caeteri
1308 1872 1436 1911 solent
1460 1874 1640 1925 fortasse,

164 1959 168 1966 ·
191 1929 423 1983 μαχομένων
442 1929 654 1995 scripserit.
710 1930 820 1979 atqui
843 1927 1150 1966 constantissime
1172 1941 1219 1965 ao
1240 1928 1448 1966 clarissime
1463 1929 1504 1967 in
1525 1931 1642 1969 codi-

191 1987 302 2025 cibus
319 1986 592 2038 antiquissimis
603 2014 614 2034 ,
641 1984 868 2036 praesertim
883 1984 1097 2022 Barberino
1115 1985 1177 2021 cui
1194 1984 1438 2035 potissimum
1456 1985 1641 2024 adhaesi-

191 2056 298 2092 mus,
328 2041 586 2096 μαχουμένων
612 2041 870 2082 scribebatur.
927 2052 1066 2090 nempe
1087 2039 1364 2091 Pachymerem
1392 2039 1474 2077 hic
1484 2054 1643 2091 quoque

193 2099 303 2149 loqui
340 2113 431 2138 cum
468 2099 587 2149 vulgo
619 2097 771 2150 piguit,
815 2109 929 2135 recor
933 2096 1090 2134 dantem
1130 2096 1238 2147 apud
1274 2095 1489 2134 Homerum
1520 2096 1598 2136 Od.
1616 2100 1641 2139 λ,

193 2167 235 2194 v.
263 2153 348 2196 402
387 2167 428 2192 se
467 2155 601 2205 legisse
638 2149 911 2205 μαχεούμενον
929 2181 940 2200 ,
982 2151 1058 2190 Od.
1090 2165 1122 2191 ω
1153 2153 1310 2194 v.114
1353 2165 1639 2235 μαχεουμενοι,

193 2209 305 2249 Iliad.
323 2226 349 2250 α
365 2223 404 2248 v.
430 2210 511 2252 345
533 2208 758 2262 μαχέοιντο,
788 2215 829 2247 et
843 2208 932 2246 alibi
947 2207 1099 2245 similia.

310 2279 349 2318 p.
363 2269 414 2308 21
440 2265 820 2316 v.1.qu1.filcam
837 2265 990 2316 nepotis
1017 2265 1102 2301 eius
1126 2261 1220 2313 (hoc
1250 2266 1310 2300 est
1334 2261 1490 2301 Ioannis
1513 2263 1639 2316 patris

196 2321 416 2373 Theodori)
435 2323 627 2370 exfratre
642 2322 897 2358 matrimonio
917 2320 997 2357 sibi
1022 2321 1208 2356 iunxerat
1230 2318 1410 2356 Michak’l
1421 2320 1640 2358 Palaeolo-

194 2393 289 2430 gas.
332 2377 432 2416 haec
447 2377 678 2415 distinctius
683 2390 778 2415 narr
780 2383 912 2414 antem
931 2375 1068 2413 audire
1084 2386 1225 2425 operae
1242 2374 1412 2426 pretium
1431 2381 1490 2413 est
1509 2376 1639 2414 Geor-

197 2435 304 2486 gium
327 2433 591 2485 Acropolitsm
616 2432 815 2470 oculatum
848 2437 1044 2483 gestorum
1075 2435 1228 2468 testem.
1284 2442 1374 2481 ergo
1391 2430 1425 2468 is
1442 2431 1638 2469 Historiae

198 2503 292 2529 suae
311 2503 344 2528 c.
363 2492 414 2532 51
435 2503 473 2540 p.
495 2487 548 2530 55
573 2488 632 2528 ed.
653 2489 745 2539 Reg.
763 2488 821 2525 sic
839 2487 990 2526 scribit.
1016 2485 1085 2526 και
1101 2485 1125 2526 ὅ
1144 2483 1325 2538 βασιλευς
1345 2485 1500 2538 (nempe
1520 2487 1640 2525 Ioan-

198 2560 269 2586 nes
287 2546 485 2597 Augustus
503 2543 701 2583 Theodori
711 2518 865 2596 ²³pater)
901 2540 972 2583 τὸν
995 2539 1213 2610 Κομνηνον
1241 2540 1439 2591 ἒνεδέξατο
1458 2540 1638 2594 Μιχαήλ,

199 2603 268 2644 καὶ
287 2598 493 2670 ζεύγνυσιν
513 2598 622 2656 αυτῷ
642 2600 698 2647 εἷς
720 2603 890 2667 γυναῖκα
914 2601 989 2638 τοῦ
1004 2594 1185 2646 ἀδελφοῦ
1210 2593 1336 2637 αυτοῦ
1357 2601 1431 2638 τοῦ
1446 2599 1638 2665 σεβαστο-

199 2654 392 2726 κράτορος
407 2642 604 2697 Ἰσαακὶου
626 2671 697 2696 του
727 2651 865 2695 Aonium
890 2650 1057 2707 ἐγγόνην
1079 2651 1156 2705 τήν
1176 2651 1416 2723 6e06c0'9av‘,
1437 2650 1493 2701 ἣν
1512 2652 1637 2719 μόνην

201 2714 226 2756 ἆ
243 2712 372 2766 nutrio
392 2709 515 2763 αὐτῆς
531 2708 818 2758 καταλελοιπως
839 2710 862 2751 ὅ
881 2713 954 2750 τοῦ
971 2704 1326 2773 offiaofoupoivooog
1349 2706 1439 2755 υἷός
1451 2704 1638 2760 Ἰωάννης

203 2769 259 2810 ἔτι
275 2770 320 2811 έν
339 2769 515 2822 μείραξιν
539 2765 596 2809 ω“ν
620 2765 663 2808 τὸ
681 2764 804 2819 χρεών
822 2764 1056 2818 ἐξεμέτρησε.
1094 2765 1151 2803 ita
1165 2764 1242 2802 ille.
1298 2776 1348 2801 ex
1372 2763 1434 2800 his
1452 2763 1640 2802 habemus

202 2825 388 2864 loannem
405 2826 552 2863 Ducam
570 2824 652 2862 sive
676 2824 872 2861 Batatzem
890 2821 1108 2872 Augustum
1130 2825 1298 2871 purgato
1312 2819 1404 2856 satis
1423 2832 1446 2855 a
1466 2820 1641 2857 crimini-

203 2881 279 2920 bus
305 2881 483 2933 impactis
507 2887 548 2920 et
566 2885 733 2932 recepto
768 2879 811 2918 in
840 2878 1005 2930 gratiam
1032 2876 1214 2916 Micha'eIi
1242 2875 1488 2927 Palaeologo,
1526 2887 1641 2927 quem

1661 534 1780 572 P437
