1884 3262
425 175 500 218 DE
533 174 809 219 MICHAELE
843 173 1211 218 PALAEOLOGO
1247 174 1294 216 L.
1328 174 1384 216 V.
1540 170 1638 217 415

189 293 292 332 σθαι
318 285 510 338 πολλάκις
543 286 750 344 ὁμολογεῖν
778 287 849 330 τὸν
877 286 997 342 ὅρκον
1025 286 1214 343 γενέσθαι
1241 282 1433 340 κωλύμην
1466 289 1540 328 τοῦ
1572 287 1640 328 καὶ

189 357 315 400 αὐτὸν
344 356 385 399 ἐν
415 354 575 407 τούτοις
601 355 724 408 εἶναι,
762 357 844 398 ἐπεὶ
874 357 993 398 πλέον
1025 355 1099 398 οὐκ
1131 350 1180 410 ἦν
1201 354 1390 410 γενέσθαι
1423 357 1505 396 τῶν
1532 371 1640 410 πρα-

185 426 392 480 χθέντων,
429 423 484 475 ὥς
502 423 797 478 ὑπελάμβανεν.
846 425 885 466 ἒν
907 422 1067 473 τούτοις
1091 422 1241 477 διάγων
1260 420 1284 465 ὅ
1302 419 1491 477 Ἰωάννης
1508 422 1640 464 πολλοὶ

187 494 261 547 μέν
277 492 514 549 γραμμάτια
534 495 588 542 εἷς
608 501 742 548 χεῖρας
761 491 837 547 εἶχε
859 490 1103 545 λαμβάνων,
1142 490 1168 532 ἃ
1191 490 1241 544 δὴ
1263 492 1330 532 καὶ
1355 490 1394 531 οἷ
1413 489 1637 543 σχιζόμενοι

151 563 418 614 5ἐξετίθουν,
450 560 671 610 δεικνύντες
693 561 765 616 τὴν
787 563 931 615 πρᾶξιν
960 558 1014 608 ὥς
1042 558 1250 614 σφαλερὰν
1274 560 1339 599 καὶ
1367 562 1468 600 θεοῦ
1496 556 1637 617 πόρρῳ

185 627 444 683 βάλλουσαν,
481 629 567 683 ἅμα
587 630 631 672 δὲ
653 631 718 671 καὶ
740 628 835 677 τοὺς
849 627 1029 676 Ἰταλοὺς
1048 624 1211 680 ἐνόχους
1230 626 1427 680 αἱρέσεσιν
1449 626 1497 667 οὐ
1521 643 1639 669 συνε-

187 698 448 752 σκιασμέναις
473 697 607 747 ἄλλως
635 700 702 739 καὶ
729 694 974 752 ἀμφιβόλοις
1002 694 1097 737 ἀλλ’
1133 694 1328 751 ἐμφανέσι
1360 711 1402 736 τε
1436 695 1501 735 καὶ
1527 698 1633 747 λαμ-
1657 703 1688 736 D

186 774 320 822 πραῖς.
392 765 497 820 εἶχον
524 767 567 808 δὲ
595 768 660 807 καὶ
685 765 764 807 ἀπὸ
784 769 952 820 γραφῶν
973 762 1028 812 ἅς
1056 765 1185 817 δῆθεν
1209 762 1282 812 τὰς
1304 760 1547 814 ὖποδείξεις,
1587 761 1636 811 ἃς

187 836 252 876 καὶ
282 832 608 888 κατεστρώννυον
634 833 935 888 συνεχέστερον,
981 831 1054 874 κᾶν
1085 829 1164 873 πού
1185 848 1222 873 τι
1251 832 1316 872 καὶ
1335 827 1461 885 ἇγιόις
1478 827 1636 886 ἐρρήθη

133 913 176 946 10
189 900 491 958 θεληματικόν,
519 901 620 944 εἴποι
650 918 734 954 τις,
771 903 836 943 καὶ
858 901 902 942 τὸ
927 900 1030 942 κατὰ
1053 904 1162 955 σφᾶς
1190 897 1390 950 παριστᾶν
1410 900 1546 950 ἰδίως,
1583 896 1640 947 ὥς

186 973 275 1025 περὶ
300 968 458 1027 εἰρήνης
486 968 571 1012 οἷον
597 967 651 1019 ὦς
672 969 916 1024 εἷρηνευτέον
942 969 1016 1021 μὲν
1040 967 1142 1010 ὅπου
1163 967 1221 1021 μὴ
1244 966 1342 1012 θεὸν
1364 965 1633 1019 ζημιοῦμεθα,

186 1041 251 1080 καὶ
269 1038 514 1092 πολεμητέον
532 1032 655 1086 αὖθις
676 1036 778 1080 ὅπου
798 1039 1044 1091 ζημιοῦσθαι
1063 1034 1160 1077 θεὸν
1182 1031 1484 1087 κινδυνεύομεν,
1521 1034 1635 1075 ταῦτ’

184 1107 323 1148 ἐκεῖνοι
343 1106 444 1162 πρὸς
466 1106 513 1148 τὸ
537 1103 863 1159 καθολικώτερον
892 1104 1186 1159 μεταφέροντες
1202 1135 1214 1154 ,
1247 1104 1312 1144 καὶ
1340 1101 1443 1144 ἄλλα
1468 1106 1636 1144 πλεῖστα

183 1178 353 1216 τοιαῦτα
382 1175 680 1229 παρενεῖροντες
715 1181 803 1223 ταῖς
840 1178 956 1229 σφῶν
991 1178 1265 1227 συγγραφαῖς,
1311 1171 1518 1226 παρίστων
1558 1170 1632 1225 τὴν
1657 1176 1686 1210 Ε

131 1253 174 1289 15
187 1245 331 1298 πρᾶξιν
358 1240 413 1292 ὥς
443 1240 665 1298 σφαλεράν.
735 1237 784 1295 ἦν
816 1243 859 1283 δὲ
886 1241 932 1283 τὸ
967 1238 1160 1293 ἑπόμενον
1187 1241 1230 1289 ἐξ
1260 1235 1437 1293 ἀνάγκης
1464 1236 1632 1294 γράφειν

183 1310 364 1353 κάκεῖνον
382 1312 446 1352 καὶ
467 1310 759 1365 ἀπολογεῖσθαι
780 1309 848 1366 ἐφ’
870 1306 1027 1366 ἑκάστῳ
1047 1312 1127 1350 τῶν
1147 1307 1382 1362 λεγομένων.
1453 1306 1550 1347 ἀλλ’
1576 1308 1635 1348 εἶ·-

184 1379 267 1429 δώς
285 1377 477 1434 αι’ρόμενα
495 1376 705 1420 σκάνδαλα
731 1375 785 1426 ὥς
808 1375 935 1431 λόγων
966 1375 1097 1431 λόγοις
1113 1375 1379 1429 μαχομένων,
1418 1374 1459 1424 ἒξ
1483 1368 1539 1416 ὧν
1559 1374 1634 1416 οὐκ

184 1446 269 1489 ἔστι
306 1443 602 1503 διαδιδράσκειν
629 1444 654 1499 ἢ
685 1440 811 1488 οὖσαν
842 1443 867 1501 ἢ
899 1447 1100 1487 δοκοῦσαν
1129 1444 1372 1500 κατηγορίαν
1402 1442 1465 1484 ἐπὶ
1496 1459 1633 1499 παρα-

185 1611 250 1646 iam
271 1611 505 1656 suspicabatur
528 1610 616 1656 quod
649 1612 750 1644 antea
779 1610 960 1653 timuerat,
993 1621 1063 1643 rem
1095 1608 1236 1642 ulterius
1270 1618 1500 1653 processuram
1533 1618 1633 1653 quam

183 1669 250 1702 quo
276 1661 366 1691 esset
387 1658 550 1691 hactenus
567 1662 731 1701 promota.
779 1668 819 1690 eo
840 1656 942 1700 igitur
973 1655 1114 1700 hospitio
1136 1654 1278 1688 Ioannes
1300 1659 1422 1693 utens,
1454 1652 1575 1688 multos
1598 1653 1633 1686 in

183 1714 301 1737 manus
330 1703 472 1748 sumpsit
504 1702 652 1746 legitque
685 1702 814 1736 libellos
846 1703 888 1736 ab
922 1702 966 1736 iis
997 1700 1198 1745 compositos
1226 1699 1285 1743 qui
1309 1700 1575 1744 perseverabant
1595 1698 1632 1731 in

183 1749 386 1790 schismate;
407 1759 547 1794 quorum
570 1751 643 1781 erat
665 1759 787 1792 scopus
815 1748 994 1782 ostendere
1015 1750 1206 1791 suspectum
1237 1746 1300 1778 hoc
1323 1750 1431 1778 totum
1454 1743 1548 1789 pacis
1571 1755 1631 1777 ne-

183 1794 312 1837 gotium
335 1805 428 1834 esse,
453 1794 617 1838 longeque
638 1805 661 1827 a
685 1793 748 1827 deo
765 1805 820 1827 .ac
842 1805 925 1827 vera
945 1792 1107 1837 religione
1138 1802 1198 1824 nos
1228 1791 1419 1832 abducens3
1451 1795 1632 1834 praeterea

182 1839 287 1873 Italos
317 1839 502 1872 haereseon
531 1839 639 1873 teneri
669 1850 768 1881 reos,
799 1850 980 1884 earumque
1012 1850 1076 1872 non
1111 1837 1315 1871 occultarum
1350 1841 1410 1869 aut
1441 1835 1509 1868 ullo
1532 1835 1631 1869 modo

184 1884 384 1926 dubiarum,
417 1885 478 1919 sed
510 1884 711 1919 evidentium
742 1890 778 1919 et
806 1885 992 1919 meridiana
1021 1883 1178 1918 claritate
1208 1886 1463 1926 compertarum.
1515 1881 1631 1914 talium

184 1934 386 1964 assertorum
410 1930 609 1964 documenta
630 1942 668 1963 se
698 1931 825 1964 habere
852 1930 985 1964 scilicet
1006 1930 1142 1963 aiebant
1163 1928 1339 1962 manifesta
1361 1928 1528 1971 planeque
1550 1937 1632 1960 con-

180 1975 348 2009 vincentia
378 1975 569 2009 testimonia
606 1976 807 2020 scriptorum
845 1975 1130 2015 authenticorum,
1162 1985 1250 2018 quae
1281 1977 1316 2006 et
1347 1971 1520 2006 ambitiose
1546 1983 1630 2005 oon-

181 2024 336 2054 texentes
359 2022 587 2066 proferebant.
635 2033 676 2055 ac
699 2021 729 2054 si
752 2022 841 2066 quod
865 2026 1055 2055 sanctorum
1080 2026 1246 2054 assertum
1269 2018 1303 2052 in
1335 2016 1540 2051 contrarium
1564 2028 1629 2062 op-

181 2072 380 2110 poneretur,
405 2067 545 2111 primum
568 2067 781 2111 excipiebant
802 2067 1036 2108 arbitrarium,
1060 2070 1098 2100 ut
1120 2065 1195 2110 quis
1217 2064 1361 2104 dixerit,
1384 2063 1418 2095 id
1443 2073 1541 2103 esse,
1563 2062 1629 2095 hoc

182 2115 235 2145 est
256 2123 318 2156 pro
340 2113 412 2145 sola
434 2114 605 2146 voluntate
638 2114 714 2157 paci
744 2112 949 2147 studentium
973 2114 1016 2146 ad
1044 2110 1241 2146 concordiae
1272 2109 1406 2143 oblatae
1429 2108 1629 2151 comproba-

181 2157 304 2190 tionem
336 2159 587 2191 accommodari.
635 2158 756 2192 deinde
788 2158 1016 2192 concedebant
1055 2156 1240 2191 faciendam
1282 2165 1363 2188 sane
1394 2164 1530 2197 pacem,
1564 2152 1628 2186 sed

181 2205 262 2247 tunc
293 2205 441 2243 tantum,
476 2204 608 2248 quando
641 2215 707 2237 non
738 2204 930 2247 exigeretur
959 2213 1137 2237 consensus
1168 2201 1201 2234 in
1232 2199 1266 2233 id
1290 2210 1357 2244 quo
1380 2199 1477 2232 deum
1499 2197 1628 2232 offendi

182 2251 371 2280 constaret:
407 2259 516 2292 neque
541 2249 627 2282 enim
657 2250 712 2282 dei
744 2250 877 2283 iactura
907 2250 992 2282 bene
1022 2246 1298 2292 tranquillitatem
1334 2244 1421 2287 emij
1451 2243 1627 2289 satiusque

181 2293 284 2326 multo
316 2303 391 2326 esse
421 2292 617 2336 decertare,
651 2294 711 2327 ubi
740 2306 783 2328 ne
804 2307 826 2329 a
857 2295 921 2327 deo
943 2306 1091 2338 veraque
1120 2291 1283 2335 religione
1313 2290 1502 2324 excidamus
1525 2300 1628 2334 prae-

179 2349 258 2372 sens
281 2337 464 2382 periculum
488 2338 543 2372 sit.
589 2340 671 2373 talia
690 2340 738 2374 illi
769 2340 804 2374 in
826 2340 968 2374 maxime
991 2338 1189 2373 catholicam
1212 2337 1456 2370 conformantes
1477 2335 1625 2379 speciem

179 2383 374 2417 scribebant
395 2383 692 2429 disserebantque,
722 2386 826 2419 multa
852 2386 886 2419 in
910 2396 982 2418 eam
1006 2383 1204 2418 sententiam
1228 2381 1395 2415 accuratis
1416 2380 1626 2414 lucubratio-

179 2428 277 2462 nibus
302 2428 523 2472 plausibiliter
550 2436 792 2474 congerentes,
825 2431 948 2475 quibus
979 2434 1162 2475 appareret
1187 2438 1310 2472 anceps
1339 2426 1430 2460 istud
1453 2430 1562 2460 totum
1583 2437 1626 2460 ac

179 2474 321 2519 periculi
350 2475 481 2519 plenum
516 2474 623 2508 videri
656 2475 781 2509 debere
811 2476 989 2519 negotium.
1044 2487 1085 2508 ea
1117 2474 1175 2507 ille
1216 2473 1347 2516 legens,
1387 2472 1623 2506 necessitatem

178 2519 292 2553 subire
313 2520 493 2562 videbatur
515 2520 725 2554 manifestam
756 2521 892 2565 scriptis
922 2521 989 2555 ista
1014 2519 1192 2553 contrariis
1219 2517 1394 2552 refellendi
1420 2517 1627 2562 responden-

179 2565 280 2610 dique
301 2565 493 2609 singillatim
516 2565 558 2598 ad
579 2566 721 2608 singula.
767 2566 827 2599 sed
855 2566 943 2600 idem
965 2566 1147 2611 providens
1170 2576 1212 2598 ex
1237 2564 1302 2598 isto
1324 2563 1483 2597 aientium
1506 2567 1542 2596 et
1564 2574 1624 2596 ne-

178 2611 326 2654 gantium
358 2610 516 2643 conflictu
544 2611 744 2655 scriptorum
775 2616 936 2656 eruptura
959 2611 1142 2651 scandala,
1171 2610 1257 2644 raris
1279 2610 1461 2643 lectoribus
1485 2619 1527 2642 ea
1547 2608 1624 2641 luce

180 2655 282 2690 animi
303 2655 515 2700 vigentibus,
538 2661 576 2690 ut
597 2656 824 2690 blandientem
838 2657 995 2702 utrinque
1016 2657 1050 2690 in
1073 2655 1253 2690 commissis
1274 2654 1422 2689 invicem
1443 2664 1623 2697 argumen-

180 2700 227 2734 tis
247 2701 479 2735 altercantium
501 2701 800 2744 verjsimilitudinis
822 2702 966 2747 speciem
989 2713 1071 2737 sano
1088 2702 1210 2736 iudicio
1227 2701 1466 2741 discernerent,
1489 2711 1552 2732 nec
1568 2700 1621 2732 fa-

182 2745 243 2779 cile
264 2746 421 2792 scriptori
442 2747 593 2792 quamvis
616 2753 714 2781 cauto
736 2748 810 2781 fore
833 2759 907 2782 eam
934 2746 971 2782 in
992 2748 1054 2782 tali
1082 2747 1258 2782 tractando
1291 2749 1486 2790 argumento
1507 2744 1622 2779 mode-

179 2791 342 2826 rationem
363 2797 502 2842 tenefe,
526 2798 564 2828 ut
586 2793 669 2828 satis
689 2804 766 2827 sese
787 2793 1004 2828 subtraheret
1032 2795 1267 2839 plerorumque
1291 2790 1621 2837 reprehensionibus,
