1846 3262
422 225 500 267 DE
525 223 807 267 MICHAELE
841 221 1221 267 PALAEOLOGO
1256 223 1303 268 L.
1337 220 1392 268 Π.
1566 220 1632 266 95

153 341 355 398 γίνονται,
395 340 463 382 καὶ
491 338 637 394 σχεδὸν
656 336 827 387 πάντες·
864 335 978 391 ὅμως
997 336 1038 380 δ’
1061 337 1264 391 ἐμπεδοῦν
1280 343 1369 387 τοῖς
1388 332 1635 394 φρικώδεσιν

154 409 312 466 ὅρκοις,
369 408 516 465 ἀραῖον
545 408 647 462 ἔχειν
676 406 779 463 ὑπὲρ
809 406 994 462 θατέρου
1027 405 1209 463 θάτερον
1235 410 1313 449 τοῦ
1344 404 1405 460 μή
1435 423 1473 448 τι
1504 405 1636 449 δεινὸν

153 477 470 534 βουλεύσασθαι
498 477 596 520 κατ’
619 475 806 532 ἀλλήλων
827 475 926 525 τούς
941 475 1164 526 βασιλέας,
1202 479 1287 517 τῶν
1308 474 1475 518 εἰκότων
1497 473 1634 531 ἐνόμι-

155 565 248 591 σαν.
322 546 407 605 (2)
444 545 618 600 ἑτοίμως
650 545 694 588 δ’
730 543 920 602 ἀφῄρουν
948 546 1015 587 καὶ
1045 544 1092 587 τὸ
1122 547 1274 590 δοκοῦν
1293 551 1380 594 τοῖς
1399 545 1634 599 πραττομέ-
1657 553 1688 587 Ρ
1711 555 1757 588 60

121 628 243 667 ὄνοις
271 618 584 672 προσίστασθαι
617 614 748 671 ε’φέσει
778 618 853 656 τοῦ
878 618 1012 656 ταῦτα
1040 614 1246 669 γενέσθαι.
1316 611 1373 663 ὦς
1398 613 1477 669 γὰρ
1506 614 1551 656 αἱ
1571 631 1638 670 γε-

154 693 314 743 γονυῖαι
346 686 563 728 συνθεσίαι
597 688 672 727 τοῦ
696 681 988 738 Παλαιολόγου
1018 682 1121 739 πρὸς
1140 682 1212 725 τὸν
1233 679 1400 725 πάππον
1419 687 1494 725 τοῦ
1512 688 1638 737 βασι-

156 755 258 805 λέως
289 756 356 797 καὶ
387 755 430 796 αἱ
458 754 516 797 δι’
549 752 795 810 ἄφορισμιῦν
824 750 1095 806 ἐμπεδώσεις,
1131 747 1158 807 ἦ
1185 750 1268 806 μὴν
1293 749 1355 807 μή
1377 769 1415 794 τι
1435 752 1542 795 κατὰ
1563 757 1637 796 τοῦ

155 824 296 881 γένους
335 828 411 866 τοῦ
451 824 660 876 βασιλείου
689 820 1029 876 βουλεύσασθαι,
1071 819 1185 877 παρά
1217 838 1300 863 των
1327 823 1632 877 προυτείνοντο,
1678 839 1687 850 ⁴

157 891 213 943 ὥς
241 891 355 935 ἱστὸν
382 890 564 950 ἀράχνης
594 890 615 934 ὃ
643 896 726 934 τῶν
743 890 962 947 ἀρχιερέων
981 888 1182 946 σύλλογος
1200 889 1275 939 τὰς
1294 888 1512 946 συνθήκας
1534 892 1636 934 ἐκεί-

102 976 147 1009 10
158 979 231 1012 νας
263 962 436 1004 διέλυον.
506 961 565 1015 μὴ
595 960 672 1017 γὰρ
704 958 804 1002 εἶναι
825 959 873 1002 τὸ
893 964 1082 1002 τοιοῦτον
1113 959 1219 1002 κατὰ
1239 964 1315 1002 τοῦ
1337 958 1632 1014 βασιλεύοντος
1655 967 1686 1002 Β

154 1029 348 1074 κάκιστον
372 1027 583 1083 βούλευμα
594 1063 607 1082 ,
652 1029 758 1072 ἀλλὰ
786 1033 946 1083 μᾶλλον
975 1031 1188 1084 συνεργίαν
1219 1033 1294 1083 τῆς
1321 1031 1534 1082 βασιλείας
1565 1033 1635 1072 καὶ

156 1098 407 1156 συντήρησιν
439 1097 686 1154 ἅόιάδοχον,
717 1098 823 1141 κατὰ
846 1098 990 1155 καιρὸν
1013 1098 1310 1155 συναιρομένου
1333 1102 1407 1153 τῆς
1426 1098 1558 1153 ἀρχῆς
1573 1103 1634 1158 τῷ

157 1169 234 1227 νέῳ
256 1174 328 1223 τῆς
345 1170 547 1223 βοηθείας
567 1165 771 1226 χρῄζοντι.
843 1167 920 1216 τὰς
937 1166 1181 1210 τούντεῦθεν
1201 1169 1245 1210 δὲ
1265 1172 1348 1210 τῶν
1372 1166 1506 1224 ὅρκων
1525 1185 1636 1222 συμ-

154 1237 296 1292 βάσεις
318 1238 381 1280 {ni
403 1242 604 1280 τοσοῦτον
622 1237 669 1280 τὸ
696 1236 865 1293 ἰσχυρὸν
891 1237 994 1291 ἔχειν
1013 1239 1080 1279 καὶ
1102 1235 1325 1280 ἀδιάλυτον
1347 1235 1451 1280 ὥστε
1472 1239 1539 1279 καὶ
1558 1238 1636 1287 τὰς

101 1317 144 1354 15
156 1306 359 1363 προτέρας
380 1314 560 1349 συνεῖναι
586 1304 780 1359 ταύταις,
813 1304 869 1356 ὥς
887 1308 954 1348 καὶ
978 1305 1232 1363 ἀμφοτέραις
1250 1306 1322 1349 τὸν
1341 1304 1634 1362 Παλαιολόγον

156 1376 367 1431 ἐνέχεσθαι
378 1408 392 1429 ‚
430 1376 472 1418 εἴ
492 1394 561 1419 ποι
581 1380 640 1434 τῷ
661 1375 736 1434 νέῳ
762 1374 1030 1428 ἐπιβουλεύοι.
1101 1375 1148 1418 οὔ
1169 1376 1253 1431 μὴν
1273 1377 1318 1418 δὲ
1338 1375 1444 1418 ἀλλὰ
1465 1377 1532 1418 καὶ
1559 1375 1635 1418 οἷν-

155 1442 389 1503 τιστρόφως
422 1442 549 1499 ἐζήτει
576 1445 652 1500 τὴν
680 1444 786 1502 ἀρὰν
816 1446 1016 1488 τίθεσθαι
1042 1446 1109 1487 καὶ
1139 1445 1238 1495 τούς
1258 1443 1408 1503 ὅρκους
1425 1446 1625 1501 γίνεσθαι,
1654 1460 1684 1493 c

154 1605 226 1636 tum
260 1604 334 1644 est,
372 1604 411 1636 ut
442 1602 541 1636 ambo
574 1602 749 1648 principes
782 1602 980 1637 iuramentis
1008 1612 1109 1648 quam
1141 1600 1286 1636 maxime
1319 1601 1514 1644 horrendis,
1551 1601 1635 1637 diris

156 1649 260 1683 etiam
293 1648 542 1683 execrabilibus
578 1648 724 1691 additis,
755 1649 989 1693 obligarentur
1011 1649 1054 1683 ad
1078 1648 1181 1681 fidem
1207 1648 1352 1682 invicem
1385 1649 1633 1694 caritatemque

155 1694 396 1740 praestandam
428 1694 734 1739 abstinendumque
767 1708 787 1729 a
821 1696 855 1730 vi
888 1695 978 1730 omni
1009 1707 1051 1729 ac
1082 1695 1225 1738 fraude,
1262 1694 1411 1740 quaein
1434 1695 1631 1730 alterutrius

154 1740 338 1795 perniciem
362 1741 528 1775 tenderet.
579 1742 652 1786 (2)
682 1741 750 1775 ista
774 1753 876 1787 porro
900 1742 958 1776 vel
981 1740 1158 1776 occasione
1182 1743 1239 1775 vel
1262 1746 1445 1787 praetextu
1467 1753 1631 1777 novorum

153 1792 418 1831 xurameiitorum
449 1786 552 1821 facile
583 1787 673 1821 sacri
708 1788 882 1822 antistites
905 1788 1123 1829 relaxarunt,
1156 1787 1247 1833 quod
1271 1788 1314 1821 ad
1338 1799 1411 1821 rem
1435 1799 1523 1833 quae
1547 1799 1630 1832 age-

153 1833 257 1868 batur
280 1844 447 1879 quamque
469 1833 611 1867 multum
634 1835 802 1878 optabant
824 1836 1012 1880 putabatur
1032 1834 1286 1877 necessarium,
1310 1834 1475 1880 siquidem
1498 1846 1541 1868 ne
1563 1846 1628 1868 no-

152 1891 231 1913 vum
254 1879 480 1913 iuramentum
504 1880 570 1914 rite
593 1892 614 1914 a
638 1880 840 1925 Palaeologo
865 1882 1118 1924 conciperetur,
1150 1880 1331 1914 videbatur
1352 1881 1494 1915 obstare
1515 1881 1627 1915 adhuc

152 1925 274 1970 vigens
297 1926 417 1970 religio
443 1926 570 1960 veteris
590 1925 829 1968 iurisiurandi,
854 1939 921 1973 quo
944 1928 1002 1962 ille
1025 1939 1091 1961 avo
1116 1927 1210 1971 pueri
1235 1926 1399 1972 principis
1421 1927 1545 1961 dudum
1568 1939 1628 1961 sa·-

153 1976 326 2006 eramento
354 1972 456 2006 fidem
482 1972 681 2014 addixerat,
714 1985 781 2008 non
809 1974 844 2007 in
877 1973 984 2019 ipsius
1014 1974 1246 2008 tantummodo
1275 1985 1469 2018 personam,
1505 1973 1625 2007 sedin

153 2017 296 2063 stirpem
317 2017 465 2052 eiusdem
490 2030 530 2053 ac
554 2022 732 2064 posteros,
764 2019 889 2055 additia
913 2019 1016 2055 etiam
1039 2021 1287 2054 anathematum
1301 2046 1311 2062 ,
1335 2019 1363 2053 si
1387 2020 1542 2063 falleret,
1568 2019 1624 2053 in-

153 2065 394 2099 currendorum
426 2064 664 2099 devotionibus
693 2077 735 2100 ac
765 2066 858 2101 diris.
907 2078 996 2112 quae
1027 2077 1116 2101 nunc
1147 2066 1256 2100 omnia
1287 2070 1403 2100 coetus
1426 2066 1622 2112 praesulum

152 2115 193 2144 ut
223 2111 311 2144 telas
345 2122 548 2145 aranearum
578 2111 726 2158 disrupit
755 2123 797 2147 ac
827 2113 914 2147 fecit
942 2113 1057 2155 irrita,
1095 2124 1216 2156 magno
1239 2124 1404 2146 consensu
1426 2112 1621 2156 declarans,

153 2156 247 2201 quod
270 2156 345 2190 fieri
368 2157 605 2202 palaeologum
629 2158 823 2203 contigerat
838 2159 1038 2205 participem
1060 2158 1205 2204 imperii,
1229 2170 1440 2204 nequaquam
1462 2170 1539 2192 ease
1561 2169 1623 2192 ne-

152 2202 275 2236 farium
299 2208 336 2236 et
357 2203 439 2237 fidei
458 2203 595 2238 iuratae
617 2205 822 2239 contrarium
841 2206 993 2247 facinus,
1016 2206 1077 2240 sed
1100 2205 1215 2239 utilem
1238 2205 1446 2250 reipublicae
1468 2204 1624 2238 collatio-

155 2259 232 2282 nem
254 2260 380 2293 operae
401 2249 435 2283 in
459 2249 582 2284 bouum
603 2250 759 2296 imperii,
794 2255 830 2285 et
853 2252 1144 2286 conservationem
1169 2250 1379 2297 principatus
1401 2251 1434 2284 ei
1456 2251 1500 2284 ad
1523 2262 1622 2296 quem

154 2294 198 2328 de
220 2294 296 2339 iure
311 2296 518 2340 spectabat,
543 2296 615 2330 sine
637 2297 705 2330 ulla
728 2309 790 2343 spe
813 2299 994 2342 potestatis
1015 2298 1114 2333 istius
1137 2297 1314 2342 precariae
1335 2297 1372 2330 in
1392 2296 1523 2342 prolem
1542 2308 1623 2331 suc-

154 2340 306 2375 cessione
332 2341 634 2384 transmittendae3
658 2354 747 2387 quae
770 2344 931 2378 salutaris
955 2348 1025 2378 tum
1049 2344 1102 2378 rei
1124 2344 1297 2378 Romanae
1321 2343 1517 2388 cooperatio
1540 2354 1623 2388 per-

155 2389 348 2431 opportuna
379 2392 415 2421 et
446 2388 640 2422 necessaria
667 2389 883 2424 indicabatur
911 2390 1102 2424 imbecillae
1123 2402 1165 2424 ac
1188 2390 1248 2424 tali
1272 2389 1395 2423 auxilio
1418 2389 1533 2434 egenti
1556 2400 1623 2434 pu-

152 2432 227 2477 pilli
250 2432 415 2478 principis
439 2433 619 2478 pueritiae.
648 2434 765 2481 itaque
785 2436 870 2470 nihil
892 2437 1052 2482 obstante
1073 2435 1424 2482 prioris-sacramenti
1446 2436 1622 2480 religione,

152 2489 276 2513 novum
321 2479 545 2514 iuramentum
590 2485 703 2514 ratum
740 2483 815 2516 sore
851 2481 1145 2528 inviolabilemque
1181 2481 1376 2516 firmitatem
1414 2482 1621 2523 habiturum,

153 2524 281 2570 quippe
303 2536 378 2559 cum
400 2532 524 2561 neutra
547 2527 724 2561 conventio
746 2527 929 2574 quidquam
952 2528 1052 2562 alteri
1077 2528 1283 2562 contrarium
1306 2529 1453 2570 habeat,
1489 2528 1622 2574 quomi-

153 2581 216 2604 nus
249 2572 370 2610 ambae
399 2572 514 2606 valere
546 2572 645 2606 simul
676 2574 830 2618 possint3
864 2575 954 2608 unde
984 2575 1059 2608 fore
1080 2580 1118 2609 ut
1140 2574 1272 2609 duobus
1299 2574 1459 2619 deinceps
1481 2575 1620 2609 totidem

151 2616 326 2651 foederum
361 2623 574 2653 sacramento
606 2619 811 2653 sancitorum
833 2620 978 2655 vinculis
1009 2620 1213 2655 constrictus
1235 2621 1460 2666 Palaeologus
1481 2629 1620 2655 tenere-

152 2666 232 2704 tur,
257 2667 293 2697 et
315 2663 345 2697 si
367 2663 454 2699 ullas
476 2676 634 2710 umquam
657 2665 809 2709 collegae
830 2678 936 2712 puero
962 2666 1102 2702 insidias
1124 2672 1301 2710 strueret,
1332 2667 1477 2712 duplicis
1498 2666 1617 2712 periu-

152 2708 197 2742 rii
219 2719 300 2743 reus
321 2710 422 2745 foret.
459 2721 549 2756 quae
571 2711 796 2756 Palaeologus
819 2712 1002 2747 admittens
1025 2713 1173 2748 vicissim
1196 2714 1296 2759 petiit
1318 2713 1481 2747 devinciri
1502 2715 1619 2747 mutuo

152 2765 290 2799 quoque
310 2754 500 2790 iuramento
521 2757 565 2791 ad
588 2757 1235 2800 securitatem,suam,adolescentulum
1256 2760 1494 2805 imperatorem
1508 2784 1519 2800 ‚
1554 2759 1618 2793 im-

151 2801 322 2845 precando
355 2804 392 2836 et
421 2802 532 2847 ipsum
564 2804 629 2838 sibi
659 2803 754 2838 diras
773 2809 810 2839 et
826 2806 1019 2843 anathema
1041 2807 1154 2840 statim
1176 2806 1421 2840 inevitabiliter
1440 2806 1619 2839 incurren-

151 2845 261 2890 dum,
283 2846 314 2881 si
336 2847 519 2894 quidquam
540 2860 696 2895 umquam
719 2850 888 2885 adversus
910 2851 1149 2896 Palaeolognm
1175 2852 1426 2886 machinaretur
1448 2855 1509 2885 aut
1532 2862 1616 2896 age-

150 2895 216 2927 ret.
261 2891 348 2928 haec
369 2893 420 2928 uti
442 2898 648 2931 convenerat
671 2901 931 2942 processerunt,
966 2899 1140 2945 conceptis
1170 2898 1330 2944 utrinque
1359 2897 1557 2933 iuramentis
1579 2901 1615 2933 et

1411 2994 1430 3012 Q

1517 3017 1526 3033 t

909 3043 925 3056 ἀ
