1884 3262
418 172 496 237 DE
532 193 816 237 MICHAELE
850 191 1228 238 PALAEOLOGO
1264 193 1310 235 L.
1346 192 1424 237 IV.
1563 159 1661 236 251⁸

882 508 957 568 A.

178 649 407 732 Ἀρχεται
428 674 472 719 δ’
491 673 658 719 ἐνθένδε
679 673 732 718 τά
751 672 857 717 κατὰ
878 672 951 716 τὸν
971 667 1231 728 πατριάρχην
1248 670 1469 728 Ἀρσένιον.
1540 669 1562 715 ὅ
1587 671 1666 728 γὰρ
1690 674 1720 709 P
1745 674 1812 710 170

185 746 380 802 βασιλεὺς
399 750 480 796 πᾶς
494 742 727 802 γιγνόμενος
745 742 851 799 πρὸς
874 742 922 786 τὸ
942 749 1078 785 πεῖσαι
1099 743 1214 800 αὐτῷ
1234 758 1276 784 τε
1298 741 1430 796 ἠπίως
1449 740 1670 798 προσενέγ-

187 821 349 860 κασθαι
372 817 439 858 καὶ
456 814 530 858 τὸν
552 813 703 868 δεσμὸν
724 809 859 865 λύειν,
898 812 981 855 ἐπεὶ
1002 807 1241 867 ἀπέγνωστό
1264 811 1303 854 οἳ
1330 810 1382 853 τοὶ
1399 814 1474 853 τοῦ
1493 814 1667 862 σκοποῦ,

188 885 318 935 πολὺς
339 879 390 940 ἦν
409 881 681 941 ὀριγνώμενος
700 884 743 925 ἐκ
761 880 915 931 παντὸς
932 878 1091 937 τρόπου
1111 881 1263 923 ἐκεῖνον
1281 876 1670 923 ἀποσκευάσασθαι.

154 962 176 997 5
190 953 291 999 ὅθεν
308 955 375 997 καὶ
394 950 591 1002 πολλάκις
610 951 707 1002 τούς
726 951 924 1008 ἀρχιερεῖς
941 953 1156 1006 συγκαλῶν
1175 947 1428 1006 ἐμαρτύρετο
1447 948 1524 1003 τὴν
1541 946 1672 1004 ἀνάγ-

188 1043 288 1080 κην,
327 1021 383 1073 ὥς
405 1022 499 1066 δίον
517 1020 565 1065 ὂν
589 1020 744 1077 ἄγοντα
765 1024 848 1063 τῶν
869 1018 1007 1063 ἄλλων
1026 1019 1180 1074 σχολὴν
1200 1018 1254 1061 τὰ
1280 1022 1355 1074 τῆς
1383 1018 1516 1073 ἀρχῆς
1536 1017 1671 1060 πολλὰ

189 1092 292 1137 ὄντα
323 1093 391 1135 καὶ
419 1087 703 1142 δυσεξάνυστα
732 1095 1004 1147 προσκοπεῖν,
1044 1087 1066 1132 ὅ
1097 1089 1143 1131 δὲ
1170 1087 1368 1138 κάκείνοις
1395 1083 1670 1141 ἔνειλούμενος
1694 1089 1722 1124 Β

189 1163 234 1214 ἐξ
255 1157 744 1218 ἆνοῖγκηςᾶπαραιτήτου
755 1192 769 1212 ,
809 1156 865 1208 ὥς
883 1158 989 1215 μέγα
1013 1175 1052 1201 τι
1073 1159 1142 1200 καὶ
1162 1157 1234 1201 τὸν
1263 1156 1346 1200 ἀπὸ
1369 1161 1446 1200 τοῦ
1465 1153 1674 1212 πατριάρ-

185 1249 265 1288 χου
302 1230 455 1285 δεσμὸν
487 1225 678 1288 ε’φὸλκιον
707 1226 954 1285 ἕπισύρεται.
1026 1228 1150 1284 ἐχρῆν
1178 1226 1223 1270 δ’
1260 1226 1336 1281 οὐχ
1365 1225 1525 1279 οὕτως,
1565 1225 1672 1268 ἀλλὰ

134 1315 179 1350 10
191 1302 258 1344 καὶ
278 1300 433 1350 αὐτοῦς
453 1304 513 1359 τῷ
537 1296 749 1356 πράγματι
764 1302 961 1353 νεμεσᾶν,
1001 1298 1036 1340 εἷ
1052 1293 1407 1352 πλημμελήματος
1429 1295 1488 1351 μὴ
1518 1296 1607 1338 o‘lov
1626 1293 1671 1337 τ’

191 1370 312 1420 ὄντος
343 1373 396 1427 τῇ
429 1371 485 1420 εἷς
515 1369 562 1412 τὸ
595 1369 769 1425 ἀρχαῖον
798 1372 882 1410 τῶν
910 1363 1168 1423 πραγμάτων
1201 1362 1492 1419 ἒπανακάμψει
1526 1365 1676 1419 ἐξαλη-

189 1441 343 1497 λίφθαι
361 1438 382 1482 ὃ
410 1438 514 1495 πρὸς
533 1437 581 1481 τὸ
597 1433 843 1494 θεραπεύειν
866 1433 1116 1490 ταττόμενος
1136 1436 1252 1478 δυοῖν
1279 1431 1463 1489 θάτερος
1481 1430 1674 1488 πράττοι,

191 1508 217 1564 ἢ
241 1508 294 1551 τὰ
311 1505 493 1565 πρότερα
519 1505 576 1558 ὥς
606 1504 708 1562 εἶχεν
741 1506 1030 1559 ἀνταπαιτῶν,
1069 1503 1095 1559 ἢ
1125 1503 1202 1560 τὴν
1229 1503 1457 1560 θεραπείαν
1482 1501 1672 1556 ἀναβαλ-
1698 1501 1729 1536 0

193 1575 378 1632 λόμενος.
445 1576 494 1620 τὸ
523 1577 599 1631 μὲν
628 1575 709 1632 γὰρ
732 1572 964 1627 ἀδύνατον,
1013 1573 1062 1618 τὸ
1087 1573 1132 1616 δὲ
1151 1570 1317 1622 πάντως
1336 1569 1675 1627 ἀνοικονόμητον.

139 1660 182 1696 15
196 1649 261 1691 καὶ
283 1647 376 1690 δέον
401 1645 448 1690 ὃν
467 1651 679 1704 παραινεῖν
698 1646 766 1688 καὶ
788 1644 862 1699 τὴν
883 1648 958 1688 τοῦ
973 1646 1233 1700 μεταγνῶναι
1265 1638 1459 1686 δεικνύειν
1489 1638 1588 1684 ὁδὸν
1610 1640 1678 1683 καὶ

886 1790 993 1848 IV.

195 1897 320 1967 Hinc
345 1928 513 1975 incipiunt
546 1939 604 1963 res
638 1927 802 1963 adversus
832 1925 1063 1973 patriarcham
1094 1925 1276 1960 Arsenium
1307 1928 1441 1970 gestae.
1488 1934 1564 1958 cum
1587 1922 1676 1957 enim

194 1976 386 2021 imperator
416 1980 511 2009 totns
542 1976 710 2010 hactenus
739 1973 864 2008 suisset
900 1973 936 2007 in
966 1971 1158 2006 deliniendo
1194 1971 1417 2018 patriarcha,
1450 1970 1676 2016 omnibusque

195 2022 319 2057 officiis
337 2021 567 2056 ,eblandiendo
597 2026 637 2056 ut
667 2020 782 2056 mitius
814 2030 918 2065 agere
949 2030 1065 2053 secum
1096 2018 1202 2053 vellet
1232 2022 1269 2053 et
1299 2017 1526 2053 anathematis
1557 2015 1679 2050 iniecti

194 2069 366 2103 vinculum
389 2068 546 2109 solvere.
569 2071 749 2115 postquam
773 2066 1017 2100 animadvertit
1042 2077 1081 2100 se
1112 2065 1194 2099 nihil
1217 2065 1387 2111 proficere
1409 2062 1678 2110 desperavitque

195 2115 298 2161 plane
329 2115 499 2150 meliorem
530 2115 566 2149 in
597 2118 773 2161 posterum
805 2123 1001 2147 successum
1038 2111 1216 2157 petitionis
1249 2111 1351 2146 istius
1374 2122 1478 2152 suae,
1508 2119 1678 2143 conversa

196 2161 427 2196 velificatione
447 2162 668 2196 vehementer
690 2162 725 2195 in
749 2159 923 2194 consilium
945 2158 1100 2193 incubuit
1123 2158 1197 2192 eius
1220 2158 1309 2192 omni
1332 2157 1466 2191 ratione
1487 2154 1677 2190 amovendi.

198 2207 230 2242 ei
259 2207 313 2243 rei
345 2209 651 2253 praemuniendae,
682 2206 821 2253 saepius
858 2205 1058 2241 convocatis
1092 2215 1264 2239 sacrorum
1297 2201 1534 2249 praesidibus,
1558 2204 1679 2236 conte-

198 2258 296 2289 stans
330 2255 523 2299 exponebat
553 2254 733 2299 angustias
767 2253 893 2298 quibus
927 2251 1205 2293 conflictaretur,
1237 2251 1330 2284 inter
1354 2250 1433 2284 hinc
1455 2248 1592 2294 quidem
1617 2259 1678 2281 ur-

198 2304 321 2346 gentes
349 2299 562 2335 ineluctabili
592 2302 798 2335 necessitate
830 2309 930 2333 curas
963 2297 1115 2343 imperii,
1149 2297 1238 2332 tales
1262 2295 1394 2330 omnino
1419 2306 1508 2341 quae
1531 2295 1679 2329 solutum

200 2358 221 2381 a
245 2346 395 2380 caeteris
418 2346 565 2381 animum
587 2346 826 2392 requirerent,
860 2357 902 2380 ac
925 2345 983 2379 vel
1009 2345 1060 2378 sic
1085 2345 1143 2378 vix
1167 2355 1188 2377 a
1210 2345 1392 2388 satagente
1415 2341 1680 2385 conniteuteque

199 2397 303 2438 prout
326 2394 510 2438 oportebat
531 2393 795 2438 expedirentur,
818 2391 900 2426 inde
922 2396 1037 2426 autem
1061 2391 1255 2424 obstantem
1277 2388 1436 2423 duritiam
1458 2387 1680 2434 patriarchae

199 2439 418 2484 impedientis
449 2450 487 2473 se
520 2451 564 2474 ac
595 2439 695 2485 quasi
726 2438 948 2473 constrictum
977 2436 1145 2472 trahentis
1173 2435 1257 2471 diris
1286 2435 1429 2470 vinculis
1451 2434 1681 2470 anathematis

198 2485 344 2520 infandi.
392 2485 652 2520 considerarent
685 2485 771 2519 haec
786 2511 797 2527 ,
829 2488 866 2518 et
894 2485 1054 2519 viderent
1086 2494 1131 2517 an
1163 2493 1230 2516 nou
1263 2486 1356 2516 esset
1386 2481 1530 2526 aequius
1559 2481 1680 2514 venire

197 2533 292 2578 ipsos
315 2543 431 2566 secum
453 2532 487 2566 in
511 2538 646 2578 partem
666 2529 890 2566 solicitudinis
912 2530 1082 2577 publicae,
1103 2529 1326 2575 improbanda
1346 2528 1415 2562 ista
1437 2526 1680 2573 intempestiva

197 2578 401 2626 pertinacia.
448 2579 696 2624 patriarcham,
730 2578 828 2612 cuius
850 2580 966 2612 essent
990 2580 1110 2623 partes
1139 2576 1304 2611 adhibere
1326 2574 1535 2609 curationem
1558 2572 1678 2618 lapsis,

199 2625 401 2660 obfirmasse
430 2624 666 2660 inflexibiliter
698 2624 845 2659 animum
881 2623 918 2658 in
949 2622 1187 2670 prosecutione
1219 2621 1362 2656 alterius
1392 2621 1511 2655 harum
1536 2620 1679 2654 duarum

199 2682 334 2714 rerum,
358 2675 419 2706 aut
442 2675 483 2706 ut
504 2674 690 2717 reponatur
711 2671 747 2705 in
781 2670 929 2716 priorem
960 2675 1089 2705 statum
1121 2669 1156 2703 id
1189 2669 1282 2715 quod
1304 2679 1378 2703 meo
1402 2671 1546 2713 peccato
1569 2669 1681 2699 muta-

200 2722 275 2752 tum
298 2722 374 2761 est3
397 2722 460 2752 aut
483 2718 518 2752 ni
540 2719 606 2752 hoc
632 2718 716 2757 fiat,
755 2716 835 2751 mihi
857 2728 973 2751 omnes
996 2727 1076 2763 spes
1097 2715 1265 2750 redeundi
1286 2725 1437 2760 unquam
1461 2713 1505 2747 ad
1530 2722 1679 2746 commu-

201 2763 334 2798 nionem
364 2764 530 2799 ecclesiae
561 2763 763 2799 inexorabili
795 2763 983 2798 severitate
1014 2762 1246 2810 praecidatur.
1294 2760 1412 2807 atqui,
1449 2764 1489 2793 ut
1520 2768 1583 2792 vos
1616 2769 1680 2802 pro

202 2814 327 2846 vestra.
343 2810 525 2855 prudentia
547 2810 696 2855 videtis,
731 2810 877 2844 alterum
899 2809 1036 2856 quidem
1066 2809 1211 2844 istorum
1233 2808 1311 2842 fieri
1342 2818 1408 2841 non
1434 2809 1566 2852 potest:
1591 2804 1681 2838 alte·

202 2867 275 2890 rum
299 2868 464 2903 perquam
487 2857 702 2893 inhumanum
729 2860 783 2892 est
806 2860 844 2891 et
861 2856 906 2892 ab
929 2856 1097 2893 ecclesiae
1117 2860 1275 2891 materna
1307 2853 1341 2888 in
1365 2864 1446 2888 suos
1467 2849 1680 2896 indulgentia
