<?xml version="1.0" encoding="UTF-8"?>
<!DOCTYPE html PUBLIC "-//W3C//DTD XHTML 1.0 Transitional//EN"
    "http://www.w3.org/TR/xhtml1/DTD/xhtml1-transitional.dtd">
<html xmlns="http://www.w3.org/1999/xhtml" xml:lang="en" lang="en">
 <head>
  <title>
</title>
<meta http-equiv="Content-Type" content="text/html;charset=utf-8" />
  <meta name='ocr-system' content='tesseract 3.04.00' />
  <meta name='ocr-capabilities' content='ocr_page ocr_carea ocr_par ocr_line ocrx_word'/>
</head>
<body>
  <div class='ocr_page' id='page_1' title='image "./corpusscriptorum17niebuoft_0688.png"; bbox 0 0 1884 3262; ppageno 0'>
   <div class='ocr_carea' id='block_1_1' title="bbox 273 170 1320 253">
    <p class='ocr_par' dir='ltr' id='par_1_1' title="bbox 273 170 1320 253">
     <span class='ocr_line' id='line_1_1' title="bbox 273 170 1320 253; baseline -0.004 0"><span class='ocrx_word' id='word_1_1' title='bbox 273 206 370 253; x_wconf 86' lang='lat'><strong>670</strong></span> <span class='ocrx_word' id='word_1_2' title='bbox 665 198 988 247; x_wconf 47' lang='lat' dir='ltr'><strong>OBSERVAT,</strong></span> <span class='ocrx_word' id='word_1_3' title='bbox 1009 170 1320 249; x_wconf 60' lang='lat' dir='ltr'><strong>memma.</strong></span> 
     </span>
    </p>
   </div>
   <div class='ocr_carea' id='block_1_2' title="bbox 262 310 1764 2898">
    <p class='ocr_par' dir='ltr' id='par_1_2' title="bbox 262 310 1750 1775">
     <span class='ocr_line' id='line_1_2' title="bbox 272 310 1730 367; baseline -0.001 -13"><span class='ocrx_word' id='word_1_4' title='bbox 272 316 387 355; x_wconf 80' lang='lat' dir='ltr'><strong>etiam</strong></span> <span class='ocrx_word' id='word_1_5' title='bbox 404 313 648 367; x_wconf 76' lang='lat' dir='ltr'><strong>approbante</strong></span> <span class='ocrx_word' id='word_1_6' title='bbox 669 312 859 366; x_wconf 83' lang='lat' dir='ltr'><strong>pontifice</strong></span> <span class='ocrx_word' id='word_1_7' title='bbox 874 313 1077 364; x_wconf 86' lang='lat' dir='ltr'><strong>Romano,</strong></span> <span class='ocrx_word' id='word_1_8' title='bbox 1104 310 1326 366; x_wconf 83' lang='lat' dir='ltr'><strong>symbolum</strong></span> <span class='ocrx_word' id='word_1_9' title='bbox 1344 326 1434 354; x_wconf 86' lang='lat' dir='ltr'><strong>cum</strong></span> <span class='ocrx_word' id='word_1_10' title='bbox 1451 314 1730 356; x_wconf 83' lang='lat' dir='ltr'><strong>additamento·</strong></span> 
     </span>
     <span class='ocr_line' id='line_1_3' title="bbox 262 370 1724 424; baseline 0.001 -15"><span class='ocrx_word' id='word_1_11' title='bbox 262 374 433 424; x_wconf 74' lang='lat' dir='ltr'><strong>filioque</strong></span> <span class='ocrx_word' id='word_1_12' title='bbox 454 371 558 408; x_wconf 85' lang='lat' dir='ltr'><strong>inter</strong></span> <span class='ocrx_word' id='word_1_13' title='bbox 579 383 687 408; x_wconf 85' lang='lat' dir='ltr'><strong>sacra</strong></span> <span class='ocrx_word' id='word_1_14' title='bbox 705 376 932 410; x_wconf 84' lang='lat' dir='ltr'><strong>caneretur.</strong></span> <span class='ocrx_word' id='word_1_15' title='bbox 976 384 1000 408; x_wconf 89' lang='lat' dir='ltr'><strong>a</strong></span> <span class='ocrx_word' id='word_1_16' title='bbox 1019 383 1096 422; x_wconf 90' lang='lat' dir='ltr'><strong>quo</strong></span> <span class='ocrx_word' id='word_1_17' title='bbox 1117 376 1249 409; x_wconf 86' lang='lat' dir='ltr'><strong>autem</strong></span> <span class='ocrx_word' id='word_1_18' title='bbox 1266 370 1309 408; x_wconf 90' lang='lat' dir='ltr'><strong>id</strong></span> <span class='ocrx_word' id='word_1_19' title='bbox 1328 371 1500 422; x_wconf 87' lang='lat' dir='ltr'><strong>primum</strong></span> <span class='ocrx_word' id='word_1_20' title='bbox 1529 370 1724 424; x_wconf 72' lang='lat' dir='ltr'><strong>pontifice</strong></span> 
     </span>
     <span class='ocr_line' id='line_1_4' title="bbox 273 426 1724 479; baseline -0.001 -13"><span class='ocrx_word' id='word_1_21' title='bbox 273 428 390 467; x_wconf 83' lang='lat' dir='ltr'><strong>suerit</strong></span> <span class='ocrx_word' id='word_1_22' title='bbox 414 426 646 477; x_wconf 85' lang='lat' dir='ltr'><strong>admissum,</strong></span> <span class='ocrx_word' id='word_1_23' title='bbox 674 427 869 465; x_wconf 86' lang='lat' dir='ltr'><strong>incertum</strong></span> <span class='ocrx_word' id='word_1_24' title='bbox 896 431 968 465; x_wconf 89' lang='lat' dir='ltr'><strong>est.</strong></span> <span class='ocrx_word' id='word_1_25' title='bbox 1023 426 1230 465; x_wconf 86' lang='lat' dir='ltr'><strong>Nicolaum</strong></span> <span class='ocrx_word' id='word_1_26' title='bbox 1257 432 1296 466; x_wconf 85' lang='lat' dir='ltr'><strong>et</strong></span> <span class='ocrx_word' id='word_1_27' title='bbox 1321 426 1534 466; x_wconf 81' lang='lat' dir='ltr'><strong>Adrianum</strong></span> <span class='ocrx_word' id='word_1_28' title='bbox 1561 426 1724 479; x_wconf 85' lang='lat' dir='ltr'><strong>quidam</strong></span> 
     </span>
     <span class='ocr_line' id='line_1_5' title="bbox 271 482 1725 534; baseline -0.002 -11"><span class='ocrx_word' id='word_1_29' title='bbox 271 484 491 523; x_wconf 85' lang='lat' dir='ltr'><strong>nominant.</strong></span> <span class='ocrx_word' id='word_1_30' title='bbox 548 482 617 521; x_wconf 86' lang='lat' dir='ltr'><strong>sed</strong></span> <span class='ocrx_word' id='word_1_31' title='bbox 655 483 830 522; x_wconf 81' lang='lat' dir='ltr'><strong>Andreas</strong></span> <span class='ocrx_word' id='word_1_32' title='bbox 872 482 1050 521; x_wconf 83' lang='lat' dir='ltr'><strong>Rhodius</strong></span> <span class='ocrx_word' id='word_1_33' title='bbox 1083 496 1240 522; x_wconf 83' lang='lat' dir='ltr'><strong>causam</strong></span> <span class='ocrx_word' id='word_1_34' title='bbox 1271 483 1500 521; x_wconf 88' lang='lat' dir='ltr'><strong>Latinorum</strong></span> <span class='ocrx_word' id='word_1_35' title='bbox 1537 496 1654 534; x_wconf 84' lang='lat' dir='ltr'><strong>agens</strong></span> <span class='ocrx_word' id='word_1_36' title='bbox 1680 482 1725 520; x_wconf 88' lang='lat' dir='ltr'><strong>in.</strong></span> 
     </span>
     <span class='ocr_line' id='line_1_6' title="bbox 272 539 1726 591; baseline -0.001 -12"><span class='ocrx_word' id='word_1_37' title='bbox 272 540 441 579; x_wconf 86' lang='lat' dir='ltr'><strong>concilio</strong></span> <span class='ocrx_word' id='word_1_38' title='bbox 471 539 699 577; x_wconf 83' lang='lat' dir='ltr'>Florentino</span> <span class='ocrx_word' id='word_1_39' title='bbox 734 539 783 577; x_wconf 92' lang='lat' dir='ltr'><strong>de</strong></span> <span class='ocrx_word' id='word_1_40' title='bbox 810 545 984 590; x_wconf 87' lang='lat' dir='ltr'><strong>utroque</strong></span> <span class='ocrx_word' id='word_1_41' title='bbox 1013 546 1152 590; x_wconf 87' lang='lat' dir='ltr'><strong>negat,</strong></span> <span class='ocrx_word' id='word_1_42' title='bbox 1183 539 1369 591; x_wconf 87' lang='lat' dir='ltr'><strong>quoniam</strong></span> <span class='ocrx_word' id='word_1_43' title='bbox 1386 545 1571 578; x_wconf 83' lang='lat' dir='ltr'><strong>neutrum</strong></span> <span class='ocrx_word' id='word_1_44' title='bbox 1588 552 1634 578; x_wconf 87' lang='lat' dir='ltr'><strong>eo</strong></span> <span class='ocrx_word' id='word_1_45' title='bbox 1651 552 1726 577; x_wconf 85' lang='lat' dir='ltr'><strong>no·</strong></span> 
     </span>
     <span class='ocr_line' id='line_1_7' title="bbox 273 595 1724 647; baseline -0.003 -12"><span class='ocrx_word' id='word_1_46' title='bbox 273 597 378 635; x_wconf 88' lang='lat' dir='ltr'><strong>mine</strong></span> <span class='ocrx_word' id='word_1_47' title='bbox 404 595 567 634; x_wconf 84' lang='lat' dir='ltr'><strong>Photius</strong></span> <span class='ocrx_word' id='word_1_48' title='bbox 595 595 859 644; x_wconf 82' lang='lat' dir='ltr'><strong>accusaverit,</strong></span> <span class='ocrx_word' id='word_1_49' title='bbox 898 595 1130 647; x_wconf 89' lang='lat' dir='ltr'><strong>neutiquam</strong></span> <span class='ocrx_word' id='word_1_50' title='bbox 1156 595 1205 634; x_wconf 90' lang='lat' dir='ltr'><strong>de</strong></span> <span class='ocrx_word' id='word_1_51' title='bbox 1231 609 1274 634; x_wconf 89' lang='lat' dir='ltr'><strong>re</strong></span> <span class='ocrx_word' id='word_1_52' title='bbox 1299 595 1395 646; x_wconf 90' lang='lat' dir='ltr'><strong>tali,</strong></span> <span class='ocrx_word' id='word_1_53' title='bbox 1428 596 1463 633; x_wconf 91' lang='lat' dir='ltr'><strong>si</strong></span> <span class='ocrx_word' id='word_1_54' title='bbox 1492 600 1594 633; x_wconf 86' lang='lat' dir='ltr'><strong>esset</strong></span> <span class='ocrx_word' id='word_1_55' title='bbox 1617 607 1724 644; x_wconf 84' lang='lat' dir='ltr'><strong>vera,</strong></span> 
     </span>
     <span class='ocr_line' id='line_1_8' title="bbox 272 649 1725 703; baseline -0.001 -12"><span class='ocrx_word' id='word_1_56' title='bbox 272 653 484 691; x_wconf 83' lang='lat' dir='ltr'><strong>taciturus.</strong></span> <span class='ocrx_word' id='word_1_57' title='bbox 541 652 653 690; x_wconf 85' lang='lat' dir='ltr'><strong>addit</strong></span> <span class='ocrx_word' id='word_1_58' title='bbox 667 653 771 691; x_wconf 91' lang='lat' dir='ltr'><strong>idem</strong></span> <span class='ocrx_word' id='word_1_59' title='bbox 794 651 969 690; x_wconf 79' lang='lat' dir='ltr'><strong>Andreas</strong></span> <span class='ocrx_word' id='word_1_60' title='bbox 988 665 1097 691; x_wconf 88' lang='lat' dir='ltr'><strong>conc.</strong></span> <span class='ocrx_word' id='word_1_61' title='bbox 1123 652 1232 694; x_wconf 83' lang='lat' dir='ltr'><strong>Flor.</strong></span> <span class='ocrx_word' id='word_1_62' title='bbox 1251 665 1340 690; x_wconf 89' lang='lat' dir='ltr'><strong>sess.</strong></span> <span class='ocrx_word' id='word_1_63' title='bbox 1355 655 1382 693; x_wconf 91' lang='lat'><strong>7</strong></span> <span class='ocrx_word' id='word_1_64' title='bbox 1400 665 1438 703; x_wconf 88' lang='lat' dir='ltr'><strong>p.</strong></span> <span class='ocrx_word' id='word_1_65' title='bbox 1456 655 1535 693; x_wconf 81' lang='lat'><strong>122</strong></span> <span class='ocrx_word' id='word_1_66' title='bbox 1554 649 1615 691; x_wconf 90' lang='lat' dir='ltr'><strong>ed.</strong></span> <span class='ocrx_word' id='word_1_67' title='bbox 1633 651 1725 701; x_wconf 77' lang='lat' dir='ltr'><strong>Reg.</strong></span> 
     </span>
     <span class='ocr_line' id='line_1_9' title="bbox 273 704 1728 762; baseline -0.003 -12"><span class='ocrx_word' id='word_1_68' title='bbox 273 708 303 762; x_wconf 80' lang='grc' dir='ltr'><em>ἡ</em></span> <span class='ocrx_word' id='word_1_69' title='bbox 325 706 519 762; x_wconf 69' lang='grc' dir='ltr'><strong><em>Ῥωμαϊκῆ</em></strong></span> <span class='ocrx_word' id='word_1_70' title='bbox 547 708 731 760; x_wconf 78' lang='grc' dir='ltr'><strong><em>ἐκκλησία</em></strong></span> <span class='ocrx_word' id='word_1_71' title='bbox 759 704 999 761; x_wconf 69' lang='grc' dir='ltr'><strong><em>ἠναγκάσθη</em></strong></span> <span class='ocrx_word' id='word_1_72' title='bbox 1025 707 1227 760; x_wconf 77' lang='grc' dir='ltr'><strong><em>βλέπουσα</em></strong></span> <span class='ocrx_word' id='word_1_73' title='bbox 1251 706 1319 748; x_wconf 85' lang='grc' dir='ltr'><strong>τόν</strong></span> <span class='ocrx_word' id='word_1_74' title='bbox 1335 707 1583 759; x_wconf 82' lang='grc' dir='ltr'><strong><em>ἐπικείμενον</em></strong></span> <span class='ocrx_word' id='word_1_75' title='bbox 1605 705 1728 759; x_wconf 82' lang='grc' dir='ltr'><strong><em>μέγαν</em></strong></span> 
     </span>
     <span class='ocr_line' id='line_1_10' title="bbox 274 761 1740 819; baseline -0.003 -13"><span class='ocrx_word' id='word_1_76' title='bbox 274 766 487 806; x_wconf 80' lang='grc' dir='ltr'><strong><em>κίνδυνον·</em></strong></span> <span class='ocrx_word' id='word_1_77' title='bbox 529 761 718 816; x_wconf 76' lang='grc' dir='ltr'><strong><em>ἒψᾶλλετο</em></strong></span> <span class='ocrx_word' id='word_1_78' title='bbox 756 762 831 819; x_wconf 73' lang='grc' dir='ltr'><strong>γοῖρ</strong></span> <span class='ocrx_word' id='word_1_79' title='bbox 865 762 945 817; x_wconf 80' lang='grc' dir='ltr'><strong>ἤδη</strong></span> <span class='ocrx_word' id='word_1_80' title='bbox 986 765 1030 805; x_wconf 78' lang='grc' dir='ltr'><strong>ἐν</strong></span> <span class='ocrx_word' id='word_1_81' title='bbox 1064 769 1151 813; x_wconf 86' lang='grc' dir='ltr'><strong><em>ταῖς</em></strong></span> <span class='ocrx_word' id='word_1_82' title='bbox 1186 768 1225 804; x_wconf 91' lang='grc' dir='ltr'><em>Γ</em></span> <span class='ocrx_word' id='word_1_83' title='bbox 1219 765 1368 811; x_wconf 82' lang='grc' dir='ltr'><strong><em>αλλίαις</em></strong></span> <span class='ocrx_word' id='word_1_84' title='bbox 1405 764 1473 804; x_wconf 74' lang='grc' dir='ltr'><strong>καὶ</strong></span> <span class='ocrx_word' id='word_1_85' title='bbox 1503 762 1740 810; x_wconf 61' lang='lat' dir='ltr'><strong>‘&#39;lanuvium--</strong></span> 
     </span>
     <span class='ocr_line' id='line_1_11' title="bbox 277 817 1730 877; baseline -0.003 -15"><span class='ocrx_word' id='word_1_86' title='bbox 277 819 378 862; x_wconf 75' lang='grc' dir='ltr'><strong><em>ὥστε</em></strong></span> <span class='ocrx_word' id='word_1_87' title='bbox 406 819 548 874; x_wconf 74' lang='grc' dir='ltr'><strong><em>ἤρεσεν</em></strong></span> <span class='ocrx_word' id='word_1_88' title='bbox 579 821 715 876; x_wconf 79' lang='grc' dir='ltr'><strong><em>ἐκείνῳ</em></strong></span> <span class='ocrx_word' id='word_1_89' title='bbox 745 824 802 877; x_wconf 75' lang='grc' dir='ltr'><strong>τῷ</strong></span> <span class='ocrx_word' id='word_1_90' title='bbox 828 819 936 876; x_wconf 67' lang='grc' dir='ltr'><strong>ἄκρῳ</strong></span> <span class='ocrx_word' id='word_1_91' title='bbox 964 817 1154 874; x_wconf 74' lang='grc' dir='ltr'><strong><em>ἆρχιερεῖ,</em></strong></span> <span class='ocrx_word' id='word_1_92' title='bbox 1195 819 1289 872; x_wconf 68' lang='grc' dir='ltr'><strong><em>μετα</em></strong></span> <span class='ocrx_word' id='word_1_93' title='bbox 1327 821 1540 871; x_wconf 78' lang='grc' dir='ltr'><strong><em>συνεδρίου</em></strong></span> <span class='ocrx_word' id='word_1_94' title='bbox 1565 821 1730 860; x_wconf 60' lang='grc' dir='ltr'><strong>4πολλῶν</strong></span> 
     </span>
     <span class='ocr_line' id='line_1_12' title="bbox 276 871 1730 931; baseline -0.002 -13"><span class='ocrx_word' id='word_1_95' title='bbox 276 877 458 931; x_wconf 83' lang='grc' dir='ltr'><strong><em>πατέρων</em></strong></span> <span class='ocrx_word' id='word_1_96' title='bbox 486 878 659 918; x_wconf 59' lang='lat' dir='ltr'><strong>&amp;utendae</strong></span> <span class='ocrx_word' id='word_1_97' title='bbox 686 880 766 918; x_wconf 77' lang='grc' dir='ltr'><strong>τῶν</strong></span> <span class='ocrx_word' id='word_1_98' title='bbox 791 874 1010 931; x_wconf 79' lang='grc' dir='ltr'><strong><em>γεγονότων</em></strong></span> <span class='ocrx_word' id='word_1_99' title='bbox 1040 875 1090 917; x_wconf 90' lang='grc' dir='ltr'><strong>ου’</strong></span> <span class='ocrx_word' id='word_1_100' title='bbox 1124 880 1270 929; x_wconf 77' lang='grc' dir='ltr'><strong><em>μικροῦ</em></strong></span> <span class='ocrx_word' id='word_1_101' title='bbox 1303 873 1523 927; x_wconf 78' lang='grc' dir='ltr'><strong><em>α’ξιῶματος</em></strong></span> <span class='ocrx_word' id='word_1_102' title='bbox 1544 871 1574 926; x_wconf 70' lang='grc' dir='ltr'><em>ἢ</em></span> <span class='ocrx_word' id='word_1_103' title='bbox 1593 872 1730 928; x_wconf 78' lang='grc' dir='ltr'><strong><em>ὀλίγον</em></strong></span> 
     </span>
     <span class='ocr_line' id='line_1_13' title="bbox 280 929 1730 987; baseline -0.003 -12"><span class='ocrx_word' id='word_1_104' title='bbox 280 931 488 987; x_wconf 67' lang='grc' dir='ltr'><strong><em>ἀριθμοῦ,</em></strong></span> <span class='ocrx_word' id='word_1_105' title='bbox 526 930 749 983; x_wconf 69' lang='grc' dir='ltr'><strong><em>ἀναπτύξαι</em></strong></span> <span class='ocrx_word' id='word_1_106' title='bbox 777 933 903 974; x_wconf 83' lang='grc' dir='ltr'><strong><em>ἐκεῖνο</em></strong></span> <span class='ocrx_word' id='word_1_107' title='bbox 934 931 958 974; x_wconf 79' lang='grc' dir='ltr'><em>ὃ</em></span> <span class='ocrx_word' id='word_1_108' title='bbox 988 933 1173 985; x_wconf 65' lang='grc' dir='ltr'><strong><em>λέγομεν,</em></strong></span> <span class='ocrx_word' id='word_1_109' title='bbox 1200 932 1268 973; x_wconf 84' lang='grc' dir='ltr'><strong>καὶ</strong></span> <span class='ocrx_word' id='word_1_110' title='bbox 1302 931 1357 979; x_wconf 73' lang='grc' dir='ltr'><strong>οἷς</strong></span> <span class='ocrx_word' id='word_1_111' title='bbox 1389 932 1432 972; x_wconf 83' lang='grc' dir='ltr'><strong>ἐν</strong></span> <span class='ocrx_word' id='word_1_112' title='bbox 1460 935 1516 987; x_wconf 77' lang='grc' dir='ltr'><strong>τῷ</strong></span> <span class='ocrx_word' id='word_1_113' title='bbox 1543 929 1730 986; x_wconf 74' lang='grc' dir='ltr'><strong><em>συμβόλῳ</em></strong></span> 
     </span>
     <span class='ocr_line' id='line_1_14' title="bbox 278 988 1743 1044; baseline -0.004 -13"><span class='ocrx_word' id='word_1_114' title='bbox 278 988 498 1044; x_wconf 72' lang='grc' dir='ltr'><strong><em>ψάλλομεν.</em></strong></span> <span class='ocrx_word' id='word_1_115' title='bbox 556 997 698 1028; x_wconf 81' lang='lat' dir='ltr'><strong>coacta</strong></span> <span class='ocrx_word' id='word_1_116' title='bbox 723 997 779 1027; x_wconf 77' lang='lat' dir='ltr'><strong>est</strong></span> <span class='ocrx_word' id='word_1_117' title='bbox 805 991 967 1028; x_wconf 74' lang='lat' dir='ltr'><strong>ecclesia</strong></span> <span class='ocrx_word' id='word_1_118' title='bbox 993 991 1186 1028; x_wconf 80' lang='lat' dir='ltr'><strong>Romana</strong></span> <span class='ocrx_word' id='word_1_119' title='bbox 1214 989 1445 1041; x_wconf 81' lang='lat' dir='ltr'><strong>(admittere</strong></span> <span class='ocrx_word' id='word_1_120' title='bbox 1467 995 1508 1027; x_wconf 89' lang='lat' dir='ltr'><strong>ut</strong></span> <span class='ocrx_word' id='word_1_121' title='bbox 1526 993 1743 1025; x_wconf 77' lang='lat' dir='ltr'><strong>caneretur-</strong></span> 
     </span>
     <span class='ocr_line' id='line_1_15' title="bbox 280 1044 1743 1099; baseline -0.003 -14"><span class='ocrx_word' id='word_1_122' title='bbox 280 1047 503 1099; x_wconf 84' lang='lat' dir='ltr'><strong>symbolum</strong></span> <span class='ocrx_word' id='word_1_123' title='bbox 524 1060 613 1085; x_wconf 90' lang='lat' dir='ltr'><strong>cum</strong></span> <span class='ocrx_word' id='word_1_124' title='bbox 631 1046 1036 1098; x_wconf 80' lang='lat' dir='ltr'><strong>additionefilioque)</strong></span> <span class='ocrx_word' id='word_1_125' title='bbox 1064 1060 1156 1083; x_wconf 82' lang='lat' dir='ltr'><strong>cum</strong></span> <span class='ocrx_word' id='word_1_126' title='bbox 1184 1059 1380 1095; x_wconf 75' lang='lat' dir='ltr'><strong>magnum</strong></span> <span class='ocrx_word' id='word_1_127' title='bbox 1406 1044 1558 1083; x_wconf 72' lang='lat' dir='ltr'><strong>videret</strong></span> <span class='ocrx_word' id='word_1_128' title='bbox 1576 1045 1743 1095; x_wconf 71' lang='lat' dir='ltr'><strong>impero--</strong></span> 
     </span>
     <span class='ocr_line' id='line_1_16' title="bbox 282 1100 1733 1155; baseline -0.005 -13"><span class='ocrx_word' id='word_1_129' title='bbox 282 1104 372 1142; x_wconf 79' lang='lat' dir='ltr'><strong>dere</strong></span> <span class='ocrx_word' id='word_1_130' title='bbox 398 1104 656 1155; x_wconf 74' lang='lat' dir='ltr'><strong>periculum:</strong></span> <span class='ocrx_word' id='word_1_131' title='bbox 684 1104 770 1140; x_wconf 83' lang='lat' dir='ltr'><strong>iam</strong></span> <span class='ocrx_word' id='word_1_132' title='bbox 803 1104 906 1140; x_wconf 85' lang='lat' dir='ltr'><strong>enim</strong></span> <span class='ocrx_word' id='word_1_133' title='bbox 934 1102 1154 1140; x_wconf 79' lang='lat' dir='ltr'><strong>canebatur</strong></span> <span class='ocrx_word' id='word_1_134' title='bbox 1176 1103 1221 1139; x_wconf 85' lang='lat' dir='ltr'><strong>in</strong></span> <span class='ocrx_word' id='word_1_135' title='bbox 1251 1102 1405 1140; x_wconf 70' lang='lat' dir='ltr'><strong>Galliis</strong></span> <span class='ocrx_word' id='word_1_136' title='bbox 1435 1108 1472 1138; x_wconf 75' lang='lat' dir='ltr'><strong>et</strong></span> <span class='ocrx_word' id='word_1_137' title='bbox 1501 1100 1733 1151; x_wconf 68' lang='lat' dir='ltr'><strong>fflspaniie.</strong></span> 
     </span>
     <span class='ocr_line' id='line_1_17' title="bbox 284 1155 1736 1213; baseline -0.003 -16"><span class='ocrx_word' id='word_1_138' title='bbox 284 1174 408 1213; x_wconf 80' lang='lat' dir='ltr'><strong>quare</strong></span> <span class='ocrx_word' id='word_1_139' title='bbox 427 1160 594 1211; x_wconf 78' lang='lat' dir='ltr'><strong>placuit</strong></span> <span class='ocrx_word' id='word_1_140' title='bbox 624 1173 779 1197; x_wconf 76' lang='lat' dir='ltr'><strong>summo</strong></span> <span class='ocrx_word' id='word_1_141' title='bbox 809 1159 877 1196; x_wconf 77' lang='lat' dir='ltr'><em>illi</em></span> <span class='ocrx_word' id='word_1_142' title='bbox 892 1159 1097 1210; x_wconf 68' lang='lat' dir='ltr'><strong>pontfici,</strong></span> <span class='ocrx_word' id='word_1_143' title='bbox 1126 1172 1217 1195; x_wconf 81' lang='lat' dir='ltr'><strong>cam</strong></span> <span class='ocrx_word' id='word_1_144' title='bbox 1246 1158 1464 1195; x_wconf 76' lang='lat' dir='ltr'><strong>multorum</strong></span> <span class='ocrx_word' id='word_1_145' title='bbox 1498 1155 1736 1195; x_wconf 66' lang='lat' dir='ltr'><strong>Occidenta-</strong></span> 
     </span>
     <span class='ocr_line' id='line_1_18' title="bbox 283 1212 1737 1267; baseline -0.003 -13"><span class='ocrx_word' id='word_1_146' title='bbox 283 1218 387 1256; x_wconf 76' lang='lat' dir='ltr'><strong>lc&#39;um</strong></span> <span class='ocrx_word' id='word_1_147' title='bbox 397 1224 567 1267; x_wconf 79' lang='lat' dir='ltr'><strong>patrum</strong></span> <span class='ocrx_word' id='word_1_148' title='bbox 584 1229 785 1265; x_wconf 75' lang='lat' dir='ltr'><strong>consessa,</strong></span> <span class='ocrx_word' id='word_1_149' title='bbox 815 1215 887 1266; x_wconf 78' lang='lat' dir='ltr'><strong>qui</strong></span> <span class='ocrx_word' id='word_1_150' title='bbox 905 1228 975 1252; x_wconf 82' lang='lat' dir='ltr'><strong>nec</strong></span> <span class='ocrx_word' id='word_1_151' title='bbox 992 1213 1193 1265; x_wconf 78' lang='lat' dir='ltr'><em>dignitate</em></span> <span class='ocrx_word' id='word_1_152' title='bbox 1209 1221 1344 1251; x_wconf 69' lang='lat' dir='ltr'><strong>tenue-5</strong></span> <span class='ocrx_word' id='word_1_153' title='bbox 1361 1227 1431 1251; x_wconf 83' lang='lat' dir='ltr'><strong>nec</strong></span> <span class='ocrx_word' id='word_1_154' title='bbox 1449 1212 1601 1250; x_wconf 75' lang='lat' dir='ltr'><strong>modici</strong></span> <span class='ocrx_word' id='word_1_155' title='bbox 1621 1217 1737 1250; x_wconf 73' lang='lat' dir='ltr'><strong>erant</strong></span> 
     </span>
     <span class='ocr_line' id='line_1_19' title="bbox 284 1269 1738 1323; baseline -0.003 -13"><span class='ocrx_word' id='word_1_156' title='bbox 284 1287 469 1322; x_wconf 80' lang='lat' dir='ltr'><strong>numero,</strong></span> <span class='ocrx_word' id='word_1_157' title='bbox 500 1270 613 1308; x_wconf 79' lang='lat' dir='ltr'><strong>illud</strong></span> <span class='ocrx_word' id='word_1_158' title='bbox 634 1272 829 1322; x_wconf 76' lang='lat' dir='ltr'><strong>explicare</strong></span> <span class='ocrx_word' id='word_1_159' title='bbox 853 1269 964 1323; x_wconf 81' lang='lat' dir='ltr'><strong>quod</strong></span> <span class='ocrx_word' id='word_1_160' title='bbox 984 1269 1160 1308; x_wconf 71' lang='lat' dir='ltr'><strong>dicimus</strong></span> <span class='ocrx_word' id='word_1_161' title='bbox 1186 1277 1222 1307; x_wconf 83' lang='lat' dir='ltr'><strong>et</strong></span> <span class='ocrx_word' id='word_1_162' title='bbox 1247 1271 1355 1307; x_wconf 77' lang='lat' dir='ltr'><strong>sicut</strong></span> <span class='ocrx_word' id='word_1_163' title='bbox 1387 1271 1430 1307; x_wconf 83' lang='lat' dir='ltr'><strong>in</strong></span> <span class='ocrx_word' id='word_1_164' title='bbox 1458 1269 1635 1318; x_wconf 72' lang='lat' dir='ltr'><strong>symbolo</strong></span> <span class='ocrx_word' id='word_1_165' title='bbox 1662 1280 1738 1306; x_wconf 79' lang='lat' dir='ltr'><strong>ea·-</strong></span> 
     </span>
     <span class='ocr_line' id='line_1_20' title="bbox 285 1323 1743 1377; baseline -0.005 -9"><span class='ocrx_word' id='word_1_166' title='bbox 285 1331 438 1368; x_wconf 70' lang='lat' dir='ltr'><strong>nimus.</strong></span> <span class='ocrx_word' id='word_1_167' title='bbox 495 1327 573 1366; x_wconf 89' lang='lat' dir='ltr'><strong>hoc</strong></span> <span class='ocrx_word' id='word_1_168' title='bbox 593 1335 670 1375; x_wconf 88' lang='lat' dir='ltr'><strong>est,</strong></span> <span class='ocrx_word' id='word_1_169' title='bbox 700 1327 913 1366; x_wconf 77' lang='lat' dir='ltr'><strong>decernere</strong></span> <span class='ocrx_word' id='word_1_170' title='bbox 932 1332 977 1365; x_wconf 88' lang='lat' dir='ltr'><strong>ut</strong></span> <span class='ocrx_word' id='word_1_171' title='bbox 996 1327 1181 1377; x_wconf 84' lang='lat' dir='ltr'><strong>deinceps</strong></span> <span class='ocrx_word' id='word_1_172' title='bbox 1201 1339 1280 1364; x_wconf 82' lang='lat' dir='ltr'><strong>vox</strong></span> <span class='ocrx_word' id='word_1_173' title='bbox 1299 1326 1473 1377; x_wconf 81' lang='lat' dir='ltr'><strong>filioque</strong></span> <span class='ocrx_word' id='word_1_174' title='bbox 1496 1324 1676 1376; x_wconf 84' lang='lat' dir='ltr'><strong>symbolo</strong></span> <span class='ocrx_word' id='word_1_175' title='bbox 1691 1323 1743 1361; x_wconf 87' lang='lat' dir='ltr'><strong>in-</strong></span> 
     </span>
     <span class='ocr_line' id='line_1_21' title="bbox 286 1382 1739 1434; baseline -0.004 -11"><span class='ocrx_word' id='word_1_176' title='bbox 286 1385 452 1424; x_wconf 74' lang='lat' dir='ltr'><strong>ecclesia</strong></span> <span class='ocrx_word' id='word_1_177' title='bbox 470 1390 627 1422; x_wconf 77' lang='lat' dir='ltr'><strong>cantato</strong></span> <span class='ocrx_word' id='word_1_178' title='bbox 648 1383 869 1422; x_wconf 82' lang='lat' dir='ltr'><strong>adderetur.</strong></span> <span class='ocrx_word' id='word_1_179' title='bbox 928 1382 1015 1434; x_wconf 86' lang='lat' dir='ltr'><strong>quis</strong></span> <span class='ocrx_word' id='word_1_180' title='bbox 1036 1383 1152 1421; x_wconf 84' lang='lat' dir='ltr'><strong>suerit</strong></span> <span class='ocrx_word' id='word_1_181' title='bbox 1168 1383 1242 1420; x_wconf 83' lang='lat' dir='ltr'><strong>iste</strong></span> <span class='ocrx_word' id='word_1_182' title='bbox 1261 1395 1434 1420; x_wconf 87' lang='lat' dir='ltr'><strong>summus</strong></span> <span class='ocrx_word' id='word_1_183' title='bbox 1455 1382 1639 1433; x_wconf 79' lang='lat' dir='ltr'><strong>pontifex</strong></span> <span class='ocrx_word' id='word_1_184' title='bbox 1655 1392 1739 1418; x_wconf 87' lang='lat' dir='ltr'><strong>non</strong></span> 
     </span>
     <span class='ocr_line' id='line_1_22' title="bbox 286 1437 1750 1489; baseline -0.005 -9"><span class='ocrx_word' id='word_1_185' title='bbox 286 1441 484 1482; x_wconf 86' lang='lat' dir='ltr'><strong>indicatus</strong></span> <span class='ocrx_word' id='word_1_186' title='bbox 513 1440 579 1479; x_wconf 85' lang='lat' dir='ltr'><strong>hic</strong></span> <span class='ocrx_word' id='word_1_187' title='bbox 606 1440 859 1489; x_wconf 77' lang='lat' dir='ltr'><strong>nominatim,</strong></span> <span class='ocrx_word' id='word_1_188' title='bbox 888 1439 1019 1486; x_wconf 83' lang='lat' dir='ltr'><strong>adhuc</strong></span> <span class='ocrx_word' id='word_1_189' title='bbox 1035 1438 1351 1489; x_wconf 85' lang='lat' dir='ltr'><strong>investigandum</strong></span> <span class='ocrx_word' id='word_1_190' title='bbox 1369 1443 1557 1489; x_wconf 79' lang='lat' dir='ltr'><strong>superest.</strong></span> <span class='ocrx_word' id='word_1_191' title='bbox 1613 1437 1750 1474; x_wconf 50' lang='lat' dir='ltr'><strong>Baro-z</strong></span> 
     </span>
     <span class='ocr_line' id='line_1_23' title="bbox 286 1491 1746 1549; baseline -0.005 -12"><span class='ocrx_word' id='word_1_192' title='bbox 286 1499 378 1538; x_wconf 77' lang='lat' dir='ltr'><strong>nius</strong></span> <span class='ocrx_word' id='word_1_193' title='bbox 402 1497 451 1535; x_wconf 86' lang='lat' dir='ltr'><strong>ad</strong></span> <span class='ocrx_word' id='word_1_194' title='bbox 479 1511 627 1535; x_wconf 87' lang='lat' dir='ltr'><strong>annum</strong></span> <span class='ocrx_word' id='word_1_195' title='bbox 655 1496 800 1535; x_wconf 87' lang='lat' dir='ltr'><strong>Christi</strong></span> <span class='ocrx_word' id='word_1_196' title='bbox 825 1498 906 1538; x_wconf 84' lang='lat'><strong>883</strong></span> <span class='ocrx_word' id='word_1_197' title='bbox 937 1495 1003 1549; x_wconf 89' lang='lat' dir='ltr'><strong>(p.</strong></span> <span class='ocrx_word' id='word_1_198' title='bbox 1027 1497 1108 1538; x_wconf 83' lang='lat'><strong>596</strong></span> <span class='ocrx_word' id='word_1_199' title='bbox 1130 1495 1189 1533; x_wconf 89' lang='lat' dir='ltr'><strong>ed.</strong></span> <span class='ocrx_word' id='word_1_200' title='bbox 1209 1496 1318 1533; x_wconf 89' lang='lat' dir='ltr'><strong>Rom.</strong></span> <span class='ocrx_word' id='word_1_201' title='bbox 1336 1493 1429 1532; x_wconf 88' lang='lat' dir='ltr'><strong>anni</strong></span> <span class='ocrx_word' id='word_1_202' title='bbox 1456 1491 1587 1545; x_wconf 81' lang='lat'>1602)</span> <span class='ocrx_word' id='word_1_203' title='bbox 1617 1493 1746 1531; x_wconf 63' lang='lat' dir='ltr'><strong>refert</strong></span> 
     </span>
     <span class='ocr_line' id='line_1_24' title="bbox 274 1547 1745 1601; baseline -0.005 -8"><span class='ocrx_word' id='word_1_204' title='bbox 274 1555 331 1593; x_wconf 63' lang='lat' dir='ltr'><strong>&gt;in</strong></span> <span class='ocrx_word' id='word_1_205' title='bbox 350 1568 417 1592; x_wconf 86' lang='lat' dir='ltr'><strong>sua</strong></span> <span class='ocrx_word' id='word_1_206' title='bbox 434 1553 673 1592; x_wconf 84' lang='lat' dir='ltr'><strong>bibliotheca</strong></span> <span class='ocrx_word' id='word_1_207' title='bbox 691 1553 947 1592; x_wconf 81' lang='lat' dir='ltr'><strong>vallicellana</strong></span> <span class='ocrx_word' id='word_1_208' title='bbox 963 1552 1156 1591; x_wconf 85' lang='lat' dir='ltr'><strong>asservari</strong></span> <span class='ocrx_word' id='word_1_209' title='bbox 1173 1551 1360 1590; x_wconf 89' lang='lat' dir='ltr'><strong>volumen</strong></span> <span class='ocrx_word' id='word_1_210' title='bbox 1375 1550 1583 1601; x_wconf 85' lang='lat' dir='ltr'><strong>antiquum</strong></span> <span class='ocrx_word' id='word_1_211' title='bbox 1599 1547 1745 1587; x_wconf 81' lang='lat' dir='ltr'><strong>Graeci</strong></span> 
     </span>
     <span class='ocr_line' id='line_1_25' title="bbox 288 1606 1743 1662; baseline -0.005 -13"><span class='ocrx_word' id='word_1_212' title='bbox 288 1611 460 1650; x_wconf 74' lang='lat' dir='ltr'><strong>auctoris</strong></span> <span class='ocrx_word' id='word_1_213' title='bbox 479 1609 690 1662; x_wconf 84' lang='lat' dir='ltr'><strong>Anonymi,</strong></span> <span class='ocrx_word' id='word_1_214' title='bbox 711 1609 781 1661; x_wconf 88' lang='lat' dir='ltr'><strong>qui</strong></span> <span class='ocrx_word' id='word_1_215' title='bbox 801 1609 986 1647; x_wconf 89' lang='lat' dir='ltr'><strong>distincte</strong></span> <span class='ocrx_word' id='word_1_216' title='bbox 1005 1609 1175 1647; x_wconf 84' lang='lat' dir='ltr'><strong>affirmat</strong></span> <span class='ocrx_word' id='word_1_217' title='bbox 1191 1607 1431 1646; x_wconf 87' lang='lat' dir='ltr'><strong>additionem</strong></span> <span class='ocrx_word' id='word_1_218' title='bbox 1450 1606 1560 1645; x_wconf 82' lang='lat' dir='ltr'><strong>vocis</strong></span> <span class='ocrx_word' id='word_1_219' title='bbox 1567 1606 1743 1657; x_wconf 79' lang='lat' dir='ltr'><strong>filioque</strong></span> 
     </span>
     <span class='ocr_line' id='line_1_26' title="bbox 288 1660 1746 1719; baseline -0.003 -14"><span class='ocrx_word' id='word_1_220' title='bbox 288 1668 339 1706; x_wconf 83' lang='lat' dir='ltr'><strong>ad</strong></span> <span class='ocrx_word' id='word_1_221' title='bbox 365 1667 586 1719; x_wconf 88' lang='lat' dir='ltr'><strong>symbolum</strong></span> <span class='ocrx_word' id='word_1_222' title='bbox 607 1666 716 1717; x_wconf 86' lang='lat' dir='ltr'><strong>quod</strong></span> <span class='ocrx_word' id='word_1_223' title='bbox 737 1665 896 1704; x_wconf 85' lang='lat' dir='ltr'><strong>canitur</strong></span> <span class='ocrx_word' id='word_1_224' title='bbox 914 1667 958 1704; x_wconf 87' lang='lat' dir='ltr'><strong>in</strong></span> <span class='ocrx_word' id='word_1_225' title='bbox 974 1665 1160 1716; x_wconf 84' lang='lat' dir='ltr'><strong>ecclesia,</strong></span> <span class='ocrx_word' id='word_1_226' title='bbox 1191 1664 1366 1717; x_wconf 85' lang='lat' dir='ltr'><strong>primum</strong></span> <span class='ocrx_word' id='word_1_227' title='bbox 1388 1663 1595 1702; x_wconf 78' lang='lat' dir='ltr'><strong>admissam</strong></span> <span class='ocrx_word' id='word_1_228' title='bbox 1616 1667 1657 1701; x_wconf 83' lang='lat' dir='ltr'><strong>et</strong></span> <span class='ocrx_word' id='word_1_229' title='bbox 1675 1660 1746 1700; x_wconf 68' lang='lat' dir='ltr'><strong>‹te-¹</strong></span> 
     </span>
     <span class='ocr_line' id='line_1_27' title="bbox 289 1722 918 1775; baseline -0.005 -12"><span class='ocrx_word' id='word_1_230' title='bbox 289 1730 435 1763; x_wconf 82' lang='lat' dir='ltr'><strong>cretam</strong></span> <span class='ocrx_word' id='word_1_231' title='bbox 458 1738 480 1761; x_wconf 90' lang='lat' dir='ltr'><strong>a</strong></span> <span class='ocrx_word' id='word_1_232' title='bbox 498 1722 782 1775; x_wconf 87' lang='lat' dir='ltr'><strong>Christophoro</strong></span> <span class='ocrx_word' id='word_1_233' title='bbox 801 1736 918 1775; x_wconf 86' lang='lat' dir='ltr'><strong>papa.</strong></span> 
     </span>
    </p>

    <p class='ocr_par' dir='ltr' id='par_1_3' title="bbox 293 1775 1764 2898">
     <span class='ocr_line' id='line_1_28' title="bbox 405 1775 1746 1830; baseline -0.006 -12"><span class='ocrx_word' id='word_1_234' title='bbox 405 1780 482 1818; x_wconf 89' lang='lat' dir='ltr'><strong>Hic</strong></span> <span class='ocrx_word' id='word_1_235' title='bbox 513 1778 843 1830; x_wconf 83' lang='lat' dir='ltr'><strong>Christophorus,</strong></span> <span class='ocrx_word' id='word_1_236' title='bbox 882 1785 928 1816; x_wconf 88' lang='lat' dir='ltr'><strong>ut</strong></span> <span class='ocrx_word' id='word_1_237' title='bbox 954 1777 1059 1816; x_wconf 85' lang='lat' dir='ltr'><strong>idem</strong></span> <span class='ocrx_word' id='word_1_238' title='bbox 1086 1777 1282 1817; x_wconf 87' lang='lat' dir='ltr'><strong>Baronius</strong></span> <span class='ocrx_word' id='word_1_239' title='bbox 1310 1775 1403 1815; x_wconf 90' lang='lat' dir='ltr'><strong>alibi</strong></span> <span class='ocrx_word' id='word_1_240' title='bbox 1430 1776 1568 1823; x_wconf 87' lang='lat' dir='ltr'><strong>docet,</strong></span> <span class='ocrx_word' id='word_1_241' title='bbox 1598 1775 1746 1813; x_wconf 84' lang='lat' dir='ltr'><strong>Roma-</strong></span> 
     </span>
     <span class='ocr_line' id='line_1_29' title="bbox 293 1831 1745 1883; baseline -0.005 -9"><span class='ocrx_word' id='word_1_242' title='bbox 293 1850 386 1874; x_wconf 80' lang='lat' dir='ltr'><strong>nam</strong></span> <span class='ocrx_word' id='word_1_243' title='bbox 406 1837 536 1874; x_wconf 89' lang='lat' dir='ltr'><strong>sedem</strong></span> <span class='ocrx_word' id='word_1_244' title='bbox 566 1835 711 1874; x_wconf 84' lang='lat' dir='ltr'><strong>invasit</strong></span> <span class='ocrx_word' id='word_1_245' title='bbox 733 1849 836 1873; x_wconf 88' lang='lat' dir='ltr'><strong>anno</strong></span> <span class='ocrx_word' id='word_1_246' title='bbox 858 1834 1005 1872; x_wconf 84' lang='lat' dir='ltr'><strong>Christi</strong></span> <span class='ocrx_word' id='word_1_247' title='bbox 1025 1837 1127 1883; x_wconf 87' lang='lat'><strong>907,</strong></span> <span class='ocrx_word' id='word_1_248' title='bbox 1157 1834 1308 1872; x_wconf 90' lang='lat' dir='ltr'><strong>deiecto</strong></span> <span class='ocrx_word' id='word_1_249' title='bbox 1328 1847 1377 1872; x_wconf 87' lang='lat' dir='ltr'><strong>ex</strong></span> <span class='ocrx_word' id='word_1_250' title='bbox 1396 1846 1440 1871; x_wconf 90' lang='lat' dir='ltr'><strong>ea</strong></span> <span class='ocrx_word' id='word_1_251' title='bbox 1465 1839 1504 1871; x_wconf 92' lang='lat' dir='ltr'><strong>et</strong></span> <span class='ocrx_word' id='word_1_252' title='bbox 1524 1833 1683 1870; x_wconf 82' lang='lat' dir='ltr'><strong>detruso</strong></span> <span class='ocrx_word' id='word_1_253' title='bbox 1701 1831 1745 1867; x_wconf 84' lang='lat' dir='ltr'><strong>in</strong></span> 
     </span>
     <span class='ocr_line' id='line_1_30' title="bbox 295 1889 1747 1941; baseline -0.005 -11"><span class='ocrx_word' id='word_1_254' title='bbox 295 1895 490 1930; x_wconf 75' lang='lat' dir='ltr'><strong>carcerem</strong></span> <span class='ocrx_word' id='word_1_255' title='bbox 518 1893 648 1929; x_wconf 86' lang='lat' dir='ltr'><strong>Leone</strong></span> <span class='ocrx_word' id='word_1_256' title='bbox 676 1890 731 1939; x_wconf 91' lang='lat' dir='ltr'><strong>V,</strong></span> <span class='ocrx_word' id='word_1_257' title='bbox 770 1904 933 1940; x_wconf 89' lang='lat' dir='ltr'><strong>eamque</strong></span> <span class='ocrx_word' id='word_1_258' title='bbox 959 1903 1030 1941; x_wconf 87' lang='lat' dir='ltr'><strong>per</strong></span> <span class='ocrx_word' id='word_1_259' title='bbox 1056 1903 1125 1927; x_wconf 83' lang='lat' dir='ltr'><strong>sex</strong></span> <span class='ocrx_word' id='word_1_260' title='bbox 1152 1903 1304 1928; x_wconf 87' lang='lat' dir='ltr'><strong>menses</strong></span> <span class='ocrx_word' id='word_1_261' title='bbox 1330 1889 1472 1927; x_wconf 85' lang='lat' dir='ltr'><strong>tenuit.</strong></span> <span class='ocrx_word' id='word_1_262' title='bbox 1530 1893 1620 1939; x_wconf 87' lang='lat' dir='ltr'><strong>post</strong></span> <span class='ocrx_word' id='word_1_263' title='bbox 1645 1898 1747 1937; x_wconf 84' lang='lat' dir='ltr'><strong>quos</strong></span> 
     </span>
     <span class='ocr_line' id='line_1_31' title="bbox 298 1942 1758 1999; baseline -0.005 -13"><span class='ocrx_word' id='word_1_264' title='bbox 298 1948 465 1999; x_wconf 84' lang='lat' dir='ltr'><strong>expulso</strong></span> <span class='ocrx_word' id='word_1_265' title='bbox 492 1953 531 1984; x_wconf 89' lang='lat' dir='ltr'><strong>et</strong></span> <span class='ocrx_word' id='word_1_266' title='bbox 554 1947 596 1984; x_wconf 89' lang='lat' dir='ltr'><strong>in</strong></span> <span class='ocrx_word' id='word_1_267' title='bbox 619 1946 779 1984; x_wconf 79' lang='lat' dir='ltr'><strong>vincula</strong></span> <span class='ocrx_word' id='word_1_268' title='bbox 806 1945 988 1984; x_wconf 85' lang='lat' dir='ltr'><strong>coniecto</strong></span> <span class='ocrx_word' id='word_1_269' title='bbox 1017 1944 1305 1996; x_wconf 86' lang='lat' dir='ltr'><strong>Christophoro</strong></span> <span class='ocrx_word' id='word_1_270' title='bbox 1333 1945 1490 1995; x_wconf 79' lang='lat' dir='ltr'><strong>Sergius</strong></span> <span class='ocrx_word' id='word_1_271' title='bbox 1517 1943 1573 1981; x_wconf 86' lang='lat'><strong>111</strong></span> <span class='ocrx_word' id='word_1_272' title='bbox 1596 1942 1758 1980; x_wconf 74' lang='lat' dir='ltr'><strong>iterum</strong></span> 
     </span>
     <span class='ocr_line' id='line_1_32' title="bbox 299 1998 1761 2055; baseline -0.005 -14"><span class='ocrx_word' id='word_1_273' title='bbox 299 2004 563 2055; x_wconf 86' lang='lat' dir='ltr'><strong>apostolicum</strong></span> <span class='ocrx_word' id='word_1_274' title='bbox 590 2002 778 2040; x_wconf 88' lang='lat' dir='ltr'><strong>thronum</strong></span> <span class='ocrx_word' id='word_1_275' title='bbox 806 2001 973 2050; x_wconf 83' lang='lat' dir='ltr'><strong>insedit,</strong></span> <span class='ocrx_word' id='word_1_276' title='bbox 1008 2000 1052 2038; x_wconf 87' lang='lat' dir='ltr'><strong>in</strong></span> <span class='ocrx_word' id='word_1_277' title='bbox 1075 2014 1198 2051; x_wconf 89' lang='lat' dir='ltr'><strong>eoque</strong></span> <span class='ocrx_word' id='word_1_278' title='bbox 1224 2001 1397 2054; x_wconf 82' lang='lat' dir='ltr'><strong>perstitit</strong></span> <span class='ocrx_word' id='word_1_279' title='bbox 1421 2011 1547 2051; x_wconf 88' lang='lat' dir='ltr'><strong>usque</strong></span> <span class='ocrx_word' id='word_1_280' title='bbox 1573 1998 1624 2036; x_wconf 79' lang='lat' dir='ltr'><strong>ad</strong></span> <span class='ocrx_word' id='word_1_281' title='bbox 1643 2006 1761 2035; x_wconf 75' lang='lat' dir='ltr'><strong>mor-¹.</strong></span> 
     </span>
     <span class='ocr_line' id='line_1_33' title="bbox 298 2052 1763 2110; baseline -0.005 -12"><span class='ocrx_word' id='word_1_282' title='bbox 298 2067 380 2098; x_wconf 81' lang='lat' dir='ltr'><strong>tem</strong></span> <span class='ocrx_word' id='word_1_283' title='bbox 402 2073 531 2109; x_wconf 88' lang='lat' dir='ltr'><strong>suam,</strong></span> <span class='ocrx_word' id='word_1_284' title='bbox 562 2072 662 2110; x_wconf 88' lang='lat' dir='ltr'><strong>quae</strong></span> <span class='ocrx_word' id='word_1_285' title='bbox 684 2058 851 2107; x_wconf 85' lang='lat' dir='ltr'><strong>contigit</strong></span> <span class='ocrx_word' id='word_1_286' title='bbox 873 2057 1042 2095; x_wconf 89' lang='lat' dir='ltr'><strong>triennio</strong></span> <span class='ocrx_word' id='word_1_287' title='bbox 1062 2063 1175 2108; x_wconf 88' lang='lat' dir='ltr'><strong>post,</strong></span> <span class='ocrx_word' id='word_1_288' title='bbox 1205 2070 1308 2095; x_wconf 85' lang='lat' dir='ltr'><strong>anno</strong></span> <span class='ocrx_word' id='word_1_289' title='bbox 1332 2055 1480 2094; x_wconf 83' lang='lat' dir='ltr'><strong>Christi</strong></span> <span class='ocrx_word' id='word_1_290' title='bbox 1500 2058 1594 2098; x_wconf 87' lang='lat'>910.</span> <span class='ocrx_word' id='word_1_291' title='bbox 1649 2052 1763 2097; x_wconf 58' lang='lat' dir='ltr'><strong>mihig</strong></span> 
     </span>
     <span class='ocr_line' id='line_1_34' title="bbox 299 2109 1757 2156; baseline -0.005 -2"><span class='ocrx_word' id='word_1_292' title='bbox 299 2130 382 2154; x_wconf 86' lang='lat' dir='ltr'><strong>non</strong></span> <span class='ocrx_word' id='word_1_293' title='bbox 407 2116 566 2154; x_wconf 83' lang='lat' dir='ltr'><strong>videtur</strong></span> <span class='ocrx_word' id='word_1_294' title='bbox 593 2114 849 2152; x_wconf 84' lang='lat' dir='ltr'><strong>inverisimile</strong></span> <span class='ocrx_word' id='word_1_295' title='bbox 877 2114 1073 2152; x_wconf 82' lang='lat' dir='ltr'><strong>Andream</strong></span> <span class='ocrx_word' id='word_1_296' title='bbox 1101 2113 1300 2156; x_wconf 83' lang='lat' dir='ltr'><strong>Rhodium</strong></span> <span class='ocrx_word' id='word_1_297' title='bbox 1330 2113 1521 2150; x_wconf 87' lang='lat' dir='ltr'><strong>Graecum</strong></span> <span class='ocrx_word' id='word_1_298' title='bbox 1547 2109 1757 2148; x_wconf 86' lang='lat' dir='ltr'><strong>hominem-</strong></span> 
     </span>
     <span class='ocr_line' id='line_1_35' title="bbox 301 2166 1758 2219; baseline -0.005 -9"><span class='ocrx_word' id='word_1_299' title='bbox 301 2173 475 2210; x_wconf 83' lang='lat' dir='ltr'><strong>eiusdem</strong></span> <span class='ocrx_word' id='word_1_300' title='bbox 493 2171 608 2209; x_wconf 89' lang='lat' dir='ltr'><strong>istius</strong></span> <span class='ocrx_word' id='word_1_301' title='bbox 633 2171 775 2209; x_wconf 85' lang='lat' dir='ltr'><strong>Graeci</strong></span> <span class='ocrx_word' id='word_1_302' title='bbox 797 2169 1087 2216; x_wconf 89' lang='lat' dir='ltr'><strong>commentarii,</strong></span> <span class='ocrx_word' id='word_1_303' title='bbox 1118 2169 1231 2207; x_wconf 87' lang='lat' dir='ltr'><strong>cuius</strong></span> <span class='ocrx_word' id='word_1_304' title='bbox 1252 2168 1454 2219; x_wconf 79' lang='lat' dir='ltr'><strong>exemplar</strong></span> <span class='ocrx_word' id='word_1_305' title='bbox 1471 2166 1610 2205; x_wconf 82' lang='lat' dir='ltr'><strong>habuit</strong></span> <span class='ocrx_word' id='word_1_306' title='bbox 1631 2166 1758 2204; x_wconf 32' lang='lat' dir='ltr'><strong>Baro-v</strong></span> 
     </span>
     <span class='ocr_line' id='line_1_36' title="bbox 301 2222 1752 2278; baseline -0.005 -12"><span class='ocrx_word' id='word_1_307' title='bbox 301 2229 414 2278; x_wconf 89' lang='lat' dir='ltr'><strong>nius,</strong></span> <span class='ocrx_word' id='word_1_308' title='bbox 445 2227 621 2266; x_wconf 82' lang='lat' dir='ltr'><strong>notitiam</strong></span> <span class='ocrx_word' id='word_1_309' title='bbox 643 2227 845 2275; x_wconf 86' lang='lat' dir='ltr'><strong>habuisse;</strong></span> <span class='ocrx_word' id='word_1_310' title='bbox 875 2227 1049 2277; x_wconf 85' lang='lat' dir='ltr'><strong>adeoque</strong></span> <span class='ocrx_word' id='word_1_311' title='bbox 1071 2239 1282 2265; x_wconf 86' lang='lat' dir='ltr'><strong>memorem</strong></span> <span class='ocrx_word' id='word_1_312' title='bbox 1305 2224 1401 2276; x_wconf 90' lang='lat' dir='ltr'><strong>quid</strong></span> <span class='ocrx_word' id='word_1_313' title='bbox 1427 2224 1483 2262; x_wconf 91' lang='lat' dir='ltr'><strong>ibi</strong></span> <span class='ocrx_word' id='word_1_314' title='bbox 1501 2222 1676 2274; x_wconf 86' lang='lat' dir='ltr'><strong>legisset,</strong></span> <span class='ocrx_word' id='word_1_315' title='bbox 1704 2234 1752 2259; x_wconf 77' lang='lat' dir='ltr'><strong>ea</strong></span> 
     </span>
     <span class='ocr_line' id='line_1_37' title="bbox 303 2281 1751 2336; baseline -0.005 -14"><span class='ocrx_word' id='word_1_316' title='bbox 303 2299 402 2336; x_wconf 82' lang='lat' dir='ltr'><strong>quae</strong></span> <span class='ocrx_word' id='word_1_317' title='bbox 421 2284 698 2335; x_wconf 84' lang='lat' dir='ltr'><strong>descripsimus</strong></span> <span class='ocrx_word' id='word_1_318' title='bbox 714 2283 758 2321; x_wconf 88' lang='lat' dir='ltr'><strong>in</strong></span> <span class='ocrx_word' id='word_1_319' title='bbox 778 2283 948 2321; x_wconf 86' lang='lat' dir='ltr'><strong>concilio</strong></span> <span class='ocrx_word' id='word_1_320' title='bbox 965 2282 1124 2322; x_wconf 83' lang='lat' dir='ltr'><strong>dixisse.</strong></span> <span class='ocrx_word' id='word_1_321' title='bbox 1181 2281 1416 2320; x_wconf 81' lang='lat' dir='ltr'><strong>abstinuisse</strong></span> <span class='ocrx_word' id='word_1_322' title='bbox 1442 2285 1572 2324; x_wconf 79' lang='lat' dir='ltr'><strong>autem</strong></span> <span class='ocrx_word' id='word_1_323' title='bbox 1594 2292 1617 2316; x_wconf 90' lang='lat' dir='ltr'><strong>a</strong></span> <span class='ocrx_word' id='word_1_324' title='bbox 1635 2290 1751 2316; x_wconf 81' lang='lat' dir='ltr'><strong>men-</strong></span> 
     </span>
     <span class='ocr_line' id='line_1_38' title="bbox 301 2334 1764 2392; baseline -0.005 -14"><span class='ocrx_word' id='word_1_325' title='bbox 301 2341 408 2378; x_wconf 85' lang='lat' dir='ltr'><strong>tione</strong></span> <span class='ocrx_word' id='word_1_326' title='bbox 436 2339 673 2378; x_wconf 83' lang='lat' dir='ltr'><strong>distinctiori</strong></span> <span class='ocrx_word' id='word_1_327' title='bbox 704 2353 830 2392; x_wconf 88' lang='lat' dir='ltr'><strong>papae</strong></span> <span class='ocrx_word' id='word_1_328' title='bbox 859 2338 1154 2390; x_wconf 77' lang='lat' dir='ltr'><strong>christophori,</strong></span> <span class='ocrx_word' id='word_1_329' title='bbox 1185 2338 1251 2377; x_wconf 87' lang='lat' dir='ltr'><strong>vel</strong></span> <span class='ocrx_word' id='word_1_330' title='bbox 1278 2338 1382 2388; x_wconf 86' lang='lat' dir='ltr'><strong>quod</strong></span> <span class='ocrx_word' id='word_1_331' title='bbox 1404 2341 1561 2388; x_wconf 84' lang='lat' dir='ltr'><strong>putaret</strong></span> <span class='ocrx_word' id='word_1_332' title='bbox 1581 2334 1764 2388; x_wconf 84' lang='lat' dir='ltr'><strong>scripto-·</strong></span> 
     </span>
     <span class='ocr_line' id='line_1_39' title="bbox 302 2394 1750 2445; baseline -0.006 -10"><span class='ocrx_word' id='word_1_333' title='bbox 302 2399 386 2435; x_wconf 80' lang='lat' dir='ltr'><strong>rem</strong></span> <span class='ocrx_word' id='word_1_334' title='bbox 404 2396 519 2434; x_wconf 85' lang='lat' dir='ltr'><strong>illum</strong></span> <span class='ocrx_word' id='word_1_335' title='bbox 535 2397 730 2435; x_wconf 90' lang='lat' dir='ltr'><strong>Graecum</strong></span> <span class='ocrx_word' id='word_1_336' title='bbox 745 2397 788 2434; x_wconf 91' lang='lat' dir='ltr'><strong>in</strong></span> <span class='ocrx_word' id='word_1_337' title='bbox 805 2409 849 2434; x_wconf 88' lang='lat' dir='ltr'><strong>eo</strong></span> <span class='ocrx_word' id='word_1_338' title='bbox 869 2408 1029 2445; x_wconf 85' lang='lat' dir='ltr'><strong>errasse,</strong></span> <span class='ocrx_word' id='word_1_339' title='bbox 1059 2394 1338 2434; x_wconf 69' lang='lat' dir='ltr'><strong>confundendo</strong></span> <span class='ocrx_word' id='word_1_340' title='bbox 1355 2406 1444 2434; x_wconf 87' lang='lat' dir='ltr'><strong>eum</strong></span> <span class='ocrx_word' id='word_1_341' title='bbox 1466 2404 1556 2430; x_wconf 86' lang='lat' dir='ltr'><strong>cum</strong></span> <span class='ocrx_word' id='word_1_342' title='bbox 1574 2404 1644 2430; x_wconf 82' lang='lat' dir='ltr'><strong>suo</strong></span> <span class='ocrx_word' id='word_1_343' title='bbox 1662 2402 1750 2428; x_wconf 86' lang='lat' dir='ltr'><strong>suc-</strong></span> 
     </span>
     <span class='ocr_line' id='line_1_40' title="bbox 305 2447 1750 2505; baseline -0.005 -15"><span class='ocrx_word' id='word_1_344' title='bbox 305 2465 459 2490; x_wconf 86' lang='lat' dir='ltr'><strong>cessore</strong></span> <span class='ocrx_word' id='word_1_345' title='bbox 491 2459 557 2490; x_wconf 86' lang='lat' dir='ltr'><strong>aut</strong></span> <span class='ocrx_word' id='word_1_346' title='bbox 584 2454 716 2505; x_wconf 87' lang='lat' dir='ltr'><strong>potius</strong></span> <span class='ocrx_word' id='word_1_347' title='bbox 742 2452 954 2504; x_wconf 85' lang='lat' dir='ltr'><strong>expulsore</strong></span> <span class='ocrx_word' id='word_1_348' title='bbox 973 2451 1126 2502; x_wconf 80' lang='lat' dir='ltr'><strong>Sergi03</strong></span> <span class='ocrx_word' id='word_1_349' title='bbox 1158 2451 1224 2490; x_wconf 89' lang='lat' dir='ltr'><strong>vel</strong></span> <span class='ocrx_word' id='word_1_350' title='bbox 1243 2450 1347 2501; x_wconf 84' lang='lat' dir='ltr'><strong>quod</strong></span> <span class='ocrx_word' id='word_1_351' title='bbox 1362 2449 1566 2499; x_wconf 89' lang='lat' dir='ltr'><strong>utriusque</strong></span> <span class='ocrx_word' id='word_1_352' title='bbox 1583 2447 1750 2485; x_wconf 88' lang='lat' dir='ltr'><strong>istorum</strong></span> 
     </span>
     <span class='ocr_line' id='line_1_41' title="bbox 302 2505 1751 2558; baseline -0.005 -12"><span class='ocrx_word' id='word_1_353' title='bbox 302 2515 383 2546; x_wconf 84' lang='lat' dir='ltr'><strong>tam</strong></span> <span class='ocrx_word' id='word_1_354' title='bbox 401 2508 597 2547; x_wconf 86' lang='lat' dir='ltr'><strong>maculosa</strong></span> <span class='ocrx_word' id='word_1_355' title='bbox 614 2509 692 2547; x_wconf 87' lang='lat' dir='ltr'><strong>vita</strong></span> <span class='ocrx_word' id='word_1_356' title='bbox 706 2539 718 2558; x_wconf 93' lang='lat'>‚</span> <span class='ocrx_word' id='word_1_357' title='bbox 748 2515 828 2548; x_wconf 90' lang='lat' dir='ltr'><strong>tam</strong></span> <span class='ocrx_word' id='word_1_358' title='bbox 852 2508 965 2547; x_wconf 87' lang='lat' dir='ltr'><strong>foeda</strong></span> <span class='ocrx_word' id='word_1_359' title='bbox 983 2509 1168 2546; x_wconf 77' lang='lat' dir='ltr'><strong>memoria</strong></span> <span class='ocrx_word' id='word_1_360' title='bbox 1184 2513 1306 2555; x_wconf 86' lang='lat' dir='ltr'><strong>esset,</strong></span> <span class='ocrx_word' id='word_1_361' title='bbox 1334 2512 1383 2544; x_wconf 89' lang='lat' dir='ltr'><strong>ut</strong></span> <span class='ocrx_word' id='word_1_362' title='bbox 1403 2505 1446 2543; x_wconf 88' lang='lat' dir='ltr'><strong>in</strong></span> <span class='ocrx_word' id='word_1_363' title='bbox 1466 2515 1652 2543; x_wconf 83' lang='lat' dir='ltr'><strong>consessu</strong></span> <span class='ocrx_word' id='word_1_364' title='bbox 1667 2507 1751 2540; x_wconf 81' lang='lat' dir='ltr'><strong>tam</strong></span> 
     </span>
     <span class='ocr_line' id='line_1_42' title="bbox 304 2561 1752 2616; baseline -0.006 -14"><span class='ocrx_word' id='word_1_365' title='bbox 304 2564 437 2615; x_wconf 88' lang='lat' dir='ltr'><strong>gravi,</strong></span> <span class='ocrx_word' id='word_1_366' title='bbox 466 2563 530 2602; x_wconf 89' lang='lat' dir='ltr'><strong>cui</strong></span> <span class='ocrx_word' id='word_1_367' title='bbox 550 2565 775 2615; x_wconf 87' lang='lat' dir='ltr'><strong>praesertim</strong></span> <span class='ocrx_word' id='word_1_368' title='bbox 791 2565 1027 2603; x_wconf 84' lang='lat' dir='ltr'><strong>interessent</strong></span> <span class='ocrx_word' id='word_1_369' title='bbox 1046 2563 1162 2602; x_wconf 88' lang='lat' dir='ltr'><strong>multi</strong></span> <span class='ocrx_word' id='word_1_370' title='bbox 1180 2576 1319 2616; x_wconf 88' lang='lat' dir='ltr'><strong>parum</strong></span> <span class='ocrx_word' id='word_1_371' title='bbox 1342 2561 1454 2613; x_wconf 85' lang='lat' dir='ltr'><strong>aequi</strong></span> <span class='ocrx_word' id='word_1_372' title='bbox 1473 2562 1668 2600; x_wconf 83' lang='lat' dir='ltr'><strong>Romanae</strong></span> <span class='ocrx_word' id='word_1_373' title='bbox 1687 2562 1752 2594; x_wconf 90' lang='lat' dir='ltr'><strong>&#39;ec-</strong></span> 
     </span>
     <span class='ocr_line' id='line_1_43' title="bbox 305 2615 1752 2673; baseline -0.006 -14"><span class='ocrx_word' id='word_1_374' title='bbox 305 2620 460 2670; x_wconf 85' lang='lat' dir='ltr'><strong>clesiae,</strong></span> <span class='ocrx_word' id='word_1_375' title='bbox 488 2619 557 2658; x_wconf 87' lang='lat' dir='ltr'><strong>illa</strong></span> <span class='ocrx_word' id='word_1_376' title='bbox 574 2619 935 2660; x_wconf 85' lang='lat' dir='ltr'><strong>infelicissimorum</strong></span> <span class='ocrx_word' id='word_1_377' title='bbox 956 2620 1040 2660; x_wconf 86' lang='lat' dir='ltr'><strong>eius</strong></span> <span class='ocrx_word' id='word_1_378' title='bbox 1058 2627 1278 2673; x_wconf 88' lang='lat' dir='ltr'><strong>temporum</strong></span> <span class='ocrx_word' id='word_1_379' title='bbox 1299 2618 1441 2670; x_wconf 84' lang='lat' dir='ltr'><strong>probra</strong></span> <span class='ocrx_word' id='word_1_380' title='bbox 1461 2615 1650 2656; x_wconf 83' lang='lat' dir='ltr'><strong>refricare</strong></span> <span class='ocrx_word' id='word_1_381' title='bbox 1668 2625 1752 2651; x_wconf 90' lang='lat' dir='ltr'><strong>me-</strong></span> 
     </span>
     <span class='ocr_line' id='line_1_44' title="bbox 310 2668 1754 2730; baseline -0.007 -15"><span class='ocrx_word' id='word_1_382' title='bbox 310 2676 501 2715; x_wconf 88' lang='lat' dir='ltr'><strong>morando</strong></span> <span class='ocrx_word' id='word_1_383' title='bbox 521 2689 603 2713; x_wconf 89' lang='lat' dir='ltr'><strong>non</strong></span> <span class='ocrx_word' id='word_1_384' title='bbox 624 2677 785 2716; x_wconf 89' lang='lat' dir='ltr'><strong>duceret</strong></span> <span class='ocrx_word' id='word_1_385' title='bbox 806 2683 1087 2730; x_wconf 89' lang='lat' dir='ltr'><strong>opportunum.</strong></span> <span class='ocrx_word' id='word_1_386' title='bbox 1124 2676 1266 2716; x_wconf 86' lang='lat' dir='ltr'><strong>recitat</strong></span> <span class='ocrx_word' id='word_1_387' title='bbox 1282 2675 1386 2713; x_wconf 82' lang='lat' dir='ltr'><strong>idem</strong></span> <span class='ocrx_word' id='word_1_388' title='bbox 1405 2671 1595 2712; x_wconf 70' lang='lat' dir='ltr'><strong>Baronius</strong></span> <span class='ocrx_word' id='word_1_389' title='bbox 1614 2668 1665 2707; x_wconf 84' lang='lat' dir='ltr'><strong>ad</strong></span> <span class='ocrx_word' id='word_1_390' title='bbox 1683 2681 1754 2706; x_wconf 75' lang='lat' dir='ltr'><strong>an-</strong></span> 
     </span>
     <span class='ocr_line' id='line_1_45' title="bbox 311 2723 1752 2784; baseline -0.007 -13"><span class='ocrx_word' id='word_1_391' title='bbox 311 2746 409 2771; x_wconf 87' lang='lat' dir='ltr'><strong>num</strong></span> <span class='ocrx_word' id='word_1_392' title='bbox 431 2732 577 2770; x_wconf 88' lang='lat' dir='ltr'><strong>Christi</strong></span> <span class='ocrx_word' id='word_1_393' title='bbox 596 2734 932 2783; x_wconf 87' lang='lat' dir='ltr'><strong>nongentesimum</strong></span> <span class='ocrx_word' id='word_1_394' title='bbox 951 2746 1101 2771; x_wconf 88' lang='lat' dir='ltr'><strong>nonum</strong></span> <span class='ocrx_word' id='word_1_395' title='bbox 1113 2762 1124 2783; x_wconf 90' lang='lat'><strong>,</strong></span> <span class='ocrx_word' id='word_1_396' title='bbox 1153 2732 1219 2784; x_wconf 88' lang='lat' dir='ltr'><strong>qui</strong></span> <span class='ocrx_word' id='word_1_397' title='bbox 1237 2731 1313 2770; x_wconf 81' lang='lat' dir='ltr'><strong>fuit</strong></span> <span class='ocrx_word' id='word_1_398' title='bbox 1331 2726 1524 2769; x_wconf 81' lang='lat' dir='ltr'><strong>secundus</strong></span> <span class='ocrx_word' id='word_1_399' title='bbox 1543 2725 1665 2776; x_wconf 85' lang='lat' dir='ltr'><strong>Sergii</strong></span> <span class='ocrx_word' id='word_1_400' title='bbox 1683 2723 1752 2772; x_wconf 83' lang='lat'><strong>111,</strong></span> 
     </span>
     <span class='ocr_line' id='line_1_46' title="bbox 316 2780 1755 2841; baseline -0.007 -14"><span class='ocrx_word' id='word_1_401' title='bbox 316 2788 533 2827; x_wconf 80' lang='lat' dir='ltr'><strong>concilium</strong></span> <span class='ocrx_word' id='word_1_402' title='bbox 564 2788 800 2828; x_wconf 86' lang='lat' dir='ltr'><strong>celebratum</strong></span> <span class='ocrx_word' id='word_1_403' title='bbox 825 2789 868 2827; x_wconf 89' lang='lat' dir='ltr'><strong>in</strong></span> <span class='ocrx_word' id='word_1_404' title='bbox 898 2802 1000 2840; x_wconf 90' lang='lat' dir='ltr'><strong>pago</strong></span> <span class='ocrx_word' id='word_1_405' title='bbox 1031 2789 1116 2828; x_wconf 87' lang='lat' dir='ltr'><strong>sive</strong></span> <span class='ocrx_word' id='word_1_406' title='bbox 1145 2785 1352 2841; x_wconf 75' lang='lat' dir='ltr'><strong>provincia</strong></span> <span class='ocrx_word' id='word_1_407' title='bbox 1379 2781 1673 2829; x_wconf 88' lang='lat' dir='ltr'><strong>Suessionensi,</strong></span> <span class='ocrx_word' id='word_1_408' title='bbox 1710 2780 1755 2817; x_wconf 84' lang='lat' dir='ltr'><strong>in</strong></span> 
     </span>
     <span class='ocr_line' id='line_1_47' title="bbox 314 2835 1755 2898; baseline -0.006 -15"><span class='ocrx_word' id='word_1_409' title='bbox 314 2844 404 2884; x_wconf 89' lang='lat' dir='ltr'><strong>loco</strong></span> <span class='ocrx_word' id='word_1_410' title='bbox 426 2844 602 2886; x_wconf 83' lang='lat' dir='ltr'><strong>Trosleio</strong></span> <span class='ocrx_word' id='word_1_411' title='bbox 622 2843 751 2897; x_wconf 79' lang='lat' dir='ltr'><strong>dicto,</strong></span> <span class='ocrx_word' id='word_1_412' title='bbox 779 2844 1024 2898; x_wconf 81' lang='lat' dir='ltr'><strong>praesidente</strong></span> <span class='ocrx_word' id='word_1_413' title='bbox 1042 2845 1200 2886; x_wconf 72' lang='lat' dir='ltr'><strong>Herveo</strong></span> <span class='ocrx_word' id='word_1_414' title='bbox 1218 2841 1514 2895; x_wconf 83' lang='lat' dir='ltr'><strong>archiepiscopo</strong></span> <span class='ocrx_word' id='word_1_415' title='bbox 1533 2835 1755 2894; x_wconf 83' lang='lat' dir='ltr'><strong>Rhemensi,</strong></span> 
     </span>
    </p>
   </div>
  </div>
 </body>
</html>
