1884 3262
257 171 354 218 440
668 171 901 215 GEORGII
933 172 1277 216 PACHYMERIS

258 279 524 338 συναρμόσας
550 279 851 337 ἓμπρόθεσμοι·
893 282 988 326 ἀλλ’
1017 284 1056 327 οἶ
1082 288 1155 339 τῆς
1179 281 1354 341 Εἰρήνης
1376 283 1497 342 γάμοι
1528 290 1587 344 τῷ
1617 284 1698 341 ἤδη

257 354 422 404 βασιλεῖ
438 349 695 408 φημιζομένῳ
719 347 964 406 Βουλγάρων
974 351 1097 395 Ἀσᾶν
1121 353 1328 395 ἐτελοῦντο
1346 353 1695 410 περιφανέστερον.

206 421 238 455 D
262 416 482 470 συμβόλοις
498 416 576 473 γὰρ
594 419 738 472 ἐχρῆτο
755 422 1000 473 βασιλικοῖς,
1036 420 1077 471 ἐξ
1100 420 1216 475 ἔρι’ων
1232 421 1306 474 μὲν
1328 421 1421 462 κατ’
1443 422 1700 477 ἐφεστρίδας,

257 491 343 533 τοῖς
363 486 387 526 δ
395 484 408 500 ’
432 483 569 534 ἄλλοις
598 492 682 534 τοῖς
711 484 849 536 αὐτοῖς
866 491 1045 540 βασιλεῖ·
1083 490 1149 530 καὶ
1174 488 1389 531 συνθεσίαι
1413 484 1538 542 ἦσαν,
1575 491 1609 530 εἷ
1624 489 1699 542 μὲν

256 551 462 594 εὖοδοῖντο
493 553 709 606 ἐπιβαίνειν
749 552 955 609 Τερνόβου
980 553 1142 609 συνάμα
1179 557 1246 598 καὶ
1280 561 1372 604 ταΐς
1397 559 1470 597 τοῦ
1499 556 1731 608 βασιλέωςᾶ

119 620 148 654 P
169 621 235 656 501
259 617 501 673 δυνάμεσιν,
537 622 571 663 εἶ
591 620 634 663 δ’
662 615 756 673 οὖν,
796 621 901 671 ἀλλὰ
920 625 986 665 καὶ
1006 618 1130 673 αὖθις
1150 625 1205 673 εἷς
1222 621 1421 672 δεσπότας
1440 627 1511 678 τῆς
1528 621 1701 677 Ῥωμαΐ-

258 689 331 737 δος
347 685 632 742 σεμνύνεσθαι.
700 695 786 737 τοῖς
800 690 874 743 μὲν
896 685 968 733 οὖν
987 691 1254 744 τετελεσμένοι
1275 686 1378 745 ἦσαν
1404 690 1441 732 οἱ
1464 688 1599 745 γάμοι,
1633 691 1700 732 καὶ

258 757 406 809 βουλαὶ
427 757 697 811 προυτίθεντο
725 764 900 811 συνεχεῖς
928 756 1035 808 ὅπως
1058 757 1107 800 ἂν
1129 760 1195 801 καὶ
1217 757 1268 801 τὰ
1295 755 1435 814 πρόσω
1453 757 1553 800 κατ’
1575 755 1702 811 εὐμά-

260 840 368 879 ρειαν
391 830 659 880 προχωροΐεν·
696 831 781 873 τοῖς
805 826 850 867 δὲ
878 830 950 867 τοῦ
967 825 1140 880 Μιχαὴλ
1168 824 1312 882 γάμοις
1337 827 1494 880 καὶτῆς
1513 825 1703 880 δευτέρας

257 894 340 934 τῶν
358 891 556 943 βασιλέως
573 891 813 948 θυγατέρων
822 891 965 948 ’Άννης
981 892 1230 950 προσίστατό
1248 911 1285 936 τι
1304 897 1386 936 τῶν
1402 897 1474 947 τῆς
1492 894 1702 946 ἐκκλησίας
1715 904 1761 939 10

257 956 452 1011 κανόνων,
479 957 550 1008 οὓς
567 959 618 1012 δὴ
638 960 812 1009 Σισίνιος
830 959 955 1002 πάλαι
975 963 1063 1011 θεὶς
1083 961 1325 1018 ἀφορισμοῖς
1337 958 1548 1015 ἓκράτυνεν
1565 959 1704 1016 ἀσφα-

207 1034 236 1069 Β
259 1025 380 1068 λε’σιν.
450 1024 476 1080 ἦ
497 1027 571 1080 μὲν
591 1021 662 1068 οὖν
683 1031 756 1069 τοῦ
777 1026 974 1071 δεσπότου
992 1019 1232 1085 Νικηφόρον
1246 1028 1367 1071 ’Άννα
1387 1033 1459 1082 τῆς
1485 1032 1559 1071 τοῦ
1580 1033 1705 1080 βασι-

258 1093 357 1143 λε’ως
375 1093 583 1150 θυγατρὸς
595 1093 738 1149 ’Άννης
757 1094 986 1150 αὖτανεψία
1009 1092 1058 1151 ἦν
1069 1128 1082 1148 ,
1119 1094 1357 1152 Νικηφόρος
1383 1096 1429 1137 δὲ
1446 1097 1511 1137 καὶ
1532 1094 1705 1148 Μιχαὴλ

195 1218 198 1221 ¹
261 1159 511 1218 αὖτάδελφοι
532 1159 706 1211 πάντως.
776 1163 1082 1218 περιισταμένου
1102 1168 1198 1220 γοῦν
1218 1168 1291 1206 τοῦ
1319 1162 1411 1206 κατ’
1437 1162 1588 1211 αὐτοὺς
1605 1179 1704 1213 συν-

260 1229 432 1271 οικεσίου
460 1230 515 1278 εἷς
541 1229 655 1271 ἕκτον
677 1229 847 1282 βαθμὸν
877 1230 947 1272 τὸν
968 1230 1086 1274 ἔνθεν
1105 1231 1179 1285 μὲν
1197 1231 1239 1273 ἐκ
1258 1228 1464 1286 τεσσάρων
1485 1231 1636 1272 ἐκεῖθεν
1655 1228 1700 1271 δ’
1716 1244 1760 1280 15

261 1297 305 1338 ἐκ
338 1294 411 1339 δύο
445 1297 722 1352 συγκείμενον,
766 1295 844 1340 ἔδει
876 1295 1050 1340 συνόδου
1081 1300 1168 1354 περὶ
1192 1296 1345 1341 τούτων
1366 1298 1618 1351 σκεψομένης
1639 1298 1706 1340 καὶ

259 1368 334 1417 τῆς
354 1363 458 1420 παρ’
478 1363 606 1418 αὐτῆς
622 1362 787 1413 λύσεως.
853 1365 937 1407 ἐπεὶ
954 1368 979 1407 δ
985 1365 996 1381 ’
1026 1366 1288 1419 ἐσκέπτοντο,
1324 1368 1391 1407 καὶ
1410 1366 1461 1408 τοὶ
1482 1369 1561 1407 τῶν
1581 1370 1708 1418 βασι-

211 1430 242 1463 C
266 1430 366 1474 λε’ων
395 1429 713 1487 συναλλάγματα
743 1430 797 1493 ὥς
823 1433 877 1483 εἷς
907 1431 1068 1490 εἰρήνην
1094 1431 1280 1489 γινόμενα
1311 1431 1476 1476 ἐδόκουν
1494 1434 1615 1476 πλείω
1633 1431 1707 1487 τὴν,

263 1498 398 1543 ἄνεσιν
425 1499 524 1555 ἔχειν
549 1498 575 1556 ἢ
606 1499 657 1554 δὴ
684 1499 737 1543 τὰ
763 1504 846 1561 τῶν
877 1499 1034 1555 ἄλλων,
1077 1501 1400 1557 ἀντισηκοῦσθαι
1425 1500 1471 1544 τὸ
1502 1498 1558 1551 ὥς
1578 1502 1708 1555 δῆθεν

263 1639 373 1675 adhuc
403 1641 496 1685 erat)
530 1640 689 1675 decretae
718 1642 783 1676 iam
815 1645 851 1676 et
883 1640 919 1676 in
952 1641 1126 1688 procinctu
1149 1641 1309 1689 expedito
1342 1641 1490 1687 nuptiae.
1535 1643 1707 1675 caeterum

261 1687 379 1720 Irenes
401 1697 475 1720 cum
498 1686 669 1722 declarato
690 1687 755 1721 iam
788 1688 896 1732 palam
927 1697 1010 1732 rege
1043 1688 1261 1732 Bulgarorum
1283 1689 1393 1722 Asane
1421 1685 1595 1721 illustriori
1618 1685 1707 1720 cele-

263 1732 391 1766 britate
413 1732 655 1766 matrimonium
677 1733 926 1777 peragebatur,
948 1744 1008 1767 rex
1030 1733 1194 1778 siquidem
1216 1745 1320 1777 gener
1341 1732 1525 1777 insignibus
1547 1734 1708 1765 utebatur

263 1777 370 1821 regiis
385 1801 394 1819 ‚
426 1777 536 1821 quoad
568 1778 709 1812 colorem
740 1779 874 1823 quidem
904 1778 1007 1815 solum
1040 1779 1075 1812 in
1107 1779 1255 1823 phaleris
1278 1782 1314 1817 et
1344 1778 1461 1813 stratis
1484 1778 1708 1822 equestribus,

263 1833 352 1868 quae
376 1832 418 1855 ex
439 1822 515 1855 lana
537 1826 664 1856 tantum
689 1828 806 1865 erant,
827 1823 861 1856 in
883 1824 1026 1857 caeteris
1048 1828 1159 1858 autem
1181 1824 1299 1858 iisdem
1321 1824 1420 1869 plane
1442 1835 1515 1856 cum
1539 1822 1614 1866 ipso
1638 1823 1709 1855 Au-

264 1870 374 1912 gusto.
420 1867 671 1901 conventionum
694 1868 888 1912 nuptialium
921 1869 1006 1902 haec
1038 1874 1136 1904 erant
1167 1869 1298 1913 capita,
1332 1868 1541 1914 expeditione
1561 1867 1595 1900 in
1617 1867 1709 1901 Ter-

265 1913 388 1946 nobum
422 1912 585 1946 communi
618 1912 740 1947 iunctis
772 1914 873 1947 Asaui
896 1914 999 1959 copiis
1022 1913 1257 1958 imperatoris,
1288 1913 1402 1947 conari
1426 1913 1596 1947 civitatem
1618 1912 1709 1945 illam

265 1962 303 1992 et
325 1969 399 1991 cum
419 1968 460 1991 ea
482 1957 663 2002 Bulgariae
684 1969 823 2002 reguum
846 1970 931 1993 novo
954 1959 1098 2003 Augusti
1121 1971 1244 2003 genero
1267 1959 1462 2005 acquirere:
1499 1958 1550 1991 sin
1573 1959 1710 1991 fortuna

265 2007 385 2048 coepto
417 2013 483 2036 non
515 2004 754 2048 responderet,
784 2004 890 2043 eidem
920 2004 955 2037 in
988 2005 1066 2038 aula
1098 2004 1313 2049 imperatoria
1351 2004 1512 2050 despotae
1551 2003 1720 2036 honorem·

265 2047 569 2093 auctoritatemque
591 2049 747 2083 conferri.
793 2049 827 2083 in
856 2050 940 2084 haec
968 2054 1070 2095 pacta
1100 2050 1246 2094 peractis
1267 2049 1412 2095 nuptiis,
1445 2047 1622 2082 continuae
1643 2047 1710 2082 iam

265 2093 526 2138 consultationes
548 2098 646 2128 erant
668 2106 735 2140 qua
757 2095 882 2140 optima
899 2098 934 2128 et
951 2094 1110 2129 facillima
1127 2095 1258 2129 ratione
1279 2098 1416 2140 possent
1432 2094 1599 2128 destinata
1621 2093 1713 2127 circa

267 2150 408 2183 regnum
430 2139 611 2183 Bulgariae
634 2139 678 2173 ad
709 2144 822 2174 votum
845 2140 972 2181 confici.
1018 2140 1192 2175 Michaelis
1215 2151 1288 2174 cum
1311 2141 1418 2174 altera
1439 2139 1584 2173 filiarum
1604 2137 1714 2183 impe-

267 2184 392 2218 tatoris
423 2185 517 2218 Anna
539 2185 700 2230 connubio
731 2185 880 2220 nonnihil
900 2185 1060 2220 obstabat
1089 2185 1307 2220 ecclesiastici
1340 2184 1567 2230 impedimenti
1587 2195 1630 2217 ex
1652 2194 1714 2218 ca·-

269 2229 412 2263 nonibus
435 2230 599 2275 quondam
623 2242 644 2264 a
667 2230 790 2265 Sisinio
819 2231 960 2277 perlatis
992 2234 1028 2265 et
1058 2230 1404 2265 excommunicationis
1438 2230 1482 2265 ad
1518 2228 1712 2263 firmitatem

270 2279 398 2308 omnem
422 2275 673 2310 comminatione
695 2276 841 2311 munitis.
886 2276 1008 2311 etenim
1028 2276 1213 2322 Nicephori
1231 2277 1392 2321 despotae
1412 2286 1497 2310 uxor
1515 2276 1610 2309 Anna
1620 2275 1712 2308 filiae
1755 2288 1766 2296 ⁴

266 2319 476 2363 imperatoris
507 2322 624 2355 Annae
656 2322 854 2356 consobrina
886 2325 980 2365 erat,
1012 2322 1138 2367 quippe
1168 2326 1249 2359 nata
1277 2333 1320 2356 ex
1351 2330 1468 2356 sorore
1500 2318 1714 2366 imperatoris

270 2364 437 2398 eiusdem:
461 2365 674 2411 Nicephorus
696 2370 808 2402 autem
831 2371 867 2401 et
887 2368 1036 2402 Michael
1058 2367 1208 2412 germani
1234 2368 1363 2401 omnino
1385 2368 1522 2401 fratres.
1566 2365 1715 2398 interce·-

271 2409 397 2443 debant
421 2421 502 2454 ergo
533 2411 624 2445 inter
645 2413 759 2447 ambos
791 2412 984 2458 designatos
1012 2413 1186 2457 coniuges
1201 2424 1261 2447 sex
1295 2412 1420 2457 gradus
1453 2410 1651 2454 affinitatis,·
1670 2419 1714 2443 ex

271 2466 339 2488 una
365 2454 498 2499 quidem
522 2461 619 2500 parte
640 2461 806 2502 quatuor,
841 2458 906 2492 duo
935 2469 977 2492 ex
1000 2459 1129 2500 altera;
1158 2457 1195 2492 et
1217 2469 1301 2503 opus
1325 2461 1399 2492 erat
1430 2457 1558 2500 synodo
1581 2456 1624 2489 ad
1646 2454 1714 2488 rite

273 2500 317 2534 de
339 2499 404 2534 isto
426 2500 658 2546 impedimento
682 2504 967 2547 cognoscendum,
990 2503 1138 2549 illudque
1160 2504 1397 2544 relaxandum,
1429 2503 1460 2537 si
1482 2500 1638 2546 expedire
1660 2499 1714 2534 iu-

273 2545 454 2579 dicaretur.
501 2546 560 2580 sed
590 2547 648 2580 ubi
675 2549 828 2592 patribus
855 2549 1118 2584 consultantibus
1147 2549 1251 2583 visum
1266 2574 1276 2592 ,
1305 2552 1444 2593 propter
1476 2548 1596 2581 bonum
1617 2545 1713 2590 pacis

273 2602 361 2636 quae
382 2590 459 2624 inde
479 2591 642 2625 firmanda
664 2598 877 2638 speraretur,
900 2606 1034 2629 causam
1057 2606 1130 2628 esse
1152 2588 1272 2628 iustam
1293 2593 1467 2628 faciendae
1488 2591 1590 2635 regiis
1612 2601 1714 2633 spon-

275 2636 323 2670 sis
345 2636 483 2681 -gratiae
514 2637 678 2671 obstaculi
710 2639 883 2682 canonici,
917 2651 983 2686 quo
1014 2651 1129 2674 eorum
1159 2639 1345 2674 coniunctio
1377 2639 1570 2678 vetabatur,
1595 2647 1714 2680 magno

276 2692 440 2716 consensu
470 2681 554 2716 itum
584 2685 637 2716 est
666 2682 701 2716 in
732 2685 930 2719 sententiam
964 2684 1257 2730 permittendarum
1289 2684 1499 2730 nuptiarum,
1529 2692 1571 2715 ex
1592 2682 1714 2726 quibus

273 2727 363 2806 quod
385 2726 588 2763 nasciturum
610 2730 798 2773 apparebat
816 2729 971 2774 publicae
993 2730 1116 2775 quietis
1138 2730 1363 2771 commodum,
1388 2727 1527 2763 abunde
1549 2738 1716 2773 praepon-

297 2776 410 2807 eraret
430 2772 660 2816 indecentiae,
693 2772 722 2808 si
755 2785 821 2820 qua
842 2774 970 2809 inesset
989 2787 1033 2810 ex
1063 2775 1230 2823 canonicis
1253 2773 1472 2821 praescriptis
1494 2773 1530 2808 in
1551 2772 1715 2808 connubio
