1846 3262
243 203 308 250 26
656 203 891 248 GEORGII
932 205 1285 249 PACHYMERIS
1309 204 1311 207 ’

239 316 407 361 Ἰκονίου
425 317 704 374 προσέρχεται,
742 319 809 361 καὶ
832 315 877 362 οῗ
887 320 1032 378 μεσίτῃ
1046 323 1197 377 χρᾶται
1211 318 1312 376 πρὸς
1329 318 1525 373 βασιλέα,
1565 318 1606 361 εἶ’
1619 335 1704 368 πως

240 386 294 429 τὰ
324 386 447 428 πιστὰ
478 384 689 443 γράμμασι
719 385 863 438 δόντος
894 390 1043 431 ἐκείνου
1054 423 1066 442 ,
1104 385 1130 444 ἦ
1158 388 1241 443 μὴν
1263 388 1339 444 τὴν
1362 387 1485 444 ὄργῆν
1504 392 1704 442 καθαρῶς

241 455 454 510 ἀνασχεῖν,
493 455 604 515 αὐτῷ
629 457 695 498 καὶ
713 454 834 499 πάλιν
855 458 1090 501 ἐπανελθεῖν
1110 458 1277 514 γε’νοιτο.
1347 461 1422 499 τοῦ
1446 457 1490 499 δὲ
1513 454 1703 512 ἶεράρχου

239 521 452 580 γράμμασι
481 522 772 578 σχεδιάσαντος
799 526 874 581 τὴν
904 527 1120 584 πρεσβείαν
1152 524 1172 569 ὃ
1205 528 1366 582 κρατῶν
1398 525 1607 567 κατένευσε
1626 523 1702 577 τὴν

187 603 218 637 D
244 590 534 647 συμπάθειαν,
572 595 639 636 καὶ
668 598 899 648 βασιλικαῖς
922 599 1147 649 συλλαβαῖς
1179 594 1246 636 ἐπ’
1269 594 1474 652 ἀσφαλείᾳ
1494 596 1570 635 τοῦ
1588 590 1645 647 μή
1662 602 1734 637 tas

242 666 393 703 παθεῖν
412 659 633 717 ἀνήκεστον
659 665 701 713 ἐξ
725 663 847 719 ὀργῆς
867 662 1080 708 ἐπάνεισιν.
1150 662 1171 706 ὅ
1205 664 1249 706 δὲ
1273 664 1340 705 καὶ
1373 661 1530 716 δέχεται
1555 665 1704 704 τοῦτον

241 727 439 786 πρόφρων
470 732 797 785 ταπεινωθέντα,
835 735 902 775 καὶ
933 733 1185 789 ἀγκαλίζεται
1219 728 1467 788 προσιόντα,
1514 732 1582 772 καὶ
1602 727 1703 783 ὃμο-

219 803 441 855 [λογοῦντα
462 797 516 850 ὥς
542 798 673 860 ἑαυτῷ
695 798 855 844 σύνοιδε
878 803 1053 851 πταίσας
1076 799 1341 856 ἀσύγγνωστα
1363 803 1598 852 συμπαθεῖ,
1636 799 1704 840 καὶ

239 867 303 910 ἐπὶ
327 873 401 922 τῆς
431 869 633 925 προτέρας
667 869 768 925 ἔχων
795 875 928 926 τιμῆς.
1002 869 1105 929 (10)
1154 871 1236 912 ἐπεὶ
1276 870 1321 912 δὲ
1346 873 1420 922 τῆς
1451 866 1556 910 κατὰ
1586 863 1704 908 δύσιν

185 944 219 979 Ε
239 935 484 991 Ἐπιδάμνου
505 938 822 994 κατειλημμένης
842 939 944 996 πρὸς
965 944 1047 982 τῶν
1064 938 1268 995 ἡμετέρων
1297 937 1507 993 ἠγγέλλετο
1531 932 1578 978 τὸ
1596 952 1703 989 συμ-
1717 945 1760 979 10

239 1003 347 1061 βάν,
391 1007 459 1048 καὶ
489 1014 573 1056 τοῖς
605 1009 727 1050 ἐκεῖσε
757 1007 834 1050 ἔδει
865 1009 938 1063 μὲν
969 1008 1183 1064 ἀρχιερέως
1222 1007 1300 1050 ἴδει
1329 1004 1374 1048 ‹5'
1407 1001 1604 1060 ἡγεμόνος
1636 1005 1704 1046 καὶ

239 1075 534 1131 στρατιωτίὸος
553 1073 717 1129 τάξεως,
754 1076 969 1133 ἀρχιερέως
988 1075 1330 1135 ἓπικηρυχθέντος
1348 1078 1423 1117 τοῦ
1439 1070 1707 1127 Χαλκούτζη,·

241 1142 287 1193 ὃς
308 1145 375 1185 καὶ
395 1143 470 1198 τὴν
489 1148 562 1187 τοῦ
585 1143 762 1201 μεγάλου
782 1145 1084 1203 σκευοφύλακος
1107 1148 1170 1188 ἐπὶ
1199 1150 1270 1199 τῆς
1289 1140 1468 1198 μεγάλης
1491 1143 1704 1195 ἐκκλησίας

241 1210 318 1267 εἶχε
337 1211 481 1267 τιμήν,
519 1210 652 1272 τούτῳ
673 1215 936 1269 συνεκπέμπει
960 1214 1141 1257 κάκεῖνον
1163 1210 1480 1268 ἡγεμονεύσοντα
1508 1214 1590 1252 τῶν
1607 1211 1700 1261 ἐκεῖ,

240 1279 478 1337 προστάξας
507 1281 782 1338 συμπράττειν
815 1284 861 1326 τὸ
892 1282 1016 1334 δόξαν
1052 1285 1117 1326 καὶ
1146 1282 1284 1331 ἄλλοις
1310 1282 1384 1335 μὲν
1408 1279 1599 1334 ἀρχηγοΐς
1616 1285 1701 1328 τοῖς
1715 1286 1779 1321 15“
1827 1334 1834 1346 ¹

242 1350 342 1402 ἐκεῖ,
379 1349 559 1404 μάλιστα
591 1352 637 1393 ὁὲ
662 1369 705 1407 γε
734 1356 792 1410 τῷ
821 1352 925 1407 ἱερεῖ.
997 1350 1052 1401 ὥς
1085 1352 1317 1400 Θεσσαλίας
1345 1348 1413 1391 διὰ
1434 1348 1591 1402 ταχέων
1611 1347 1703 1389 ἔπε’-

241 1422 378 1473 βησαν
405 1420 471 1461 καὶ
499 1418 580 1474 ἤδη
612 1420 715 1477 πρὸς
744 1420 791 1463 τὸ
832 1425 1108 1477 περαιοῦσθαι
1139 1420 1210 1462 τὸν
1241 1416 1427 1472 ποταμὸν
1463 1414 1703 1472 Βαρὸάριον

119 1495 149 1528 Ρ
177 1493 220 1531 14
242 1482 370 1542 ἦσαν,
417 1491 656 1543 περαιοῦται
694 1489 767 1543 μὲν
807 1486 827 1532 ὃ
869 1488 1027 1545 ἡγεμών
1061 1488 1136 1532 σὺν
1178 1495 1268 1537 ταῖς
1306 1485 1444 1538 τάξεσι
1479 1483 1701 1541 πρότερον,

241 1553 415 1612 εὑρίσκει
456 1557 500 1599 δὲ
540 1556 593 1599 τὰ
643 1559 739 1614 τῇδε
787 1558 1061 1614 συγκεχυμένα
1107 1559 1174 1600 καὶ
1224 1556 1328 1614 πρὸς
1377 1554 1570 1598 ἀπιστίαν
1614 1554 1703 1595 κλί-

241 1641 370 1667 ναντα
384 1656 397 1676 ,
435 1622 455 1666 ὅ
478 1641 518 1666 τε
540 1627 605 1667 καὶ
625 1624 645 1668 ὃ
666 1631 740 1668 τοῦ
764 1625 963 1669 δεσπότου
983 1626 1157 1682 Μιχαὴλ
1178 1627 1221 1668 ἐκ
1242 1626 1410 1674 νοθείας
1426 1619 1587 1671 σκότιος
1606 1628 1759 1671 nait-20

241 1692 450 1747 Μανουὴλ
474 1694 606 1747 τυχών
628 1696 750 1737 ἐκεῖσε
771 1695 846 1737 σὺν
877 1695 1002 1755 ἱκανῷ
1029 1692 1327 1752 στρατεύματι,
1366 1693 1434 1735 καὶ
1453 1693 1702 1745 συμπλακεὶς

237 1765 296 1821 τῷ
316 1761 479 1820 πολέμῳ
491 1793 503 1814 ,
539 1762 590 1804 τὰ
609 1768 751 1821 πρῶτα
771 1764 845 1818 μὲν
867 1761 990 1819 ὁμόσε
1008 1761 1201 1821 χωρήσας
1220 1766 1279 1823 τῷ
1299 1760 1461 1819 ἡγεμόνι
1489 1763 1546 1820 τῷ
1571 1763 1702 1819 κοντῷ

332 1871 368 1906 9.
394 1868 461 1915 δὲ]
483 1871 544 1908 καὶ
568 1871 608 1907 Ρ.
746 1875 802 1912 16.
828 1870 897 1919 ὥς]
924 1870 974 1914 ὡς
996 1873 1119 1920 γοῦνΐ

239 1974 423 1997 recurrere
446 1962 490 1997 ad
514 1974 596 1999 suos
619 1967 755 2008 certus,
779 1966 812 2000 ei
836 1964 894 2012 qui
917 1970 997 2000 tunc
1020 1962 1189 2000 Iconiensi
1215 1963 1382 1999 ecclesiae
1404 1964 1566 2008 praeerat
1589 1961 1702 1995 consi-

242 2009 324 2043 lium
349 2010 597 2052 communicat,
621 2011 750 2056 illoque
773 2013 995 2058 deprecatore
1019 2012 1128 2046 utitur
1152 2011 1242 2055 apud
1266 2011 1526 2055 imperatorem,
1557 2007 1586 2041 si
1611 2009 1702 2042 forte

241 2054 429 2100 impetrare
452 2062 567 2100 posset
590 2058 705 2101 regias
728 2059 866 2102 literas,
899 2059 1020 2103 quibus
1051 2058 1118 2092 sibi
1140 2058 1226 2091 fides
1259 2063 1356 2090 certa
1378 2056 1478 2089 fieret
1499 2053 1573 2087 irae
1595 2053 1702 2098 impe-

242 2101 372 2135 ratoris
409 2101 508 2146 plane
540 2102 703 2146 sedatae,
734 2104 854 2150 sicque
885 2108 978 2138 tutus
1000 2104 1067 2149 ipsi
1090 2108 1126 2138 et
1156 2114 1298 2138 securus
1321 2101 1538 2145 contingeret
1558 2099 1701 2133 reditus.

244 2152 283 2182 at
316 2147 475 2191 praesule
502 2148 673 2192 negotium
706 2155 853 2195 urgente
885 2150 994 2185 missis
1018 2152 1093 2184 sine
1116 2161 1209 2183 mora
1241 2149 1351 2183 literis
1373 2148 1562 2192 imperator
1584 2145 1703 2179 annuit.

243 2193 446 2238 veniamque
481 2194 671 2238 concessit,
703 2196 930 2242 chirographo
962 2207 1086 2231 cavens
1117 2194 1266 2237 homini,
1294 2194 1381 2228 nihil
1404 2203 1558 2237 asperum
1582 2192 1625 2225 ab
1648 2190 1702 2225 ira

241 2244 302 2273 aut
324 2251 431 2283 grave
456 2251 641 2285 passurum.
686 2253 859 2276 reversum
883 2242 1030 2288 benigne
1054 2242 1202 2284 excipit,
1227 2241 1459 2275 demittentem
1484 2250 1522 2272 se
1544 2242 1580 2271 et
1602 2248 1700 2271 acce-

243 2284 378 2318 dentem
403 2286 643 2331 amplectitur,
678 2292 714 2321 et
736 2288 858 2323 fatenti
881 2289 1004 2322 nullam
1037 2299 1075 2323 se
1097 2287 1219 2322 mereri
1243 2287 1376 2321 veniam
1401 2285 1533 2330 parcit,
1557 2294 1702 2328 eumque

241 2330 409 2376 pristinae
432 2333 585 2367 restituit
607 2332 777 2377 dignitati.
828 2334 909 2379 (10)
939 2335 1096 2380 quoniam
1127 2345 1211 2368 vero
1246 2333 1290 2366 de
1319 2333 1512 2377 Epidamno
1535 2330 1571 2364 in
1596 2329 1702 2363 Occi-

242 2378 348 2411 dente
373 2382 477 2422 capta
500 2389 671 2413 sermones
695 2385 730 2413 et
752 2380 873 2414 literae
896 2387 1086 2415 nostrorum
1111 2379 1398 2425 perferebantur,
1421 2376 1541 2421 ibique
1565 2374 1702 2409 deside-

242 2424 383 2457 rabatur
415 2427 449 2457 et
481 2425 619 2469 praesul
651 2429 687 2459 et
720 2426 787 2461 dux
811 2430 846 2460 et
867 2426 1024 2461 militaris
1048 2425 1163 2467 acies,
1197 2425 1390 2459 renuntiato
1414 2422 1572 2469 praesule
1595 2420 1703 2455 Chal-

243 2472 368 2509 cutze‚
393 2468 452 2512 qui
475 2481 616 2514 magnae
641 2471 1040 2518 Constantinopolitanae
1063 2471 1226 2506 ecclesiae
1250 2474 1409 2516 praeerat
1431 2468 1602 2509 sacrario,
1626 2477 1701 2500 cum

242 2515 309 2549 hoc
341 2513 464 2549 missus
501 2527 567 2550 una
603 2517 828 2563 Palaeologus
862 2523 936 2561 est,
972 2522 1011 2552 ut
1045 2518 1142 2552 ducis
1165 2519 1213 2552 ibi
1238 2528 1375 2551 munere
1397 2516 1619 2559 fungeretur,
1645 2513 1702 2546 cui

244 2560 437 2594 mandatum
461 2561 657 2596 nominatim
679 2569 719 2597 ut
741 2565 776 2597 in
799 2564 1024 2607 decernendis
1058 2565 1162 2599 rebus
1186 2576 1259 2598 cum
1283 2562 1494 2597 caeterorum
1518 2559 1577 2605 qui
1598 2559 1702 2592 isthic

245 2610 362 2640 essent
392 2606 512 2641 ducum
530 2632 540 2649 ,
575 2612 649 2642 tum
680 2608 716 2642 in
748 2610 865 2655 primis
898 2610 1066 2656 praesulis
1096 2609 1236 2644 consilio
1267 2614 1436 2643 uteretur.
1482 2605 1702 2653 hoc'itinere

247 2651 406 2686 celeriter
429 2655 639 2698 transgressi
663 2655 887 2697 Thessaliam,
911 2668 985 2690 cum
1012 2657 1078 2691 iam
1102 2655 1301 2690 Bardarium
1324 2654 1449 2688 flumen
1470 2649 1702 2686 transmissuri

247 2701 384 2740 essent,
407 2699 538 2734 traiicit
560 2700 699 2744 primum
724 2702 792 2735 dux
817 2714 890 2736 cum
915 2701 1042 2748 copiis,
1075 2702 1134 2736 ubi
1158 2702 1269 2735 omnia
1291 2700 1491 2746 perturbata
1513 2702 1551 2732 et
1571 2698 1615 2731 ad
1640 2697 1703 2730 de-

246 2744 429 2778 fectionem
451 2744 649 2780 inclinantia
672 2747 813 2791 reperit,
836 2748 970 2792 quando
995 2753 1030 2782 et
1053 2748 1232 2782 Michaelis
1250 2747 1415 2792 despotae
1436 2745 1562 2779 nothus
1584 2747 1620 2776 et
1641 2743 1702 2776 ob-

247 2800 367 2823 scurus
398 2790 488 2825 filius
519 2792 658 2826 Manuel
689 2805 761 2829 cum
794 2794 882 2827 haud
914 2804 997 2828 sane
1021 2794 1266 2828 contemnendo
1290 2792 1442 2827 exercitu
1465 2791 1556 2825 forte
1579 2800 1620 2824 eo
1640 2800 1704 2822 ve-

247 2834 362 2878 niens,
393 2842 550 2872 conserto
583 2838 734 2884 praelio,
776 2839 921 2886 primum
952 2839 1088 2886 quidem
1112 2851 1298 2886 aggressus
1327 2839 1446 2874 ducem
1478 2837 1597 2872 lancea
1624 2845 1705 2882 pro-
