1884 3262
334 206 434 255 654
731 202 1040 251 OBSERVAT.
1069 206 1380 253 PAGHYMER.

333 314 550 365 Palaeologi
567 315 731 354 mortem
749 314 1061 368 praevalentibus
1077 315 1184 368 apud
1201 314 1474 355 Andronicum
1485 315 1648 355 infensis
1663 315 1766 367 pani.

333 372 402 423 qui
433 376 640 423 postquam
668 385 754 410 eam
784 372 831 409 ab
856 372 926 410 illo
955 371 1215 423 abrogandam
1240 371 1620 423 abrumpendamque
1648 385 1784 410 cura--

331 432 448 476 runt,
477 426 592 464 etiam
609 426 645 464 ei
663 433 870 466 suaserunt
888 434 932 466 ut
953 427 1243 480 Acropolitam,
1272 440 1396 466 unum
1424 440 1474 465 ex
1503 427 1763 466 columinibus

327 481 547 520 ‘catholicae
573 483 714 534 partis,
751 483 795 521 in
828 492 1022 523 carcerem
1061 484 1259 522 conderet.
1324 483 1440 521 istam
1476 483 1545 522 ille
1578 482 1765 521 iniuriam

331 552 447 590 quam
471 538 566 576 forti
597 539 748 588 animo,
786 553 903 590 quam
933 540 1081 578 invicta
1110 538 1326 578 constantia
1353 537 1513 588 tulerit,
1543 538 1659 578 docet
1681 538 1764 591 epi-

332 594 433 632 stola
464 594 647 633 Demetrii
671 595 805 633 Rafflis
835 596 994 634 Cabacis
1019 596 1069 634 ad
1097 595 1222 634 filium
1249 595 1469 633 Manuelem
1500 594 1663 643 Graece,
1692 593 1764 633 sed.

332 650 436 701 stylo
465 649 751 699 semibarbaro,
787 652 958 703 scripta,
996 665 1046 690 ex
1078 664 1153 702 qua
1185 664 1312 702 nuper
1344 651 1448 688 edita
1470 649 1517 687 ab
1535 649 1593 690 ill.
1617 648 1762 688 Allatio

327 706 406 757 (in
437 705 662 745 doctissimo
690 720 806 758 opere
833 708 1168 746 Exercitationum
1186 706 1228 744 in
1248 705 1539 758 Creyghtonum
1561 718 1600 756 p.
1621 708 1702 747 616
1724 711 1764 744 et

330 760 443 812 seq.)
465 762 635 800 auctoris
657 763 798 811 verbis,
827 769 873 801 ut
890 763 937 801 ab
955 764 1091 803 eodem
1114 763 1199 801 viro
1221 776 1359 813 magno
1378 761 1511 799 Latine
1528 761 1764 810 redduntur,

326 818 494 856 reseram
514 818 631 869 plane
647 817 850 857 heroicum
869 818 984 857 huius
1012 819 1090 858 viri
1115 820 1282 866 sactum,
1313 832 1389 869 quo
1410 817 1564 854 abunde
1578 816 1765 868 purgabi-

329 879 399 911 tur
416 873 611 928 calumnia
630 873 697 912 hic
718 874 753 912 ei
770 875 939 927 impacta
960 875 1124 913 laxioris
1143 874 1415 913 conscientiae.
1471 873 1528 910 sic
1545 873 1668 922 igitur
1689 873 1764 911 ait:

323 937 420 980 post
441 929 590 966 multos
603 930 758 981 elapsos
774 944 920 980 annos,
948 945 1039 968 cum
1055 930 1189 969 adhuc
1209 931 1339 967 senior
1361 928 1570 985 (Georgius
1588 929 1762 979 Acropo÷

327 985 399 1023 lita
418 983 485 1022 hic
501 984 657 1037 noster)
687 987 729 1024 in
753 987 869 1024 exilio
897 993 934 1024 et
954 1001 1107 1024 carcere
1123 985 1364 1038 perduraret
1394 998 1521 1022 causa
1548 984 1764 1035 legationis

321 1048 487 1092 propter
513 1043 698 1078 unionem
731 1055 823 1079 cum
850 1042 1052 1080 catholica
1085 1044 1268 1091 ecclesia,
1302 1042 1530 1092 alloquitur
1549 1041 1763 1091 imperator

327 1099 386 1136 D.
402 1095 663 1145 Andronicus
670 1097 815 1148 filium
841 1099 952 1136 illius
981 1105 1226 1150 caeterosque
1249 1104 1412 1135 senatus
1422 1097 1643 1147 principes,
1671 1101 1763 1133 ante

327 1166 416 1190 eum
435 1154 477 1190 in
499 1153 665 1191 consilio
693 1153 931 1205 assidentes,
967 1156 1210 1205 “principe-s,
1249 1152 1452 1190 videturne
1475 1151 1588 1189 vobis
1613 1150 1763 1194 bonum

328 1215 375 1245 ut
393 1222 585 1259 magnum
605 1209 846 1259 logothetam
863 1210 944 1246 ltuc
959 1209 1181 1247 adductum
1193 1216 1468 1260 pertentemzcs,
1483 1221 1539 1245 an
1557 1207 1763 1244 nobiscum

328 1261 571 1303 conveniat?
590 1271 685 1315 post
701 1271 758 1302 tot
781 1267 950 1302 carceris
966 1273 1002 1302 et
1028 1266 1139 1302 exilii
1158 1279 1284 1302 annos
1305 1265 1412 1314 forte
1434 1265 1548 1301 nobis
1572 1263 1763 1313 obtempe—

327 1319 455 1367 rabit,
486 1326 522 1356 et
539 1321 760 1358 coniunctis
775 1322 977 1358 sententiis
994 1321 1198 1359 nobiscum
1227 1321 1401 1358 concinet
1418 1321 1462 1356 in
1485 1319 1560 1356 lzoc
1577 1319 1763 1356 ecclesia-

325 1388 418 1412 rum
444 1373 637 1422 discidio,
672 1383 707 1413 et
733 1377 880 1414 vitabit
902 1391 1032 1415 rerum
1060 1378 1333 1428 asperitatem,
1374 1382 1411 1413 et
1434 1374 1545 1426 quod
1569 1381 1627 1412 ter
1647 1380 1761 1414 tanto

324 1431 470 1468 melius
485 1438 558 1481 est,
587 1431 767 1470 libertate
776 1433 1025 1484 perfruetur,
1055 1441 1091 1470 et
1109 1431 1378 1471 addecentiori
1398 1444 1499 1469 cura
1519 1431 1636 1468 illiue
1653 1430 1763 1468 vale-

324 1485 463 1524 tudini
482 1485 796 1538 indulgebitur.”
853 1503 984 1527 omnes
1013 1502 1092 1527 uno
1110 1499 1175 1526 ore
1191 1487 1475 1540 responderunt
1499 1487 1669 1524 “bonum
1690 1492 1762 1533 est,

324 1541 493 1593 domine,
509 1550 544 1580 et
558 1545 774 1582 executioni
786 1544 1009 1583 mandetur.
1037 1547 1158 1583 immo
1171 1547 1286 1582 iussa
1297 1552 1372 1582 tua
1383 1543 1485 1581 nulli
1494 1544 1615 1580 noxia
1626 1542 1760 1580 sunt?

321 1600 382 1636 sic
402 1600 542 1650 itaque
571 1613 663 1637 cum
688 1600 1004 1652 respondissent,
1034 1603 1249 1653 imperator
1277 1599 1497 1638 mandavit·
1514 1606 1560 1636 ut
1582 1596 1760 1636 adduce..

322 1661 453 1704 retur,·
492 1669 609 1706 eoque
630 1664 856 1707 praesente,
881 1665 926 1695 ut
955 1659 1098 1695 mitius
1126 1658 1330 1709 negotium
1361 1655 1660 1707 disponeretur,
1697 1655 1758 1691 sic

322 1724 484 1749 exorsus
501 1718 559 1748 est
580 1714 799 1750 orationem
822 1715 1045 1764 imperator.
1102 1714 1366 1765 “agnoscisne
1390 1713 1607 1763 principem
1625 1710 1757 1759 illum,

320 1768 511 1818 quisnam
539 1768 608 1804 ille
632 1769 747 1806 sit?’'
777 1775 813 1806 et
844 1767 972 1820 digito
1000 1770 1382 1820 monstravitfilium
1405 1769 1500 1805 eius.
1556 1765 1760 1817 respondit

320 1823 389 1859 ille
412 1823 644 1873 imperatori
662 1826 765 1861 “non
782 1839 968 1876 agnosco.
1025 1826 1061 1863 si
1081 1825 1185 1877 quid
1203 1839 1289 1863 vero
1313 1824 1590 1875 argumentari
1603 1829 1638 1859 et
1653 1835 1758 1859 con-

321 1879 476 1915 iectura
490 1880 677 1929 persequi
703 1879 828 1916 datur
849 1895 893 1918 ex
919 1882 1004 1917 loco
1032 1883 1076 1918 in
1101 1895 1180 1932 quo
1202 1879 1396 1929 considet,
1414 1881 1604 1930 princeps
1619 1884 1676 1914 est
1693 1878 1757 1915 tui

319 1935 453 1970 sancti
471 1935 627 1984 imperii
646 1934 863 1972 honoribus
886 1935 1106 1974 decoratus.
1163 1943 1207 1972 at
1222 1938 1388 1987 quinam
1408 1935 1475 1972 ille
1503 1937 1558 1971 sit
1577 1931 1756 1970 nondum

323 1988 475 2039 capio.”
531 1989 731 2041 respondit
751 1992 965 2042 imperator
991 1992 1130 2043 ‘filius
1147 1999 1242 2029 tuus
1258 1998 1335 2039 est,
1364 1989 1552 2028 dominus
1578 1987 1756 2027 Theodo-

323 2055 403 2082 rus‘
416 2058 591 2095 magnus
607 2046 842 2097 logotheta.’'
898 2047 1053 2084 abiecta
1072 2049 1180 2085 omni
1204 2048 1456 2085 cunctatione
1467 2046 1591 2096 filius
1610 2058 1757 2082 assur-

321 2113 420 2151 gens
435 2099 589 2138 nudato
609 2104 738 2152 capite
747 2109 907 2153 patrem
922 2102 1177 2155 aggreditur,
1208 2111 1243 2141 et
1267 2103 1436 2140 salutem
1457 2102 1563 2139 ultro
1581 2102 1757 2151 citroque

316 2163 436 2207 pater
459 2163 495 2192 et
509 2157 634 2207 filius
659 2158 738 2195 sibi
763 2155 966 2199 dederunt.
1022 2166 1109 2196 tum
1137 2173 1281 2197 rursus
1306 2161 1521 2209 imperator
1538 2157 1756 2194 orationem

324 2212 381 2248 ad
408 2225 496 2249 eum
522 2211 686 2252 direxit=
721 2215 900 2266 “magne
928 2215 1152 2266 logotheta,
1181 2229 1242 2252 res
1269 2217 1328 2252 ita
1354 2212 1578 2251 ceciderunt
1612 2216 1757 2263 coe‘ge-

321 2274 494 2318 runtque
519 2275 564 2304 ut
593 2269 669 2306 tibi
703 2269 802 2307 haec
828 2272 967 2308 tristia
991 2278 1027 2308 et
1053 2273 1095 2308 in
1127 2284 1320 2322 magnum
1355 2270 1508 2307 malum
1537 2267 1755 2307 evaderent.

177 2331 209 2365 P
231 2327 299 2363 459
323 2337 448 2373 quare
466 2322 583 2361 modo
600 2327 731 2362 visum
753 2333 809 2363 est
826 2326 928 2364 milii
943 2334 980 2364 et
1002 2326 1109 2364 liisce
1127 2341 1259 2364 rerum
1271 2324 1619 2378 gubernatoribus,
1648 2331 1695 2361 ut
1716 2331 1755 2361 te

320 2378 402 2415 lzuc
424 2378 649 2418 adductum
674 2382 963 2433 alloqueremur
977 2381 1025 2420 de
1042 2396 1088 2420 ea
1106 2397 1146 2420 re
1166 2397 1267 2434 quae
1284 2382 1399 2420 nobis
1421 2379 1754 2431 bona-atquelho-

318 2440 432 2471 nesta
450 2434 630 2484 videtur,
659 2439 698 2474 si
716 2444 846 2476 tamen
865 2445 941 2476 tua
956 2440 1144 2478 voluntas
1164 2453 1242 2476 non
1256 2438 1401 2475 abnuit
1418 2451 1491 2475 nos
1511 2436 1676 2486 audire,
1704 2441 1752 2473 ut

319 2503 405 2526 una
438 2498 561 2528 mente
590 2500 708 2544 atque
733 2496 928 2532 sententia
965 2495 1170 2533 nobiscum
1200 2496 1414 2536 convenias,
1431 2494 1539 2531 circa
1567 2492 1753 2530 ecclesiae

320 2543 509 2584 dissidia.
564 2546 639 2585 hoc
658 2550 761 2587 enim
784 2550 887 2587 milti
907 2557 944 2588 et
961 2551 1057 2602 filio
1090 2558 1160 2588 tuo
1187 2564 1332 2602 magno
1360 2549 1580 2601 logothetae
1605 2547 1752 2590 bonum

316 2607 529 2652 reputatur
547 2609 583 2639 et
608 2602 764 2652 decens,
793 2613 841 2643 ut
863 2606 975 2645 nobis
1003 2607 1258 2658 obtemperes.-
1296 2613 1332 2644 et
1354 2607 1490 2643 omnia
1516 2604 1681 2648 vulnera
1701 2616 1752 2647 ac

317 2657 474 2705 tristia,
503 2671 606 2708 quae
624 2662 850 2699 necessitate
867 2664 1054 2714 temporis
1070 2664 1113 2700 in
1137 2669 1173 2700 te
1192 2662 1314 2699 illata
1329 2668 1446 2710 sunt,
1475 2658 1751 2703 sanabimusss?

316 2711 384 2750 hic
396 2712 598 2763 porro-ad
613 2715 888 2765 imperatorem
903 2720 965 2756 ita
984 2719 1151 2772 effatur:
1179 2719 1338 2756 “sancte
1354 2716 1520 2766 domine,
1542 2727 1751 2766 quaecum·

318 2782 393 2819 que
423 2767 482 2805 ad
505 2783 566 2806 me
592 2772 811 2809 enuntiasti
827 2776 998 2825 percepi,
1053 2788 1188 2814 verum
1214 2787 1322 2812 nunc
1347 2769 1555 2824 respondeo
1574 2778 1610 2808 et
1624 2772 1749 2820 refero

319 2822 429 2873 quod
444 2824 555 2863 milti
565 2827 607 2865 in
630 2827 762 2866 animo
774 2828 911 2879 fixum
933 2837 1002 2870 est.
1058 2832 1207 2869 iustius
1227 2837 1284 2868 est
1296 2836 1332 2868 et
1352 2828 1523 2881 aequius
1542 2834 1589 2864 ut
1607 2834 1762 2874 sanota-
