1846 3262
456 147 542 189 DE.
568 126 850 192 MICHAELE
883 149 1265 195 PALAEOLOGO
1299 152 1346 195 L.
1376 150 1410 194 1.
1607 153 1671 198 39

194 261 387 312 συνειδώς
414 259 550 321 ἕαυτῷ
579 259 739 317 δράσας
752 261 981 318 Ῥωμαίους
992 264 1017 283 ”
1052 262 1132 322 ἔφη
1169 265 1262 308 “toi
1284 265 1445 309 ἐκείνων
1465 265 1610 322 ἓκχεέις
1630 267 1671 311 ἓν

192 332 425 387 διατριβαῖς
441 331 570 387 μηδὲν
593 331 639 374 τὸ
664 331 885 389 ἀναγκαῖον
901 330 1114 388 ἕχοῦσαις;
1151 332 1177 389 ἢ
1197 333 1276 391 γὰρ
1299 334 1374 378 οὔκ
1395 333 1548 386 οῗδας”
1584 354 1668 394 φη-

192 401 257 443 σὶν
293 401 489 455 “afflata
518 398 619 443 εἶναι
643 398 854 456 Ῥωμαίων
883 401 936 444 τὰ
963 401 1212 459 χρυσόσημα
1243 408 1377 447 ταῦτα
1398 406 1465 448 καὶ
1484 405 1660 462 Σηρικᾶ,
1686 415 1718 449 D

193 466 254 518 οἷς
274 467 375 524 ὑπὲρ
398 471 558 513 ἐκείνων
580 469 658 512 ἴδει
674 475 862 527 χρῆσθαι
885 470 1046 514 ἐκείνων
1066 488 1108 527 γε
1128 467 1246 528 οὗσι;
1284 475 1413 528 ζητεῖς
1436 475 1482 517 δὲ
1511 479 1666 529 μαθεῖν

155 540 256 583 ὁκαὶ
274 536 375 594 ὑπὲρ
397 539 557 582 ἐκείνων
576 536 673 583 πότε
681 559 698 596 ,·
735 538 801 582 ὅτε
831 539 992 596 δηλαδὴ
1023 540 1222 594 «ἐπιστᾶσιΔ
1239 542 1455 598 πρέσβεσιν
1478 543 1521 595 ἓξ
1539 543 1667 588 ἄλλο·

188 609 323 662 δαπῆς
344 607 416 650 τὸν
437 609 596 652 ἐκείνων
619 612 797 651 πλοῖτον
815 613 1215 665 λαμπρειμονοῖντες
1233 612 1386 666 δηλοῦν
1408 611 1580 668 ἔχοιμεν.
1642 612 1664 657 ὅ

185 675 486 732 γὰρβασιλίων
509 681 688 727 πλοῦτος
706 681 883 729 πλοῦτος
903 683 986 721 τῶν
1002 676 1198 734 ὑπηκόων
1223 680 1446 736 λογίζεται,
1479 681 1584 739 παρ’
1608 681 1659 739 ἢν
1683 693 1716 729 Β

187 746 323 789 αἰτίαν
362 748 431 789 καὶ
461 745 509 789 τὸ
548 749 604 796 εἷς
639 748 829 790 δουλείαν
867 749 1129 791 καθυπείκειν
1165 746 1318 805 ἑτέροις
1353 751 1506 807 σφίσιν
1531 749 1665 802 οὕτως

186 813 324 869 ἴχουσι
353 817 421 858 καὶ
449 816 541 858 λίαν
568 813 805 871 ἀπώμοτον.
879 814 940 867 οἷς
957 816 1008 859 σύ
1027 819 1214 873 διακενῆς
1225 815 1440 874 χρώμενος
1459 818 1508 861 οὗ
1526 822 1664 878 λογίζῃ

130 897 174 928 10
186 883 231 926 τι)
259 885 492 940 πλημμελὲς
518 882 684 928 ὁπόσον.
698 884 724 905 ”
794 883 904 930 οὕτω
929 887 997 930 καὶ
1027 887 1090 930 ε’πὶ
1111 885 1352 939 τοιούτοιςὸ
1374 890 1430 939 εἷς
1445 891 1661 943 βασιλείαν

181 952 522 1009 ἀναχθησόμενος
543 952 790 998 ἐπαιδεύετο.

321 1024 396 1068 15.
470 1021 575 1066 Τότε
599 1024 643 1067 δὲ
663 1021 872 1075 θανόντος
890 1025 1066 1078 ἐκείνου,
1105 1025 1190 1068 ε’πεὶ
1207 1023 1313 1069 καὶὸ
1338 1023 1647 1083 πρωτοβεστιᾶ-
1671 1032 1699 1068 Ρ
1720 1033 1766 1068 22

179 1108 267 1144 ριος
283 1089 523 1144 ΖΙῚουζάλων
555 1092 630 1148 τὴν
658 1094 880 1152 ἐπιτροπὴν
902 1098 978 1137 τοῦ
999 1091 1207 1152 ἀ’φήλικος
1230 1095 1434 1149 βασιλέως
1461 1095 1564 1150 ἔχειν
1581 1096 1653 1153 ἦγ-

175 1160 337 1216 γὲλλετο
360 1161 474 1219 παρὰ
495 1166 569 1205 τοῦ
589 1162 745 1220 πατρὸς
765 1165 833 1206 καὶ
851 1163 1056 1217 βασιλέως
1082 1163 1153 1207 τὸν
1180 1163 1364 1219 μοναχὸν
1383 1162 1653 1219 ὗπελθόντος,

123 1241 165 1275 15
180 1234 237 1289 τῷ
252 1231 327 1284 μὲν
348 1232 598 1290 μειρακίσκῳ
617 1233 751 1292 ἐκείνῳ
773 1233 917 1276 ἄνακτι
938 1230 1108 1291 Ἰωάννῃ
1129 1232 1205 1288 οὐχ
1223 1234 1295 1292 οἵῳ
1314 1233 1356 1276 τ’
1381 1232 1466 1276 ι’)’ντι
1491 1234 1559 1277 διὰ
1577 1234 1652 1291 τὴν

172 1297 332 1354 ἡλικίαν
359 1299 406 1343 τὸ
435 1300 620 1358 ἀσφαλὲς
652 1309 873 1359 περιποιεῖν
904 1300 1038 1361 ἑαυτῷ
1065 1304 1262 1360 προνοίας
1283 1301 1362 1345 ἔδει
1384 1300 1550 1354 πάντως
1574 1307 1650 1347 τοῦ

171 1365 270 1424 μήτι
311 1374 463 1412 παθεῖν
505 1368 774 1426 ἀπροόπτως,
821 1375 986 1414 πολλῶν
1015 1370 1145 1415 ὄντων
1177 1375 1260 1414 τῶν
1287 1370 1648 1426 ἐπιβουλευόντων,

172 1437 248 1481 κᾶν
267 1455 305 1481 τι
320 1438 468 1497 μικρὸν
486 1440 699 1496 κινηθειή,
739 1439 867 1492 evi-91²4·
889 1438 1162 1499 δρασειόντων
1184 1440 1236 1484 τὰ
1255 1441 1440 1498 μέγιστα.
1490 1441 1553 1486 διὸ
1576 1443 1643 1486 καὶ
1667 1450 1698 1484 Β

171 1569 415 1617 intempestivi.
464 1574 574 1607 “nam
599 1572 715 1618 quid”
748 1573 799 1608 ait
821 1572 919 1608 “tibi
944 1572 1101 1608 conscius
1124 1586 1162 1609 es
1184 1573 1374 1620 perfecisse
1396 1575 1492 1611 teia
1517 1575 1646 1609 Roma-

169 1628 286 1651 norum
321 1618 551 1666 commodum,
584 1627 623 1653 ut
646 1620 728 1654 inde
752 1620 816 1654 tibi
839 1620 1011 1655 licentiam
1045 1626 1179 1666 partam
1205 1629 1305 1667 putes
1328 1621 1492 1655 abutendi
1519 1622 1644 1667 opibus

166 1663 301 1698 illorum
325 1664 360 1699 in
385 1672 463 1699 tuas
488 1664 702 1700 remissiones
725 1666 768 1700 ad
793 1666 965 1711 privatum
990 1668 1169 1701 dumtaxat
1189 1667 1240 1701 tui
1264 1667 1365 1701 animi
1388 1668 1550 1709 fructum,
1573 1679 1644 1703 non

167 1722 251 1744 vero
279 1710 321 1745 ad
347 1711 447 1745 ullam
474 1712 688 1757 pertinentes
712 1712 894 1747 utilitatem
920 1713 1122 1759 publicam?
1168 1725 1211 1748 an
1235 1713 1348 1748 nescis
1369 1713 1456 1748 istas
1479 1725 1565 1747 auro
1587 1714 1642 1748 in·

166 1756 283 1801 signes
314 1761 349 1791 et
381 1759 512 1792 sericas
546 1764 661 1792 vestes
694 1759 894 1804 sanguinem
918 1771 995 1794 esse
1017 1759 1265 1801 Romanorum3
1301 1759 1424 1805 quibus
1447 1759 1579 1794 idcirco
1603 1759 1639 1794 in

164 1814 281 1837 eorum
313 1809 444 1838 tantum
477 1805 650 1839 commoda
683 1807 845 1840 utendum
876 1809 950 1848 est,
986 1817 1060 1840 cum
1095 1818 1153 1841 res
1182 1807 1332 1852 ipsorum
1362 1805 1444 1840 sint.
1491 1817 1639 1851 quaeres

162 1851 254 1884 sorte
285 1851 420 1895 quando
457 1856 493 1885 et
525 1852 694 1896 quomodo
718 1851 797 1886 illae
820 1853 855 1886 in
876 1852 1030 1898 ipsorum
1054 1853 1176 1887 bonum
1198 1857 1421 1898 usurpentur.
1466 1855 1549 1887 tunc
1584 1852 1639 1886 vi-

163 1897 293 1931 delicet
315 1896 450 1942 quando
475 1897 622 1932 admissa
646 1903 838 1932 exterarum
861 1899 1011 1943 gentium
1044 1899 1218 1944 legatione
1240 1899 1394 1933 Romani.
1408 1899 1528 1944 populi
1551 1909 1637 1942 opes

162 1942 330 1977 ostentari
354 1943 388 1977 in
411 1943 505 1978 cultu
538 1949 575 1978 et
607 1950 727 1979 ornatu
762 1945 930 1991 principis
961 1946 1089 1990 publici
1124 1945 1261 1980 honoris
1292 1945 1462 1987 interest‚.
1489 1944 1635 1980 divitiae

160 1989 327 2034 siquidem
372 2001 491 2035 regum
532 1990 678 2025 divitiae
718 1990 929 2025 subditorum
962 1996 1179 2037 reputantur.
1225 1998 1325 2026 extra
1361 2003 1462 2037 quarn
1494 2002 1632 2026 causam

161 2035 300 2082 publica
322 2035 471 2081 insignia
495 2037 685 2071 maiestatis
716 2037 758 2071 ad
792 2037 946 2083 privatas
978 2039 1080 2072 etiam
1113 2038 1344 2073 relaxationes
1375 2038 1559 2080 adhibere,
1593 2038 1632 2073 id

160 2094 243 2116 vero
267 2081 313 2116 sit
335 2081 502 2117 dominum
529 2094 567 2117 se
591 2087 802 2126 monstrare,
835 2096 903 2119 non
926 2084 1137 2130 principem.
1171 2091 1206 2118 et
1230 2085 1327 2130 quasi
1349 2085 1550 2119 servitutem
1575 2084 1630 2118 in-

159 2127 277 2163 dicere
300 2128 452 2172 civibus,
486 2129 547 2175 qui
571 2141 644 2164 cum
669 2131 796 2165 liberos
819 2142 856 2165 se
880 2136 1005 2176 putent
1027 2137 1062 2166 et
1084 2131 1202 2165 haberi
1226 2131 1355 2173 velint,
1387 2131 1455 2165 ista
1482 2130 1628 2164 vestium

158 2174 279 2209 odiosa
301 2175 465 2220 superbia
488 2187 566 2210 sese
588 2176 682 2210 velut
703 2176 739 2216 in
761 2177 1005 2223 mancipiorum
1029 2178 1182 2212 ordinem
1206 2177 1318 2223 redigi
1340 2178 1556 2212 detestantes
1573 2177 1628 2211 in-

158 2221 410 2266 dignantesque
444 2227 706 2267 conquerentur.
752 2235 829 2258 num
853 2223 919 2258 iam
944 2224 1052 2269 igitur
1075 2223 1257 2268 intelligis,
1294 2225 1365 2258 ista
1386 2222 1530 2257 levitate
1551 2229 1627 2257 tra-

159 2267 256 2301 ducti
288 2267 331 2301 ad
363 2268 576 2303 venatorium
613 2280 706 2303 usum
736 2269 825 2314 regii
858 2276 999 2305 ornatus
1022 2276 1185 2316 quantum
1208 2270 1335 2315 flagitii
1358 2268 1624 2304 conscit-eris?

155 2312 346 2347 istiusmodi
379 2314 533 2356 monitis,
575 2315 639 2349 bac
668 2314 884 2350 institutione
917 2322 999 2350 tam·
1019 2328 1142 2351 severa
1172 2317 1273 2351 heres
1302 2315 1437 2362 imperii
1472 2326 1492 2349 a
1526 2322 1625 2361 patre

156 2359 286 2406 optimo
320 2359 364 2394 ad
393 2361 602 2396 moderatam
634 2366 671 2396 et
699 2362 898 2409 popularem
922 2362 1138 2409 principatus
1161 2362 1492 2398 administrationem
1514 2362 1623 2396 infor-

152 2406 322 2488 mabaltgf.
347 2452 427 2487 Hoc
459 2464 562 2499 porro
593 2465 681 2489 nunc
711 2457 866 2496 mortuo,
899 2454 1011 2500 palam
1041 2455 1216 2499 vulgatum
1242 2458 1296 2490 est
1319 2453 1621 2500 pmtovestiarium

152 2501 302 2533 tutorem
333 2498 433 2544 pueri
463 2499 631 2546 principis
661 2512 682 2535 a
714 2506 813 2546 patre
842 2501 1051 2546 imperat-ore
1073 2502 1282 2536 declaratum
1305 2513 1346 2536 eo
1369 2507 1524 2545 tempore
1548 2512 1619 2546 quo

152 2545 254 2579 morti
286 2546 462 2590 proximus
495 2546 651 2581 monachi
685 2547 836 2581 habitum
870 2547 999 2582 induit,
1039 2559 1123 2582 sane
1153 2547 1354 2582 succedenti
1384 2547 1418 2581 in
1440 2546 1618 2593 imperium

151 2591 232 2625 huic
257 2591 398 2636 puerulo
422 2591 540 2627 Ioanni
564 2603 607 2626 ea
631 2597 764 2635 aetate,
789 2594 844 2627 cui
869 2605 934 2628 nec
959 2594 1003 2628 ad
1026 2594 1274 2639 providendum
1297 2593 1366 2628 sibi
1389 2594 1481 2628 ratio
1506 2604 1617 2638 neque

150 2637 195 2672 ad
221 2648 258 2671 se
282 2638 444 2672 tuendum
471 2638 564 2673 vires
585 2644 822 2685 suppeterent,
847 2651 937 2686 opus
958 2640 1092 2676 omnino
1115 2646 1193 2675 erat
1213 2640 1338 2675 idoneo
1361 2639 1549 2686 praesidio.
1572 2650 1616 2672 ne

149 2682 234 2727 quid
256 2684 477 2729 improvisum
500 2689 693 2730 pateretur.
741 2686 917 2721 multorum
951 2686 1081 2732 quippe
1103 2687 1170 2733 ipsi
1193 2687 1278 2722 clam
1301 2685 1534 2721 insidiantium
1562 2684 1617 2719 in-

151 2730 243 2763 festa
265 2730 344 2764 odia
366 2731 584 2765 imminebant
607 2731 643 2765 in
665 2732 876 2766 occasionem
901 2732 933 2767 ei
959 2733 1102 2768 nocendi
1117 2746 1133 2776 3
1154 2745 1244 2779 quos
1264 2745 1366 2775 sane,
1390 2732 1422 2766 si
1445 2732 1527 2777 quis⁴
1543 2742 1616 2766 mo-

151 2781 207 2808 tus
239 2787 350 2810 rerum
383 2777 440 2811 vel
472 2777 665 2812 levissimus
703 2779 870 2813 existeret
903 2791 972 2824 quo
1004 2780 1124 2825 aliqua
1148 2781 1251 2815 modo
1268 2779 1442 2826 quidpiam
1465 2777 1616 2812 novandi

149 2821 388 2868 opportunitas
419 2823 561 2859 daretur
578 2850 590 2868 ,
631 2823 733 2860 avide
763 2824 855 2861 illam
886 2830 1089 2872 captaturos
1118 2832 1156 2862 et
1187 2826 1241 2862 vel
1269 2831 1425 2860 extrema
1459 2835 1615 2871 quaeque
