1846 3262
429 219 504 263 DE
538 219 823 264 MICHAELE
858 219 1242 266 PALAEOLOGO
1270 222 1321 264 L.
1362 221 1397 266 1.
1581 223 1645 268 83

163 328 191 393 ᾗ
217 334 320 391 πρὸς
346 338 405 394 τῷ
431 332 539 395 γήρα
565 333 586 377 ὅ
613 335 810 389 βασιλεῦς
833 332 1025 391 Ἰωάννης
1061 333 1288 391 ἦρμόσατο.
1362 334 1440 392 εἶχε
1463 337 1540 392 μὲν
1572 333 1647 381 οὖν

163 406 313 447 ἐκεῖνον
333 405 396 446 ἐπὶ
419 408 470 461 τῇ
493 406 673 461 θυγατρὶ
695 403 835 463 Ἑλένῃ
865 405 1059 461 γαμβρὸν·
1088 403 1110 448 ὅ
1133 404 1361 461 δεσπότης,
1399 404 1478 462 εἶχε
1499 407 1546 449 δὲ
1577 409 1646 450 καὶ
1698 402 1704 410 ’

164 472 290 517 ι’ίλλον
315 474 380 516 ἐπὶ
400 479 451 531 τῇ
462 472 585 531 ’Άννῃ
608 474 680 516 τὸν
699 475 909 531 Πρίγκιπα
929 479 1005 529 τῆς
1023 474 1188 528 Ἀχαΐας
1207 478 1251 517 Γ
1246 477 1475 530 ουλιέλμον.
1539 475 1645 531 πέμ-

162 555 252 596 ψας
273 543 386 599 παρὰ
405 544 481 598 μὲν
501 548 577 586 τοῦ
599 544 762 599 Μαφρέ
781 544 1029 598 τρισχιλίους
1049 543 1124 593 οὓς
1142 543 1262 587 αὐτοὶ
1292 544 1454 600 λέγουσι
1484 549 1647 600 καβαλ-

130 613 332 668 5λαρίους
351 609 575 667 λαμβάνει,
613 611 826 668 ἀνδρείους
854 612 898 655 ἐκ
917 615 1143 670 Γερμανῶν
1156 645 1170 665 ,
1189 612 1280 656 ’.τὸν
1301 614 1351 656 δέ
1363 630 1406 670 γε
1427 615 1639 670 Πρίγκιπα
1661 625 1695 660 Ι)

164 680 260 724 ὅλον
289 680 367 736 εἶχε
400 682 476 725 σὺν
506 689 593 731 τοῖς
622 679 942 738 στρατεύμασιν.
1014 679 1092 737 εἶχε
1123 682 1169 724 δὲ
1195 683 1263 724 καὶ
1295 682 1368 726 τὸν
1399 684 1444 725 ἐκ
1475 685 1646 735 νοθείας

161 750 253 801 υἱὸν
268 748 462 806 Ἰωάννην
479 750 584 805 μετὰ
613 755 688 793 τοῦ
710 752 858 793 οἰκείου
889 754 1022 804 λαοῦ,
1058 751 1113 794 τὰ
1137 751 1308 807 μέγιστα
1331 749 1641 807 συναιρόμενον.

163 822 313 870 ἐκεῖνος
334 823 402 863 καὶ
421 820 498 876 γὰρ
517 819 598 875 ἤδη
629 819 738 872 καθ’
759 817 886 863 αὑτὸν
917 825 970 877 τῇ
992 825 1066 863 τοῦ
1086 825 1269 877 Ταρωνᾶ
1287 822 1467 877 θυγατρὶ
1490 820 1640 876 συνών,

164 889 265 932 λαὸν
302 891 507 945 ἐξαίρετον
542 889 666 944 ἔχων,
714 889 892 939 δυνατὸς
931 885 983 945 ἦν
1031 891 1097 932 καὶ
1127 887 1256 945 μόνος
1297 897 1540 947 στρατηγεῖν
1576 893 1645 934 καὶ

109 967 153 1000 10
165 963 480 1014 προσκτᾶσθαι·
518 958 615 1008 τοὺς
634 958 712 1015 γὰρ
731 958 777 1001 τὸ
799 959 975 1002 παλαιὸν
990 958 1207 1015 “Ελληνας,
1247 957 1322 1009 οὓς
1333 958 1539 1015 Ἀχιλλεῦς
1558 955 1643 1016 ἦγε,

161 1028 542 1084 ΑἸεγαλοβλαχίτας
573 1032 710 1071 καλῶν
738 1028 980 1084 ἐπεφέρετο,
1020 1026 1126 1072 ὥστε
1156 1028 1267 1084 μηδ’
1297 1028 1376 1079 ἔξω
1409 1030 1646 1086 προβαίνειν

162 1096 226 1139 εἴα
257 1098 459 1154 Βερροίας
491 1096 562 1140 τὸν
593 1094 884 1154 Παλαιολόγον
906 1098 1034 1154 με’γαν
1058 1098 1299 1153 δομέστικον
1322 1087 1540 1154 Ἰωάννην,
1571 1099 1644 1142 τὸν

163 1165 536 1222 Στρατηγόπουλον
563 1166 741 1218 Ἀλέξων
770 1169 838 1210 καὶ
865 1168 1005 1224 τρίτον
1035 1167 1108 1211 τὸν
1132 1166 1281 1211 Ῥαούλ
1306 1164 1522 1224 Ἰωάννην,
1566 1185 1643 1211 συ-

158 1235 263 1290 χνὰς
297 1235 491 1290 δυνάμεις
521 1237 611 1293 περὶ
649 1236 804 1287 αὐτοὺς
833 1236 1016 1291 ἔχοντας.
1087 1234 1180 1280 τότε
1199 1238 1335 1280 τοίνυν
1356 1235 1636 1293 συναγαγώνό
1661 1246 1693 1281 Ε

108 1309 152 1344 15
163 1300 366 1361 δεσπότης
395 1305 494 1355 τοὺς
520 1305 781 1362 εἰρημένους,
830 1305 932 1361 ἔχων
961 1307 1029 1349 καὶ
1059 1306 1157 1357 τούς
1184 1304 1335 1350 ἑαυτοῦ
1368 1307 1410 1356 ἒς
1437 1305 1500 1350 ὅτι
1528 1307 1643 1350 πλεί-

163 1391 313 1427 στους,
350 1379 632 1431 προσκροῦσαι
660 1376 735 1429 μὲν
763 1375 816 1418 τὰ
849 1380 996 1431 πρῶτα
1013 1383 1099 1426 τοῖς
1122 1382 1368 1432 στρατηγοῖς
1398 1376 1465 1417 καὶ
1484 1374 1643 1434 συρρή-

164 1445 262 1495 ξας,
301 1441 357 1494 ὥς
378 1443 479 1502 ᾤετο
493 1477 507 1497 ,
544 1449 795 1501 προσβαλεῖν
827 1446 1112 1503 Θεσσαλονίκῃ
1132 1447 1198 1488 καὶ
1220 1445 1274 1488 τὰ
1293 1443 1399 1487 κατὰ
1427 1442 1545 1487 δύσιν
1565 1464 1642 1488 κα-

163 1516 392 1569 ταδραμεῖν
419 1514 487 1555 καὶ
518 1512 647 1568 αὐτῆς
693 1513 744 1569 δὴ
777 1518 1029 1571 πειραθῆναι
1064 1511 1542 1564 Κωνσταντινουπόλεως
1577 1516 1642 1557 ἐπὶ

163 1587 261 1625 νοῦν
286 1582 505 1639 ἔστρεφεν·
542 1581 732 1640 εὔκαιρον
759 1582 838 1638 γὰρ
868 1585 935 1625 καὶ
969 1581 1095 1627 τοῦτό
1117 1584 1157 1627 οἱ
1185 1583 1419 1635 ξυνέπιπτεν
1438 1584 1481 1634 ἒξ
1505 1585 1640 1634 αἷτίας

105 1655 236 1706 Ξοτῆς
263 1650 326 1695 ὅτι
351 1653 420 1693 καὶ
453 1649 475 1694 ὅ
508 1653 673 1709 ΙΡΙαφρὲ
699 1651 812 1709 παρὰ
842 1652 1000 1709 πατρὸς
1022 1654 1272 1710 Φερδερίχου
1296 1650 1352 1703 ὥς
1373 1650 1526 1709 κλῆρόν
1546 1670 1638 1697 τινα

163 1718 241 1776 εἶχε
265 1714 415 1777 τὸτῆς
447 1721 663 1778 ἐκκλησίας
691 1721 960 1776 ἀποστατεῖν,
998 1720 1103 1766 ὥστε
1121 1722 1192 1779 μὴ’
1209 1722 1323 1774 ξένον
1340 1719 1441 1766 εἶναι
1464 1721 1510 1766 τὸ
1531 1725 1573 1765 Γ
1568 1740 1635 1781 ερ-

162 1876 227 1900 nae
251 1866 451 1911 Augustae,
482 1878 583 1913 quam
617 1867 761 1903 loannes
791 1867 978 1915 imperator
1007 1869 1073 1904 iam
1100 1869 1215 1905 senior
1238 1880 1376 1905 uxorem
1399 1867 1567 1910 duxerat,
1591 1879 1635 1903 ex

162 1913 260 1946 Anna
291 1924 376 1947 vero
410 1913 521 1948 altera
558 1913 632 1948 filia
664 1915 852 1962 principem
886 1916 1035 1951 Achaiae
1069 1916 1283 1951 Gulielmum.
1330 1919 1367 1950 et
1398 1927 1419 1950 a
1452 1915 1636 1949 manfredo

161 1959 296 2004 quidem
329 1970 392 2004 per
421 1959 539 1994 missos
562 1960 605 1994 ad
630 1972 705 1995 eum
733 1966 846 1996 certos
869 1963 1020 1997 homines
1042 1963 1287 2009 impetraverat
1307 1962 1376 1997 tria
1399 1961 1503 1996 millia
1526 1961 1635 1995 lecto-

160 2016 235 2038 rum
259 2017 303 2040 ex
328 2005 512 2041 Germanis
534 2006 685 2047 militum,
710 2007 861 2043 virorum
886 2009 1036 2051 sortium,
1061 2020 1147 2056 quos
1170 2009 1238 2055 ipsi
1260 2008 1462 2043 caballarios
1485 2011 1636 2050 vocant3

159 2051 360 2097 Principem
396 2064 481 2087 vero
516 2065 591 2087 cum
624 2053 794 2089 universis
831 2055 904 2090 eius
942 2056 1052 2101 copiis
1093 2055 1220 2091 socium
1255 2053 1485 2101 expeditionis
1519 2053 1563 2088 ad
1596 2064 1635 2087 se

159 2101 316 2132 traxerat
374 2098 523 2133 habebat
545 2103 580 2133 et
602 2100 740 2135 nothum
763 2101 870 2136 filium
892 2102 1050 2136 Ioannem
1074 2113 1149 2136 cum
1170 2102 1304 2137 auxiliis
1327 2113 1392 2135 non
1416 2105 1635 2135 contemnen-

160 2143 213 2177 dis
237 2133 351 2190 populi
375 2145 428 2179 cui
453 2152 624 2191 praeerat.
672 2147 726 2181 hic
763 2148 866 2183 ducta
895 2149 1056 2184 Taronae
1079 2149 1150 2182 filia
1184 2149 1328 2192 dynasta
1351 2146 1465 2192 gentis
1488 2146 1632 2192 populo-

160 2201 240 2232 sae,
264 2191 420 2235 egregias
445 2193 508 2226 sub
538 2192 644 2237 signis
667 2193 797 2228 habens
821 2194 938 2239 copias
975 2201 1012 2230 et
1035 2194 1190 2230 militaris
1221 2194 1308 2229 artis
1338 2194 1459 2228 eximie
1488 2191 1634 2237 peritus,

159 2237 215 2270 vel
248 2247 311 2282 per
340 2248 378 2271 se
401 2237 508 2272 solum
530 2238 670 2273 idoneus
694 2245 771 2275 erat
796 2241 904 2275 cuivis
937 2242 985 2276 rei
1017 2253 1160 2286 magnae
1193 2241 1283 2275 bello
1304 2239 1490 2275 tentandae
1513 2238 1635 2272 adiun-

160 2284 347 2328 gendisque
370 2283 488 2318 ditioni
520 2296 604 2319 suae
634 2286 736 2320 terris
767 2288 812 2322 ab
836 2287 903 2321 alio
928 2288 1103 2334 possessis.
1153 2298 1196 2321 ex
1219 2299 1261 2321 ea
1294 2286 1420 2332 quippe
1442 2290 1546 2330 gente
1567 2284 1634 2318 sibi

158 2328 317 2363 subiecta
339 2329 520 2364 conflatum
543 2332 727 2366 exercitum
751 2333 939 2376 ductabat,
976 2346 1065 2380 quae
1093 2333 1221 2368 Graeci
1255 2332 1335 2367 olim
1357 2334 1493 2377 generis
1515 2334 1552 2365 et
1569 2342 1633 2364 no-

159 2375 258 2409 minis
280 2375 408 2410 Achille
431 2376 636 2420 imperatore
668 2379 846 2414 militavit:
882 2391 970 2415 nunc
992 2379 1304 2426 Megaloblachitae
1326 2378 1546 2413 vocabantur.
1595 2382 1632 2411 et

159 2421 234 2455 eius
250 2422 385 2466 generis
408 2422 516 2468 copiis
539 2424 730 2459 succinctus
753 2429 884 2460 tantum
908 2431 1064 2471 poterat,
1095 2430 1134 2461 ut
1156 2436 1243 2460 unus
1265 2425 1444 2460 sufficeret
1466 2426 1631 2458 coercen-

159 2467 232 2510 dis,
266 2479 310 2502 ne
339 2469 430 2503 ultra
462 2469 627 2504 Beroeam
662 2473 972 2516 progrederentur,
1015 2474 1127 2507 tribus
1166 2471 1440 2507 adversariorum
1475 2469 1631 2512 ducibus,

158 2513 277 2548 Ioanni
310 2515 515 2559 Palaeologo
540 2527 660 2561 magno
684 2517 879 2561 domestico,
906 2519 1150 2565 Strategopulo
1171 2518 1291 2553 Alexio
1315 2521 1352 2551 et
1372 2516 1492 2551 Ioanni
1515 2515 1630 2558 Raali,

159 2571 301 2605 quorum
330 2573 499 2607 quemque
529 2574 729 2598 numerosae
760 2565 937 2611 stipabant
967 2566 1100 2611 copiae.
1155 2565 1208 2599 his
1236 2564 1348 2610 igitur
1374 2567 1455 2598 tunc
1485 2573 1630 2607 congre-

157 2606 248 2651 gatis
268 2606 303 2640 in
328 2619 429 2642 unum
454 2608 608 2643 omnibus
631 2609 794 2654 despota,
827 2616 864 2645 et
889 2611 1005 2646 eodem
1030 2611 1172 2646 adiectis
1193 2617 1278 2656 quot
1299 2622 1343 2644 ex
1366 2609 1436 2644 suis
1458 2609 1534 2654 ipse
1556 2614 1629 2642 ter-

157 2650 208 2686 ris
230 2657 388 2696 potuerat
413 2657 557 2698 cogere,
581 2657 759 2700 cogitabat
778 2657 920 2702 primum
943 2658 1076 2704 quidem
1100 2658 1176 2692 acie
1197 2658 1384 2692 decernere
1406 2667 1479 2690 cum
1504 2654 1629 2688 adver-

159 2698 259 2732 sariis
282 2700 434 2742 ducibus,
458 2704 529 2735 tum
551 2701 607 2743 iis,
629 2707 668 2736 ut
690 2704 871 2748 sperabat,
894 2705 997 2739 victis
1021 2704 1165 2749 aggredi
1190 2701 1472 2738 Thessalonicam
1491 2705 1530 2735 et
1553 2701 1626 2734 Oc-

158 2743 277 2778 ciduas
297 2745 454 2790 regiones
475 2748 724 2783 incursionibus
752 2755 911 2791 vastare,
940 2750 1120 2797 ipsamque
1149 2750 1237 2785 adeo
1267 2753 1402 2784 tentare
1425 2746 1629 2782 Constanti·-

157 2790 316 2834 nopolim.
364 2793 460 2827 cuius
495 2794 548 2829 rei
573 2795 732 2829 maiorem
766 2796 917 2830 habebat
939 2809 982 2832 ex
1006 2809 1047 2832 eo
1069 2796 1288 2836 facultatem,
1312 2794 1405 2841 quod
1428 2805 1503 2828 cum
1529 2793 1629 2827 Man-

156 2835 275 2870 fredus
302 2838 398 2873 velut
432 2840 692 2875 haereditariam
726 2853 748 2875 a
775 2841 957 2878 Friderico
980 2847 1077 2888 patre
1108 2842 1303 2888 accepisset
1323 2839 1568 2875 contumaciam
1593 2843 1630 2873 et

156 2882 375 2919 rebellionem
407 2883 442 2920 in
472 2887 674 2931 ecclesiam,
712 2888 902 2932 Germani,
943 2900 1031 2936 quos
1061 2889 1228 2935 despotae
1261 2885 1461 2923 auxiliarios
1490 2885 1630 2920 miserat

1662 1729 1761 1766 1³50
