1884 3262
474 205 549 246 DE
583 204 854 247 MICHAELE
887 201 1258 246 PALAEOLOGO
1294 203 1340 245 L.
1374 202 1428 244 V.
1573 201 1668 247 361

232 322 322 366 ταῖς
342 316 404 358 ἐπὶ
423 320 504 358 τῶν
524 313 684 359 ἀδύτων
714 317 950 372 εἰσαγωγαῖς
979 332 1021 358 τε
1051 316 1118 358 καὶ
1138 311 1351 367 στάσεσιν,
1383 313 1424 356 ἔν
1445 309 1670 367 μεταλήψει

231 389 305 427 τοῦ
342 386 459 426 θείου
494 383 646 437 ἄρτου,
692 383 739 427 ὃν
771 384 994 437 ἀντίδωρον
1026 384 1229 437 λέγουσιν,
1275 384 1319 424 ἐκ
1345 379 1510 425 πάντων
1538 380 1672 424 ἄλλων

231 452 335 507 πλὴν
353 450 619 506 μεταλήψεως
642 452 710 510 (οὗ
728 453 805 508 γὰρ
829 450 1012 508 ἔχρῃζον)
1043 451 1118 505 τὴν
1142 452 1197 499 εἷς
1226 448 1368 505 ἐγγύας
1394 449 1574 505 κειμένην
1590 453 1674 492 τῶν

232 521 450 575 ἐκκλησιῶν
471 518 631 575 εἰρήνην
654 522 911 573 κατεμπεδῶν
932 536 974 561 τε.
997 520 1062 561 καὶ
1083 515 1495 573 προασφαλιζόμενος.

199 598 222 632 5
368 589 413 633 9.
474 588 649 642 ’Έπεμπε
674 589 719 631 δὲ
740 590 806 630 καὶ
827 587 981 642 ἄνδρας
1000 585 1352 640 ἔκκλησιαστικοὺς
1367 585 1470 628 πολῦ
1491 585 1538 628 τὸ
1561 585 1673 637 ἀξιο-
1695 592 1724 627 P
1746 592 1816 628 246

232 656 380 709 πρεπὲς
400 657 442 698 ἔκ
461 673 503 698 τε
524 654 678 710 τρόπου
697 657 762 698 καὶ
784 654 983 711 ὂφφικίων
997 647 1176 708 ’ἔχοντας
1196 653 1298 707 πρὸς
1314 653 1385 695 τὸν
1405 653 1508 710 ῥῆγα
1535 657 1677 709 Φραγ-

230 726 320 778 γίας
332 756 346 776 ,
377 722 634 780 αὐτάδελφον
650 724 724 777 μὲν
747 727 820 766 τοῦ
840 720 1060 779 Καρούλου
1080 722 1126 764 τὸ
1152 721 1265 775 γένος
1296 719 1416 772 ὄντα,
1463 721 1560 771 τούς
1578 719 1678 777 τρό-

233 808 335 841 πους
362 793 406 834 δὲ
433 790 578 846 ἥκιστα
607 792 884 847 ἄδελφίζοντα.
957 791 996 833 οἱ
1026 789 1069 832 δ’
1099 785 1204 844 ἦσαν
1233 787 1255 831 ὅ
1284 806 1327 831 τε
1362 793 1437 843 τῆς
1466 789 1678 844 ἐκκλησίας

229 858 497 916 χαρτοφύλαξ
523 858 544 903 ὃ
574 859 726 909 Βέκκος
748 861 813 901 καὶ
843 857 957 901 ὅτοῦ
985 861 1197 912 βασιλικοῦ
1223 854 1502 911 ἅρχιδιάκονος
1525 855 1676 913 κλήρου

181 937 223 970 10
236 925 553 982 Μελιτηνιώτης.
624 926 685 976 οἷς
715 927 766 981 δὴ
792 929 858 969 καὶ
882 926 955 969 οὐκ
992 928 1194 981 ἐκχωροῦν
1224 927 1279 974 εἷς
1308 922 1554 979 Βρεντήσιον
1586 927 1678 967 δια-

231 1000 503 1049 περαιοῦσθαι
527 996 592 1036 καὶ
612 999 662 1052 γῇ
676 995 910 1049 χρωμένους
927 996 1128 1046 βαδίζειν,
1165 992 1239 1046 τὴν
1256 993 1331 1046 μὲν
1352 993 1468 1047 μέχρι
1491 994 1557 1035 καὶ
1578 993 1674 1035 Ati·-
1696 996 1727 1030 B

231 1066 359 1111 λῶνος
379 1061 475 1104 ὁδὸν
500 1064 640 1110 ἰ’πποις
667 1061 898 1115 χρωμένους
927 1058 1078 1102 ὁδεύειν
1098 1055 1306 1113 παρεῖχεν,
1343 1061 1495 1102 ἐκεῖθεν
1515 1061 1560 1102 δὲ
1583 1060 1680 1115 νηὸς

231 1127 449 1182 ἐπιβάντας
465 1130 531 1171 καὶ
552 1127 772 1170 θάλασσαν
794 1128 1012 1181 τέμνοντας
1032 1127 1107 1182 τὴν
1128 1127 1170 1176 ἐς
1187 1127 1257 1169 τὸν
1288 1128 1391 1183 ῥῆγα
1404 1160 1417 1178 ,
1453 1125 1555 1169 ὅπου
1577 1128 1674 1170 ποτ’

233 1196 282 1239 ἂν
311 1195 493 1251 εὑρεθείη
523 1195 698 1250 διάγων,
734 1201 939 1238 ποιεῖσθαι
974 1197 1271 1248 διαπεραίωσιν.
1340 1190 1389 1248 ἦν
1419 1195 1467 1237 δέ
1488 1195 1527 1237 οἶ
1559 1193 1580 1238 ὅ
1604 1199 1679 1250 τῆς

181 1275 222 1308 15
236 1266 448 1320 πρεσβείας
477 1265 628 1314 σκοπὸς
659 1264 838 1307 κάκεῖνον
867 1261 1015 1317 δώροις
1036 1265 1101 1305 καὶ
1132 1261 1264 1318 λόγοις
1288 1261 1343 1312 ὡς
1365 1261 1679 1317 δυνατὸνέκμει-

233 1334 470 1384 λίσσεσθαι,
506 1334 573 1374 καὶ
606 1329 921 1387 παρασκευάζειν
949 1330 1144 1384 εἰρηνικὸν
1175 1330 1272 1371 ὄντα
1294 1338 1382 1378 ταῖς
1406 1328 1561 1385 φήμαις
1579 1329 1681 1386 γρά-

235 1415 323 1455 φειν
341 1400 414 1451 μὲν
439 1401 505 1440 καὶ
537 1398 639 1454 πρὸς
666 1397 739 1440 τὸν
769 1396 945 1454 ἀδελφὸν
976 1396 1028 1438 τὰ
1050 1395 1183 1439 εῗκότα
1212 1398 1278 1438 καὶ
1300 1396 1347 1438 τὸ
1365 1394 1527 1452 θράσος
1548 1397 1672 1451 ἔκμα-
1697 1407 1727 1442 c

234 1464 392 1508 λάττειν
409 1467 475 1508 καὶ
495 1465 569 1514 τὰς
587 1463 718 1519 ὁρμὰς
739 1466 887 1508 ἐκείνου
916 1464 1079 1518 ἀνέχειν.
1151 1463 1251 1522 ῥᾷον
1279 1462 1381 1520 γάρ,
1414 1462 1469 1513 ὥς
1499 1466 1570 1507 καί
1589 1482 1680 1508 τινα

235 1534 421 1585 οἴεσθαι,
464 1538 626 1588 πρῶτον
659 1533 758 1576 ὅντα
788 1535 854 1575 καὶ
882 1532 986 1589 ῥῆγα
1016 1533 1275 1586 τετιμημένον
1309 1532 1490 1587 ἀρχῆθεν
1517 1534 1583 1575 καὶ
1613 1534 1679 1575 ἐπὶ

180 1599 508 1656 Ξομεγαλειότητι
529 1602 711 1651 ἐξουσίας
730 1598 973 1654 τιμώμενον,
1009 1600 1110 1656 πρὸς
1128 1601 1172 1642 δὲ
1197 1601 1262 1642 καὶ
1293 1600 1390 1649 τοὺς
1415 1598 1591 1654 τρόπους
1611 1601 1679 1643 εὖ-

235 1667 318 1711 θύν
332 1703 343 1722 ,
383 1669 454 1711 τὸν
483 1667 670 1724 δεύτερον
689 1670 754 1711 καὶ
774 1670 877 1722 χθὲς
899 1669 954 1717 εἰς
985 1668 1087 1724 ρῆγα
1107 1669 1389 1723 τετιμημένον,
1425 1668 1527 1724 πρὸς
1549 1670 1594 1711 δὲ
1613 1671 1680 1711 καὶ

234 1742 286 1794 τῇ
309 1738 470 1797 ἐξουσίᾳ
487 1735 721 1791 λειπόμενον
736 1738 807 1778 καί
821 1753 863 1792 γε
883 1736 1043 1779 σκολιὸν
1062 1737 1239 1779 πείθειν·
1273 1737 1379 1792 μηδὲ
1395 1735 1472 1794 γὰρ
1490 1735 1677 1782 ἀπευθύε

234 1899 381 1946 pationis
403 1899 507 1933 divini
529 1899 649 1945 panis,
684 1911 781 1945 quem
806 1899 996 1934 antidotum
1018 1902 1162 1942 vocant,
1195 1899 1324 1935 cunctis
1346 1899 1439 1935 hisce
1462 1905 1680 1953 communica·

235 1946 383 1980 tionibus
419 1946 580 1991 (excepta
609 1946 742 1980 interim
773 1946 846 1980 sola
877 1946 1093 1992 perceptione
1115 1946 1203 1980 sacri
1227 1946 1363 1980 calicis:
1395 1958 1461 1981 non
1483 1948 1569 1982 enim
1594 1949 1680 1983 banc

234 1992 286 2026 ini
309 1992 553 2037 quaerebant),
585 2002 684 2036 quam
707 1992 797 2026 serio
819 1998 1075 2037 procuraturum
1098 2003 1136 2026 se
1156 1992 1384 2037 spoponderat
1406 1998 1442 2026 et
1464 1998 1679 2039 perpetratu-

234 2048 309 2071 rum
333 2042 532 2082 receperat,
567 2037 782 2071 ecclesiarum
812 2049 928 2082 pacem
959 2037 1026 2071 iam
1049 2048 1136 2071 nunc
1166 2037 1346 2083 auspicans
1376 2044 1411 2072 et
1432 2039 1556 2073 sensim
1578 2050 1679 2073 usur-

236 2083 344 2126 pando
366 2083 605 2127 obstacuiaque
627 2083 813 2117 amoliendo
834 2083 1077 2128 praemuniens.

327 2129 361 2162 9.
406 2127 503 2162 Misit
523 2133 634 2162 autem
659 2133 693 2162 et
714 2129 807 2163 viros
829 2128 1074 2162 ecclesiasticos
1094 2128 1219 2162 multae
1241 2128 1416 2173 dignitatis
1429 2154 1440 2171 ,
1466 2133 1537 2162 tum
1559 2129 1678 2164 merito

235 2172 397 2206 virtutum
426 2178 498 2206 tum
527 2174 715 2207 officiorum
745 2173 948 2208 auctoritate
970 2186 1058 2218 qnae
1085 2175 1268 2218 gerebant,
1300 2174 1343 2207 ad
1365 2185 1479 2218 regern
1502 2174 1682 2219 andae,

237 2218 352 2251 Caroli
376 2229 499 2261 genere
521 2219 658 2252 fratrem
671 2244 681 2261 ‚
704 2230 903 2265 quamquam
924 2219 1102 2264 utriusque
1125 2230 1234 2253 mores
1251 2219 1417 2252 minimum
1431 2219 1519 2253 inter
1541 2231 1579 2254 se
1601 2231 1682 2265 ger-

238 2262 408 2296 manitatis
431 2264 676 2306 praeferebant.
723 2266 756 2298 bi
786 2272 896 2298 autem
918 2266 1014 2299 fuere
1035 2264 1275 2308 chartophylax
1311 2264 1470 2299 ecciesiae
1491 2266 1623 2300 Veccus
1645 2269 1683 2300 et

237 2308 324 2351 regii
346 2308 596 2342 archidiaconus
618 2309 698 2343 cleri
719 2310 958 2344 Meliteniotes.
1004 2310 1057 2343 his
1080 2321 1152 2343 cum
1176 2321 1240 2343 non
1265 2309 1384 2344 liceret
1408 2316 1503 2344 recta
1524 2311 1682 2345 Brundu-

239 2353 325 2387 sium
347 2354 507 2387 traiicere
527 2359 668 2399 propter
688 2355 738 2390 ibi
757 2355 954 2390 dominantis
980 2355 1096 2389 Caroli
1117 2360 1260 2397 metum,
1297 2355 1540 2400 praescriptum
1565 2361 1603 2391 ut
1624 2356 1682 2391 via

239 2399 398 2433 terrestri
419 2399 580 2432 Anionem
606 2399 786 2444 equitando
810 2413 847 2435 se
870 2402 1114 2443 transferrent,
1137 2400 1282 2446 indeque
1305 2412 1394 2434 nave
1416 2412 1596 2436 conscensa
1619 2413 1682 2447 per

239 2445 344 2478 altum
368 2444 402 2477 in
426 2444 598 2478 Franciam
621 2446 821 2487 tenderent,
853 2446 919 2479 iilic
950 2457 1062 2490 regem
1094 2445 1287 2480 conventuri
1320 2446 1521 2491 ubicumque
1553 2447 1683 2482 versari

240 2500 316 2522 eum
340 2490 548 2534 contigisset.
593 2501 715 2535 scopus
747 2491 920 2534 legationis
954 2494 1028 2525 erat
1057 2502 1171 2536 regem
1201 2491 1298 2526 donis
1330 2497 1366 2526 et
1388 2492 1500 2526 verbis
1523 2498 1682 2537 quantum

239 2534 316 2568 fieri
341 2539 457 2579 posset
480 2534 638 2577 deiinire,
661 2537 842 2581 conarique
865 2536 1034 2570 adducere
1052 2536 1180 2590 ipsum,
1202 2549 1300 2582 quem
1323 2538 1412 2571 fama
1433 2538 1566 2571 ferebat
1587 2537 1682 2582 pacis

239 2591 316 2614 esse
338 2581 542 2621 studiosum,
577 2580 620 2614 ad
650 2581 854 2615 suadendum
886 2582 986 2615 fratri
1007 2582 1142 2627 scriptis
1170 2582 1277 2616 literis
1300 2594 1342 2616 ne
1373 2583 1458 2616 bello
1480 2583 1685 2627 inquietaret

241 2625 427 2660 Orientem.
473 2631 549 2666 erat
571 2631 681 2660 autem
703 2627 883 2660 verisimile
913 2638 1066 2671 magnum
1089 2627 1216 2672 pondus
1238 2628 1426 2662 habituram
1450 2627 1685 2662 auctoritatem

241 2670 375 2705 :iunioris
398 2676 477 2705 natu
502 2671 671 2715 germani,
694 2672 750 2716 qui
774 2683 836 2706 rex
858 2683 879 2705 a
902 2673 1065 2718 principio
1087 2673 1208 2707 suisset
1229 2677 1425 2719 tantumque
1447 2673 1512 2717 ipsi
1535 2673 1686 2718 potentia

241 2720 450 2760 praestaret,
473 2720 515 2751 ad
542 2718 626 2750 haec
645 2717 700 2762 qui
723 2716 793 2751 vita
826 2722 941 2751 rectus
970 2722 1007 2752 et
1027 2718 1172 2752 moribus
1193 2718 1383 2764 inculpatus
1415 2719 1614 2760 haberetur,
1639 2719 1685 2753 ad

243 2761 472 2796 emolliendum
503 2762 645 2796 animum
679 2767 717 2796 et
748 2763 879 2797 feroces
910 2762 1054 2809 impetus
1085 2765 1285 2798 fraenandos
1309 2764 1422 2798 Caroli
1445 2763 1580 2797 minoris
1602 2768 1684 2798 natu

243 2805 380 2851 fratris,
402 2807 463 2853 qui
483 2819 592 2854 nuper
622 2812 752 2842 tantum
783 2807 900 2843 vocari
931 2819 992 2843 rex
1022 2809 1211 2856 coepisset,
1242 2809 1483 2854 angustiusque
1504 2820 1545 2843 ac
1566 2809 1685 2855 opibus
