1884 3262
258 206 361 254 616·
649 201 966 247 OBSERVAT.
1000 201 1316 247 PACHYMER.

258 323 393 355 coetus
407 313 484 352 sub
504 311 782 363 lomosactus.
837 310 1000 351 videtur
1016 310 1223 361 significari
1239 316 1396 350 coetum
1411 310 1522 350 hune
1541 311 1582 350 vi
1602 311 1714 363 prius

256 374 336 412 iam
361 370 501 422 perlati
529 369 579 407 de
609 369 795 407 electione
823 367 1010 407 Germani
1037 367 1187 406 decreti
1206 374 1404 416 coactum,
1433 382 1513 406 non
1534 373 1581 406 ut
1600 368 1648 406 de
1668 381 1714 406 ea

259 428 513 474 deliberaret,
541 424 610 463 sed
635 432 684 464 ut
709 438 793 463 rem
818 429 1009 462 statutam
1034 430 1296 474 exequeretur
1317 429 1357 461 et
1375 436 1522 462 novum
1538 424 1713 476 patriar-

256 480 371 522 cham
398 482 510 532 quasi
538 481 581 519 in
610 481 887 533 possessionem
915 480 1017 519 sedis
1037 480 1226 519 mitteret.
1283 478 1507 531 suspicabar
1526 481 1642 518 etiam
1662 493 1714 518 ex

253 542 359 580 sacto
381 538 666 590 quadamtenus
685 537 818 586 simili,
848 536 957 587 quod
977 550 1072 575 mox
1093 537 1280 587 reseram,
1311 541 1443 587 patres
1462 535 1531 586 qui
1548 536 1591 574 in
1604 536 1714 574 hunc

256 602 413 635 coetum
441 600 714 633 convenmunt
744 593 965 645 exemplum
991 593 1183 645 scriptum
1205 592 1353 630 decreti
1374 605 1397 629 a
1421 604 1461 630 se
1483 591 1592 643 prius
1617 593 1715 631 editi

255 657 379 692 manu
404 663 597 702 quemque
620 649 803 688 tenuisse.
859 649 914 687 sic
928 649 1029 687 enim
1053 655 1186 688 actum
1204 648 1392 688 videtm
1380 661 1423 687 m
1440 647 1516 686 alio
1534 648 1715 687 ecclesia-

256 709 354 747 stico
379 712 600 756 conventu,
631 707 742 745 cuius
771 712 830 744 est
858 707 1004 744 mentio
1024 705 1066 743 in
1085 706 1166 744 vita
1185 704 1324 743 Leonis
1344 717 1467 756 papae
1485 705 1524 754 Ι,
1552 704 1716 744 recitata

255 771 354 804 tom.
372 768 399 806 7
416 763 561 802 concil.
579 762 640 802 ed.
658 764 752 814 Reg.
773 776 810 814 p.
831 763 897 804 50.
954 762 1077 801 verba
1102 761 1201 800 haee
1229 766 1337 800 sunt:
1368 762 1603 813 congregati
1619 768 1722 800 sunt

256 824 340 865 256
358 819 583 860 sacerdotes·
602 826 639 857 et
657 819 734 856 alii
747 819 829 861 406
850 820 1039 870 episcopi,
1069 832 1242 870 quorum
1258 817 1556 869 chirographus
1572 832 1719 856 cucur-

257 880 328 917 rit.
388 878 461 929 qui
479 877 715 928 congregati
737 881 833 913 sunt
858 889 943 913 una
963 889 1054 913 cum
1074 882 1208 922 tomo,
1237 874 1313 912 lzoc
1331 881 1388 911 est
1395 872 1486 926 fids
1504 874 1719 925 Apostoli-

258 948 330 971 cae
349 933 546 972 ecelesiae.
603 931 716 971 vides
731 931 798 970 hic
817 931 1017 970 decretum
1032 938 1147 970 antea
1166 931 1214 969 de
1232 931 1310 969 fide
1327 930 1573 982 Apostolicae
1594 930 1721 972 eccle—

258 991 356 1039 siae,
384 988 463 1028 hoc
482 994 541 1026 est
560 987 740 1039 dogmate
761 987 967 1037 catholico,
997 987 1193 1039 perlatum
1210 992 1364 1026 tomum
1382 987 1528 1036 vocari,
1555 992 1594 1025 et
1610 987 1721 1025 hunc

258 1052 413 1084 tomum
444 1057 638 1095 quemque
673 1058 793 1095 cong1
795 1050 998 1095 egatorum
1029 1056 1163 1082 secum
1200 1042 1404 1091 habuisse,
1441 1043 1549 1082 unde
1575 1049 1615 1082 et
1641 1043 1720 1082 hoc

257 1098 395 1143 κοινὸν
420 1099 502 1141 ’ὑπὸ
531 1097 635 1156 τόμῳ
660 1097 824 1154 γεγονός
843 1100 921 1138 dici
939 1100 1124 1151 potuerit.
1182 1113 1228 1137 ac
1250 1099 1359 1149 quod
1376 1098 1479 1137 hanc
1495 1095 1621 1151 τόμου
1640 1114 1718 1138 no-

258 1159 409 1197 tionem
435 1157 595 1206 attinet,
623 1157 724 1195 aetio
746 1156 830 1208 ipsa
847 1157 1049 1195 decretum
1075 1155 1271 1194 condendi
1289 1155 1382 1193 alibi
1400 1169 1422 1192 a
1440 1162 1577 1194 nostro
1593 1156 1719 1195 verbo

258 1217 526 1278 τομργραφεῖν
558 1213 803 1263 explwimitul.
859 1225 1000 1263 nempe
1029 1213 1055 1250 l.
1072 1211 1099 1253 4
1130 1225 1165 1254 c,
1184 1215 1260 1260 29,
1288 1211 1358 1249 ubi
1381 1211 1508 1262 agitur
1527 1211 1577 1249 de
1599 1226 1719 1250 coro—

260 1270 420 1309 natione
437 1268 673 1318 Andronici,
702 1264 1004 1323 ἐτομογροῖφουν
1021 1266 1064 1308 δὲ
1080 1267 1211 1317 inquit
1229 1266 1298 1307 καὶ
1315 1263 1399 1307 οῖ’
1373 1271 1564 1331 αρχιερεῖς
1578 1263 1653 1309 ὕπ’
1675 1264 1720 1309 ἆ-

261 1322 461 1378 φορισμὸν
485 1327 696 1372 ποιοῦντες
725 1330 799 1363 etc.
857 1324 1016 1362 decreto
1045 1323 1233 1362 videlicet
1254 1323 1435 1375 synodali
1453 1323 1530 1362 rite
1546 1324 1719 1374 condito,

260 1382 455 1420 antistites
479 1381 552 1419 sub
579 1380 837 1419 anathematis
855 1380 1175 1418 interminatione
1195 1386 1414 1419 sanxerunt
1432 1385 1561 1418 ratam
1580 1395 1602 1419 a
1617 1394 1721 1420 cun·-

261 1438 334 1476 ctis
366 1437 647 1489 agnoscendam
678 1436 978 1488 habendamque
1013 1437 1256 1476 evectionem
1287 1434 1539 1474 Andronici
1527 1450 1569 1474 m
1593 1438 1722 1489 impe-

261 1495 388 1542 rium,
418 1499 657 1546 procurante
682 1493 727 1531 id
755 1493 901 1532 scilieet
925 1493 1103 1544 Augusto
1131 1494 1213 1531 eius
1238 1498 1371 1544 patre,
1404 1492 1548 1544 quippe
1567 1494 1723 1532 studio-

262 1550 407 1588 sissime
427 1555 564 1601 agente
580 1555 629 1588 ut
646 1562 764 1601 quam
782 1550 950 1589 maxime
968 1550 1082 1589 firma
1109 1555 1149 1588 et
1172 1549 1440 1589 irrevocabilis
1457 1548 1535 1588 ista
1552 1550 1634 1588 eius
1650 1549 1723 1590 fflii

263 1612 363 1644 esset
385 1606 599 1659 promotio.

383 1684 756 1737 Τρικοκκιῶται
784 1698 822 1736 p.
833 1686 912 1727 201
938 1697 978 1727 V.
992 1686 1059 1726 16.
1115 1685 1239 1723 ταῦτα
1254 1681 1348 1737 περὶ
1364 1681 1459 1733 τούς
1477 1679 1723 1737 Τρικοκκιοὸ-

266 1756 347 1788 τας.
404 1741 459 1778 sie
486 1739 735 1779 concorditer
761 1746 841 1779 tres
869 1741 1035 1780 codices.
1092 1739 1255 1779 videtur
1273 1740 1409 1791 populi
1431 1753 1575 1781 nomen
1591 1755 1614 1778 a
1634 1741 1723 1779 loco

268 1797 455 1844 ductum,
494 1796 562 1847 qui
600 1796 810 1848 τρίκοκκον
842 1798 907 1836 vel
933 1794 1158 1849 τρικόκκιον
1198 1796 1588 1862 diceletur.repe1i
1616 1796 1724 1848 apud

267 1851 506 1904 geographos
533 1852 786 1902 Strabonem,
813 1854 1098 1902 Ptolemaeum,
1127 1851 1241 1899 alios,
1269 1848 1475 1919 τρικύριον
1503 1858 1544 1890 et
1563 1849 1724 1905 τρικόρ-

268 1923 381 1948 mov:
420 1907 488 1945 sed
519 1921 712 1958 nusquam
745 1909 838 1946 alibi
868 1910 1078 1961 τρίκοκκον
1106 1913 1175 1945 aut
1201 1905 1441 1960 τρικόκκιον.
1498 1920 1640 1948 verum
1671 1921 1724 1947 ne

270 1964 484 2015 quidquam
502 1962 753 2015 immutetur,
782 1977 991 2003 consensus
1013 1964 1192 2003 codicum
1208 1963 1402 2015 prohibet.

382 2038 697 2094 ’ὗποψήφιος
722 2056 762 2094 p.
783 2042 865 2084 438
885 2056 923 2082 v.
944 2045 1006 2085 12.
1062 2041 1140 2080 hoc
1163 2042 1251 2080 loeo
1279 2037 1521 2094 ὖποψήφιος
1541 2049 1723 2093 vocatur,

274 2097 343 2148 qui
360 2097 463 2135 iusta
484 2098 534 2135 ad
554 2098 782 2149 dignitatem
804 2099 972 2149 aliquam
995 2098 1196 2136 electivam
1215 2097 1396 2149 suffragia
1417 2099 1630 2138 electorum
1652 2105 1725 2137 tu-

275 2154 343 2201 lit,
372 2154 550 2193 nondum
575 2160 706 2193 tamen
730 2155 933 2194 decretum
954 2154 1154 2193 electionis
1179 2154 1255 2192 rite
1276 2155 1471 2205 perlatum
1489 2161 1560 2193 est.
1615 2155 1724 2194 unde

139 2212 168 2246 P
186 2211 253 2249 427
276 2210 350 2248 iste
360 2209 614 2260 Theodosius,
638 2211 681 2251 in
698 2224 813 2261 quem
829 2211 1148 2263 praeponendum
1165 2210 1311 2249 throno
1329 2210 1580 2261 patriarchali
1590 2211 1724 2252 Theo-

276 2265 411 2317 poleos
448 2266 529 2305 sive
556 2266 787 2305 Antiochiae
810 2267 1019 2319 pleraeque
1042 2272 1200 2318 patrum
1231 2269 1445 2306 sententiae
1471 2267 1725 2319 conspirave-

278 2326 391 2370 1ant,
420 2334 462 2359 e1
465 2328 507 2360 at
526 2322 669 2361 electus
687 2330 841 2364 tantum
860 2330 899 2362 et
917 2323 1024 2375 quasi
1047 2323 1265 2373 designatus
1280 2322 1516 2394 patriarfha,
1543 2324 1725 2362 nondum

283 2383 416 2415 tamen
442 2377 484 2417 in
510 2379 788 2429 possessionem
814 2380 952 2420 missus
978 2386 1017 2418 et
1043 2375 1335 2432 ἆνακηρυχθεις
1358 2376 1438 2420 υπὸ
1457 2394 1580 2434 κοινῳ
1596 2377 1725 2434 νόμῳ,

275 2438 330 2481 ⁴ut
355 2432 381 2471 l.
401 2431 428 2473 4
454 2446 488 2474 e.
511 2436 561 2477 13
591 2435 640 2473 de
673 2436 898 2475 Germano
886 2450 929 2475 m
961 2435 1431 2486 Constantinopolitanum
1457 2436 1747 2485 patriarchatus

283 2490 393 2539 prius
414 2488 535 2527 eleeto
553 2491 760 2542 scribitur,
789 2491 866 2530 hoc
886 2498 944 2531 est
963 2492 1090 2544 palam
1117 2490 1335 2530 declaratus
1360 2491 1604 2543 patriarcha,
1630 2504 1726 2543 per-

283 2544 366 2581 lato
394 2549 432 2581 et
457 2544 633 2595 legitimis
659 2522 837 2587 forniulis
861 2549 939 2587 rite
962 2547 1108 2586 sancito
1132 2548 1330 2587 communi
1356 2548 1477 2587 totius
1500 2547 1652 2587 concilii
1672 2546 1723 2585 de

282 2600 359 2638 ista
376 2600 561 2639 electione
580 2602 736 2642 decreto
748 2633 759 2653 ,
787 2605 894 2655 quod
911 2600 1035 2657 τόμου
1050 2603 1238 2642 vocabulo
1256 2603 1506 2655 significatur.

395 2663 616 2718 φάκελλθ
630 2683 645 2709 ¹*
681 2682 721 2720 P·
755 2671 833 2713 511
870 2674 1005 2713 v-11.
1061 2670 1158 2721 quid
1188 2670 1407 2722 φακέλλους
1438 2670 1505 2709 hie
1538 2674 1723 2733 putemus

283 2721 388 2761 aliud
418 2736 534 2773 quam
555 2723 729 2762 Latinam
747 2739 883 2764 vocem
903 2726 1176 2766 diminutivam
1197 2740 1246 2765 ex
1253 2729 1395 2777 fasccs
1403 2755 1414 2775 ,
1444 2725 1724 2776 quasisascel-

281 2779 342 2816 los
362 2778 487 2828 dicas,
527 2779 634 2831 quod
659 2781 696 2818 fi
698 2783 899 2831 equentius
915 2783 1100 2821 scribitur
1105 2784 1359 2832 fas-esculos
1353 2783 1371 2812 ⁹
1398 2781 1583 2833 Synesius
1600 2781 1724 2833 Epist.

282 2836 382 2876 133:
424 2833 548 2876 απασι
576 2835 756 2891 γέγραφα
787 2834 985 2888 ‹painel-lov
1022 2838 1236 2881 interni-mv
1263 2836 1441 2893 Διογένει
1481 2834 1587 2886 δούς.
1643 2836 1723 2876 hoc
