1846 3262
185 220 250 266 68
604 216 841 261 GEORGII
876 217 1226 262 PACHYMERIS

185 334 401 390 ἐπίτροπος
434 331 728 385 μετατίθεται,
774 330 975 385 βασιλέως
1003 331 1135 386 δῆθεν
1165 327 1372 383 διδόντος,
1409 329 1540 373 καὶτὸ
1564 334 1652 373 λοι-

185 402 263 445 πὸν
285 400 305 444 ὅ
323 397 611 456 Παλαιολόγος
630 399 757 456 μέγας
788 399 889 451 δοὺξ
916 401 983 443 καὶ
1002 403 1076 442 τοῦ
1103 400 1306 453 βασιλέως
1327 399 1545 456 ἐπίτροπος
1569 415 1653 454 φη-

185 468 396 526 μιζόμενος
414 468 517 524 πρὸς
533 475 625 519 ταῖς
643 468 832 526 φροντίσι
851 473 933 512 τῶν
952 472 1097 512 κοινῶν
1118 464 1168 524 ἦν
1178 501 1193 522 ,
1231 470 1298 511 καὶ
1320 469 1362 520 ἐξ
1380 465 1654 524 ἐπιτάγματος

189 534 471 596 ἀπαραιτήτου
491 535 842 594 συμπραττόντων
864 541 931 580 καὶ
949 541 1032 580 τῶν
1055 538 1097 580 ἒν
1115 538 1217 580 τέλει
1241 535 1375 596 διῴκει
1395 541 1543 580 ταῦτα.
1584 537 1656 578 καί

134 616 167 651 Ε
190 624 277 657 πως
306 606 493 663 ἀμηγέπη
525 606 594 650 διὰ
620 611 754 650 ταῦτα
783 606 878 650 κατ’
913 605 1136 663 ἀναγκαίας
1159 607 1300 663 χρείας
1326 610 1409 649 τῶν
1430 608 1687 660 βασιλικῶν5

185 676 379 731 ταμιείων
412 672 686 731 προσήπτετο.
765 670 816 731 ’ἦν
852 675 930 733 γὰρ
958 673 1181 732 χρημάτων
1210 679 1375 730 πλῆθος
1396 675 1656 729 ἒναποτεθη-

185 743 457 802 σαυρισμένον
474 745 516 787 ἔν
537 744 790 805 Μαγνησίᾳ,
826 744 874 788 οὗ
897 744 1049 804 ῥᾳδίως
1073 741 1328 801 ἀριθμητόν,
1367 744 1557 800 συλλεγὲν
1586 743 1655 785 καὶ

185 814 389 857 ‹inore-932¹
416 812 518 871 παρ’
541 812 731 857 Ἰωάννου
760 817 834 856 τοῦ
854 811 1001 857 Δούκα
1032 815 1098 856 καὶ
1120 813 1336 866 βασιλέως.
1365 812 1413 855 τὸ
1436 811 1515 869 γὰρ
1538 810 1654 868 παρὰ

185 887 260 926 τοῦ
286 881 434 932 παιδὸς
460 881 609 926 ἐκείνου
645 879 866 938 Θεοδώρου
899 886 972 925 τοῦ
1003 879 1205 939 Λάσκαρι
1237 878 1512 938 συναγόμενον
1542 881 1656 929 ῗδίως

70 957 98 991 Ρ
122 956 167 990 40
190 951 290 995 ἄλλο
321 969 362 994 τι
386 955 530 1008 χρῆμα
542 983 555 1004 ,
593 953 650 1002 εἷς
666 951 877 1006 βασιλείας
895 949 1096 1006 αὔταρκες
1119 950 1238 1006 ὄγκον
1252 983 1265 1003 ,
1299 951 1341 993 ἓν
1360 954 1419 1009 τῷ
1441 949 1547 992 κατὰ
1568 948 1654 992 ἄνω
1669 961 1713 995 10

185 1017 464 1076 Σκαμάνδρου
493 1022 678 1080 φρουρίῳ
716 1024 775 1079 τῷ
810 1018 920 1063 οὕτω
950 1037 1037 1070 πως
1070 1020 1294 1079 Ἀστυτζίῳ-
1329 1017 1655 1077 ὕποκοριζομένῳ

187 1090 387 1147 ἀσφαλῶς
419 1089 661 1132 ἔναπέκειτο.
730 1088 836 1143 πλὴν
868 1088 942 1132 οὐκ
962 1090 1120 1144 ἓκλογαὶ,
1141 1093 1274 1131 ταῦτα
1293 1087 1320 1143 ἢ
1340 1088 1547 1144 εἴσπραξις
1565 1086 1658 1129 ἅδι-

186 1175 255 1208 κος
268 1191 281 1211 ,
321 1157 368 1200 οὗ
403 1156 415 1172 ’
452 1155 688 1215 ἀνθρώπων
716 1159 808 1209 βίος
837 1159 904 1200 καὶ
925 1155 1106 1212 πενήτων
1124 1157 1199 1212 οὐχ
1218 1151 1342 1212 ἦττον
1369 1155 1394 1211 ἢ
1411 1155 1567 1213 χρυσὸς
1591 1156 1658 1197 αἵ-

185 1243 323 1282 ματα,
362 1225 468 1269 ἀλλιὶ
502 1231 679 1277 πλοῦτος
707 1225 752 1269 ἔκ
781 1243 824 1269 τε
854 1229 928 1281 τῆς
953 1226 1114 1284 περὶτὰ
1138 1226 1223 1268 ἴδια
1245 1226 1507 1283 προμηθείας
1525 1226 1592 1267 καὶ
1613 1224 1657 1266 ἐκ

185 1300 261 1350 τῆς
289 1299 372 1338 τῶν
405 1294 631 1352 ἀλλοτρίων
662 1294 767 1338 κατὰ
798 1294 1028 1352 προσένεξιν
1058 1297 1256 1352 εἰσφορᾶς
1283 1295 1487 1351 συλλεγείς
1516 1311 1559 1336 τε
1589 1294 1656 1336 καὶ
1670 1302 1712 1340 15

188 1364 406 1418 αὐξηθείς’
443 1363 515 1406 τὸν
535 1365 610 1418 μὲν
642 1364 721 1421 γὰρ
754 1365 798 1406 ἔκ
820 1365 1041 1420 γεωπονίας
1065 1368 1264 1419 συνῆγον,
1306 1363 1378 1407 τὸν
1400 1362 1446 1406 δ’
1470 1364 1512 1414 ἐξ
1532 1362 1658 1405 ἅλλο-

137 1436 166 1471 Β
192 1435 327 1487 δαπῆς
353 1431 575 1488 συνέλεγον.
646 1432 753 1487 πλὴν
779 1432 855 1488 οὐχ
885 1430 989 1476 ὥστε
1030 1434 1098 1476 καὶ
1131 1432 1554 1489 ἀποτεθησαυρίσθαι
1585 1430 1658 1474 τὸν

187 1500 322 1545 πάντα
352 1502 528 1557 μηδενὸς
556 1501 819 1557 μετέχοντος,
859 1501 955 1544 ἀλλ’
988 1501 1283 1560 ἐξαιρουμένοιν
1312 1505 1395 1544 τῶν
1427 1500 1659 1557 ἀναγκαίων

189 1573 245 1621 εἷς
263 1568 395 1620 δόσεις
427 1571 494 1613 καὶ
516 1568 641 1628 ρόγας
664 1572 730 1614 καὶ
761 1568 1065 1627 δαπανήματα,
1103 1573 1170 1614 καὶ
1192 1574 1351 1625 μᾶλλον
1375 1571 1431 1620 εἷς
1450 1570 1659 1627 ἐπιφανῶν
1745 1625 1748 1628 ψ

186 1641 259 1694 μὲν
278 1639 440 1696 ἀνδρῶν
472 1641 706 1697 φιλοτιμίας
727 1637 908 1695 πενήτων
937 1641 983 1684 δὲ
1000 1642 1218 1699 χορηγίας,
1255 1637 1311 1690 ὡς
1331 1641 1540 1695 ἔκχεΐσθαι
1558 1637 1654 1682 κατ’
1669 1649 1715 1684 20

282 1749 336 1785 12.
360 1744 383 1794 ἢ
408 1747 538 1786 deerat.

191 1848 311 1896 fragiis
337 1851 522 1887 iusserunt.
574 1863 694 1897 magno
725 1852 833 1898 igitur
860 1863 1038 1899 procerum
1072 1863 1239 1886 consensu
1264 1855 1403 1887 curator
1426 1852 1556 1886 electus
1588 1851 1660 1886 rei-

191 1898 351 1943 publicae
386 1910 448 1943 per
480 1902 632 1933 teneram
670 1899 843 1944 regnantis
867 1904 1032 1941 aetatem,
1059 1899 1267 1933 concedente
1297 1899 1522 1943 imperatore,
1547 1897 1660 1942 magni

191 1944 288 1978 ducis
310 1944 537 1990 appellatione
566 1944 758 1990 insignitur.
802 1945 918 1992 itaque
939 1956 1016 1980 mox
1040 1945 1261 1989 Palaeologus
1286 1945 1382 1979 simul
1414 1945 1483 1979 dux
1506 1955 1661 1988 magnum,

191 1990 290 2024 simul
313 1994 406 2025 tutor
428 1990 591 2036 principis
623 1991 848 2035 acclamatus,
879 1992 921 2026 de
956 1990 1083 2037 publici
1109 1991 1237 2026 consilii
1261 1990 1434 2026 sententia
1455 2002 1527 2025 rem
1550 1990 1660 2025 admi-

191 2036 339 2070 nistrare
363 2037 527 2082 publicam
560 2037 691 2083 coepit,
722 2050 830 2083 eaque
863 2039 1040 2072 occasione
1062 2036 1193 2083 regium
1216 2038 1332 2082 attigit
1354 2037 1536 2072 aerarium.
1582 2040 1660 2071 erat

193 2085 307 2116 autem
331 2082 383 2117 vis
407 2083 572 2128 pecuniae
595 2083 732 2119 condita
750 2084 786 2118 in
810 2085 894 2119 urbe
915 2083 1096 2129 Magnesia
1118 2095 1185 2118 non
1207 2084 1307 2118 facile
1328 2084 1565 2125 numerabilis,
1589 2083 1660 2117 col-

191 2127 282 2162 lecta
305 2132 341 2163 et
374 2129 423 2163 ibi
446 2130 604 2176 deposita.
635 2142 656 2164 a
687 2130 813 2165 Ioanne
836 2131 933 2166 Duca
962 2130 1189 2177 imperatore:
1215 2141 1291 2164 nam
1317 2141 1406 2175 quae
1430 2129 1499 2164 alia
1519 2128 1660 2174 proprie

194 2186 215 2208 a
238 2174 421 2209 Theodoro
444 2176 587 2210 Lascari
610 2176 682 2210 eius
703 2176 773 2211 filio
797 2182 1004 2222 congregata
1025 2176 1169 2222 pecunia
1191 2177 1306 2210 suerat
1327 2179 1423 2210 tanto
1447 2186 1598 2217 numero,
1620 2180 1663 2209 ut

194 2219 239 2255 ad
263 2221 400 2266 quasvis
423 2222 555 2267 imperii
578 2233 743 2266 expensas
771 2229 886 2268 posset
909 2224 1088 2263 sufficere,
1113 2233 1232 2257 secure
1249 2222 1502 2257 custodiebatur
1520 2222 1556 2256 in
1578 2232 1661 2256 arce

195 2266 238 2300 ad
267 2268 512 2301 Scamandrum
534 2268 620 2312 sita,
647 2280 735 2314 quae
760 2269 922 2304 diminuto
945 2269 1107 2304 vocabulo
1132 2268 1346 2313 Astytzium,
1378 2269 1444 2303 hoc
1467 2272 1522 2303 est
1555 2268 1661 2302 urbe-

196 2312 272 2346 cula
289 2339 300 2356 ‚
331 2319 482 2349 vocatur.
530 2319 700 2349 caeterum
737 2327 804 2350 non
833 2328 877 2351 ex
910 2316 1158 2351 corrosionibus
1191 2322 1228 2349 et
1253 2314 1501 2349 extorsionibus
1533 2314 1659 2359 iniquis

195 2359 260 2392 hae
284 2370 431 2394 summae
455 2360 623 2396 conflatae
645 2362 801 2404 fuerant,
834 2374 946 2409 neque
968 2362 1041 2396 eius
1063 2362 1198 2407 generis
1220 2365 1318 2396 erant
1341 2361 1375 2395 hi
1398 2360 1552 2396 thesauri
1574 2370 1660 2406 quos

195 2404 320 2449 raptim
345 2411 524 2450 congestas
546 2407 582 2441 in
606 2419 706 2442 unum
728 2408 896 2443 hominurn
919 2408 1009 2443 vitas
1033 2411 1069 2442 et
1091 2419 1277 2454 pauperum
1295 2408 1491 2453 sanguinem
1514 2418 1580 2440 non
1595 2406 1660 2439 im-

196 2450 316 2485 merito
340 2452 417 2497 quis
441 2452 590 2495 dixerit,
620 2454 680 2488 sed
709 2465 752 2488 ex
775 2456 977 2500 temperanti
1001 2454 1206 2500 parsimonia
1235 2457 1339 2488 natae
1362 2453 1503 2499 copiae,
1525 2454 1660 2487 fructus

195 2498 432 2532 oeconomicae
456 2499 658 2543 prudentiae
680 2506 864 2546 perceptus
878 2513 930 2536 »ex
950 2500 1170 2547 proventibus
1193 2511 1352 2544 agrorum
1373 2504 1432 2534 aut
1454 2499 1544 2534 iusta
1567 2510 1660 2533 com-

194 2543 382 2578 mutatione
405 2545 593 2579 commercii
616 2557 636 2580 e
657 2546 762 2580 terris
793 2547 940 2590 exteris,
973 2547 1108 2582 innoxio
1129 2547 1296 2581 redituum
1318 2557 1464 2593 genere,
1490 2544 1572 2579 nibil
1595 2544 1660 2579 ad-

194 2589 336 2623 mixtum
357 2590 487 2625 habens
509 2591 646 2626 odiosae
668 2593 911 2638 corrogationis
945 2605 987 2628 ex
1019 2593 1128 2628 alieno
1150 2603 1264 2628 censu.
1312 2604 1375 2627 nec
1403 2603 1506 2638 porro
1529 2590 1578 2625 ibi
1601 2594 1662 2625 de-

197 2635 371 2670 tinebatur
399 2648 504 2671 avara
537 2638 691 2672 custodia
723 2640 934 2675 necessarios
967 2639 1138 2674 invidente
1170 2649 1251 2674 usus
1283 2638 1479 2684 egentibus,
1508 2637 1571 2672 sed
1592 2649 1660 2671 non

196 2691 302 2726 parce
327 2683 618 2727 profundebatur‚
650 2695 725 2718 cum
751 2690 829 2720 erat
853 2697 961 2731 opus,
984 2686 1018 2720 in
1041 2686 1222 2727 donativa,
1245 2685 1438 2731 stipendia,
1465 2683 1662 2729 similesque

197 2730 372 2772 sumptus,
409 2729 551 2764 maxime
572 2729 607 2763 in
638 2730 816 2766 munificas
854 2732 1074 2777 largitiones,
1111 2732 1233 2778 quibus
1268 2732 1325 2766 vel
1358 2730 1547 2775 insignibus
1576 2729 1662 2764 viris

196 2784 390 2817 magnorum
421 2774 572 2810 laborum
607 2776 890 2823 egregiorumque
926 2778 1113 2812 facinorum
1143 2789 1273 2813 merces
1311 2777 1572 2817 numerabatur,
1605 2775 1661 2810 vel

195 2817 288 2872 inopi
311 2821 434 2855 turbae
456 2821 742 2867 suppeditabatur
765 2824 855 2858 unde
876 2824 1028 2866 viveret,
1050 2830 1090 2857 ut
1113 2836 1156 2858 ex
1179 2824 1231 2858 his
1254 2823 1351 2872 quasi
1373 2822 1524 2858 fontibus
1545 2822 1664 2867 regiae

194 2865 448 2902 misericordiae
472 2867 508 2902 in
528 2868 724 2904 felicitatem
747 2870 914 2916 publicam
938 2870 1100 2917 perennia
1122 2870 1261 2906 flumina
1282 2868 1526 2905 redundarent.
1570 2867 1662 2915 quod
