1884 3262
494 191 599 238 Lm.
617 189 694 235 m.
742 182 1234 233 CHRONotoelcth.
1278 186 1282 190 ’
1435 176 1589 250 ,ἐπει

143 304 221 352 simui
259 301 417 360 nomenoi
449 296 615 361 herl-¹²33
650 305 655 311 '
715 298 937 350 Imperator
958 293 1126 336 Micha'el
1146 292 1397 346 Palaeologus
1414 294 1590 347 ingredi-

143 339 219 370 (Μ’
261 336 426 400 ἷῇἷῖΡῗῖῖζ
468 340 608 395 Ριὲιαεοι.
659 361 730 394 tur
748 356 888 394 urbem
906 350 1284 403 Constantinopolim
1298 350 1363 389 die
1382 351 1433 394 15
1452 353 1592 404 Augu-

128 413 234 456 1261
346 408 369 449 1
532 406 561 446 2
660 413 712 451 sti
740 417 959 462 assumptae
987 409 1169 460 deiparae
1195 421 1330 459 sacra,
1358 409 1441 461 ipse
1468 411 1590 463 pedes

660 481 826 520 sequens
856 466 1138 518 triumphalem
1171 478 1334 503 currum
1364 480 1443 517 quo
1463 468 1589 520 imago

662 525 838 564 eiusdem
869 523 1051 575 deiparae
1083 536 1106 559 a
1135 523 1174 560 S.
1193 522 1300 561 Luca
1321 522 1475 575 depicta
1491 539 1592 577 por-

660 583 834 622 tabatur.
890 579 1078 632 Passchym.
1097 581 1126 620 2
1148 581 1216 621 31.
1243 575 1247 580 ’
1271 578 1419 632 Acrop.
1441 595 1474 622 c.
1498 585 1566 625 88.

717 660 906 701 Arsenius
922 657 1148 697 restituitur
1166 658 1205 696 in
1224 659 1535 710 patriarchatum
1554 668 1595 702 et

663 724 852 770 exceptus
869 715 1211 767 Constantinopoli
1224 717 1498 769 palaeologum
1514 720 1594 758 ite-

662 789 755 816 rum
773 773 999 812 solemniter
1019 778 1198 814 coronat.
1244 773 1429 825 Pachym.
1448 779 1473 817 3
1495 780 1537 819 2.

721 843 939 894 Imperator
954 840 1103 892 legatos
1119 840 1286 879 Romam
1305 841 1442 881 mittit.
1478 847 1506 885 2
1526 846 1596 886 36.

669 967 678 975 ·
703 911 830 1008 ,Οιωὲ
853 907 1043 1008 {ot-haris
1071 913 1114 947 et
1145 907 1404 962 Aethiopibus
1436 911 1598 951 foedera

664 973 746 1007 icit.
889 996 902 1008 .

722 1033 922 1086 Pupillum
949 1032 1139 1071 Ioannem
1162 1033 1348 1086 collegam
1376 1050 1492 1075 suum
1522 1051 1599 1077 no-

666 1103 836 1130 vennem
867 1095 1051 1128 excaecat
1072 1089 1134 1127 die
1156 1089 1304 1129 Christi
1322 1094 1464 1142 natali,
1495 1100 1535 1132 et
1556 1095 1599 1134 in

669 1160 799 1186 arcem
813 1146 1068 1198 Dacibytzam
1083 1153 1278 1199 perpetuo
1295 1150 1601 1191 custodiendum

669 1203 850 1243 includit.
907 1205 934 1244 3
967 1206 1034 1244 10.

727 1259 969 1298 Holobolum
998 1259 1222 1311 improbare
1248 1274 1387 1300 ausum
1414 1275 1604 1303 excaeca-

672 1316 822 1355 tionem
840 1316 998 1354 Ioannis
1021 1316 1104 1354 dire
1122 1317 1293 1357 mutilat.
1351 1323 1376 1361 3
1410 1323 1476 1362 11.

733 1451 919 1492 Arsenius
955 1451 1181 1504 patriarcha
1215 1453 1493 1506 imperatorem
1529 1469 1603 1495 ex-

679 1508 944 1549 communicat
998 1508 1048 1548 ob
1101 1516 1353 1550 excaecatum
1403 1512 1603 1553 Ioannem.

733 1623 879 1675 Zygeni
905 1623 987 1662 sive
1015 1623 1192 1662 Montani
1215 1629 1353 1663 contra
1375 1624 1606 1664 Micha'elem

679 1679 957 1731 imperatorem
975 1680 1204 1734 rebellantes
1221 1681 1263 1718 in
1283 1682 1449 1733 gratiam
1470 1683 1605 1721 cuius-

682 1737 772 1774 dam
789 1738 901 1788 pueri
918 1737 1040 1787 caeci,
1071 1750 1185 1787 quem
1203 1738 1386 1776 Ioannem
1406 1738 1606 1778 Theodori

683 1793 809 1831 filium
838 1806 919 1832 esse
946 1794 1179 1844 credebant,
1210 1808 1322 1846 aegre
1350 1796 1510 1835 tandem
1531 1796 1606 1835 do-

682 1856 856 1890 mantur.
912 1850 1096 1903 Pachym.
1114 1854 1139 1892 3
1162 1854 1214 1892 12
1232 1858 1271 1890 et
1296 1854 1358 1893 13.

738 1975 932 2013 'triremes
969 1975 1217 2027 imperatoris
1251 1976 1399 2015 insulas
1430 1977 1605 2029 eripiunt
1626 1976 1654 2011 P
1678 1976 1746 2012 534

681 2031 841 2069 Latinis.
866 2046 899 2070 c.
923 2031 987 2074 15.

737 2088 957 2186 Iigperator
999 2088 1147 2139 legatos
1189 2087 1242 2126 acl
1283 2101 1428 2140 papam
1470 2089 1606 2130 mittit.

683 2158 717 2183 c.
743 2148 762 2186 1
797 2173 806 2182 .

740 2278 950 2330 Expeditio
978 2279 1134 2317 Ioannis
1164 2278 1347 2330 despotae
1373 2280 1504 2318 fratris
1529 2281 1607 2318 im-

685 2336 876 2388 peratoris
896 2336 937 2373 in
957 2335 1222 2384 Occidentem,
1251 2350 1327 2386 qua
1347 2336 1512 2375 michael
1535 2338 1607 2376 ‹le-

685 2399 798 2444 spota
820 2398 978 2431 coactus
996 2398 1055 2431 est
1074 2405 1209 2445 pacem
1227 2393 1365 2431 facere.
1422 2394 1606 2446 Pachym.

685 2451 711 2492 3
741 2452 808 2491 20.

745 2506 902 2543 Cometa
955 2511 1117 2558 apparet
1178 2505 1376 2555 mensibus
1437 2507 1606 2546 aestivis.

685 2561 869 2613 Pachym.
890 2566 916 2605 3
938 2565 1006 2604 23.

741 2620 924 2658 Urbanus
947 2632 1051 2671 papa
1070 2617 1241 2657 moritur
1259 2618 1407 2657 Perusii
1431 2620 1456 2659 6
1476 2619 1607 2656 Nonas

641 2669 646 2673 i
688 2676 883 2717 Octobris.
941 2675 1142 2728 Spondan.
1169 2674 1246 2713 hoc
1276 2689 1379 2713 anno
1409 2688 1448 2712 n.
1474 2679 1519 2722 9,
1559 2687 1610 2711 ex

689 2733 859 2783 antiquis
876 2733 1103 2772 auctoribus
1121 2746 1219 2783 quos
1236 2732 1384 2770 laudat.
1444 2731 1611 2769 absolvit

689 2803 836 2828 annum
865 2790 1025 2828 tertium
1051 2789 1174 2840 sedis,
1203 2795 1242 2826 et
1267 2788 1470 2827 inchoavit
1487 2801 1609 2839 quar-

689 2853 773 2886 tum
796 2860 867 2901 per
885 2847 966 2886 dies
976 2846 1144 2899 triginta
1163 2852 1347 2898 quatuor.

213 2921 388 2966 Georgius
418 2921 642 2966 Pachymercs
674 2922 708 2956 I.-
1282 2912 1338 2955 48
