1846 3262
183 197 279 262 152
602 193 839 239 GEORGII
873 194 1224 241 PACHYMERIS

178 309 235 359 ὥς
265 310 299 352 εἷ
327 308 584 364 βουληθείη,
624 307 700 351 οὒκ
726 307 777 351 ἂν
810 306 1027 365 ἠδυνήθη,
1063 309 1159 353 οὔδ’
1188 308 1294 362 ὅλως
1321 318 1407 362 τοΐς
1427 312 1655 368 λεγομένοις

179 377 327 421 ἑαυτὸν
357 377 509 421 ἐδίδου.
579 376 632 420 τὰ
663 377 708 420 δὲ
731 375 858 435 χλεύη
879 380 946 421 καὶ
967 377 1088 421 πάλιν
1107 377 1230 432 εἶναι,
1266 379 1324 435 μὴ
1347 382 1412 423 καὶ
1435 381 1655 439 ἀβέλτερος

181 446 241 500 εἴη
266 443 286 488 ὅ
310 449 443 488 ταῦτα
463 444 824 501 συσκευαζόμενος.
893 447 1018 498 αὐτὸς
1039 443 1112 491 οὖν
1133 448 1235 505 ἔγνω
1254 451 1434 500 καθίσας
1453 452 1652 507 διερωτᾶν

179 515 248 557 τὸν
279 511 457 569 ἥκοντα,
497 514 546 557 οὐ
565 519 623 574 τῷ
642 521 729 565 τοῖς
747 515 1050 572 ῥηθησομένοις
1072 517 1113 568 ἐξ
1133 515 1297 571 ἑτοίμου
1317 516 1528 573 θήσεσθαι
1541 552 1555 572 ,
1592 523 1652 578 τῷ

180 584 224 625 δὲ
253 584 427 638 νομίζειν
458 584 606 626 ἐκεῖνον
633 586 689 635 εἷς
716 582 851 642 φόβον
872 584 1133 629 καταστάντα
1161 586 1374 642 βασιλικὸν
1394 587 1561 643 τάληθῆ
1584 588 1685 634 λε’-5

181 657 261 703 ξειν
272 684 285 704 ,
321 651 504 708 τάληθὲς
526 653 696 706 ἐλπίζων
715 654 943 698 πυθέσθαι.
1000 653 1179 710 εἰσήγετο
1199 657 1336 698 τοίνυν
1358 660 1433 699 τοῦ
1451 657 1654 710 βασιλέως
1720 698 1728 702 -

135 736 164 769 c
191 719 519 777 προστάξαντος,
557 724 624 765 καὶ
655 720 915 779 ἐρωτώμενος
944 723 1071 780 ἔλεγε,
1111 727 1177 767 καὶ
1201 723 1256 774 ὥς
1279 725 1358 767 ἴδοι
1381 726 1655 769 ἐπιτελεσθεῖ-

181 806 260 833 σαν
278 789 354 844 τὴν
377 788 530 834 ἅλωσιν
556 792 759 846 ἐβεβαίου.
830 793 957 850 λέγων
982 789 1053 836 οὖν
1074 793 1181 836 καθ’
1206 794 1378 836 ἕκαστον
1397 797 1561 844 πολλοῖς
1578 795 1653 848 μὲν

184 856 429 915 ἐνειργάζετο
467 861 627 914 πίστιν,
665 865 767 904 πᾶσι
809 862 853 905 δὲ
891 859 1155 917 κατάπληξιν.
1227 860 1248 906 ὅ
1287 862 1424 917 μέντοι
1463 863 1654 916 βασιλεὺς

182 927 296 985 παρὰ
319 928 416 979 τοὺς
432 929 610 980 πολλοὺς
631 931 761 973 δοκεῖν
782 931 919 974 θέλων
947 931 1116 984 εἲδέναι)
1155 933 1221 974 καὶ
1251 936 1409 985 μᾶλλον
1438 933 1502 974 ἐπὶ
1523 948 1651 987 στρα-
1667 942 1711 977 10

181 998 333 1050 τείαις,
369 999 437 1040 καὶ
457 996 545 1052 ἅμα
569 1001 738 1052 ψευδῶν
766 1000 841 1054 μὲν
869 999 998 1043 ὄντων
1022 1005 1103 1043 τῶν
1120 1001 1343 1056 λεγομένων
1363 999 1422 1056 μὴ
1443 1003 1656 1058 ξυναρπα-

179 1070 253 1122 γῆς
285 1066 466 1122 ἔγκλημα
497 1067 656 1124 φέρειν,
695 1067 907 1123 ἀληθινῶν
938 1070 982 1112 δὲ
1008 1069 1055 1112 τὸ
1077 1069 1182 1124 μετὰ
1206 1068 1407 1124 δοκούσης
1428 1070 1656 1126 ἀσφαλείας

180 1139 264 1177 τῶν
295 1133 352 1185 ὥς
378 1135 505 1178 αὐτὸν
535 1135 851 1193 ἀναφερομένων
883 1139 1123 1194 κερδαίνειν,
1172 1138 1420 1194 προσέταττε
1451 1137 1654 1195 φυλάττε-

130 1213 162 1247 D
188 1207 292 1246 σθαι
323 1204 550 1258 δεδεμένον.
619 1205 725 1260 πλὴν
761 1204 928 1260 ἄσμενοι
963 1202 1066 1261 ἦσαν
1099 1205 1298 1259 ἅπαντες,
1336 1209 1370 1249 εἰ
1400 1205 1655 1251 πιστεύοιντο

177 1271 327 1315 Ἰταλοὶ
345 1271 454 1316 οὕτω
472 1277 547 1328 τῆς
568 1271 724 1324 πόλεως
742 1272 1033 1330 ἐξωθούμενοι.
1104 1274 1158 1325 ὡς
1185 1277 1229 1318 δὲ
1251 1280 1325 1329 τῆς
1345 1275 1474 1331 αὐτῆς
1498 1274 1654 1332 ἡμέρας
1667 1285 1709 1321 15

182 1342 346 1391 πλείους
378 1342 417 1384 οἱ
441 1339 690 1397 πεμπόμενοι
721 1343 824 1399 πρὸς
852 1345 1068 1400 Καίσαρος
1100 1339 1228 1398 ἦσαν,
1268 1346 1334 1386 καὶ
1366 1345 1430 1386 ἐπὶ
1450 1343 1609 1394 τούτοις
1631 1343 1653 1387 ὃ

185 1409 260 1464 τὴν
287 1408 525 1467 καλύπτραν
551 1413 618 1454 καὶ
647 1410 722 1467 τὴν
749 1410 920 1467 σπάθην
940 1417 1015 1454 τοῦ
1042 1415 1299 1455 Βαλὸου”ι”νου
1322 1410 1378 1461 ὥς
1393 1412 1656 1466 βέβαιον.κο-

183 1479 310 1532 μίζων
330 1476 569 1535 τεκμήριον,
609 1484 773 1534 βασιλεῖ
791 1481 835 1523 δὲ
857 1482 923 1523 καὶ
943 1480 995 1524 τὰ
1015 1478 1239 1537 γράμματα
1260 1479 1371 1531 ὅπως
1398 1480 1458 1535 εἴη
1485 1478 1512 1536 ἦ
1538 1479 1656 1532 πόλις

183 1547 479 1604 συνειλημμένη
513 1546 661 1603 ἐδήλου
672 1581 686 1603 ,
725 1548 857 1592 οὐκέτι
880 1549 1113 1608 ἀμφίβολος
1132 1546 1183 1605 ἦν
1205 1549 1300 1593 ἀλλ’
1323 1550 1517 1593 ἐπίστευε.
1588 1552 1656 1593 καὶ

273 1681 307 1715 2.
331 1677 462 1726 χλεύην
474 1681 494 1714 ?

186 1794 381 1840 suspicatus
416 1794 599 1841 quinetiam
630 1795 727 1830 illudi
759 1796 826 1831 sibi
860 1796 903 1831 ab
935 1795 1071 1831 homine
1100 1797 1248 1832 fortasse
1270 1796 1408 1831 nimium
1429 1795 1572 1851 simplici
1595 1799 1657 1832 aut

185 1841 310 1887 plano,
343 1840 403 1886 qui
433 1842 518 1875 haec
547 1845 661 1876 astute
691 1848 752 1877 aut
785 1842 890 1877 stulte
922 1842 1134 1877 confinxerit.
1181 1843 1337 1877 decrevit
1367 1843 1472 1887 igitur
1495 1854 1571 1888 ipse
1592 1853 1657 1888 per

186 1888 291 1922 otium
318 1898 395 1922 eum
427 1887 663 1933 interrogare,
697 1899 840 1934 sperans
874 1889 1064 1933 agniturum
1089 1900 1131 1922 ex
1154 1890 1228 1924 eius
1259 1889 1431 1934 responsis
1453 1889 1535 1935 quid
1557 1889 1592 1923 in
1615 1900 1657 1923 re

187 1937 301 1968 esset:
335 1944 413 1967 nam
445 1938 537 1968 metu
566 1935 757 1980 praesentis
792 1934 981 1969 maiestatis
1004 1934 1272 1979 simulationem,
1304 1935 1334 1969 si
1356 1946 1458 1980 quam
1482 1935 1656 1969 adhibuis-

186 1985 262 2022 set,
291 1979 357 2025 ipsi
383 1980 639 2024 excutiendam,
672 1981 908 2027 fassurumque
931 1993 974 2015 ex
997 1992 1080 2016 vero
1105 1986 1239 2015 cuncta.
1287 1986 1369 2015 tunc
1392 1981 1502 2026 igitur
1524 1981 1568 2015 ad
1591 1981 1659 2015 im-

186 2029 381 2072 peratorem
404 2026 501 2061 iussu
524 2026 629 2072 ipsius
651 2027 860 2062 introductus
884 2039 1006 2062 cursor
1027 2030 1100 2068 est,
1130 2030 1166 2060 et
1189 2028 1232 2062 ab
1256 2039 1297 2062 eo
1320 2027 1552 2072 interrogatus
1575 2038 1658 2061 con·

187 2075 323 2107 stanter
348 2073 559 2108 asseveravit
581 2077 772 2119 spectatum
797 2085 817 2108 a
841 2084 880 2108 se
903 2085 1015 2108 coram
1038 2073 1208 2117 negotium
1235 2074 1425 2108 confectum
1450 2077 1574 2119 captae
1596 2084 1656 2107 ur-

187 2118 252 2152 bis.
301 2117 398 2152 simul
430 2120 583 2154 referens
612 2119 764 2154 minutim
797 2123 901 2166 prout
930 2119 1142 2164 contigerant
1171 2120 1324 2164 singula,
1367 2119 1481 2154 multis
1520 2119 1656 2165 quidem

188 2165 290 2198 fidem
313 2164 416 2208 fecit,
453 2166 583 2200 cunctis
606 2165 862 2200 admirationem
885 2177 926 2200 ac
947 2172 1118 2212 stuporem
1143 2166 1258 2200 movit.
1306 2170 1344 2200 at
1365 2166 1573 2210 imperator,
1597 2165 1658 2210 qui

187 2210 375 2245 affectabat
390 2210 497 2245 videri
519 2212 595 2259 plus
619 2223 717 2258 quam
739 2212 860 2257 vulgus
883 2223 1004 2257 sapere
1027 2223 1101 2246 cum
1123 2212 1159 2246 in
1182 2212 1330 2246 caeteris
1353 2214 1424 2245 tum
1446 2211 1481 2245 iu
1500 2211 1658 2246 militari-

185 2257 252 2291 bus
276 2256 424 2300 negotiis
447 2259 609 2302 maxime,
634 2258 730 2293 simul
749 2259 923 2303 cogitans,
947 2259 977 2292 si
998 2260 1089 2292 forte
1113 2258 1157 2293 ad
1179 2264 1367 2293 extremum
1390 2258 1512 2292 falsum
1535 2257 1572 2291 id
1594 2258 1657 2292 de-

188 2302 459 2348 prehenderetur
492 2304 674 2348 indicium,
707 2304 899 2340 subiturum
929 2316 968 2339 se
997 2310 1109 2338 notam
1135 2304 1217 2338 levis
1241 2303 1477 2346 credulitatis,
1510 2314 1575 2338 nec
1596 2303 1657 2338 de-

189 2349 358 2394 prehenso
389 2349 562 2385 mendacio
597 2351 755 2386 decorum
778 2350 844 2385 sibi
866 2352 940 2385 sore
962 2350 1161 2396 impunitam
1186 2350 1354 2385 dimisisse
1376 2349 1569 2395 impostoris
1593 2360 1658 2383 au-

190 2395 347 2437 daciam,
381 2394 433 2430 sin
463 2396 592 2431 veritas
624 2397 790 2432 dictorum
819 2396 890 2431 eius
921 2400 1074 2442 tempore
1109 2401 1245 2442 pateret
1267 2401 1303 2432 et
1326 2407 1491 2431 consensu
1514 2395 1656 2430 aliorum

188 2440 268 2475 iude
290 2451 367 2475 mox
393 2441 617 2477 affuturorum
641 2443 854 2485 firmaretur,
886 2443 970 2477 nihil
992 2443 1042 2477 illi
1066 2443 1179 2478 fraudi
1203 2444 1279 2477 fore
1301 2453 1428 2477 moram
1450 2445 1572 2476 cautae
1595 2452 1654 2475 su-

187 2486 346 2532 spicionis
375 2487 513 2521 brevem
548 2489 863 2534 (repraesentanda
893 2489 1021 2534 quippe
1052 2489 1119 2534 ipsi
1152 2501 1229 2523 cum
1258 2489 1330 2523 fide
1362 2487 1513 2534 praemia
1537 2487 1655 2521 debita

186 2532 360 2567 velocitati
389 2544 456 2578 qua
494 2535 730 2578 praevenisset
752 2546 865 2571 omnes
893 2535 928 2569 in
951 2536 1127 2570 afferendo
1149 2539 1220 2570 tam
1243 2535 1332 2570 laeto
1356 2534 1519 2578 nuntio),
1553 2533 1658 2568 iussit

188 2579 355 2613 hominem
379 2579 527 2614 vinctum
550 2582 724 2616 custodiri.
771 2586 885 2616 tamen
907 2582 974 2616 isto
996 2581 1091 2627 ipso,
1117 2581 1368 2627 cuiusquemodi
1389 2580 1527 2614 tandem
1550 2581 1655 2621 foret,

187 2625 313 2660 iudicio
345 2624 411 2659 iam
442 2629 512 2660 tum
543 2638 658 2662 omnes
692 2628 927 2670 laetabantur3
971 2628 1296 2673 praecipiebantque
1327 2626 1504 2673 praesagis
1536 2625 1656 2659 animis

186 2671 388 2716 triumphale
411 2672 568 2716 gaudium
590 2686 657 2719 quo
679 2673 900 2720 perfundendi
923 2678 1056 2716 essent,
1079 2674 1139 2708 ubi
1163 2676 1263 2720 plane
1286 2672 1496 2708 constitisset
1520 2671 1570 2706 sic
1593 2682 1657 2705 ex-

187 2717 303 2761 pulsos
336 2718 422 2752 urbe
452 2718 566 2754 Italos.
613 2724 653 2754 ut
686 2724 798 2755 autem
822 2720 938 2754 eodem
961 2720 1016 2754 die
1039 2720 1134 2754 multi
1157 2720 1367 2754 advenerunt
1397 2717 1490 2752 missi
1515 2728 1537 2751 a
1563 2717 1656 2751 Cae-

189 2775 288 2805 sare,
320 2767 357 2798 et
387 2775 490 2810 super
512 2765 574 2800 hos
596 2766 656 2812 qui
679 2771 814 2811 tegmen
842 2766 967 2809 capitis
991 2770 1027 2799 et
1050 2777 1164 2800 ensem
1185 2766 1221 2800 in
1245 2764 1468 2800 certissimum
1492 2768 1656 2808 receptae

187 2809 283 2843 urbis
307 2814 538 2855 argumentum
562 2811 759 2857 imperatori
783 2824 858 2846 cum
880 2812 1042 2847 laureatis
1067 2812 1229 2847 Caesaris
1245 2811 1354 2846 literis
1373 2810 1529 2851 afferret,
1553 2811 1656 2855 plane

142 2870 146 2872 Ἴ
187 2855 438 2891 affirmantibus
470 2862 643 2904 receptam
666 2859 783 2895 urbem
806 2859 956 2894 Romano
981 2858 1153 2904 praesidio
1176 2857 1302 2902 teneri,
1333 2867 1401 2893 non
1422 2855 1568 2902 amplius
1590 2855 1657 2891 du-
