1846 3262
193 182 292 233 214
606 180 841 226 GEORGII
884 177 1244 223 PACHYMERIS'

193 298 215 342 ὅ
240 302 321 343 τῶν
349 293 554 352 ἡμετέρων
580 288 853 351 θεραπευτής.
925 292 993 336 καὶ
1030 290 1147 341 τέλος
1173 290 1350 335 ἐπετίθει
1375 287 1572 343 πολλάκις
1598 290 1655 342 ὥς

195 368 278 411 ἐπεὶ
304 366 370 408 καὶ
399 359 582 406 κανόνων
605 360 858 419 ὑπερφρονεῖ·
883 358 1099 417 ὅριζόντων
1119 357 1360 414 μετάνοιαν,
1388 361 1655 418 προσπίπτειν

192 438 253 492 τῷ
279 436 354 488 τῆς
375 428 537 486 Ῥώμης
562 427 680 490 πάπᾳ
712 430 854 488 καιρὸς
881 430 950 472 καὶ
980 428 1206 482 ἀντιβολεῖν
1232 425 1452 481 σώζεσθαι.
1521 427 1655 479 οὕτως

193 502 320 557 ἔχων,
359 499 532 555 ἔγκοτῶν
560 499 749 542 ἐντεῦθεν
783 500 851 541 καὶ
886 494 1166 553 βαρυνόμενος
1193 497 1257 539 ἐπὶ
1285 496 1360 551 τὴν
1392 500 1476 540 τῶν
1509 501 1659 540 κοινῶν

193 569 392 622 διοίκησιν
411 565 533 611 πάλιν
560 564 756 625 ἐτράπετο
768 599 782 619 ,
815 563 1087 620 ἀπειπάμενος
1109 565 1182 620 μὲν
1202 565 1469 621 προσπίπτειν
1489 567 1556 608 καὶ
1577 561 1653 608 αὖ·
1666 577 1698 614 5»

191 642 265 687 θις
298 635 414 694 (ᾔδει
432 635 511 693 γὰρ
534 635 608 678 οὔκ
629 633 817 692 ἀνύσων)
829 667 843 688 ,
880 635 1076 692 ε’γκαίρως
1093 635 1138 677 δὲ
1156 633 1230 688 τὴν
1249 632 1411 689 ἄμυναν
1428 633 1660 677 διαθέσθαι

191 709 275 749 τῶν
296 701 471 748 δεόντων
490 702 637 759 ἡγεῖτο.

56 779 85 813 Ρ
109 777 174 814 143
336 774 415 818 20.
490 770 598 815 Τότε
635 771 773 815 τοίνυν
802 771 869 813 καὶ
898 767 1021 814 πάλιν
1062 769 1307 827 ἀπεπειρᾶτο
1348 773 1432 813 τῶν
1471 770 1663 814 δυτικῶν.

195 840 292 885 οὐδὲ
319 841 398 898 γὰρ
425 835 502 896 ἦν,
538 840 612 884 οὗκ
631 836 682 896 ἦν
703 841 766 882 ἐπὶ
785 838 940 882 ταῦτοῦ
964 838 1096 894 μένειν
1125 837 1320 891 ἐκείνους,
1357 840 1424 881 καὶ
1448 837 1516 880 διὰ
1536 842 1659 881 τοῦτο

195 909 271 954 οὒκ
289 905 338 965 ἦν
358 902 520 965 ἧρεμεῗν
540 909 607 952 καὶ
627 908 698 952 τὸν
720 905 921 963 δεσπότην
935 904 1127 963 Ἰωάννην
1148 907 1245 950 οὐδὲ
1263 906 1368 964 πρὸς
1386 906 1534 963 ὀλίγον,
1573 904 1662 961 ἅμα
1674 918 1730 954 ια

194 979 268 1034 μὲν
287 977 476 1037 καθέδρᾳ
495 975 582 1031 ἅμα
604 978 649 1021 δὲ
669 978 735 1020 καὶ
755 974 991 1035 ὁρμητηρίῳ
1014 976 1293 1033 Θεσσαλονίκῃ
1309 973 1535 1032 χρώμενον.
1597 974 1664 1018 ἔν-

194 1051 275 1090 θεν-
307 1063 372 1090 τοι
399 1046 467 1089 καὶ
497 1041 645 1099 αὖθις,
678 1045 809 1088 καίτοι
829 1048 912 1087 τῶν
939 1044 1034 1087 κατ’
1061 1043 1265 1099 ἀνατολὴν
1286 1042 1544 1096 πονούντων,
1575 1042 1664 1098 ἅμα

196 1112 393 1170 δυνάμεσι
415 1114 622 1162 πλείσταις
642 1113 715 1156 τὸν
738 1109 939 1168 δεσπότην
959 1111 1161 1167 ἐκπέμπει.
1211 1113 1278 1155 καὶ
1300 1112 1351 1167 δὴ
1370 1111 1446 1168 τὴν
1467 1112 1665 1167 ταχίστην

146 1188 175 1223 Β
200 1183 345 1238 ἐπιβὰς
374 1182 522 1232 ἐκεῖνος
555 1182 861 1236 Θεσσαλονίκης
887 1180 1109 1223 συνέταττὲ
1131 1197 1174 1224 τε
1202 1180 1278 1230 τὰς
1294 1177 1484 1235 δυνάμεις
1500 1181 1568 1222 καὶ
1587 1178 1666 1224 πό-

195 1255 321 1306 λεμον
340 1247 494 1306 ἐξάγειν
513 1250 619 1293 κατὰ
639 1249 814 1303 Μιχαὴλ
832 1247 1097 1306 εὖτρεπίζετο.
1165 1250 1232 1291 καὶ
1252 1249 1358 1304 μηδὲ
1374 1249 1520 1299 τελέως
1539 1248 1664 1292 ‹inov-
1677 1256 1726 1294 15

199 1321 316 1368 σθεὶς
349 1317 517 1367 ἐπιστὰς
555 1316 634 1373 ἅμ’
671 1315 842 1373 ἠκούετο
871 1318 939 1359 καὶ
978 1315 1066 1371 ἅμα
1093 1322 1183 1367 ταῖς
1209 1315 1366 1374 χώραις
1395 1317 1663 1372 προσέβαλλε,

197 1388 310 1431 λείαν
331 1403 374 1429 τε
395 1386 588 1441 πλείστην
611 1382 932 1442 περιβαλόμενος
950 1382 1211 1442 ὑποστρέφει.
1267 1386 1334 1427 καὶ
1356 1382 1377 1428 ὃ
1401 1386 1476 1440 μὲν
1494 1385 1569 1435 τὰς
1591 1388 1671 1428 δυ-

198 1452 339 1511 νάμεις
358 1460 521 1510 κατεῖχε
535 1450 884 1512 διαχειμεριούσας
910 1454 1000 1511 περὶ
1023 1453 1096 1497 τὸν
1120 1451 1383 1512 Βαρδάριον,
1419 1451 1476 1504 ὥς
1493 1452 1580 1510 ἅμα
1600 1449 1669 1512 ἦρι

292 1600 350 1636 17.
379 1594 686 1645 περιβαλλόμενος
707 1598 748 1634 Ρ.

202 1722 429 1767 adiungebat,
463 1721 600 1768 saepius
631 1722 780 1764 iterans,
817 1721 976 1768 quoniam
1000 1721 1197 1766 patriarcha
1219 1722 1329 1768 palam
1353 1724 1585 1758 contemneret
1613 1734 1672 1758 sa-

203 1779 280 1803 cros
305 1778 449 1802 canones
481 1768 557 1802 dari
584 1768 689 1812 lapsis
718 1767 961 1813 poenitentiam
990 1767 1168 1810 iubentes,
1203 1773 1336 1814 tempus
1369 1780 1445 1803 esse
1473 1770 1676 1804 recurrendi

204 1814 249 1848 ad
271 1824 396 1858 papam
419 1813 548 1848 Romae
570 1814 762 1856 sedentem,
794 1818 832 1847 et
854 1815 898 1848 ab
922 1825 962 1848 eo
986 1813 1183 1859 suppliciter
1205 1814 1343 1858 petendi
1365 1815 1515 1849 salutare
1538 1814 1674 1860 peccati

203 1859 397 1894 remedium.
445 1859 496 1893 sic
529 1859 708 1904 indignans
745 1863 981 1904 exasperatum
1016 1864 1086 1894 tam
1119 1859 1233 1893 saevis
1267 1860 1413 1904 repulsis
1444 1860 1588 1895 animum
1620 1861 1677 1895 ita

204 1904 366 1949 deinceps
389 1904 432 1939 ad
455 1905 666 1950 reipublicae
689 1904 1012 1940 administrationem
1045 1906 1184 1947 retulit,
1216 1908 1256 1939 ut
1278 1906 1420 1952 amplius
1442 1917 1510 1940 non
1533 1910 1677 1940 curaret

206 1950 388 1985 convenire
411 1951 661 1996 patriarcham,
684 1950 770 1986 satis
788 1962 915 1995 gnarus
939 1961 977 1986 se
999 1950 1081 1984 nihil
1104 1951 1356 1996 profecturum,
1379 1956 1562 1997 praeterea
1582 1952 1674 1987 iudi-

207 2006 288 2030 cans
319 1995 451 2029 omuino
486 1997 683 2037 convenire,
717 2008 758 2030 ac
789 1996 973 2031 curandum
1004 1996 1071 2030 sibi
1104 2007 1178 2030 esse
1206 2001 1390 2042 opportuno
1422 2000 1595 2044 tempore,
1632 2001 1674 2032 ut

205 2041 304 2075 istius
336 2041 462 2076 atrocis
492 2042 729 2077 inclementiae
762 2042 894 2088 culpam
928 2042 1086 2087 congruis
1114 2042 1294 2088 aliquando
1327 2043 1448 2089 poenis
1479 2043 1675 2090 patriarcha
1739 2079 1742 2081 ,

206 2087 330 2122 lueret.
520 2108 525 2111 -

300 2133 358 2167 20.
403 2131 509 2173 Quod
534 2144 623 2167 nunc
645 2132 816 2176 instabat,
843 2133 928 2167 nulli
949 2134 1233 2178 praevertendum
1254 2133 1306 2168 rei
1329 2134 1464 2180 putavit
1486 2134 1679 2180 expeditio-

208 2188 285 2213 nem
307 2177 343 2212 in
368 2177 540 2212 Occiduos
562 2182 696 2214 tractus
718 2179 880 2213 alteram:
914 2190 982 2214 non
1005 2179 1116 2221 enim,
1149 2191 1216 2214 non
1244 2180 1363 2226 utique
1386 2184 1448 2215 aut
1469 2180 1676 2226 sperandum

209 2226 308 2263 erat,
337 2226 399 2257 aut
429 2223 562 2258 omnino
595 2225 672 2259 fieri
703 2228 840 2270 poterat
870 2229 910 2259 ut
939 2225 1173 2270 praesentibus
1196 2227 1451 2271 acquiescerent
1472 2230 1533 2261 aut
1555 2237 1677 2262 secure

210 2268 388 2314 quiescere
420 2280 482 2304 nos
514 2269 664 2304 sinerent
693 2270 959 2316 inquietissimae
991 2275 1124 2316 gentes.
1173 2283 1279 2317 quare
1310 2272 1531 2315 cessandum,
1566 2283 1608 2307 ac
1630 2284 1677 2308 ne

212 2314 438 2348 cunctandum
468 2315 603 2360 quidem
635 2316 690 2350 vel
714 2316 904 2361 minimum,
941 2317 984 2351 ab
1016 2317 1068 2351 eis
1098 2317 1190 2352 ultro
1220 2317 1420 2353 invadendis
1443 2321 1480 2353 et
1501 2318 1588 2353 malo
1611 2318 1678 2353 do-

213 2359 345 2394 mandis
378 2360 495 2394 Ioanni
526 2364 686 2406 despotae
709 2374 776 2397 non
799 2365 897 2406 erat,
935 2374 1089 2406 magnam
1112 2364 1184 2397 eius
1206 2364 1290 2398 belli
1311 2364 1458 2399 habente
1479 2364 1678 2399 facultatem

214 2416 336 2440 secura
357 2406 572 2450 possessione
594 2407 908 2443 Thessalonicensis
929 2408 1042 2451 urbis,
1078 2409 1138 2443 ubi
1160 2412 1197 2443 et
1218 2410 1398 2444 stationem
1422 2415 1551 2444 certam
1573 2413 1611 2444 et
1632 2409 1679 2444 ad

196 2450 364 2496 'impetus
394 2451 621 2486 incursionum
654 2453 688 2487 in
711 2465 825 2488 omnes
849 2454 1110 2500 circumquaque
1139 2455 1225 2490 sitas
1244 2459 1356 2491 terras
1378 2455 1540 2497 Michaeli
1560 2454 1679 2490 subie-

215 2499 293 2530 ctas
323 2495 488 2540 despotae
519 2497 672 2532 habebat
702 2504 947 2544 opportunam,
981 2511 1056 2535 cum
1079 2504 1201 2546 parato
1224 2506 1376 2548 receptu.
1422 2501 1476 2536 his
1499 2501 1544 2535 de
1565 2500 1678 2535 causis

215 2552 258 2576 eo
280 2552 399 2575 rursus
420 2541 604 2587 imperator
625 2543 783 2579 Ioannem
807 2546 984 2591 despotam
1005 2547 1097 2581 misit
1119 2558 1196 2581 cum
1217 2548 1360 2583 maxima
1377 2549 1476 2593 parte
1491 2545 1679 2590 copiarum,

215 2587 299 2621 licet
318 2586 360 2621 iis
380 2587 573 2622 laborantes
596 2593 632 2622 et
653 2589 750 2634 ipsae
773 2591 967 2626 Orientales
1000 2592 1198 2638 provinciae
1229 2605 1295 2628 non
1324 2604 1443 2639 parum
1475 2591 1680 2637 indigerent.

218 2631 249 2666 is
272 2643 376 2678 porro
403 2632 472 2667 cito
497 2637 678 2679 pervectus
699 2636 975 2672 Thessalonicam
997 2639 1182 2674 exercitum
1205 2638 1243 2674 in
1263 2638 1462 2674 Michaelem
1485 2637 1573 2672 adeo
1588 2637 1684 2672 cele-

219 2677 305 2712 riter
326 2677 481 2720 immisit,
521 2682 560 2713 ut
580 2681 703 2715 famam
725 2681 982 2729 opinionemque
1004 2688 1228 2730 praevertens
1249 2685 1308 2720 vix
1328 2684 1423 2730 prius
1444 2683 1580 2719 auditus
1603 2694 1685 2718 cer-

220 2726 360 2757 neretur
382 2727 419 2758 et
438 2724 619 2759 sentiretur
643 2738 748 2771 agere
769 2728 930 2774 ferreque
953 2729 1132 2766 Michaelis
1162 2731 1322 2766 ditionem
1353 2729 1442 2765 omni
1467 2729 1564 2764 clade
1586 2729 1681 2764 belli.

221 2768 351 2848 praeda
383 2769 504 2805 dehinc
534 2770 640 2806 omnis
672 2773 808 2816 generis
839 2778 980 2810 onustas
1011 2775 1047 2810 in
1068 2781 1178 2812 tutum
1204 2777 1323 2821 copias
1349 2774 1499 2821 recepit,
1532 2778 1568 2809 et
1589 2773 1686 2810 circa

253 2813 421 2851 ardarium
455 2827 583 2853 amnem
615 2818 820 2856 hiematuras
852 2819 936 2856 locis
959 2822 1139 2858 commodis
1170 2821 1359 2869 disposuit,
1397 2826 1436 2857 ut
1457 2820 1617 2856 videlieet
1637 2831 1690 2859 ex.
