1884 3262
597 255 701 300 LIB.
719 255 752 302 1.
807 253 1175 301 GLOSSARIUM.
1510 252 1606 300 593

157 364 348 406 Vaticano
372 363 539 415 clarius,
575 366 758 416 negatum
784 377 923 416 nempe
950 364 999 402 ab
1029 364 1115 417 ipso
1142 363 1316 416 sactum;
1352 362 1608 416 pertmdisse,

155 422 336 472 inquam,
365 421 475 460 haud
504 435 550 460 eo
581 421 782 460 devenisse
805 420 1011 459 Arsenium
1036 419 1303 472 patriarcham
1330 426 1381 459 ut
1397 420 1470 459 sibi
1487 420 1608 459 iuris-
1629 420 1659 455 P
1679 420 1749 458 410

154 478 369 516 dictionem
389 479 581 516 adimeret
608 484 648 516 et
673 477 831 516 omnino
858 477 1114 515 interdiceret
1129 477 1370 515 absolutione
1389 477 1606 547 imperato—

154 534 221 573 ris.
268 535 390 574 verba
406 534 505 572 haec
519 540 615 572 sunt
628 533 804 572 historici
823 533 895 570 sub
911 533 1030 571 finem
1048 532 1166 572 huius
1184 533 1341 585 capitis:
1368 549 1448 575 παν
1467 532 1524 604 μή
1541 550 1607 589 γε·

154 587 274 657 γονός
294 591 518 643 ἐφημίσθη,
548 606 602 639 ως
615 590 684 630 καὶ
706 589 730 631 ὅ
746 586 894 641 Ἰωσήφ
913 586 1226 654 πατριαρχεύσας
1245 602 1426 643 υστερον,
1456 587 1607 633 οἷπολο-

152 644 355 711 γούμενος
372 644 473 698 νπὲρ
493 650 630 696 τοῦτο,
659 647 926 713 διισχυρίζετο.
982 646 1038 684 sic
1053 646 1095 684 in
1114 646 1228 685 codd.
1250 644 1415 686 duobus.
1462 654 1505 687 at
1523 648 1605 687 Va-

151 703 308 741 ticanus
325 704 380 741 sic
400 702 541 741 habet.
566 718 670 755 ομως
689 701 714 743 0‘
726 696 878 754 Ἰωσήφ
899 699 1212 756 πατριαρχεύσας
1225 698 1402 771 ὕστερον
1417 704 1605 757 διισχυρί.

154 761 237 808 ζετο
264 761 419 809 ψεῦδος
445 755 548 799 εἶναι
574 774 644 799 τον
669 753 790 812 λόγον
815 757 969 810 (melius
1011 758 1158 796 diceret
1193 755 1237 799 τὸ
1270 759 1495 812 λεγομένου)
1520 758 1602 802 ὑπὸ

152 818 324 862 πολλοῖς.
380 813 523 867 Ioseph
542 814 802 866 postmodam
820 814 1149 865 patriarchatum
1182 829 1324 866 gerens
1342 815 1604 867 pertendebat

129 872 312 922 falsum
334 885 416 909 esse
430 870 543 924 qaod
555 885 582 908 α
601 871 743 909 mullis
767 870 1010 909 iactabatur.
1066 884 1224 940 nempe
1222 877 1274 911 ut
1286 871 1404 923 paulo
1424 873 1605 924 supeiius

153 928 336 977 dixerat,
367 943 420 976 ως
439 927 558 980 χωρὶς
576 930 649 979 τῇς
676 930 748 967 τοῦ
766 923 1008 981 πατριάρχου
1024 928 1173 980 βουλης
1197 923 1495 981 ἆντιποιήσοιτο
1519 928 1606 982 (to-

150 982 313 1035 sephus)
345 987 416 1036 τῆς
435 982 625 1037 βασιλέως
648 979 865 1035 αναδοχῆς,
895 984 976 1020 sine
998 989 1103 1022 nutu
1124 989 1164 1022 et
1183 996 1342 1022 assensu
1359 985 1607 1036 patriarchae

150 1039 337 1091 Iosephus
357 1040 562 1091 ingesserit
572 1052 613 1076 se
633 1039 684 1076 ad
710 1038 945 1077 audiendam
969 1040 1304 1078 sacramentaliter
1325 1041 1604 1082 consessionem

149 1096 407 1148 imperatoris.
465 1095 624 1148 φέρεται
641 1094 702 1143 δέ,
743 1094 944 1146 subiungit
966 1095 1125 1145 statim,
1153 1095 1222 1137 καὶ
1253 1093 1370 1149 λόγος
1383 1095 1492 1150 παρὰ
1509 1102 1602 1140 πολ-

149 1155 253 1201 λοῑς,
285 1168 341 1199 ως
365 1150 434 1191 καὶ
458 1149 724 1203 ἐπιτιμήσειεν
747 1167 767 1191 ο
787 1147 1030 1218 πατριάρχης
1054 1151 1208 1193 ἐκεῖνον
1234 1150 1534 1207 (Iosephum)‘'
1505 1169 1603 1197 ωση

150 1205 206 1261 μή
226 1205 330 1248 εἶναι
351 1210 425 1248 τοῦ
442 1207 632 1261 βασιλέως
649 1205 926 1259 πνευματικόν.
971 1209 1116 1258 fertur
1129 1209 1283 1246 seilicet
1298 1223 1473 1247 sermone
1491 1212 1601 1253 mul..

148 1272 282 1302 torum
300 1265 582 1316 patriarcham
597 1262 850 1301 interdixisse
868 1264 1031 1315 Iosepho
1049 1279 1098 1302 ne
1114 1273 1211 1302 esset
1228 1267 1530 1322 confessarius
1511 1282 1600 1322 ‘m‘f

142 1323 365 1373 peratoris.‘
418 1320 474 1358 ita
505 1319 665 1368 clarius,
701 1325 747 1357 ut
776 1320 878 1368 dixi,
909 1320 1119 1359 Vaticanus
1143 1320 1440 1372 paraphrastes;
1469 1336 1491 1359 a
1521 1337 1600 1374 quo

147 1390 372 1441 germanam
392 1376 565 1415 auctoris
583 1375 816 1414 sententiam
833 1375 900 1414 hic
920 1383 1141 1441 expressam
1160 1377 1367 1415 confirmat
1384 1378 1602 1430 Pachyme-

148 1447 212 1472 res
239 1434 345 1485 ipse,
386 1447 435 1486 pr
438 1439 508 1471 out
537 1433 622 1470 eius
655 1438 864 1470 contextus
888 1432 936 1470 ab
967 1433 1123 1484 optimis
1150 1433 1349 1471 codicibus
1379 1433 1600 1485 exhibetur,

146 1490 296 1528 infral.
315 1489 342 1530 4
366 1503 398 1529 c.
424 1492 479 1530 28
508 1489 564 1526 sic
588 1488 637 1526 de
663 1487 828 1540 Iosepho
856 1488 1010 1526 dicens:
1045 1486 1092 1530 ὃν
1121 1484 1357 1542 ἀφωρίσθαι
1384 1489 1516 1544 ελεγον
1534 1491 1601 1532 ἐπὶ

147 1549 206 1600 τῷ
230 1562 283 1598 μη
307 1543 376 1586 τὸν
408 1544 570 1598 βασιλέα
596 1545 652 1592 εἷς
683 1560 955 1597 πνευματικην
985 1541 1148 1597 υἷὸτητα
1174 1545 1370 1597 δέχεσθαι
1427 1560 1526 1597 quae
1545 1547 1599 1586 ibi

148 1603 204 1640 sic
222 1602 344 1641 verti:
374 1600 486 1654 qaod
510 1602 627 1638 illam
652 1601 815 1638 aiebant
843 1603 887 1639 in
910 1603 1352 1640 excommunicationem
1372 1603 1603 1657 incurrisse,

148 1659 224 1696 sub
250 1660 371 1696 cuias
402 1659 726 1695 interminatione
755 1659 924 1696 vetitam
947 1659 986 1694 ei
1010 1658 1107 1695 olim
1131 1672 1159 1696 a
1175 1658 1422 1710 patriarcha
1440 1660 1601 1709 suisset

146 1715 290 1753 habere
318 1713 501 1765 deinceps
530 1715 806 1765 imperatorem
835 1714 921 1752 loco
954 1714 1188 1765 spiritualis
1201 1715 1294 1766 filii
1318 1721 1354 1752 et
1371 1715 1488 1753 illiue
1506 1730 1600 1755 con-

135 1772 359 1823 sessiones,
390 1778 436 1808 ut
454 1777 575 1807 antea
595 1784 755 1809 consuet
759 1777 874 1820 erat,
904 1772 948 1807 in
958 1778 1096 1822 poster
1098 1785 1166 1808 am
1182 1773 1368 1822 acciperme
1423 1785 1503 1810 non
1524 1786 1600 1824 po-

147 1827 244 1866 terit
273 1833 402 1865 antem
425 1839 487 1864 me
516 1826 742 1877 quisquam,
774 1827 936 1890 opinor,
966 1839 1058 1890 repr
1061 1825 1273 1876 ehendere,
1302 1826 1407 1877 quod
1426 1843 1599 1880 πνευμα.

146 1879 260 1924 undu
277 1883 556 1922 confessarium
581 1883 839 1934 interpreter,
867 1881 962 1933 quin
989 1884 1099 1934 prius
1121 1889 1259 1934 arguat
1278 1883 1482 1933 vulgatum
1500 1865 1599 1923 lilo-

146 1940 324 1978 reatinae
345 1938 614 1977 oecumenicae
641 1939 782 1989 synodi
803 1938 1069 1989 interpretem,
1099 1940 1167 1989 qui
1185 1953 1223 1991 p.
1250 1940 1302 1982 17
1330 1939 1428 1976 tomi
1450 1942 1505 1982 32
1533 1941 1599 1980 ed.

147 1997 266 2037 Conc.
285 1998 377 2046 Reg.
395 1995 461 2033 illa
479 1995 601 2034 verba
629 2009 862 2047 τιμιωτατος
885 1993 1151 2047 πνευματικός
1174 1992 1288 2047 κύρις
1307 1997 1346 2034 Γ
1339 2011 1526 2048 ρηγοριος
1542 1997 1596 2035 sic

146 2053 282 2090 latine
310 2052 462 2091 reddit:
507 2050 758 2089 honorabilis
782 2064 809 2088 α
830 2051 1148 2100 confessionibus·
1171 2050 1343 2088 domnus
1364 2052 1596 2102 Gregorius.

148 2115 234 2146 erat
251 2108 396 2146 scilicet
415 2108 668 2146 confessarius
686 2108 931 2158 imperatoris
952 2107 1202 2155 Graecorum,
1232 2106 1300 2156 qui
1317 2106 1479 2144 concilio
1498 2107 1595 2145 Flo-

146 2164 303 2202 rentino
322 2164 514 2201 interfuit.
569 2169 616 2200 ut
639 2164 816 2201 omittam
848 2163 922 2199 alia
948 2162 1118 2200 eiusdem
1146 2161 1319 2199 notionis
1338 2162 1460 2200 verbo
1474 2178 1594 2203 πνευ-

148 2217 313 2272 ματικός
328 2219 523 2256 subiectae
554 2219 775 2256 testimonia
798 2233 821 2256 a
846 2219 1041 2266 Memmio,
1070 2223 1115 2256 ut
1146 2217 1252 2266 dixi,
1282 2217 1444 2256 recitata
1452 2233 1464 2268 5
1491 2231 1591 2269 quae

147 2276 181 2313 si
206 2276 291 2326 quis
320 2275 452 2312 omnia
480 2275 809 2324 consideraverit,
837 2288 911 2312 nae
938 2275 970 2312 is
991 2273 1101 2311 haud
1118 2273 1264 2324 poterit
1282 2273 1456 2312 iudicare
1474 2274 1592 2313 addi-

148 2332 250 2370 disse
271 2343 334 2369 me
360 2329 574 2380 quidquam
602 2331 720 2368 sensis
746 2331 915 2368 auctoris
946 2330 1042 2378 mei,
1071 2329 1166 2367 dum
1192 2329 1240 2367 ab
1270 2341 1316 2366 eo
1336 2335 1591 2369 memoratam

145 2384 420 2438 πνευματικὴν
437 2382 598 2436 υἴότητα
617 2387 667 2424 ad
684 2387 1009 2424 ministrationem
1028 2385 1223 2436 privatam
1244 2386 1476 2425 sacramenti
1492 2399 1591 2440 poe-

147 2445 336 2483 nitentiae
354 2448 392 2480 et
412 2442 651 2492 exceptionis
667 2448 903 2480 secretarum
923 2442 1206 2479 confessionum
1226 2441 1357 2480 retuli.

260 2494 478 2549 ποιότης
514 2511 554 2549 p.
573 2500 656 2540 362
675 2512 711 2536 v.
730 2502 767 2539 3.
823 2494 920 2549 παρ’
943 2495 965 2538 ὃ
982 2496 1049 2537 καὶ
1069 2495 1100 2549 ἦ
1119 2496 1366 2551 προσηγορία
1391 2499 1463 2549 τῆς
1482 2495 1590 2540 ποιό-

147 2571 263 2608 τητος
281 2555 470 2606 εἴληπται.
526 2553 604 2591 hoc
620 2559 679 2591 est
697 2554 730 2591 si
751 2554 799 2591 ad
816 2554 980 2592 verbum
999 2553 1163 2592 reddas:
1193 2555 1310 2591 iuxta
1329 2554 1440 2604 quod
1458 2561 1494 2591 et
1508 2569 1589 2605 ap-

143 2613 312 2665 pellatio
343 2611 560 2662 qualitatis
591 2617 755 2660 sumpta
772 2617 843 2652 est,
899 2609 995 2661 quid
1029 2615 1157 2647 autem
1183 2609 1292 2647 istud
1328 2615 1387 2647 est
1419 2610 1586 2648 relativo

149 2668 259 2721 quod
284 2665 536 2706 indicatum?
564 2678 723 2716 nempe,
764 2671 809 2703 ut
843 2670 1005 2717 apparet
1030 2678 1081 2704 ex
1103 2665 1447 2717 praecedentibus,
1481 2665 1588 2703 obli-

149 2738 270 2776 quum
298 2721 477 2774 adaptari
505 2727 544 2759 et
571 2722 780 2772 exaequari
817 2722 957 2759 debeie
980 2720 1030 2758 ad
1054 2727 1226 2773 rectum,
1252 2734 1336 2759 non
1358 2734 1378 2758 e
1398 2728 1590 2759 converso

147 2787 298 2819 lectum
319 2780 369 2817 ad
388 2777 603 2828 obliquum.
660 2777 818 2815 consdo
839 2777 903 2815 vel
925 2790 973 2815 ex
991 2777 1068 2814 hoc
1087 2777 1198 2826 loco,
1230 2777 1290 2814 cui
1308 2776 1423 2813 multi
1448 2776 1512 2813 alii
1533 2776 1589 2813 si-

149 2836 234 2874 mili
258 2832 474 2888 ἆσνστασία
491 2839 530 2871 et
549 2833 820 2885 insuspicabili
841 2832 1071 2872 cohaesione
1089 2833 1288 2871 tenebrosi
1307 2844 1380 2882 per
1396 2830 1500 2868 hanc
1524 2830 1588 2869 hi-

147 2891 308 2930 storiam
329 2874 558 2935 occurrunt,
585 2902 837 2928 assensurum
853 2888 949 2927 mihi
967 2889 1153 2929 lectorem
1170 2887 1408 2942 prudentem
1425 2887 1458 2925 si
1472 2886 1589 2927 dixe-

203 2951 376 2996 Georgius
404 2950 628 2995 Paclaeymeres
654 2951 686 2984 Ι.
1260 2945 1315 2984 38
