1884 3262
731 211 836 254 mss.
855 210 922 256 11:
962 196 1172 259 norm·
1259 232 1261 234 -
1565 212 1663 259 647

219 314 268 352 ab
293 314 530 367 imperatore
557 318 787 357 conciliatas
807 333 898 358 cum
919 320 1031 372 Mepe
1049 320 1198 359 Iberiae
1215 320 1422 373 principe,
1450 332 1661 371 agnoscere

217 371 258 408 in
277 371 355 408 hoc
373 371 467 410 licet
486 379 606 411 antem
621 375 825 426 politicam
845 375 1021 414 adhiberi
1041 378 1194 414 solitam
1213 390 1235 414 a
1258 378 1660 429 Constantinopolita-

215 426 278 463 nis
307 427 629 479 imperatoribus,
660 430 873 469 deliniendi
903 432 1109 480 barbaros,
1139 432 1283 484 quibus
1314 434 1583 484 expugnandis
1617 447 1659 472 se

214 482 385 533 impares
415 485 654 531 sentiebant,
683 487 923 538 nuptialibus
951 489 1091 539 pactis.
1147 488 1349 526 audiamus
1369 502 1410 526 ea
1431 489 1479 527 de
1499 502 1542 527 re
1561 491 1658 527 Can-

213 542 448 577 tacuzenum
468 540 496 579 1.
515 545 539 584 1
561 555 594 581 c.
613 545 689 591 39,
718 542 784 580 ubi
805 544 883 592 agit
902 544 950 580 de
970 543 1111 581 Moesis
1126 544 1317 581 affinitate
1335 544 1553 582 conciliatis
1573 547 1658 582 An-

214 593 417 633 dronico
405 596 576 635 iuniori:
605 594 771 666 μάλιστα
796 597 839 638 δὲ
867 595 1012 646 αὐτούς
1038 599 1228 650 ἐξημέρου
1245 615 1312 638 και
1331 601 1473 650 φιλίως
1492 601 1658 640 διετίθει

213 647 310 701 πρὸς
331 647 548 702 Ρωμαίους
571 668 615 693 το
639 653 682 694 ἐκ
701 670 781 694 των
800 656 1014 723 βασιλικων
1034 655 1154 695 οἴκων
1174 659 1364 708 γυναῖκας
1381 653 1571 723 ἄγεσθαι
1568 656 1655 696 ἔαυ-

212 709 307 753 τοῖς.
362 703 627 759 περιμάχητον
655 725 730 762 γαρ
758 725 891 757 αυτοις
920 726 963 751 το
989 713 1156 750 τοιοῦτο.
1214 717 1253 748 et
1274 712 1392 762 paulo
1415 718 1526 761 post:
1557 709 1582 752 ὁ
1601 710 1654 764 δη

210 760 278 800 καὶ
303 761 346 801 οἱ
338 761 559 831 ἵ,Ῥωμαίων
583 765 756 816 βασιλεῖς
782 762 924 813 εἰδότες
941 766 1171 833 παρθένους
1194 764 1267 818 τήν
1290 765 1390 818 ὄψιν
1408 768 1651 819 διαπρεπεῖς,

211 812 285 857 ov’n
306 811 356 857 ευ
375 820 582 871 γεγονυίας
599 817 726 871 μόνον
745 817 841 860 (iud
863 821 931 861 καὶ
954 822 992 870 ἐξ
1012 834 1086 872 αση
1094 837 1180 873 μων
1200 825 1345 872 γενῶν,
1374 821 1417 862 ἐν
1436 827 1518 870 τοῖς
1535 824 1652 875 βασι·-

208 873 328 920 λείοις
354 873 624 925 ἕκτρέφοντες,
655 892 710 923 ως
729 877 951 930 θυγατέρας
970 877 1144 926 ἑαυτῶν,
1174 874 1289 918 ὁπότε
1305 877 1414 926 δέοι,
1447 883 1529 926 τοῖς
1545 882 1650 918 Σκυ-

206 931 298 968 θῶν
315 929 532 982 σατράπαις
547 928 792 984 κατηγγύων.
849 935 1020 970 maxime
1042 947 1130 971 vero
1147 935 1256 983 ips-oe
1272 933 1487 971 deliniebat
1502 942 1537 971 et
1555 949 1650 972 con-

206 984 374 1022 ciliabat
390 987 609 1036 Romanis,
632 987 748 1052 quod
763 1002 808 1024 ex
824 991 1081 1039 imperatoria
1087 989 1267 1039 familia
1286 1003 1425 1026 uaores
1442 992 1653 1027 nancisce-

206 1047 355 1081 rentur.
409 1041 486 1078 hoc
502 1044 606 1079 enim
622 1045 723 1093 ipsis
747 1045 788 1080 in
801 1045 951 1094 primis·
964 1044 1166 1095 expetibile
1181 1043 1341 1082 videtur
1357 1052 1393 1082 et
1408 1048 1649 1083 contentione

204 1099 422 1146 quantavis
446 1099 522 1134 emi
544 1096 727 1148 dignum.
784 1105 874 1150 post
895 1100 1046 1164 aliqua:
1076 1098 1123 1137 id
1142 1099 1251 1150 quod
1267 1101 1546 1139 Romanorum
1568 1103 1649 1138 im·

195 1158 362 1201 perator
363 1167 402 1190 es
435 1167 526 1190 cum
562 1155 845 1205 intelligerent,
880 1157 1059 1207 ing-ines
1076 1156 1225 1204 forma
1246 1170 1301 1206 pt
1303 1164 1521 1205 (testantes,
1566 1171 1647 1195 non

201 1205 318 1245 modo
337 1208 511 1259 legitime
530 1223 575 1247 ex
589 1210 791 1248 nobilibus
812 1219 933 1248 natas
954 1209 1026 1248 sed
1043 1217 1078 1247 et
1095 1225 1139 1248 ex
1151 1212 1392 1261 parentibus·
1406 1212 1555 1262 plebeii
1574 1228 1648 1264 ge—

201 1265 308 1300 neris·
323 1266 505 1315 genitas,
533 1267 578 1302 in
590 1267 752 1317 palatio
769 1266 953 1315 alebant,
989 1280 1116 1318 quas,
1146 1266 1218 1304 ubi
1235 1281 1296 1304 res
1307 1275 1505 1318 posceret,
1524 1268 1650 1317 filia-

199 1332 293 1356 rum
322 1321 588 1370 appellatione
622 1322 854 1361 honestatus
880 1322 1119 1372 Scytharum
1141 1324 1321 1372 satrapis
1350 1321 1566 1374 despondet
1568 1331 1644 1362 ent

198 1373 296 1412 haec
324 1375 395 1414 ibi.
455 1377 582 1415 cuius
595 1378 715 1416 moris
740 1379 918 1428 exempla
940 1378 983 1416 in
1005 1378 1079 1415 hac
1101 1384 1231 1415 nosua
1255 1377 1418 1416 historia
1437 1379 1551 1429 plura
1572 1392 1642 1416 ex-

198 1436 297 1469 tant.
354 1430 413 1469 sie
446 1434 547 1471 enim
582 1445 702 1484 supra
730 1447 769 1484 p.
787 1433 866 1475 174
885 1447 924 1472 v.
942 1434 993 1475 14
1017 1433 1066 1471 ad
1085 1432 1232 1471 Chalati
1251 1434 1471 1485 principem
1491 1434 1644 1472 Tocha-

196 1499 334 1525 rmum
354 1486 522 1528 Michael
540 1489 792 1537 Palaeologus
809 1489 1024 1541 imperator
1038 1489 1158 1527 filiam
1177 1502 1286 1528 suam
1303 1489 1464 1527 notham
1475 1491 1640 1528 Mariam

196 1541 319 1580 mittit
337 1542 554 1594 coniugem,
582 1558 678 1596 quae
697 1544 844 1582 Chalau
858 1551 1017 1584 mortuo
1033 1545 1115 1583 eius
1134 1544 1218 1583 filio
1238 1551 1278 1582 et:
1297 1547 1513 1583 success01i
1533 1547 1640 1598 Apa-

196 1610 267 1648 gae
288 1598 438 1650 nupsit
467 1606 506 1638 et
525 1613 620 1639 mox
635 1615 677 1652 p.
701 1603 780 1644 180
799 1614 839 1639 v..
858 1604 909 1644 11
929 1601 1059 1651 Nogae
1077 1600 1346 1639 Tocha10rum
1368 1597 1640 1640 Oceiduorum

194 1654 333 1703 1egulo
362 1654 438 1693 alia
467 1656 638 1695 eiusdem
667 1656 915 1708 imperatoris
943 1656 1024 1695 filia
1052 1656 1175 1695 notha
1201 1656 1464 1708 Euphiosyne
1498 1664 1638 1696 vocata

194 1710 426 1750 collocatur.
482 1711 539 1753 sic
562 1711 732 1762 denique
760 1712 826 1751 1110
851 1712 1038 1764 dynastae
1066 1713 1267 1751 Iberorum
1289 1713 1423 1764 puella
1441 1712 1635 1752 adulterio

193 1765 330 1804 uxoris
362 1766 547 1818 despotae
579 1767 740 1811 Ioannis
768 1774 860 1809 :nata
897 1768 1164 1820 coniungitur,
1219 1774 1265 1809 ut
1293 1769 1366 1807 alia
1391 1776 1636 1821 praeteream

189 1822 316 1860 multa
335 1822 492 1865 similia.

302 1891 344 1929 p.
361 1881 441 1920 223
462 1892 500 1918 v.
519 1882 586 1921 20.
644 1881 816 1931 Cometa,
840 1880 950 1919 euius
969 1880 1036 1920 hic
1057 1881 1233 1920 meminit
1252 1879 1525 1933 pachymeres,
1546 1886 1635 1919 toto

190 1938 386 1972 terrarum
417 1935 510 1973 orbe
533 1936 840 1987 spectatissimus
856 1942 895 1974 et
914 1937 1152 1988 scriptorum
1170 1938 1278 1976 illius
1299 1938 1385 1976 aevi
1401 1949 1633 1976 monumen-

189 1988 241 2027 118
261 1989 589 2029 celebratissimus
606 1992 694 2030 suit.
752 1993 801 2031 de
820 1992 892 2030 illo
915 1993 1018 2031 enim
1036 1999 1156 2043 agunt
1174 1993 1369 2032 Theodor.
1389 1992 1431 2030 in
1449 1993 1539 2030 Vita
1554 1993 1631 2030 Ur-

188 2043 283 2082 bani
301 2045 370 2096 lv,
399 2047 719 2099 supplementum
741 2048 956 2087 Parisiense
976 2048 1138 2099 Rigordi
1158 2062 1194 2090 c.
1215 2050 1316 2098 175,
1347 2047 1586 2087 Villaniusl.
1601 2051 1631 2090 6

191 2113 227 2139 c.
247 2102 295 2148 7,
323 2101 362 2139 S.
391 2101 578 2143 Antonin.
605 2103 667 2144 tit.
690 2107 742 2146 19
762 2105 804 2142 in
824 2103 916 2152 fin„
941 2104 1166 2142 Rex-nardus
1196 2104 1326 2141 Guido
1354 2103 1399 2140 in
1429 2102 1627 2150 chronic,

189 2153 374 2217 Magnum
391 2157 632 2198 chronicum
646 2159 875 2210 Belgicum
863 2172 904 2196 in
924 2158 1450 2207 Uibanolv,Pa1merius
1438 2172 1478 2196 m
1499 2157 1627 2196 Chro-

187 2209 636 2254 nic.eto.1elatorum
666 2215 714 2252 ab
746 2215 808 2253 his
828 2228 1018 2253 summam
1041 2215 1098 2253 sic
1116 2214 1265 2264 colligit
1281 2214 1477 2252 Henricus
1494 2215 1625 2266 Spon-

188 2265 313 2304 danus
340 2268 384 2304 in
412 2268 570 2307 Contin.
601 2271 832 2319 Annalium,
860 2284 963 2308 anno
994 2270 1101 2313 1264
1129 2271 1247 2319 (nam
1268 2284 1312 2308 eo
1333 2283 1436 2308 anno
1455 2268 1520 2307 hic
1542 2270 1622 2307 Co·—

185 2327 288 2359 meta
305 2328 363 2361 est
375 2323 506 2374 visus)
533 2338 576 2364 n.
593 2329 635 2368 8.
691 2334 853 2364 cometes
870 2328 982 2364 visus
1001 2333 1079 2375 est,
1106 2327 1179 2376 qui
1201 2326 1252 2363 ab
1274 2327 1328 2364 Or
1330 2327 1431 2363 iente
1454 2339 1620 2376 surgens

186 2389 314 2428 usque
338 2377 398 2416 ad
415 2378 591 2417 medium
615 2380 898 2433 hemisphaerii
918 2395 1057 2420 versus
1080 2381 1327 2422 Occidentem
1350 2394 1501 2419 comam
1510 2395 1622 2431 pro-

182 2433 387 2483 trahebat,
416 2442 451 2472 et
470 2435 576 2474 Iulio
594 2436 782 2488 Augusto
805 2451 855 2477 ac
874 2438 1090 2488 Septembri
1103 2452 1232 2478 mense
1260 2438 1369 2486 (sere
1394 2452 1422 2475 a
1443 2437 1618 2474 solstitio

181 2490 372 2527 aestivali
391 2504 516 2542 usque
538 2489 598 2530 ad
619 2494 915 2543 aequinoctium
934 2492 1197 2545 autumnale)
1225 2494 1382 2544 insigni
1408 2493 1618 2544 magnitu-

182 2543 274 2584 dine
283 2546 472 2596 fulgens,
503 2561 552 2585 ac
568 2550 734 2598 speciem
752 2550 945 2599 ingentem
961 2547 1100 2598 edens,
1128 2563 1259 2587 omnes
1278 2549 1499 2586 mortales
1484 2562 1526 2585 in
1548 2547 1616 2583 sui

180 2599 489 2639 admirationem
521 2601 717 2653 adduxit,
759 2605 802 2644 in
833 2604 1004 2643 Graecia
1039 2612 1076 2642 et
1104 2606 1148 2656 SJ
1150 2608 1222 2647 ria
1252 2606 1506 2656 praesertim,
1543 2601 1615 2639 uhi

181 2657 304 2695 etiam
327 2671 419 2695 cum
440 2658 603 2696 horrore
619 2660 854 2697 mortalium
871 2661 985 2698 vicus
1002 2659 1164 2702 dicitur.
1217 2660 1406 2699 hactenus
1429 2656 1614 2708 Sponda-

180 2723 255 2749 11118
279 2725 330 2751 ex
352 2713 494 2765 priscis
522 2715 768 2766 auctoribus„
798 2716 938 2767 quibus
952 2716 1337 2756 contrariumnoste1
1354 2714 1611 2765 Pachymeres

180 2766 372 2819 affirmat,
399 2768 496 2808 dnm
521 2769 589 2810 hic
615 2771 751 2810 scribit
778 2785 822 2809 ετ
843 2771 1070 2811 occidente
1054 2787 1096 2811 m
1114 2780 1247 2812 ortum
1265 2771 1460 2838 effulsisse
1479 2783 1506 2806 a
1524 2782 1611 2806 vere

175 2829 304 2872 usque
319 2823 378 2862 ad
391 2833 650 2868 autum-,num
707 2827 857 2869 Graeca
875 2828 934 2867 sie
948 2828 1115 2868 habent:
1147 2825 1267 2882 οἶστηρ
1283 2824 1459 2879 κομήτης
1478 2825 1522 2866 ἐκ
1540 2819 1614 2866 δύ’
