1884 3262
463 213 541 256 DE
571 214 848 258 MICHAELE
882 216 1260 263 PALAEOLOGO
1295 220 1342 263 L.
1371 219 1448 264 IV.
1591 222 1688 269 307

206 331 288 384 γῶν
319 326 622 386 μεγαλοφώνως
652 329 699 372 τὸ
726 326 933 385 τόλμημα.
1004 332 1071 373 καὶ
1103 331 1161 387 ,δὴ
1193 331 1260 375 ἔπ’
1291 330 1473 391 ἐδάφους
1501 335 1685 389 κειμένου

205 401 282 439 τοῦ
309 398 535 450 βασιλέως,
575 397 595 441 ὃ
628 397 884 455 πατριάρχης
911 395 1070 455 χάρτην
1101 400 1192 444 ἅνοΐ
1210 409 1349 457 χεῖρας
1383 403 1486 458 ἔχων
1518 398 1626 463 ᾧπερ
1654 403 1680 460 ἡ
1706 409 1739 444 C

206 463 464 521 συγχώρησις
484 467 747 524 ἐνεγέγραπτο
761 501 775 521 ,
813 468 970 519 διεξιών
1000 471 1067 510 καὶ
1088 470 1225 525 ῥητῶς
1246 471 1294 528 τὸ
1315 473 1593 528 πλημμέλημα
1616 474 1683 516 λε’-

205 551 288 590 γων
316 535 364 577 τὸ
395 537 459 578 ἐπὶ
487 541 547 595 τῷ
581 541 658 579 τοῦ
689 537 892 591 βασιλέως
919 538 1035 579 παιδὶ
1061 539 1222 594 δηλαδὴ
1236 538 1432 598 Ἰωάννῃ,
1466 540 1684 599 συνεχώρει

171 613 193 648 5
208 608 344 661 τρανῷ
363 609 424 662 τῷ
443 604 646 659 στόματι,
680 607 747 648 καὶ
777 605 844 648 ἐπ’
867 605 994 648 αὐτὸν
1013 605 1138 656 ἄλλος
1155 609 1222 649 καὶ
1253 608 1349 662 μετ’
1373 611 1522 653 ε’κεῒνον
1547 613 1684 667 ἕτερος

202 674 271 714 καὶ
300 676 482 729 καθεξῆς
511 675 551 717 οἶ
583 672 753 727 πάντες,
790 668 824 732 ᾧ
851 674 924 730 ἐφ’
958 672 1120 734 ἑκάστῳ
1149 678 1482 732 προσπίπτοντος
1510 682 1577 722 καὶ
1608 681 1683 735 τὴν

201 740 462 798 συγχώρησιν
492 743 761 798 αἲτουμὲνου,
807 744 948 786 ἐκεῖνοι
978 743 1085 786 καθ’
1120 744 1189 787 ἕνα
1221 745 1294 789 τὸν
1326 744 1489 801 χάρτην
1524 748 1683 804 ἔχοντες

202 810 283 853 ἀνὰ
300 818 463 867 χεῖρας,
501 812 575 856 τὸν
596 811 722 855 αὐτὸν
743 815 800 870 τῷ
820 809 1055 870 πατριάρχῃ
1084 812 1341 871 συνεχώρουν
1359 813 1540 872 τρόπον,
1578 822 1681 860 πολ-

199 883 284 922 λῶν
298 881 504 935 χεομένων
526 878 737 936 δακρύων,
776 882 844 923 καὶ
862 885 1022 935 μᾶλλον
1046 886 1130 925 τῶν
1147 885 1191 925 ἐκ
1207 888 1281 938 τῆς
1300 883 1546 941 συγκλήτου,
1575 887 1678 943 πρὸς
1699 899 1733 934 D

146 955 191 989 10
203 949 417 999 ἓξιλὲωσιν.
488 952 555 992 καὶ
578 950 694 1000 τέλος
712 949 896 1000 ἀναστὰς
914 952 982 992 καὶ
1005 948 1169 1008 τρύφου
1199 952 1310 1008 ἱεροῦ
1337 953 1578 1008 μετασχών,
1610 958 1679 998 καὶ

200 1015 256 1067 ὥς
266 1018 370 1068 εἰκὸς
386 1016 677 1074 προσκυνήσας
687 1019 754 1061 καὶ
774 1016 1092 1072 συνταξάμενος,
1113 1018 1253 1078 ἐχώρει
1271 1022 1375 1078 πρὸς
1386 1022 1438 1065 τὰ
1456 1021 1681 1081 ἀνάκτορα.

197 1086 362 1137 ἐπέταξε
393 1088 439 1130 δὲ
467 1090 535 1130 καὶ
566 1091 625 1146 τῷ
657 1087 964 1147 ἓγκεκλεισμένῳ
995 1088 1102 1130 κατὰ
1130 1089 1180 1132 τὸ
1209 1094 1294 1134 τῶν
1322 1090 1586 1146 Νικητιάτων
1605 1097 1682 1148 τῆς

195 1153 435 1211 Δακιβύζης
462 1154 663 1213 φρούριον
683 1154 856 1215 Ἰωάννῃ
886 1159 943 1206 εἲς
965 1161 1126 1214 τροφῆς
1154 1160 1390 1214 οἶκονομίαν
1409 1162 1476 1203 καὶ
1498 1160 1678 1216 ἐνδυμά-

194 1240 278 1267 των
307 1225 359 1267 ‘roi
393 1224 512 1268 ἱκανά
525 1259 538 1279 ,
575 1230 803 1282 πολυωρῶν
828 1227 978 1269 ἐκεῖνον
1007 1224 1201 1281 συχνάκις
1230 1230 1300 1271 καὶ
1331 1235 1417 1279 τοῖς
1443 1229 1679 1287 ἀναγκαίοις

139 1304 184 1340 15
195 1293 301 1336 καθ’
325 1292 502 1350 ἑκάστην
522 1295 667 1350 σχεδὸν
686 1292 1078 1352 φιλοφρονούμενος.

325 1362 542 1407 Ἐντεῦθεν
561 1365 628 1406 καὶ
649 1363 754 1420 πρὸς
773 1364 848 1419 τὴν
868 1363 1116 1420 διεξαγωγὴν
1135 1367 1220 1407 τῶν
1237 1369 1385 1408 κοινῶν
1404 1365 1675 1411 σπουδαιότε-

193 1448 266 1487 ρον
285 1432 489 1488 τρέπεται.
561 1431 685 1491 (26)
723 1434 790 1474 καὶ
822 1433 906 1475 ἐπεὶ
934 1430 1058 1475 πάλιν
1084 1431 1326 1477 ἀνοιδαίνειν
1355 1433 1506 1491 ὥρμων
1525 1436 1579 1479 τὰ
1599 1439 1676 1479 δυ-
1697 1443 1727 1478 Ρ
1750 1444 1817 1479 208

192 1497 310 1552 σικά,
351 1505 423 1543 τοῦ
454 1499 657 1544 δεσπότου
687 1501 864 1556 Μιχαὴλ
893 1502 936 1552 ἐξ
965 1499 1203 1557 ἀνθρώπων
1229 1500 1462 1559 γεγονότος,
1507 1506 1575 1547 καὶ
1602 1505 1676 1549 τὸν

190 1569 266 1622 μὲν
294 1567 538 1627 Νικηφόρον
561 1571 625 1612 ἐπὶ
648 1575 698 1627 τῇ
722 1572 807 1631 ἰδίᾳ
825 1570 932 1627 ἀρχῇ
952 1571 1280 1624 καταλείψαντος
1291 1604 1306 1624 ,
1351 1576 1411 1630 τῷ
1432 1573 1480 1615 δέ
1495 1590 1537 1629 γε
1555 1572 1675 1633 νόθῳ

136 1635 357 1696 ΞοἸωάννῃ
370 1638 514 1696 χώραν
535 1638 611 1682 οὐκ
632 1638 772 1695 ὀλίγην
791 1637 1129 1695 διανενεμηκότος
1150 1641 1274 1694 ῗδίαν,
1311 1642 1379 1683 καὶ
1403 1639 1424 1684 ὃ
1441 1643 1517 1696 μὲν
1537 1646 1670 1698 Νικη-

282 1771 314 1805 6.
337 1764 367 1817 ᾦ
390 1770 564 1807 abundare
585 1770 734 1807 videtur.
876 1772 931 1807 10.
955 1767 1155 1818 τρύφουςῖ

187 1884 252 1920 deo
275 1885 480 1931 procidens,
514 1886 558 1922 ad
590 1887 696 1934 pedes
730 1889 812 1923 ante
835 1887 948 1922 omnia
972 1899 1011 1923 se
1044 1887 1163 1923 abiicit
1184 1887 1402 1934 patriarchae
1426 1893 1463 1925 et
1485 1902 1587 1937 quam
1609 1904 1668 1928 ar-

185 1932 384 1967 dentissima
407 1933 657 1978 supplicatione
680 1935 816 1969 veniam
839 1935 962 1980 poscit,
985 1935 1151 1969 confitens
1170 1946 1294 1979 magna
1316 1948 1402 1971 voce
1424 1938 1536 1972 scelus
1557 1951 1669 1975 suum.

186 1982 268 2013 tunc.
291 1978 488 2024 patriarcha
504 2006 516 2021 ,
540 1981 631 2015 humi
654 1980 704 2014 sic
727 1986 901 2026 prostrato
925 1981 1155 2026 imperatore,
1192 1982 1345 2016 chartam
1377 1994 1477 2029 quam
1500 1984 1534 2018 in
1558 1987 1669 2020 mani-

185 2025 250 2059 bus
271 2025 421 2059 habebat
447 2030 485 2060 et
506 2025 541 2061 in
566 2038 607 2061 ea
630 2027 795 2073 scriptam
817 2027 995 2062 formulam
1018 2027 1242 2062 absolutionis
1271 2028 1412 2074 legens,
1447 2035 1484 2064 et
1506 2031 1667 2066 distincte

183 2071 406 2116 pronuntians
428 2073 560 2107 facinus
582 2073 731 2119 iniquum
753 2073 788 2107 in
820 2073 929 2107 filium
951 2073 1191 2119 imperatoris,
1221 2074 1383 2110 videlicet
1405 2076 1586 2119 Ioannem,
1611 2083 1666 2112 at-

184 2120 373 2159 tentatum,
395 2117 480 2152 illud
502 2118 702 2164 imperatori
725 2120 819 2154 clara
842 2131 930 2154 voce
953 2119 1168 2156 condonavit.
1215 2126 1294 2166 post
1325 2122 1415 2169 hunc
1437 2123 1575 2156 eandem
1599 2135 1666 2168 pa-

184 2162 270 2197 riter
290 2164 467 2198 formulam
489 2166 652 2200 recitavit
676 2165 761 2201 alius
784 2165 986 2212 episcopm»,
1008 2166 1087 2200 inde
1110 2165 1217 2207 alius,
1243 2171 1279 2200 et
1303 2167 1353 2201 sic
1376 2167 1492 2201 ordine
1515 2169 1667 2203 universi

181 2210 336 2253 legentes
369 2221 390 2243 e
419 2214 568 2256 scripto,
605 2223 719 2247 coram
751 2224 954 2258 unoquoque
981 2212 1133 2258 ipsorum
1166 2212 1315 2246 vicissim
1348 2224 1387 2247 se
1424 2217 1666 2258 prosternente

182 2257 340 2298 Augusto
363 2259 400 2290 et
421 2258 555 2291 veniam
585 2258 684 2293 enixe
715 2259 934 2305 postulante,
967 2258 1122 2302 cunctis,
1164 2258 1254 2292 sicut
1287 2259 1487 2304 patriarcha
1517 2262 1662 2306 fecerat,

184 2301 476 2336 condonantibus:
501 2303 614 2338 multis
635 2304 727 2339 inter
751 2305 837 2339 haec
869 2304 1142 2345 lacrimantibus,
1174 2305 1378 2350 praesertim
1400 2316 1421 2339 e
1444 2311 1587 2349 senatu,
1619 2319 1663 2342 ac

183 2346 240 2380 dei
261 2358 383 2392 pacem
405 2350 633 2385 exorantibus.
679 2351 818 2386 tandem
848 2362 992 2396 surgens
1027 2351 1187 2397 princeps
1218 2361 1318 2385 sacro
1341 2351 1536 2396 impertitus
1560 2355 1661 2399 epulo

183 2398 258 2434 est,
284 2394 348 2427 sub
372 2397 464 2438 quod
487 2395 607 2431 debita
629 2395 695 2431 rite
722 2397 922 2432 adoratione
946 2398 1169 2442 perfunctus,
1201 2397 1351 2432 salutato
1374 2397 1523 2444 denique
1540 2400 1661 2444 coetu,

179 2438 216 2472 in
238 2439 402 2484 palatium
425 2440 580 2478 recessit.
626 2442 782 2477 decrevit
808 2448 922 2478 autem
945 2443 1072 2477 incluso
1097 2442 1187 2487 apud
1211 2442 1403 2478 Nicetiatas
1426 2444 1459 2478 in
1483 2457 1562 2480 arce
1584 2447 1658 2480 Da-

180 2484 323 2529 cibyzae
344 2486 464 2520 Ioanni
488 2487 667 2532 pensiones
698 2489 735 2523 in
757 2489 886 2524 victum
918 2489 1149 2534 vestitumque
1185 2490 1362 2535 copiosas,
1392 2491 1527 2526 solicite
1558 2492 1658 2526 dein-

180 2542 261 2576 ceps
285 2543 361 2565 eum
385 2543 528 2576 curans,
551 2533 668 2568 multis
691 2535 854 2580 subinde,
889 2535 948 2581 qui
981 2547 1056 2569 eum
1080 2536 1285 2571 necessariis
1308 2536 1406 2582 large
1429 2539 1656 2583 suppeditan-

178 2576 232 2611 dis
255 2578 534 2622 consolarentur,
559 2583 594 2614 et
617 2580 681 2615 sibi
704 2591 821 2617 carum
843 2593 921 2616 esse
943 2580 1062 2616 verbis
1082 2582 1256 2628 rebusque
1279 2594 1380 2629 quam
1403 2584 1656 2619 officiosissime

175 2624 407 2667 testarentur,
430 2625 617 2661 missitatis.

268 2669 360 2704 Hinc
382 2671 451 2705 iarn
474 2672 672 2707 solutiorem
695 2671 842 2707 animum
865 2673 910 2707 ad
932 2672 1143 2720 reipublicae
1165 2674 1443 2720 procurationem
1467 2674 1656 2710 studiosius

177 2714 294 2751 vertit.
342 2718 423 2762 (26)
454 2721 587 2753 tumere
618 2718 742 2753 deinde
775 2730 895 2754 rursus
927 2724 964 2755 et
994 2720 1171 2755 tumultum
1202 2721 1324 2755 minari
1347 2721 1495 2756 Occidui
1519 2725 1656 2755 tractus

176 2770 233 2795 res
254 2770 460 2808 coeperunt,
492 2765 636 2811 despota
668 2764 841 2800 michaele
870 2770 1016 2802 mortuo.
1059 2767 1091 2801 is
1130 2766 1359 2814 principatum
1389 2768 1525 2813 quidem
1555 2778 1653 2802 suum

174 2805 326 2851 legitimo
355 2810 544 2846 transmisit
577 2811 768 2846 successori
800 2811 998 2858 Nicephoro
1029 2812 1124 2856 filio,
1165 2814 1268 2848 fratri
1299 2816 1412 2848 autem
1443 2813 1515 2847 eius
1545 2814 1651 2848 notho

174 2850 294 2888 Ioanni
315 2866 384 2890 non
405 2867 547 2902 parvam
571 2857 744 2904 regionem
766 2858 940 2906 propriam
963 2859 1112 2906 excepit,
1133 2871 1203 2906 qua
1224 2860 1256 2895 is
1279 2860 1344 2895 sibi
1365 2859 1534 2905 peculiari
1554 2860 1651 2894 frue-
