1846 3262
422 206 500 249 DE
532 204 815 248 MICHAELE
849 201 1229 247 PALAEOLOGO
1264 202 1312 246 L.
1340 200 1397 245 H.
1578 203 1642 248 91

172 327 337 380 θαρτον
368 318 470 364 εἶναι
496 317 705 375 μάλιστα,
752 317 841 375 ἅμα
868 317 1118 374 γεννηθέντα
1153 318 1221 360 καὶ
1256 315 1345 371 ἅμα
1370 323 1550 375 τρυφαῖς
1579 319 1649 360 καὶ

173 388 405 441 σπατᾶλαις
435 388 768 446 παραληφθέντα
798 390 1052 443 βασιλικαῖς,
1090 384 1400 444 ὖφεδρευοῦσης
1423 387 1499 442 μὲν
1523 390 1651 431 κολα-

173 462 283 511 κείας
295 493 308 513 ,
348 459 534 502 ἐκποδὼν
561 458 605 501 δ’
635 457 763 514 οἴσης
792 457 1018 512 ἀληθείας,
1055 458 1123 499 καὶ
1149 461 1232 499 τῶν
1250 457 1455 500 κακίστων
1474 454 1530 507 ὥς
1548 461 1648 500 καλ·
1671 465 1707 501 D

172 531 322 572 λίστων
343 526 692 585 ὗποκοριζομένων
702 560 715 579 ,
747 524 802 576 ὥς
822 523 844 569 ὅ
863 524 1039 575 παλαιὸς
1060 522 1179 581 λόγος
1199 524 1273 580 ἔχει
1288 558 1302 578 ‚
1341 524 1408 569 ὅτε.
1426 527 1492 568 καὶ
1513 526 1560 569 τὸ
1580 527 1655 581 ἒμ-

140 599 292 654 5μελές
308 595 472 653 βήττειν
496 594 657 640 ἀκούειν
679 591 730 651 ἦν
755 597 799 638 ἐκ
818 591 1004 638 κολάκων
1025 598 1084 652 τῷ
1106 589 1286 649 ἅμαμέν
1306 593 1475 651 ἔρχοντι
1496 593 1583 650 ἅμα
1607 596 1653 638 δὲ

172 665 396 723 πάσχοντι,
433 665 509 710 κᾶν
540 683 601 716 τις
629 668 841 708 νουθετῶν
869 661 1101 721 ὖπογρύξῃ,
1141 661 1197 713 ὥς
1231 660 1407 714 δίσνους
1435 665 1503 707 καὶ
1532 662 1651 707 κάκι-

174 754 273 788 στος
294 734 529 790 διεβάλλετο
538 755 552 788 ,’
591 732 647 784 ὥς
670 733 744 789 τὴν
770 735 1007 790 παραίνεσιν
1027 729 1251 787 πρόσταξιν
1273 731 1462 788 ἐχόντων.
1537 734 1576 777 οἳ
1607 734 1654 777 δὲ

174 804 243 849 καὶ
267 805 320 848 τὰ
343 803 533 862 γινόμενα
555 803 889 860 δυσχεραίνοντες
911 802 1029 846 οὐδὲν
1046 796 1173 858 ἧττον
1193 800 1510 857 κολακεύουσιν,
1545 802 1655 847 ἀπο-

176 873 441 928 σεμνύνοντες
457 864 580 916 πλέον
599 877 674 915 τοῦ
692 873 862 929 μετρίου
884 871 956 915 τὸν
972 870 1179 928 ἄρχοντα,
1216 873 1284 914 καὶ
1305 871 1377 915 τὸν
1395 877 1530 929 τῦφον
1554 889 1655 915 συν-

122 951 165 985 10
178 943 385 995 αὔξουσιν.
455 945 596 985 ἐκεῖνοι
623 942 667 984 δὲ
695 940 829 998 ὥσπερ
853 941 916 1002 ἐπὶ
940 946 1092 996 σκηνῆς
1111 937 1294 998 διάφορα
1317 948 1556 997 προσωπεῖα
1578 959 1650 984 πε-
1674 953 1710 989 Ε

176 1012 424 1071 ριτιθέμενοι
435 1044 450 1064 ,
486 1011 591 1068 πρὸς
611 1011 658 1054 τὸ
677 1011 856 1067 ἀρίστως
874 1008 1103 1064 βασιλεύειν
1123 1010 1171 1053 τὸ
1193 1011 1307 1067 γε’νος
1330 1011 1517 1067 ἐχέγγυον
1540 1010 1652 1054 οἴον-

175 1100 270 1135 ται,
310 1080 448 1137 ὥσπερ
466 1081 507 1123 ἓν
530 1087 620 1131 ταῖς
641 1078 823 1136 πρώταις
844 1085 927 1123 τῶν
948 1077 1194 1137 σπερμάτων
1216 1084 1470 1134 καταβολαΐς
1488 1084 1655 1134 βασιλι-

176 1156 260 1195 κῶν
282 1155 404 1194 τινῶν
427 1147 642 1205 δυνάμεων
665 1151 720 1200 εἷς
739 1149 911 1206 ἀρίστην
931 1147 1147 1205 ἡγεμονίαν
1163 1150 1358 1194 ε’νουσῶν.
1429 1154 1565 1192 ταῦτα
1587 1149 1656 1192 λε’-

175 1237 316 1277 γοντες
344 1219 544 1263 ἐπέκειντο
579 1219 702 1262 πλέον
724 1221 823 1262 ἰδεῖν
849 1218 921 1262 τὸν
942 1215 1143 1275 δεσπότην
1172 1220 1238 1261 καὶ
1261 1216 1549 1276 στεφηφόρον,
1587 1219 1655 1262 καὶ

124 1299 166 1335 15
178 1289 329 1346 ἤνυτον
361 1287 763 1347 προσαναγκάζοντες
791 1293 979 1343 συνεχῶς.
1049 1283 1100 1344 ἦν
1128 1288 1207 1344 γὰρ
1231 1290 1297 1331 καὶ
1319 1286 1648 1345 ὄΠαλαιολόγος
1669 1295 1699 1331 Ρ
1720 1295 1769 1331 58

178 1360 370 1402 ε’ντεῦθεν
401 1359 699 1414 συγκροτηθεὶς
727 1357 779 1401 τὰ
814 1357 918 1401 αὐτὰ
950 1357 1102 1414 λέγων,
1139 1359 1206 1400 καὶ
1230 1355 1285 1408 ὥς
1310 1360 1345 1400 εἴ
1370 1356 1429 1412 μὴ
1447 1357 1560 1408 ἄξιος
1581 1362 1659 1413 τῆς

177 1426 396 1485 ἡγεμονίας
427 1428 588 1486 κριθείη
618 1428 686 1469 καὶ
716 1425 737 1470 ὅ
770 1427 811 1477 ε”ξ
832 1427 963 1470 αἰτοῦ
975 1459 989 1480 ,
1026 1425 1153 1477 αὐτὸς
1173 1428 1362 1470 ἐντεῦθεν
1382 1427 1532 1470 ἐκεῖνον
1550 1426 1657 1470 ἄπο-

179 1499 416 1555 ψηφίζεται.
488 1495 595 1552 πλὴν
626 1497 693 1539 καὶ
722 1493 856 1539 πολλοί
887 1513 978 1539 τινα
1010 1500 1250 1555 κατορθοῦν
1277 1494 1533 1552 ὑπισχνεῖτο,
1577 1496 1657 1551 τὴν

182 1630 276 1665 tione
300 1629 509 1675 disciplinam
533 1633 638 1675 atque
671 1632 780 1664 artem
810 1631 908 1664 recte
938 1629 1228 1665 administrandae
1253 1629 1486 1676 reipublicae,
1526 1629 1653 1676 quippe

181 1688 268 1722 quos
293 1682 329 1711 et
349 1676 513 1718 deliciae,
550 1677 586 1710 in
621 1688 763 1721 quarum
793 1676 869 1710 sinu
904 1676 1123 1719 nutriuntur,
1158 1683 1194 1712 et
1226 1678 1383 1711 assiduae
1412 1676 1653 1722 imperantium

181 1728 320 1770 pestes,
344 1722 554 1756 adulatorum
578 1734 722 1767 greges,
752 1723 803 1757 ita
827 1723 1019 1768 depravant
1042 1727 1080 1758 ut
1102 1735 1170 1758 necv
1188 1735 1324 1758 sensum
1347 1724 1475 1758 babere
1497 1722 1658 1758 veritatis

181 1769 471 1803 assentationibus
495 1769 674 1810 exclusae,
698 1781 762 1804 nec
782 1769 941 1804 iudicium
969 1770 1054 1804 recti
1078 1773 1114 1804 et
1136 1770 1254 1815 aequi,
1279 1774 1339 1804 aut
1361 1771 1501 1804 formam
1525 1780 1652 1814 capere

181 1815 349 1850 moderati
378 1815 552 1860 regiminis
583 1815 739 1858 valeant,
773 1816 891 1860 utique
914 1827 988 1850 cum
1022 1817 1079 1862 qui
1103 1828 1218 1851 eorum
1242 1821 1278 1850 et
1300 1817 1413 1851 latera
1436 1816 1592 1851 obsident
1614 1819 1653 1850 et

181 1861 323 1896 auribus
344 1861 549 1896 insidiantur
571 1861 735 1896 individui
757 1862 914 1904 comites,
939 1863 982 1896 ad
1005 1863 1151 1908 gratiam
1171 1863 1264 1908 loqui
1288 1864 1397 1898 omnia
1414 1862 1546 1908 parati,
1570 1874 1652 1908 pes-

181 1907 269 1943 sima
301 1919 478 1954 quaeque,
512 1911 552 1942 ut
581 1914 680 1943 vetus
707 1910 846 1943 verbum
878 1909 1004 1951 habet,
1039 1909 1340 1955 pulcherrimarum
1363 1921 1474 1944 rerum
1495 1908 1651 1954 appella-

183 1954 277 1989 tione
301 1955 542 1996 cohonestent,
574 1966 636 1989 usu
661 1955 813 1989 subactis
844 1956 1031 2001 principum
1055 1955 1176 1990 animis
1198 1956 1242 1990 ad
1265 1956 1332 1990 ista
1356 1961 1391 1991 et
1413 1955 1590 1989 toleranda
1611 1958 1654 1988 et

184 2001 377 2042 credenda,
407 2001 494 2035 adeo
517 2006 558 2034 ut
581 2001 683 2036 etiam
705 2002 851 2036 libenter
873 2003 1012 2036 audiant
1033 2002 1116 2036 viles
1138 2002 1236 2037 istius
1259 2002 1364 2037 faecis
1388 2001 1556 2036 hominum
1583 2012 1650 2035 vo-

183 2059 262 2089 ces,
297 2047 422 2092 quibus
445 2047 647 2082 modulatam
671 2048 773 2083 etiam
797 2048 861 2082 sibi
883 2048 992 2082 videri
1026 2049 1234 2092 aegrotantis
1257 2048 1418 2094 principis
1439 2047 1559 2082 tussim
1583 2058 1653 2092 pu-

183 2093 350 2128 tidissime
371 2093 540 2138 garriunt.
577 2095 700 2140 quibus
721 2095 751 2129 si
775 2095 900 2128 audeat
921 2095 1126 2129 intervenire
1146 2095 1310 2140 quispiam
1333 2094 1482 2140 sapiens,
1507 2097 1542 2127 et
1560 2105 1653 2138 quae

183 2150 271 2174 vera.
303 2145 340 2173 et
369 2139 459 2174 iusta
490 2144 570 2174 sunt
599 2140 751 2184 hiscere,
786 2142 943 2175 continuo
977 2146 1016 2176 ut
1050 2141 1273 2175 defectionem
1303 2143 1470 2175 meditans
1492 2144 1528 2174 et
1551 2139 1651 2173 homo

183 2185 409 2231 nequissimus
432 2186 659 2229 traducitur,
675 2186 719 2221 iis
751 2187 916 2232 siquidem
940 2188 999 2233 qui
1020 2187 1070 2222 sic
1091 2187 1260 2232 imperant
1282 2188 1388 2221 omnis
1415 2185 1655 2220 admonitionis

176 2231 261 2266 ioco
286 2231 443 2266 absoluta
467 2236 503 2266 ct
524 2233 695 2268 liberrima
717 2234 850 2279 quidvis
873 2234 1062 2279 imperandi
1083 2233 1220 2268 licentia
1243 2237 1308 2275 est,
1331 2244 1406 2268 cum
1424 2231 1561 2266 interim
1584 2230 1654 2275 ipsi

185 2289 322 2323 quoque
346 2277 406 2323 qui
430 2289 471 2312 ea
494 2279 635 2313 moleste
657 2281 791 2320 ferunt,
825 2281 981 2324 accinere
1004 2279 1255 2315 assentantibus
1283 2284 1471 2324 cogantur,
1505 2282 1541 2312 et
1563 2277 1655 2311 ultra.

184 2335 314 2358 omnem
337 2323 470 2358 modum
494 2325 728 2371 qualicumque
749 2325 897 2372 principi
930 2326 1081 2361 encomia
1103 2327 1158 2361 vel
1187 2327 1333 2361 maxima
1364 2325 1499 2365 dicere,
1531 2323 1657 2368 quibus

184 2369 320 2404 scilicet
351 2370 459 2414 magis
492 2371 668 2416 magisque
702 2372 852 2406 tumidus
875 2372 949 2407 eius
973 2373 1103 2407 animus
1134 2372 1285 2407 inflatur.
1333 2375 1436 2417 atque
1457 2370 1523 2404 hoc
1545 2379 1655 2414 genus

184 2415 378 2462 principes,
413 2415 567 2452 diversas
590 2417 655 2451 sibi
678 2418 791 2453 larvas
813 2418 907 2453 velut
928 2419 962 2453 in
986 2430 1088 2453 scena
1109 2418 1338 2464 imponentes,
1373 2417 1417 2452 ad
1439 2416 1567 2463 optime
1589 2416 1655 2450 im-

186 2462 374 2508 perandum
398 2463 532 2498 abunde
556 2468 678 2508 putant
700 2465 859 2499 sufficere
882 2465 1018 2510 generis
1039 2465 1128 2510 regii
1151 2465 1362 2507 claritatem,
1389 2463 1489 2509 quasi
1509 2473 1655 2496 nascen-

185 2508 270 2543 tium
293 2509 329 2542 in
353 2519 507 2554 purpura
530 2509 726 2555 primigenia
748 2512 822 2556 ipsa
844 2511 972 2545 semina
995 2510 1064 2545 vim
1087 2512 1254 2556 quandam
1278 2522 1434 2546 arcanam
1455 2520 1566 2543 secum
1581 2510 1656 2542 fer-

183 2557 286 2597 rent,
313 2554 441 2589 dotium
465 2555 507 2589 ad
531 2556 708 2600 praeclare
732 2556 964 2602 imperandum
987 2558 1250 2592 necessariarum
1274 2556 1522 2603 praebitricem.
1568 2555 1656 2588 haec

186 2600 343 2634 dicentes
367 2601 636 2636 exardescebant
658 2602 694 2637 in
717 2603 950 2648 impatientem
972 2603 1166 2638 instantiam
1187 2604 1326 2638 videndi
1348 2602 1578 2649 praepositum
1596 2611 1656 2634 re-

185 2647 252 2680 bus
274 2658 390 2681 verum
417 2647 584 2682 dominum
608 2653 645 2683 et
666 2661 791 2684 corona
814 2649 967 2694 dignum,
1006 2661 1112 2695 seque
1135 2655 1308 2697 compotes
1331 2654 1507 2689 votorum,
1531 2650 1656 2691 utpote

187 2692 360 2727 subiectos
384 2693 531 2740 principi
555 2694 629 2730 eius
651 2696 780 2730 formae
803 2707 903 2741 quam
926 2696 1188 2741 descripserant.
1235 2697 1267 2731 is
1298 2707 1433 2742 quoque
1457 2695 1530 2739 ipse
1553 2703 1654 2737 quem

185 2737 264 2773 istis
295 2739 437 2774 vocibus
465 2740 709 2785 designabant,
753 2741 978 2787 Palaeologus
1018 2742 1135 2778 eadem
1169 2743 1230 2777 illa
1260 2743 1482 2788 loquebatur,
1524 2739 1656 2772 addens

187 2784 290 2838 etiam
314 2797 371 2827 se,
411 2785 441 2820 si
463 2787 554 2822 sorte
576 2787 761 2833 imperaret
783 2791 819 2823 et
839 2788 945 2823 filium
968 2788 1112 2824 haberet
1133 2801 1199 2824 non
1222 2788 1413 2834 praeditum
1437 2785 1574 2820 dotibus
1596 2795 1657 2838 ar-

184 2830 347 2876 abusque
378 2831 422 2867 ad
453 2833 540 2868 bene
567 2834 751 2878 regendum
786 2834 896 2879 aptis,
931 2835 1020 2869 ultro
1045 2835 1279 2870 abdicaturum
1311 2835 1596 2876 redacturumque
1617 2842 1654 2865 m

186 2876 350 2913 ordinem.
395 2878 447 2914 his
467 2879 642 2915 inserebat
667 2880 906 2927 promissiones
926 2881 1127 2928 magnificas
1148 2880 1451 2928 perficiendarum,
1485 2878 1516 2913 si
1538 2876 1652 2913 decla·
