1884 3262
252 184 351 232 414
668 180 901 225 GEORGII
929 179 1275 223 PACHYMERIS

254 298 402 343 παθὼν
422 297 487 339 καὶ
510 295 681 351 ῥαΐσας,
715 300 802 343 τοῖς
828 295 984 350 ἰατροῖς
1012 289 1136 342 δόξαν
1158 291 1207 334 ἐν
1230 295 1377 346 σχολῆς
1395 288 1507 349 τόπῳ
1531 307 1701 345 μετατε-

253 368 380 411 θέντα
415 364 484 406 τὸν
517 364 810 418 ἀρρωστοῦντα
850 360 943 404 κατ’
984 362 1091 402 ἲὸίαν
1121 358 1451 414 θεραπεύεσθαι,
1495 359 1554 414 μὴ
1581 361 1647 401 καὶ
1677 355 1700 412 ἥ

255 434 424 489 ἀσχολία
452 431 596 486 τριβὴν
623 432 769 487 ἐμποιῇ
800 434 849 486 τῇ
877 427 1009 486 νόσῳ,
1056 430 1136 470 ἐπεὶ
1167 429 1232 470 καὶ
1259 427 1404 483 ῥαΐσας
1433 428 1534 483 πρὸς
1554 432 1611 486 τῷ
1634 429 1702 470 καὶ

112 516 140 549 P
166 514 230 549 281
257 501 370 556 πόμα
394 499 646 554 καθαρτικὸν
671 499 977 555 προσφέρεσθαι
994 492 1066 552 ἦν,
1107 494 1127 538 ὃ
1149 501 1221 550 τῆς
1245 493 1421 550 Λαύρας
1451 496 1551 549 πρὸς
1570 500 1702 538 ταῦτα

255 569 379 619 τόπος
405 569 578 623 ἐκρίνετο
608 566 819 623 χρήσιμος.
891 567 957 608 καὶ
986 564 1006 607 ὃ
1031 565 1105 618 μὲν
1125 563 1317 617 βασιλεὺς
1339 563 1407 605 διὰ
1428 569 1558 606 ταῦτα
1576 569 1735 619 μετα-5

254 644 387 682 θεῖναι
409 637 480 679 τὸν
502 636 652 692 Ἰωσὴφ
682 633 893 689 ἐβούλετο,
933 632 987 683 ὥς
1015 633 1087 675 οὐκ
1113 632 1302 688 εὐπρεπὲς
1330 631 1464 682 ἄλλως
1497 630 1542 675 ὂν
1563 634 1604 674 ἐν
1630 636 1705 691 μιᾷ

255 711 359 763 μονῇ
381 706 598 761 διατρίβειν
617 701 686 746 τόν
699 721 741 746 τε
760 703 883 760 ἀργὸν
903 703 944 744 ἐκ
957 703 1226 758 πατριαρχίας
1246 700 1394 743 καὶτὸν
1406 700 1485 755 ἤδη
1504 718 1705 757 πατριαρ-

253 773 439 830 χεύοντα.
510 772 605 815 ἀλλ’
630 771 650 814 ὃ
670 770 855 826 Ἰωάννης
874 770 960 824 ἅμα
979 771 1051 823 μὲν
1076 769 1191 818 εἰδὼς
1209 768 1254 811 τὸ
1282 774 1355 811 τοῦ
1373 769 1524 824 Ἰωσὴφ
1548 767 1702 824 ἱλαρόν,

258 846 323 886 καὶ
351 841 404 891 ὥς
425 842 551 884 αὐτοῦ
572 840 715 894 σχεδὸν
732 839 1020 896 ψηφισαμένου
1041 839 1187 885 ἐκεῖνος
1205 837 1256 879 τὰ
1274 837 1451 892 πηδάλια
1472 842 1544 892 τῆς
1564 839 1708 891 ἔκκλη-

259 914 349 961 σίας
368 908 567 964 ἐλάμβανε
591 911 673 963 (καὶ
692 909 768 963 γὰρ
791 908 862 963 τὴν
887 907 964 949 ἀπ’
985 908 1133 949 ἐκείνου
1153 906 1306 960 βουλὴν
1337 907 1469 949 θέλων
1500 905 1520 948 ὁ
1547 910 1707 962 κρατῶν
1719 911 1762 944 10

210 989 240 1022 Β
264 977 482 1034 λαμβάνειν
504 979 592 1032 περὶ
620 975 839 1030 προσώπου
869 973 1182 1027 διεπυνθάνετο,
1221 975 1400 1024 κάκεῖνος
1427 978 1574 1017 τοῦτον
1595 973 1707 1030 παρὰ

260 1048 356 1097 τοὺς
386 1045 561 1094 πολλοὺς
589 1045 780 1100 ἐξελέγετο
812 1042 867 1092 ὥς
897 1043 1030 1093 ἄλλως
1062 1042 1195 1098 λόγιον
1218 1045 1283 1084 καὶ
1312 1044 1373 1085 ἐπὶ
1392 1050 1475 1091 τοῖς
1499 1040 1708 1098 πράγμασι

261 1113 485 1170 τρίβωνα),
522 1112 608 1166 ἅμα
629 1114 702 1166 μὲν
729 1108 800 1155 οὖν
837 1112 903 1154 διὰ
929 1116 1084 1163 ταῦτα,
1123 1110 1208 1164 ἅμα
1238 1112 1367 1153 δὲκαὶ
1395 1114 1453 1167 τῷ
1474 1115 1546 1164 τῆς
1564 1110 1709 1167 σφετέ-

263 1201 338 1240 ρας
359 1180 520 1238 γνώμης
539 1179 735 1223 πιστεύων
758 1183 964 1236 εῗρηνικῷ,
1001 1177 1214 1221 διεκώλυσε
1233 1180 1307 1231 μὲν
1330 1179 1398 1222 τὸν
1416 1178 1564 1234 Ἰωσὴφ
1582 1195 1709 1232 μετα-

262 1255 457 1294 τίθεσθαι
471 1283 483 1302 ,
520 1247 628 1291 οὕτω
647 1248 690 1290 δ’
712 1248 827 1297 ὄντος
847 1250 967 1290 ἐκεῖσε
987 1249 1053 1289 καὶ
1077 1246 1201 1296 αὐτὸς
1224 1250 1274 1302 τῇ
1293 1251 1398 1303 μονῇ
1419 1247 1604 1300 ἔνδημεῖ,
1643 1247 1709 1288 καὶ
1721 1247 1765 1283 15

261 1315 311 1375 ἦν
334 1320 379 1362 τὸ
399 1318 478 1360 ἀπὸ
499 1319 617 1359 τοῦδε
638 1319 703 1359 καὶ
724 1316 1089 1371 προσαποστέλλων
1115 1315 1215 1370 πρὸς
1238 1313 1415 1370 Ἰωσήφ,
1451 1315 1518 1355 καὶ
1539 1314 1612 1363 τὰς
1633 1313 1706 1356 ἀπ’

263 1389 410 1430 ἐκείνου
431 1386 659 1440 ἀποκρίσεις
680 1381 938 1440 φιλοφρόνως
958 1385 1023 1426 καὶ
1043 1383 1145 1436 μετὰ
1170 1384 1410 1439 προσηνειάς
1441 1379 1574 1435 πάσης
1594 1380 1711 1436 δεχό-

261 1472 392 1510 μενος.
461 1450 511 1508 ἧν
531 1454 606 1509 γὰρ
629 1451 648 1495 ὁ
671 1453 772 1508 ἀνὴρ
791 1454 935 1500 ἐκεῖνος
959 1449 1153 1507 εἷρηνικός
1181 1468 1223 1493 τε
1254 1452 1320 1493 καὶ
1348 1447 1510 1505 ἱλαρός,
1555 1452 1621 1493 καὶ
1639 1450 1712 1493 ’το-ἓ

216 1536 245 1569 C
270 1528 417 1567 σοῦτον
438 1526 488 1579 τῇ
514 1526 587 1576 τῆς
617 1522 829 1577 ἐκκλησίας
859 1517 999 1578 πράξει
1027 1517 1234 1575 ἀπήχθετο
1267 1517 1370 1562 ὥστε
1398 1518 1502 1575 μηδ’
1528 1516 1713 1574 αἰσχύνε-

356 1645 387 1678 1.
409 1638 617 1686 μεταθέντα
638 1642 678 1677 Ρ.

266 1745 320 1780 vel
345 1757 365 1779 a
389 1745 473 1778 malo
504 1744 578 1788 ipso
614 1743 667 1777 vel
691 1755 712 1776 a
741 1742 897 1777 remediis
921 1754 1039 1788 passus
1072 1743 1264 1777 meliuscule
1287 1743 1353 1777 iam
1382 1743 1507 1777 habere
1529 1741 1712 1783 videretur,

268 1791 405 1825 medicis
429 1790 539 1823 visum
562 1789 738 1822 transferri
773 1801 908 1833 aegrum
948 1793 1107 1833 oportere
1137 1789 1171 1823 in
1195 1790 1368 1823 seductum
1391 1801 1411 1823 a
1434 1790 1535 1822 turba.
1559 1788 1714 1832 negotio—

267 1848 340 1871 rum
376 1837 503 1878 locum,
535 1835 595 1868 ubi
631 1834 742 1868 curari
771 1846 831 1879 per
862 1835 964 1868 otium
997 1839 1130 1879 posset,
1172 1835 1263 1868 nulla
1294 1835 1528 1880 interpellante
1561 1834 1714 1867 molestia.

269 1881 538 1926 quotidianarum
563 1880 829 1924 occupationum.
875 1880 1096 1913 decreverant
1119 1884 1229 1914 autem
1251 1880 1286 1913 in
1308 1880 1375 1914 ista
1408 1880 1439 1913 ei
1462 1880 1577 1924 quiete
1597 1879 1714 1923 propi-

267 1939 352 1961 nare
380 1925 560 1970 purgantia
591 1926 754 1970 quaedam
787 1926 987 1969 pharmaca,
1023 1925 1128 1959 morbi
1159 1925 1319 1959 videlicet
1350 1924 1509 1970 reliquias
1540 1929 1576 1958 et
1598 1925 1715 1958 noxios

268 1973 423 2006 humores
457 1971 530 2004 eius
563 1982 681 2004 causas
712 1971 860 2004 funditus
895 1971 1108 2003 exhaustura.
1162 1981 1313 2004 secessus
1346 1982 1447 2015 porro
1474 1971 1516 2004 ad
1549 1982 1622 2004 eam
1645 1981 1716 2003 rem

270 2017 460 2063 aptissimus
485 2016 597 2049 Laura
621 2017 802 2061 putabatur
825 2015 941 2049 eadem
965 2015 1022 2048 illa
1046 2016 1102 2049 ubi
1133 2016 1279 2060 degebat
1302 2016 1360 2061 qui
1385 2015 1582 2061 patriarcha
1603 2016 1716 2049 fuerat

270 2063 455 2107 Iosephus,
479 2073 575 2105 quem
600 2063 673 2095 ideo
695 2062 877 2106 imperator
900 2062 980 2094 alibi
1003 2061 1169 2095 collocare
1202 2065 1388 2103 statuerat,
1422 2061 1511 2094 haud
1537 2064 1717 2095 consenta-

271 2120 368 2142 neum
400 2108 596 2141 existimans
626 2107 740 2141 eodem
773 2106 934 2151 hospitari
967 2106 1131 2140 domicilio
1172 2107 1382 2140 decessorem
1420 2118 1716 2152 successoremque

271 2154 531 2199 patriarchatus,
578 2164 692 2186 verum
724 2152 867 2186 Ioannes
900 2151 996 2186 simul
1028 2157 1230 2198 compertam
1254 2153 1380 2186 habens
1412 2160 1537 2186 comem
1558 2153 1715 2187 hilarem·
1746 2156 1750 2160 ’

271 2211 338 2244 que
361 2198 682 2243 Iosephi'indolem,
706 2198 803 2232 simul
827 2198 976 2232 conscius
998 2198 1072 2242 ipso
1095 2201 1223 2232 tantum
1245 2210 1311 2231 non
1335 2198 1424 2231 clare
1446 2198 1621 2244 palamque
1643 2198 1717 2233 suf-

272 2246 430 2288 fragante
464 2255 539 2277 sese
574 2255 678 2288 nuper
713 2245 756 2277 ad
789 2243 951 2278 ecclesiae
982 2244 1084 2278 fuisse
1115 2244 1341 2287 gubernacula
1367 2249 1550 2288 promotum
1575 2243 1716 2288 (etenim

271 2290 405 2334 Iosephi
428 2289 626 2323 sententiam
650 2289 692 2323 de
715 2300 909 2324 successore
931 2289 1044 2323 volens
1066 2289 1250 2333 imperator
1271 2289 1470 2334 explorare,
1505 2290 1717 2323 consuluerat

274 2346 348 2368 eum
373 2335 414 2367 de
438 2346 579 2378 persona
602 2347 700 2380 quam
732 2335 763 2368 ei
795 2334 922 2369 muneri
957 2339 1069 2379 aptam
1101 2335 1288 2376 iudicaret3
1320 2339 1356 2368 et
1385 2335 1547 2380 Iosephus
1572 2335 1716 2369 Veccum

274 2391 357 2426 prae
381 2380 492 2413 multis
517 2383 557 2413 ad
579 2380 612 2413 id
637 2381 788 2424 elegerat
809 2385 848 2414 ut
879 2384 914 2414 et
944 2380 1068 2425 alioqui
1097 2380 1256 2414 disertum
1288 2392 1329 2415 ac
1351 2380 1505 2423 doctum,
1539 2384 1718 2426 praeterea

274 2425 483 2469 negotiorum
515 2425 803 2460 administratione
831 2426 966 2468 tritum,
998 2426 1141 2470 denique
1171 2429 1307 2470 praeter
1339 2431 1493 2468 caetera,
1526 2426 1615 2471 quod
1645 2422 1717 2459 eius

273 2470 452 2515 tranquillo
477 2474 511 2503 et
537 2471 685 2505 studioso
709 2473 802 2516 pacis
825 2472 957 2515 ingenio
980 2472 1181 2515 confideret)
1204 2474 1309 2514 haec,
1331 2472 1476 2517 inquam,
1498 2472 1638 2505 Ioanne's
1659 2481 1716 2504 re-

274 2521 399 2561 putans
431 2515 566 2549 obstitit
593 2529 658 2560 quo
688 2517 794 2551 minus
824 2518 903 2551 inde
925 2517 1086 2563 Iosephus
1118 2522 1341 2551 amoveretur.
1387 2517 1444 2550 illo
1466 2517 1571 2561 igitur
1591 2515 1716 2550 ibidem

275 2565 507 2607 permanente,
546 2563 660 2595 eodem
687 2565 722 2595 et
743 2563 817 2606 ipse
842 2563 999 2604 divertit,
1029 2563 1197 2597 missitans
1224 2563 1364 2597 subinde
1386 2561 1553 2597 officiosas
1575 2561 1619 2595 ad
1640 2572 1715 2595 eum

276 2607 516 2650 salutationes,
540 2610 575 2641 et
596 2611 728 2640 mutuas
748 2609 789 2641 ab
813 2608 887 2653 ipso
912 2608 1075 2643 comitatis
1098 2608 1353 2642 humanissimae
1378 2606 1636 2652 significationes
1659 2617 1717 2640 re-

276 2652 416 2697 cipiens.
465 2655 540 2686 erat
572 2652 659 2686 enim
691 2653 852 2697 Iosephus
886 2654 970 2688 adeo
993 2654 1156 2698 pacificae
1179 2654 1396 2699 placidaeque
1419 2656 1582 2692 naturae,
1613 2655 1652 2685 ut
1674 2663 1715 2686 eo

276 2699 365 2743 quod
388 2699 549 2732 hactenus
573 2697 715 2731 ecclesia
737 2702 853 2741 egerat
875 2699 918 2732 ad
950 2711 1066 2742 pacem
1090 2700 1234 2734 oblatam
1256 2698 1505 2734 disturbandam
1527 2697 1718 2731 offendere-

276 2746 355 2785 tur,
378 2755 440 2778 nec
462 2744 591 2777 veritus
614 2743 735 2776 fuisset
757 2743 859 2777 fateri
882 2744 1016 2788 saepius
1039 2756 1097 2788 se,
1120 2744 1186 2779 nisi
1207 2748 1474 2790 praeoccupatus
1492 2742 1671 2776 iuramenti
1693 2753 1716 2776 a.

277 2799 314 2822 se
336 2789 446 2834 palam
469 2789 552 2824 editi
572 2788 736 2834 religione
763 2788 904 2833 fuisset,
936 2789 980 2824 ad
1011 2791 1121 2826 omnia
1154 2790 1260 2826 fuisse
1281 2799 1512 2825 assensurum:
1541 2800 1605 2823 nec
1627 2787 1715 2824 enim
