1846 3262
232 229 254 273 1
267 225 327 293 14
650 223 886 297 GEORGIJ
919 222 1269 271 PACHYMERIS

179 349 210 384 D
235 338 340 382 ἀλλὰ
370 338 680 392 συναρπασθεὶς
709 336 810 388 ἴσως
843 339 886 390 ἐξ
917 335 1066 394 ὀδύνης
1091 338 1138 382 τὸ
1168 339 1227 395 μὴ
1251 339 1355 382 κατὰ
1379 339 1427 383 τὸ
1447 340 1552 390 εἰκὸς
1577 338 1698 397 ποιή-

226 424 352 459 σειεν,
390 405 439 460 ἢν
469 405 547 448 ἔδει
576 410 821 461 συναχθεῖσι
849 409 1001 462 δηλοῦν
1021 408 1087 450 καὶ
1101 409 1310 463 μδιορθοῦν
1333 408 1472 460 ἀξιοῦν
1493 408 1697 467 πατριάρ-

227 494 306 531 χην
326 474 424 518 ὄντα
447 476 513 516 καὶ
535 475 633 525 τούς
653 479 736 519 τῶν
761 475 949 531 πατέρων
972 474 1146 526 κανόνας
1167 476 1235 519 διὰ
1255 478 1445 520 πλείστου
1465 478 1693 533 τιθέμενον.

231 548 311 587 ποῦ
336 543 413 599 γὰρ
437 543 484 586 τὸ
510 543 702 599 ἐλέγχειν,
741 548 822 587 ποῢ
842 544 889 588 τὸ
912 549 1187 598 παρακαλεῖν,
1231 549 1311 588 ποῦ
1336 545 1384 588 τὸ
1411 544 1622 600 ἐπιτιιὶἄν,
1662 549 1697 590 εἲ

230 614 296 655 καὶ
317 609 466 655 τούτου
488 610 663 668 δεήσεως
699 613 800 663 τέως
815 614 859 656 δὲ
879 615 945 656 καὶ
969 612 1023 664 ὥς
1041 613 1200 656 θέλοιεν
1221 611 1342 656 πάλιν
1363 618 1516 668 μαθεῖν
1537 615 1611 665 τὰς
1628 617 1692 658 αῗ-
1706 626 1728 662 5

230 683 320 731 τίας
352 678 407 730 ὥς
438 682 504 723 καὶ
532 679 800 739 θεραπεύειν,
837 683 873 725 εἶ
901 679 1092 735 δύναιτο,
1130 682 1295 736 ἕτοιμοι.
1368 684 1434 724 καὶ
1467 687 1602 726 ταῦτα
1621 685 1696 738 μὲν

228 745 334 805 ἦσαν
352 749 454 806 πρὸς
470 750 620 794 ἐκεῖνον
629 783 642 804 ,
677 750 956 807 προστέτακτο
988 752 1034 794 δὲ
1054 758 1140 801 τοῖς
1171 751 1468 807 ἀπαγγελοῦσιν
1491 749 1547 802 ὥς
1565 754 1600 794 εἰ
1621 753 1695 806 μὲν

228 819 451 876 πραΰνοιτο
483 820 549 861 καὶ
575 817 788 875 ἐπανήξειν
814 817 1062 875 ὖπόσχοιτο,
1109 822 1144 863 εἶ
1177 820 1222 863 δ’
1258 816 1354 872 οὖν,
1415 819 1509 862 ἀλλ’
1544 819 1696 870 αὐτοῦς

179 885 467 945 Εάναγκάζειν
494 889 610 931 δυοῖν
637 885 817 944 θάτερον
846 889 1016 943 ἐκτελεῖν
1025 921 1039 942 ,
1069 887 1094 944 ἢ
1125 890 1364 931 ἐπανελθεῖν
1393 886 1515 931 πάλιν
1544 891 1611 932 καὶ
1642 888 1697 932 τὰ

168 989 172 993 -
227 962 303 1013 τῆς
328 957 542 1012 ἐκκλησίας
571 956 813 1010 ἀναλαβεῖν,
844 955 971 1013 ’ἢμην
995 957 1102 1012 εἰμὴ
1121 956 1337 1012 βούλοιτο,
1377 956 1534 1000 διδόναι
1560 959 1694 1012 λίβελ-
1710 966 1753 1000 10

227 1030 300 1070 λον
322 1023 628 1082 παραιτήσεως·
664 1025 864 1083 μηδὲγὰρ
887 1027 1012 1069 καλὸν
1033 1025 1134 1069 εἶναι
1157 1026 1231 1082 τὴν
1253 1027 1468 1081 ἐκκλησίαν
1491 1026 1696 1081 ἀποίμαν-

226 1112 312 1138 τον.
382 1092 538 1145 ταύτας
562 1095 606 1138 »οἶ
627 1094 739 1152 ἀμφὶ
764 1092 950 1150 Νικήταν
973 1093 1181 1149 δεξάμενοι
1202 1095 1275 1145 τὰς
1293 1094 1510 1144 ἐπιστολὰς
1531 1096 1594 1137 ἐπὶ
1615 1098 1696 1138 Νι-

228 1165 346 1214 καίας
374 1161 575 1220 ἐχώρουν,
624 1165 786 1220 σπουδῇ
818 1163 871 1206 τὰ
899 1164 1231 1221 προστεταγμένα
1262 1163 1568 1212 ἓπιτελέσοντες.
1640 1161 1695 1213 ὥς

227 1232 273 1275 δ’
305 1230 538 1284 Ξξελθόντες
567 1231 793 1288 ἐπέστησαν
824 1237 873 1288 τῇ
904 1233 944 1274 ἐν
977 1226 1004 1289 ᾗ
1033 1230 1203 1290 κατῴκει
1232 1237 1362 1290 μονῇ,
1393 1230 1697 1288 προσελθόντες

227 1305 286 1360 τῷ
319 1298 551 1358 πατριάρχῃ
582 1300 727 1351 καθὼς
757 1299 863 1355 εἶχον
883 1305 958 1356 τῆς
977 1300 1058 1344 ἀπὸ
1081 1306 1154 1356 τῆς
1173 1299 1350 1344 συνόδου
1371 1298 1586 1351 κελεύσεως
1607 1300 1694 1343 ἕλε·
1707 1307 1749 1343 15

228 1388 315 1426 γον.
369 1368 391 1412 ὃ
413 1370 458 1412 δὲ
477 1369 550 1412 τὸν
566 1371 641 1424 μὲν
662 1373 736 1424 τῆς
756 1370 889 1419 αἰτίας
909 1369 1053 1424 καιρὸν
1074 1369 1213 1419 αὐτοῖς
1234 1369 1518 1428 παρῳχηκέναι
1538 1367 1692 1426 φήσας,

108 1447 137 1481 Ρ
161 1446 206 1482 74
229 1439 391 1495 πρέπειν
414 1438 459 1481 δὲ
475 1443 567 1495 σιγῇ
585 1442 668 1481 τῶν
687 1436 939 1495 πραγμάτων
962 1439 1207 1489 ἐξίστασθαι
1241 1438 1375 1497 (μηδὲ
1396 1436 1474 1493 γὰρ
1498 1435 1599 1480 εἶναι
1618 1442 1695 1481 θε-

230 1505 415 1565 ραπεύειν
455 1506 508 1549 τὰ
545 1504 818 1566 ἀνιάτρευτα)
858 1506 954 1557 ὅλος
986 1502 1037 1562 ’ἦν
1068 1507 1172 1563 πρὸς
1199 1507 1246 1550 τὸ
1277 1510 1584 1563 παραιτεῖσθαι.
1655 1506 1695 1549 οἱ

228 1576 272 1619 δ’
298 1574 354 1626 ὠς
380 1573 574 1626 πολλάκις
603 1573 903 1633 προβαλόντες,
941 1575 1011 1633 ἐφ’
1037 1569 1070 1636 ᾧ
1090 1580 1166 1632 τῆς
1185 1577 1336 1620 ἐκείνου
1359 1572 1522 1632 γνώμης
1539 1572 1693 1633 κρατή-

326 1686 381 1722 19.
406 1683 677 1733 προσβαλόντες
688 1684 708 1720 7

230 1789 351 1814 causas
373 1778 446 1814 eius
467 1778 724 1825 inopinatissimi
743 1791 806 1814 nec
828 1779 1012 1825 probabilis
1031 1780 1140 1824 facti3
1171 1779 1306 1815 interim
1330 1782 1444 1814 autem
1467 1776 1692 1824 reprehensu-

231 1836 291 1860 rus
314 1825 402 1871 quod
424 1836 604 1871 perperam
628 1826 756 1870 egisset
775 1826 834 1860 ille
858 1826 993 1872 quidem
1024 1828 1114 1861 forte
1142 1827 1179 1861 in
1206 1832 1435 1862 transversum
1458 1831 1556 1859 actus
1581 1824 1693 1868 aegri-

233 1871 353 1906 tudine
377 1872 521 1917 quadam
544 1872 662 1906 animi2
698 1876 868 1906 caeterum
891 1873 1003 1915 illam,
1033 1873 1286 1918 qualiscumque
1309 1873 1440 1906 demum
1464 1875 1576 1911 esset,
1598 1869 1694 1915 prius

231 1917 421 1962 oportuisse
449 1917 634 1963 significari
665 1918 858 1953 convocatis
889 1919 933 1952 ad
964 1918 1000 1953 id
1033 1919 1145 1964 ipsum
1176 1919 1352 1965 patribus,
1392 1921 1427 1951 et
1450 1916 1694 1962 perquirendas

230 1963 380 2008 ipsorum
410 1964 452 1998 de
486 1965 633 1999 remedio
658 1964 862 2007 sententias,
893 1977 934 1999 ac
956 1976 1000 1999 ex
1023 1976 1136 1999 eorum
1159 1965 1307 1999 consiliis
1331 1963 1539 1998 emendanda
1562 1973 1650 2007 quae
1672 1972 1695 1996 a

231 2015 328 2044 recto
360 2010 585 2053 declinarent,
621 2012 827 2045 auctoritate
856 2022 945 2056 quae
972 2011 1012 2045 »in
1046 2010 1119 2056 ipso
1151 2011 1320 2045 resideret
1342 2013 1462 2054 utpote
1482 2008 1694 2054 patriarcha,

230 2067 333 2101 quem
366 2057 502 2092 deceret
535 2056 670 2102 plurimi
697 2058 812 2091 facere
836 2067 877 2090 ac
900 2056 1150 2101 religiosissime
1171 2058 1355 2092 obser-vare
1378 2065 1524 2090 canones
1546 2058 1696 2099 patrum,

234 2106 271 2136 et
291 2101 389 2137 iuxta
411 2103 498 2137 scita
521 2114 636 2137 eorum
658 2103 756 2138 modo
779 2113 943 2147 arguere,
972 2103 1069 2138 modo
1092 2104 1274 2138 obsecrare
1288 2127 1298 2145 ,
1321 2102 1418 2136 modo
1441 2101 1642 2145 increpate,v
1664 2099 1695 2134 si

234 2151 272 2181 et
303 2149 367 2182 hoc
397 2159 481 2194 opus
515 2154 628 2190 esset;
661 2149 804 2194 denique
825 2149 951 2184 iterato
975 2149 1235 2184 denuntiaturus
1256 2148 1322 2194 ipsi
1344 2147 1432 2182 velle
1455 2147 1588 2181 omnino
1611 2156 1694 2180 con-

233 2199 396 2238 gregatos
425 2199 545 2240 patres
572 2195 695 2240 exponi
719 2195 784 2230 sibi
807 2206 928 2230 causas
949 2207 1037 2240 quae
1058 2196 1149 2229 illum
1172 2195 1218 2230 ad
1240 2194 1464 2229 secedendum
1486 2191 1694 2237 impulerint,

234 2244 375 2284 paratos
405 2242 449 2275 ad
479 2241 702 2276 adhibendum
732 2252 833 2287 quam
860 2241 1130 2276 efficacissimum
1166 2245 1306 2286 possent
1339 2239 1522 2274 remedium
1552 2238 1696 2282 cognitis

234 2286 342 2320 malis.
390 2298 432 2321 ea
469 2288 628 2322 mandata
662 2287 782 2331 synodi
816 2287 861 2321 ad
885 2287 1115 2332 patriarcham
1149 2288 1297 2321 fuerunt.
1344 2286 1545 2330 imperatum
1580 2289 1695 2318 saltem
1746 2304 1750 2306 -

233 2330 337 2366 misso
361 2337 414 2367 est
435 2337 474 2368 ut
494 2333 559 2367 nisi
581 2334 820 2379 obsequentem
842 2343 881 2368 se
904 2335 1086 2379 praeberet
1107 2344 1149 2367 ac
1171 2333 1314 2367 reditum
1335 2331 1564 2377 polliceretur,
1587 2329 1695 2364 omni-

234 2388 278 2411 no
314 2378 465 2413 ediceret
493 2379 678 2414 decernere
710 2379 873 2424 synodum
907 2383 943 2414 et
974 2379 1059 2414 citra
1089 2390 1220 2413 omnem
1244 2377 1562 2422 tergiversationem
1583 2376 1628 2409 ab
1652 2386 1693 2409 eo

234 2423 374 2468 exigere
395 2428 433 2458 ut
456 2427 601 2459 alterum
622 2426 740 2460 horum
761 2425 867 2460 faciat
889 2426 981 2470 quod
1003 2425 1116 2465 malit,
1153 2429 1212 2459 aut
1243 2425 1364 2459 redeat
1386 2430 1422 2457 et
1443 2432 1560 2457 rursus
1582 2420 1694 2455 eccle-

234 2469 308 2504 siae
331 2482 446 2505 curam
469 2476 598 2513 sumat,
632 2475 691 2506 aut
714 2471 744 2506 si
766 2471 803 2506 id
826 2477 982 2514 recuset,
1017 2472 1076 2506 det
1094 2471 1240 2505 libellum
1263 2468 1424 2506 cessionis
1448 2469 1589 2502 throno:
1625 2477 1693 2501 non

235 2515 322 2550 enim
354 2517 475 2551 bonum
507 2529 584 2552 esse
616 2517 765 2563 relinqui
793 2517 971 2552 ecclesiam
994 2517 1069 2552 sine
1089 2521 1237 2563 pastore.
1284 2515 1338 2551 his
1361 2515 1505 2550 Nicetas
1526 2512 1694 2547 mandatis

235 2563 272 2595 et
294 2562 448 2607 epistolis
474 2563 644 2609 acceptis,
677 2570 815 2598 strenue
842 2563 1063 2598 desuncturus
1085 2563 1259 2598 commisso
1282 2560 1419 2606 negotio
1441 2559 1607 2594 Nicaeam
1630 2559 1693 2593 ad·
1742 2596 1747 2603 k

233 2607 348 2651 volat,
383 2613 419 2643 et
441 2609 521 2644 inde
543 2620 645 2655 quam
668 2609 842 2644 celerrime
863 2609 908 2644 ad
931 2609 1169 2644 monasterium
1191 2609 1226 2644 in
1248 2620 1315 2655 quo
1338 2612 1420 2641 tunc
1442 2610 1518 2640 erat
1540 2604 1693 2650 patriar·-

236 2653 300 2688 cha
332 2655 531 2701 perveniens
554 2655 692 2700 exponit
723 2655 755 2690 ei
783 2667 871 2701 quae
893 2656 1041 2700 synodus
1061 2656 1249 2691 mandaret.
1295 2654 1340 2689 ad
1362 2664 1405 2687 ea
1426 2651 1482 2686 ille
1504 2651 1693 2696 respondit,

235 2699 328 2744 quod
359 2711 493 2736 causam
522 2700 721 2736 secessionis
754 2712 837 2735 suae
871 2705 1098 2747 quaererent,
1139 2701 1221 2736 nihil
1253 2700 1321 2734 iam
1353 2698 1501 2734 attinere
1527 2696 1694 2730 declarari

234 2756 328 2788 eam,
363 2747 491 2793 quippe
522 2747 619 2782 cuius
652 2747 879 2782 emendandae
910 2753 1042 2792 tempus
1065 2747 1324 2793 praeteriisset·⁸
1354 2756 1419 2779 nec
1438 2742 1504 2778 sibi
1525 2742 1693 2787 reliquum

233 2791 325 2826 aliud
358 2804 434 2827 esse
464 2805 564 2839 quam
595 2796 635 2827 ut
664 2792 791 2827 tacitus
814 2804 835 2828 a
858 2793 1004 2838 negotiis
1039 2794 1217 2828 abscedat:
1251 2803 1318 2826 non
1341 2789 1429 2826 enim
1451 2788 1693 2823 incurabiiibus

233 2837 386 2873 adhiberi
413 2839 595 2874 remedium
626 2849 737 2884 posse.
780 2843 818 2873 et
848 2840 1039 2885 apparebat
1061 2851 1137 2874 eum
1157 2836 1392 2874 inflexibiliter
1415 2834 1635 2887 perstiturnm
1657 2834 1693 2887 in

233 2884 378 2920 tacendo
402 2896 557 2922 causam:
592 2885 677 2921 adeo
699 2885 894 2932 praefracte
913 2885 1004 2921 illam
1027 2885 1203 2921 enuntiare
1233 2882 1427 2925 recusavit,
1460 2885 1498 2916 et
1521 2889 1694 2927 expiscari
