1846 3262
224 212 257 259 7
263 212 291 258 8
651 209 888 254 GEORGII
921 211 1274 255 PACHYMERIS

225 327 313 371 τοῖς
334 321 375 371 ἐξ
396 318 487 362 ἴσου
509 317 585 362 κᾶν
607 317 726 377 ἄρχοι
752 318 1044 377 προσφέροιτο,
1083 318 1131 362 οὗ
1155 320 1281 363 πείσει
1297 320 1451 382 ῥᾳδίως
1469 319 1491 365 ὅ
1513 338 1553 364 τι
1569 338 1702 379 προσ-

224 388 398 441 τάσσοι,
444 389 574 443 μηδὲν
606 389 648 439 ἐξ
686 386 911 446 ὑπερτέρας
943 388 1079 446 χειρὸς
1112 388 1306 444 ἐπιτιμῶν
1333 397 1422 441 τοῖς
1442 390 1702 445 ἀνθισταμέ-

108 469 138 503 P
162 468 206 503 46
228 474 325 508 νοις.
380 455 590 511 Ῥωμαίων
611 458 656 500 δὲ
678 459 884 500 πολιτείαν
904 459 939 500 εἲ
959 458 1094 507 ἄλλως
1115 456 1141 513 ἢ
1161 457 1267 502 κατὰ
1286 461 1515 517 μοναρχίαν
1538 462 1702 503 διοικεῖν

227 527 365 570 ἐθέλοι
394 542 478 579 τις,
524 523 811 582 θαυμάζοιμεν
840 525 904 570 ἄν.
978 527 1182 582 ἀμέλειτοι
1221 529 1289 571 καὶ
1318 530 1583 585 προηγείσθω
1607 528 1697 583 με’ν,

226 594 304 638 κᾶν
331 594 478 649 ἀτελὴς
509 593 529 638 ὃ
561 601 723 654 κρατῶν
753 595 839 651 εἴη,
885 595 934 639 τὸ
967 603 1210 653 μοναρχεῖν·
1245 603 1360 652 μενεῖ
1372 597 1451 654 γὰρ
1483 599 1552 640 καὶ
1573 596 1733 650 οὕτω,6

227 663 303 708 κᾶν
338 666 502 720 δοκοίη,
535 665 582 708 τὸ
617 664 811 720 σύνηθες.
882 664 1229 723 ἀρισταρχήσεται
1257 667 1302 708 δὲ
1331 665 1426 709 κατ’
1448 663 1626 722 ἀνάγκην
1652 665 1700 709 τὸ

228 732 337 777 καθ’
360 731 470 789 ἡμᾶς
487 733 632 789 μαθὸν
648 738 974 790 μοναρχεῖσθαι,
1011 734 1123 792 ἄρξει
1145 734 1190 777 δ’
1214 731 1271 784 εἷς
1305 738 1386 778 τῶν
1406 738 1558 778 λοιπῶν
1576 732 1706 777 δυνά-

228 820 296 859 μει
314 801 505 860 προύχων
527 805 595 846 καὶ
615 803 838 858 ἀξιώματι,
877 802 931 854 ὡς
955 802 1006 847 ἂν
1038 807 1099 863 τῷ
1125 804 1201 857 μὲν
1222 801 1279 853 εἷς
1301 801 1402 846 εἶναι
1423 803 1469 847 τὸ
1492 801 1703 860 μόναρχον

231 874 489 925 εἶκονίζοιτο,
525 876 584 932 τῷ
614 874 658 915 δὲ
690 873 767 915 σὺν
790 876 958 923 πολλοῖς
985 871 1177 930 πράττειν
1214 872 1431 916 ἀδυνατεῖν
1461 871 1704 919 κινδυνεύων

228 946 304 985 τοῦ
325 939 535 998 μονήρους
554 940 671 999 χάριν
691 938 815 1001 νικῴη
836 947 894 1001 τῷ
916 941 1130 996 ἀξιώματι.
1203 940 1335 992 οὕτως
1355 942 1464 985 ἐστὶν
1482 939 1702 997 ἐπάναγκες
1716 952 1760 986 1ο

149 1017 210 1076 ’.Β
232 1010 304 1054 τὸν
324 1010 601 1067 ἐκλελεγμένον
633 1013 688 1061 εἷς
715 1012 971 1067 ἐπιτροπείαν
1000 1016 1058 1070 τῷ
1083 1015 1250 1066 βασιλεῖ
1271 1012 1375 1067 μέγα
1407 1011 1542 1068 φέρειν
1562 1014 1629 1053 καὶ
1652 1009 1702 1052 τὸ

230 1079 405 1135 ἀξίωμα.
476 1078 552 1122 κᾶν
572 1078 593 1123 ὃ
614 1082 784 1135 ταχθεὶς
804 1082 844 1131 ἐξ
861 1078 978 1136 ἡμῶν
1000 1081 1058 1136 εἴη
1070 1113 1083 1133 ,
1120 1080 1233 1139 αὐτῷ
1259 1079 1485 1136 προσέσται
1515 1081 1584 1122 καὶ
1604 1082 1704 1132 τοῦ-ς

230 1166 292 1193 το.
342 1150 376 1192 εἷ
407 1148 450 1191 δ’
481 1144 580 1203 οὗν,
618 1149 713 1192 ἀλλ’
748 1148 874 1199 ἄλλος
909 1151 1137 1205 ζητείσθω,
1178 1148 1240 1192 ὅτι
1266 1148 1371 1204 μηδ’
1403 1148 1530 1198 αὐτὸς
1550 1147 1704 1198 ἀκλεῶς

231 1209 310 1268 τὰς
334 1219 399 1260 ἐπὶ
430 1214 562 1277 τούτῳ
595 1219 819 1276 φροντίδας
849 1218 1038 1277 εὐμαρῶς
1061 1217 1291 1276 ὑπέρχεται.
1363 1217 1440 1260 κᾶν
1467 1218 1615 1266 ἐκεῖνος
1635 1217 1704 1260 καὶ

233 1289 328 1342 δίχα
346 1284 613 1342 σεμνώματος
631 1287 894 1342 καταδέχοιτο
914 1289 987 1342 τὴν
1008 1289 1072 1330 ἐπὶ
1087 1295 1170 1339 τοῖς
1194 1285 1406 1343 πράγμασι
1422 1287 1703 1343 προσεδρείαν,
1717 1297 1759 1333 15

235 1355 334 1400 ἀλλ’
366 1352 439 1399 οὖν
468 1353 489 1398 ὃ
520 1362 592 1411 τῆς
622 1356 800 1413 ἀνάγκης
829 1354 948 1414 λόγος
977 1356 1109 1407 οὕτως
1133 1357 1318 1410 ἀπαιτεῖ,
1365 1354 1511 1407 καθὼς
1541 1356 1610 1398 καὶ
1638 1354 1706 1396 λέ-

183 1429 214 1465 C
237 1429 374 1469 λεκται
385 1457 400 1479 ,
437 1424 510 1481 τὴν
528 1427 783 1485 ἐπιτροπείαν
803 1429 1026 1483 γίγνεσθαι.
1045 1425 1070 1445 ”

327 1593 362 1628 2.
385 1588 559 1638 ἐπιτιμᾷν
582 1593 622 1628 Ρ.
763 1594 797 1629 3.
823 1594 859 1629 εἰ
865 1593 879 1638 ]
906 1588 931 1640 ἢ
954 1593 995 1630 Ρ.

237 1754 494 1801 magistratibus
516 1754 728 1802 praescribet
751 1757 841 1802 quod
865 1770 885 1792 e
919 1770 958 1793 re
988 1757 1113 1804 fuerit,
1145 1757 1225 1793 nihil
1247 1768 1315 1792 non
1339 1755 1486 1802 denique
1508 1758 1605 1790 recte
1628 1765 1708 1789 con-

235 1804 377 1845 stituet,
401 1804 595 1836 verentibus
616 1802 818 1846 dignitatem
842 1806 985 1840 cunctis.
1034 1805 1165 1840 sivero
1190 1804 1268 1850 quis
1293 1803 1392 1838 simul
1414 1803 1581 1847 imperet,
1611 1801 1710 1835 simul

240 1850 279 1883 in
310 1849 386 1895 pari
412 1860 488 1882 cuin
522 1849 666 1882 subditis
698 1851 866 1885 consistat
889 1852 1021 1896 gradu,
1053 1863 1117 1886 nae
1140 1853 1171 1885 is
1203 1851 1294 1885 haud
1317 1854 1520 1894 assequetur
1547 1847 1648 1882 facile
1671 1854 1711 1882 ut

239 1897 418 1930 mandetur
440 1895 630 1930 executioni
653 1897 743 1940 quod
765 1898 929 1941 iusserit3
963 1898 1091 1943 quippe
1127 1899 1221 1931 cuius
1245 1907 1362 1930 manus
1387 1895 1566 1940 principaii
1589 1901 1711 1928 aucto-

239 1942 347 1976 ritate
368 1941 458 1975 nuda
482 1947 517 1975 et
539 1942 780 1987 quodammodo
802 1944 942 1979 inermis
963 1945 1139 1979 vindicare
1163 1943 1407 1978 contumaciam
1429 1941 1590 1975 mandata
1611 1951 1711 1986 sper-

242 1989 392 2023 nentium
415 1994 576 2034 nequeat.
622 1988 777 2024 miremur
803 1989 915 2025 au⁸tem
938 1990 968 2024 si
999 1991 1076 2036 quis
1099 1990 1292 2036 speraverit
1317 1989 1503 2022 Romanam
1528 1986 1712 2032 rempubli-

244 2046 320 2069 cam
343 2034 410 2068 aiio
443 2046 540 2077 quam
567 2037 778 2070 monarchico
802 2037 1055 2081 gubernationis
1077 2049 1204 2083 genere
1235 2035 1309 2080 regi
1342 2045 1454 2079 posse.
1499 2032 1608 2078 igitur
1631 2037 1712 2067 ante

244 2080 356 2115 omnia
380 2091 441 2115 sua
462 2092 590 2115 summa
612 2089 832 2118 conservetur
858 2084 1044 2118 auctoritas
1060 2082 1287 2123 monarchiae,
1310 2081 1376 2115 etsi
1397 2079 1457 2125 qui
1480 2091 1554 2114 eam
1575 2079 1712 2113 interim

246 2127 464 2162 administrat
485 2128 582 2161 hoino
599 2127 755 2173 privatus
778 2130 844 2164 sit:
876 2131 932 2165 ilio
956 2129 1042 2163 enim
1077 2131 1155 2164 dum
1180 2127 1363 2175 principali
1385 2126 1538 2170 fungitur
1561 2136 1713 2168 munere,
1757 2145 1763 2154 ι

244 2174 485 2208 convenienter
507 2181 649 2216 ornato,
674 2177 821 2210 manebit.
843 2188 947 2221 regno
972 2183 1134 2211 consueta
1158 2186 1220 2210 sua
1242 2176 1388 2220 species.
1433 2172 1578 2218 popuius
1600 2176 1713 2206 autem

244 2221 444 2264 obedienter
470 2222 607 2266 parebit
622 2247 632 2263 ,
657 2221 716 2255 uni
738 2223 877 2268 obsequi
904 2223 1043 2265 solitus,
1074 2236 1142 2258 uno
1176 2225 1351 2268 praefecto
1385 2218 1552 2261 caeteris,
1574 2218 1635 2264 qui
1664 2217 1712 2252 si-

244 2269 314 2302 mui
338 2272 510 2313 potestate
532 2268 740 2313 praevaleat,
764 2269 862 2304 simul
877 2270 1065 2315 praecellat
1088 2270 1267 2315 dignitate.
1315 2266 1374 2312 qui
1397 2266 1532 2311 quidem
1556 2276 1596 2299 eo
1615 2264 1712 2310 ¹quod

244 2324 333 2347 unus
355 2313 400 2347 sit
423 2314 638 2349 monarchiae
667 2315 847 2360 imaginem
882 2317 1054 2361 praefert:
1094 2316 1185 2363 quod
1213 2321 1328 2350 autem
1351 2324 1394 2347 ex
1415 2312 1573 2358 privatae
1596 2311 1713 2346 condi-

243 2361 338 2395 tione
361 2361 466 2395 sortis
491 2359 541 2394 ilii
563 2361 660 2396 deest
686 2362 902 2396 auctoritatis
925 2369 962 2396 et
995 2362 1214 2398 efficacitatis
1237 2362 1280 2396 ad
1303 2358 1492 2394 flectendos
1513 2357 1550 2392 in
1574 2358 1628 2394 sui
1651 2358 1714 2391 ob-

245 2406 397 2452 sequium
422 2407 602 2452 piurimos,
630 2410 831 2454 suppleatur
852 2410 1096 2444 accumulanda
1119 2411 1150 2444 ei
1182 2409 1369 2453 dignitate,
1405 2404 1502 2439 cuius
1531 2405 1566 2439 vi
1591 2410 1714 2439 cuncta

245 2453 361 2487 vincat
384 2453 567 2488 obstantia.
614 2466 703 2499 quae
727 2466 802 2489 cum
831 2455 881 2489 ita
905 2456 994 2498 sint,
1027 2467 1167 2502 prorsus
1191 2464 1331 2489 necesse
1358 2457 1412 2486 est
1433 2451 1635 2485 electumin
1657 2456 1714 2484 tu-

248 2500 350 2533 telam
373 2500 534 2545 principis
558 2501 704 2535 eminere
728 2501 904 2536 subnixum
939 2503 1134 2538 excellentis
1155 2502 1255 2536 titulo
1279 2498 1476 2544 dignitati83
1499 2503 1605 2543 atque
1628 2498 1715 2531 adeo

248 2545 382 2580 etiamsi
418 2547 477 2591 qui
508 2546 551 2579 ad
583 2547 619 2580 id
652 2559 771 2582 munus
803 2547 975 2582 adhibitus
1012 2549 1117 2584 fuerit
1146 2560 1189 2583 ex
1222 2550 1338 2582 nostro
1371 2544 1418 2578 sit
1441 2542 1559 2578 ordine
1574 2570 1586 2588 ‚
1610 2543 1717 2578 debet

248 2592 380 2626 omnino
417 2593 466 2626 sic
500 2593 615 2627 ornari
647 2600 687 2627 ut
715 2595 779 2628 fiat
809 2594 949 2628 idoneus
987 2595 1101 2630 officio
1125 2600 1222 2630 recte
1253 2592 1414 2639 gerendo.
1461 2590 1554 2625 dicet
1577 2589 1715 2635 aliquis,

247 2650 331 2683 ergo
355 2638 441 2673 alius
464 2647 670 2684 quaeratur,
691 2640 722 2674 si
744 2640 889 2685 reperiri
911 2642 1002 2675 forte
1024 2645 1144 2688 possit,
1170 2641 1228 2686 qui
1252 2640 1342 2674 curis
1365 2642 1402 2671 et
1423 2636 1598 2670 laboribus
1623 2642 1717 2670 tute·-

247 2684 304 2719 lae
325 2685 489 2731 principis
511 2696 550 2719 se
578 2697 695 2731 parem
718 2687 888 2720 existimet
909 2687 1010 2722 etiam
1046 2688 1119 2723 sine
1149 2688 1250 2722 istius
1282 2683 1495 2720 adiunctione
1527 2682 1716 2727 dignitatis.

249 2732 293 2765 ad
316 2731 351 2765 id
372 2732 612 2778 respondemus
634 2744 695 2767 nos
718 2732 753 2767 in
776 2733 842 2767 hoc
865 2744 932 2767 non
962 2746 1130 2780 personae
1152 2733 1351 2774 consulere,
1383 2729 1444 2765 sed
1466 2731 1718 2775 praefecturam

247 2777 358 2822 ipsam
393 2789 526 2813 armare
555 2778 778 2813 instrumento
810 2779 989 2814 navandae
1017 2792 1143 2826 operae
1173 2779 1379 2814 necessario.
1426 2787 1535 2822 quare
1556 2787 1623 2809 non
1646 2785 1720 2816 nos,

247 2827 307 2857 sed
330 2835 387 2859 res
410 2825 487 2871 ipsa
510 2829 547 2859 et
569 2830 692 2860 natura
714 2826 845 2870 negotii
869 2826 979 2870 exigit
1001 2828 1094 2874 quod
1115 2827 1276 2869 diximus,
1304 2836 1426 2872 nempe
1452 2826 1491 2857 ut
1514 2834 1587 2858 eum
1611 2821 1720 2856 tutela

247 2870 413 2918 principis
435 2883 564 2908 summa
585 2873 732 2919 dignitas
752 2872 955 2919 imigatur''.
