1884 3262
427 208 502 250 DE
534 206 810 251 RHCHAELE
842 207 1215 252 PALAEOLOGO
1248 208 1296 251 L.
1330 207 1406 253 VI.
1554 207 1650 254 501

193 321 265 363 τὸν
296 319 443 376 νεκρὸν
467 317 669 376 εὐάγωγον
705 320 813 364 καθ’
848 319 964 374 ὁδόν,
1020 318 1202 371 σπεύσας
1231 322 1291 374 ἐἷς
1317 321 1497 364 Νίκαιαν
1524 321 1647 378 φέρει.

192 390 259 432 καὶ
280 389 472 444 παραυτά
492 390 566 442 μὲν
582 389 786 432 στέλλεται
804 389 879 443 τὴν
900 389 963 432 {ni
983 391 1160 440 Νικαίας
1180 388 1202 433 ὃ
1222 387 1490 447 πατριάρχης,
1530 391 1648 433 στέλ-

190 461 332 500 λονται
351 458 397 500 δὲ
414 459 480 499 καὶ
501 455 684 514 ἱερᾶρχαι
705 456 794 501 ὅσοι
815 458 864 512 δὴ
887 457 992 500 κατὰ
1011 456 1129 501 πόλιν
1146 453 1266 514 ἦσαν,
1302 460 1369 500 καὶ
1389 459 1438 505 τὰ
1454 462 1526 501 τοῦ
1546 457 1646 514 κλή-

191 543 267 582 ρου
296 525 478 581 ἔκκριτον
503 524 680 580 ξύμπαν.
751 526 804 569 τὰ
831 528 880 568 δέ
899 543 942 582 γε
971 530 1023 582 τῇ
1056 525 1148 586 ὁσίᾳ
1173 524 1432 583 προσήκοντα
1459 529 1525 569 καὶ
1551 529 1644 570 λίαν

154 598 390 651 5περιφανῆ
422 593 443 637 ὃ
468 599 630 650 κρατῶν
655 594 876 651 ηὗτρίπιζε.
945 592 1037 637 τότε
1064 595 1200 638 τοίνυν
1227 595 1280 638 τοὶ
1304 595 1568 650 νενομισμένα
1587 600 1639 653 τῇ
1660 607 1693 641 D

186 662 347 719 κειμένῃ
364 662 528 713 τελέσας
551 661 572 705 ὅ
601 660 876 719 πατριάρχης,
920 664 987 705 καὶ
1016 663 1194 713 πολλοὺς
1211 668 1294 707 τῶν
1313 666 1524 720 γνωρίμων
1538 681 1644 722 χρυ-

185 733 290 780 σίοις
309 732 462 781 ἱκανοῖς
482 729 772 787 δωρησάμενος
780 765 793 783 ,
823 732 866 774 ἐκ
890 736 963 785 τῆς
985 729 1102 781 ὁσίας
1123 732 1175 774 τὰ
1196 732 1327 775 πολλὰ
1346 729 1566 787 κερδάνας,
1608 736 1644 776 εἷ

185 801 252 841 καὶ
269 799 343 855 τὴν
355 807 474 857 χεῖρα
494 798 520 854 ἢ
537 798 677 855 γνώμη
693 800 931 856 μέμφεσθαι
952 797 1028 853 εἶχε
1044 805 1102 858 τῷ
1123 798 1340 858 φιλοδώρῳ
1357 806 1431 855 τῆς
1451 801 1643 858 προαιρέ-

184 883 309 920 σεως,
345 868 420 923 τὴν
443 867 545 925 πρὸς
561 868 636 923 τὴν
655 866 772 910 πόλιν
791 870 858 911 καὶ
877 863 1001 917 αὖθις
1020 867 1184 923 ἤλαυνε.
1253 867 1489 923 πυθόμενος
1505 870 1550 911 δὲ
1569 870 1640 913 τὸν

129 946 174 980 10
182 935 356 991 βασιλέα
376 934 634 992 Ἀνδρόνικον
664 935 786 979 πάλιν
816 935 1046 990 ἁπτόμενον
1078 941 1161 979 τῶν
1181 937 1368 979 καθ”ἕω
1393 940 1639 994 διαπεραιω-

181 1009 311 1060 θῆναι
329 1005 401 1048 τὸν
419 1002 662 1062 Βόσπορον,
700 1005 846 1047 αὐτίκα
870 1005 1136 1060 παρεγκλίνας
1163 1006 1205 1047 ἓν
1233 1010 1292 1063 τῷ
1309 1010 1384 1048 τοῦ
1403 1004 1519 1062 ἁγίου
1541 1006 1639 1050 Αὖ-

181 1074 336 1124 ξεντίου
359 1077 497 1131 βουνῷ
514 1071 618 1115 κατά
636 1090 716 1116 που
737 1073 835 1123 τούς
856 1071 1072 1129 πρόποδας
1100 1074 1361 1132 σκηνουμένῳ
1393 1076 1630 1130 συγγίνεται.
1656 1080 1689 1114 Ε

178 1140 349 1197 κάπειδὴ
391 1144 772 1198 Μαιμακτηριῶνος
811 1139 1005 1197 λήγοντος
1042 1139 1067 1196 ἧ
1110 1146 1194 1185 τῶν
1234 1139 1358 1198 ἁγίων
1396 1141 1639 1187 ἀποστόλων

178 1207 458 1267 προσήλαυνεν
488 1208 632 1267 ἑορτή,
666 1212 790 1253 ἐκεῖσε
819 1210 963 1266 μικρὸν
996 1211 1197 1263 ἐπιμείνας
1226 1215 1284 1269 τῷ
1302 1216 1468 1264 βασιλεῖ
1484 1209 1638 1264 ὅμιλῶν

122 1286 166 1322 15
178 1278 230 1321 τὰ
251 1276 386 1322 εἶκότα
405 1276 535 1338 (ἐῴκει
553 1279 631 1335 γὰρ
657 1281 724 1321 καὶ
753 1279 1026 1321 συνδεδέσθαι
1052 1285 1144 1328 ταῖς
1170 1279 1272 1335 πρὸς
1301 1278 1426 1323 αὐτὸν
1461 1278 1637 1335 ἀγάπαις

177 1345 199 1390 ὃ
218 1345 451 1403 βασιλεύς),
492 1348 608 1397 τέλος
626 1347 701 1402 τὴν
720 1349 840 1390 θείαν
861 1347 1069 1396 ἐκτελέσας
1085 1349 1372 1403 μυσταγωγίαν
1394 1348 1436 1390 ἓν
1454 1353 1505 1405 τῇ
1527 1353 1637 1406 μονῇ

174 1420 251 1459 τοῦ
261 1413 586 1472 ἀρχιστρατήγου
620 1415 725 1459 κατὰ
749 1415 825 1472 τὴν
854 1413 999 1473 ἑορτήν
1007 1448 1022 1470 ,
1062 1418 1131 1459 καὶ
1153 1414 1209 1467 ὥς
1227 1415 1331 1466 εἰκὸς
1351 1415 1631 1472 ἐπευξάμενος,

173 1483 490 1528 ἀπαλλάττεται.

266 1615 322 1651 12.
344 1612 444 1651 κᾶτα)
467 1615 509 1650 Ρ.

171 1740 228 1786 gio
250 1751 344 1775 more
367 1743 441 1783 est,
469 1740 591 1775 idoneo
614 1741 649 1775 in
679 1741 716 1775 id
735 1740 848 1786 spatio
877 1740 1025 1786 impenso
1053 1743 1092 1776 ut
1124 1741 1192 1775 iam
1224 1740 1340 1774 efferri
1371 1745 1408 1774 et
1437 1739 1473 1775 in
1504 1751 1629 1786 pompa

171 1785 306 1821 ostendi
329 1787 423 1822 salvo
445 1787 620 1832 Augustae
642 1786 832 1821 maiestatis
850 1786 974 1821 decore
1002 1790 1139 1832 posset,
1170 1786 1356 1830 splendidis
1378 1786 1531 1831 exequiis
1554 1799 1628 1820 cum

169 1843 193 1867 a
215 1831 505 1878 Porphyrogenito
528 1836 599 1866 tum
621 1845 643 1868 a
665 1832 875 1868 Meliteniote
904 1833 1076 1879 deportari
1106 1837 1258 1867 curatum
1274 1858 1285 1874 ,
1308 1843 1496 1877 magnoque
1519 1832 1626 1866 dedu-

170 1881 262 1911 ctum
286 1879 446 1912 comitatu
470 1879 632 1913 Nicaeam
656 1884 728 1921 est3
759 1873 827 1924 duo
850 1878 950 1913 etiam
975 1879 1079 1913 missu
1109 1877 1327 1923 imperatoris
1348 1878 1544 1923 patriarcha
1567 1890 1626 1911 oc-

169 1923 279 1958 currit
301 1935 376 1958 cum
398 1924 586 1970 episcopis,
610 1929 776 1970 quotquot
797 1928 877 1958 tunc
901 1924 1192 1970 Constantinopoli
1215 1925 1332 1964 fuere,
1365 1935 1406 1958 ac
1426 1924 1510 1958 flore
1531 1923 1626 1958 insu-

167 1980 232 2015 per
253 1969 328 2015 ipso
354 1970 475 2004 urbani
498 1971 582 2005 cleri
604 1970 763 2005 universi.
808 1970 987 2015 magnifice
1017 1971 1084 2004 iam
1106 1970 1155 2004 ibi
1186 1982 1227 2004 ac
1256 1970 1355 2015 plane
1382 1969 1479 2014 regie
1502 1981 1626 2014 paren-
1675 1972 1678 1975 ‘

166 2018 276 2049 tatum
299 2015 480 2050 defunctae
503 2022 577 2059 est,
600 2016 682 2051 nibil
704 2016 746 2050 ad
769 2017 979 2061 splendorem
1000 2020 1186 2062 apparatus
1209 2026 1418 2061 pompaeque
1439 2026 1538 2060 quam
1561 2026 1624 2048 au-

167 2061 390 2104 gustissimam
417 2063 565 2107 speciem
597 2062 774 2097 omittente
804 2062 1010 2107 imperatore
1045 2074 1147 2096 curae
1180 2074 1221 2096 ac
1243 2065 1405 2105 sumptus.
1451 2061 1515 2094 sub
1538 2060 1623 2093 haec

167 2107 366 2151 perfunctus
388 2109 576 2142 ceremonia
596 2108 730 2143 funebri
751 2107 943 2153 patriarcba
963 2107 1028 2142 sibi
1052 2108 1128 2141 olim
1149 2107 1333 2142 familiares
1351 2118 1393 2140 ac
1416 2105 1623 2139 necessarios

167 2152 291 2185 multos
315 2154 444 2196 aureis,
467 2161 554 2199 'quos
574 2154 630 2189 illo
653 2155 772 2188 funere
793 2154 944 2188 lucratus
967 2153 1125 2198 plurimos
1156 2155 1292 2193 fuerat,
1323 2150 1508 2185 liberaliter
1531 2150 1621 2184 elar-

166 2197 301 2242 giendis
322 2197 508 2241 demeruit,
530 2203 627 2234 tanta
646 2200 682 2234 id
704 2200 865 2245 propensi
887 2200 931 2234 ad
954 2199 1096 2233 dandum
1121 2198 1219 2232 animi
1240 2196 1412 2231 declarata
1432 2197 1528 2230 vultu
1543 2197 1619 2241 ipso

169 2255 211 2277 ac
234 2247 333 2287 gestu
355 2243 535 2279 alacritate
555 2245 701 2288 faciens,
725 2251 765 2279 ut
796 2245 879 2279 satis
902 2249 1086 2291 appareret
1105 2255 1171 2278 non
1193 2242 1399 2288 respondere
1420 2242 1616 2276 facultatem

165 2288 354 2331 voluntati,
391 2292 426 2322 et
461 2290 539 2334 plus
569 2290 667 2335 longe
694 2291 901 2337 profundere
926 2294 1081 2335 paratam
1112 2293 1256 2323 mentem
1293 2287 1479 2322 beneficam
1515 2299 1616 2333 quam

163 2337 326 2379 quantum
359 2346 476 2369 manus
509 2347 570 2380 pro
601 2336 712 2370 dantis
740 2342 820 2371 voto
844 2336 980 2370 exiliter
1010 2336 1177 2370 instructa
1198 2336 1409 2380 suggereret.
1454 2333 1506 2368 his
1529 2333 1617 2368 actis

164 2381 297 2415 Veccus
320 2380 414 2414 sein
446 2381 563 2415 urbem
594 2383 767 2424 referens,
799 2382 910 2416 obiter
938 2382 1053 2416 audito
1075 2380 1301 2416 Andronicum
1331 2379 1518 2424 Augustum
1541 2385 1616 2413 tra-

162 2425 251 2459 iecto
273 2426 426 2470 Bosporo
448 2437 568 2461 versus
592 2427 766 2462 Orientem
789 2427 854 2462 iter
873 2439 1070 2471 capessere,
1100 2427 1143 2460 de
1165 2426 1222 2460 via
1243 2425 1416 2460 declinans
1435 2438 1510 2460 eum
1535 2437 1615 2460 con-

162 2471 258 2505 venit
280 2471 324 2505 ad
346 2471 478 2506 radices
501 2472 610 2506 Monti
632 2473 750 2508 Sancti
771 2473 926 2508 Auxentii
944 2473 1053 2518 posito
1070 2471 1246 2517 Augustali
1265 2471 1508 2506 diversantem.
1539 2475 1615 2505 erat

163 2519 245 2550 tunc
264 2520 398 2562 tempus
421 2517 607 2553 desinentis
627 2519 738 2560 Iunii,
771 2519 960 2564 festumque
988 2518 1181 2553 imminebat
1207 2517 1410 2552 Sanctorum
1431 2518 1614 2562 Apostolo-

162 2573 255 2604 rum,
277 2566 365 2608 quod
388 2560 598 2598 Andronicus
627 2565 694 2599 illic
717 2563 888 2598 celebrare
917 2564 1150 2599 constituerat.
1195 2575 1238 2598 ea.
1265 2574 1369 2598 causa
1398 2563 1612 2608 patriarchae

160 2607 211 2641 ibi
236 2609 336 2653 paulo
359 2609 485 2644 diutius
506 2610 644 2644 detento
663 2609 791 2655 copiam
814 2611 968 2654 praebuit
988 2610 1182 2644 liberiorem
1211 2608 1399 2654 longiorum
1428 2608 1613 2653 colloquio-

162 2664 235 2687 rum
258 2666 333 2688 cum
359 2657 533 2699 Augusto,
559 2656 604 2700 ei,
626 2659 664 2690 ut
684 2657 893 2701 apparebat,
915 2657 1003 2690 bene
1025 2655 1149 2690 affecto
1170 2667 1213 2690 ac
1232 2666 1294 2701 per
1315 2655 1380 2689 hoc
1399 2654 1508 2700 ipsius
1531 2664 1612 2687 cou-

163 2699 341 2734 suetudine
371 2702 549 2745 gaudente.
603 2702 737 2736 tandem
760 2696 910 2736 xsolemni
937 2701 1101 2736 sacrificio
1133 2701 1190 2736 die
1219 2701 1420 2736 Sanctorum
1452 2699 1548 2733 Petri
1574 2701 1611 2732 et

161 2744 259 2778 Pauli
286 2745 353 2780 rite
382 2748 472 2793 apud
505 2747 626 2782 Sancti
658 2747 836 2783 Michaelis
865 2746 1058 2792 archangeli
1090 2747 1328 2791 monasterium
1359 2757 1381 2780 a
1416 2744 1611 2790 patriarcba

163 2789 354 2834 celebrato,
385 2792 577 2828 valedicens
613 2793 643 2828 is
672 2793 891 2840 imperatori,
921 2794 1057 2839 ipsique
1092 2793 1130 2828 in
1158 2793 1315 2840 digressu
1344 2792 1388 2827 de
1408 2802 1501 2827 more
1522 2791 1610 2826 bene

161 2839 341 2881 precatus,
367 2844 486 2886 coepto
507 2841 624 2875 urbem
646 2850 764 2875 versus
782 2839 896 2875 itineri
916 2850 955 2875 se
986 2839 1144 2875 reddidit.
